3786 6320
1012 598 2446 765 PROLEGOMENA

1679 423 3329 455 Ἦ

195 1082 771 1180 VETERUM
850 1089 1612 1185 TESTIMONIA
1687 1096 1841 1185 DE
1913 1098 2008 1187 S.
2089 1099 2562 1193 IGNATII
2648 1105 3275 1204 EPISTOLIS

649 1415 945 1481 ε’(ίὶιιηειιιεί.³
974 1417 1205 1469 Veterum
1226 1419 1435 1470 Patrum
1458 1418 1706 1507 Μηρώ,
1735 1428 1772 1472 t.
1802 1423 1843 1485 l,
1868 1422 2096 1474 Venetiis
2120 1423 2259 1487 1765,
2284 1430 2335 1476 in
2376 1428 2462 1482 fol.
2485 1444 2599 1495 pag.
2626 1431 2759 1497 243.)

1024 1680 1366 1738 Poncsnrus
1393 1681 1567 1753 Epist.
1602 1685 1670 1740 ad
1693 1683 2087 1755 Philippenses,
2127 1703 2245 1757 cap.
2272 1689 2359 1745 15.

339 1796 549 1856 Vensw
588 1798 806 1857 RUFINI.
1176 1802 1261 1858 Ex
1323 1802 1541 1858 Eusesu
1608 1803 1947 1931 [iistééEch
1995 1805 2089 1860 lib.
2137 1823 2223 1873 ιιι,
2513 1808 2719 1867 Vansno
2757 1810 2825 1867 Π.
2867 1812 3108 1869 γλιεειι.

1555 1890 1674 1931 car.
1786 1914 1801 1930 .

1555 1890 1674 1945 cap.
1712 1890 1801 1931 oo.

146 1954 333 2011 Mittam
370 1956 537 2012 vobis
573 1966 630 2012 et
667 1956 861 2028 ignaui
891 1958 1093 2029 episto-
1235 1968 1347 2033 Τὰς
1366 1971 1641 2034 ἐπιστολὰς

1833 1971 1938 2025 τιου
1962 1970 2061 2034 τὰς
2079 1988 2221 2043 πεμο
2362 1969 2634 2042 Epistolas
2662 1988 2854 2028 omnes
2876 1973 3071 2041 lgnatii
3102 1987 3237 2042 quas
3260 1974 3328 2029 ad

91 2045 175 2116 las,
198 2058 247 2102 et
269 2049 408 2103 alias
452 2049 501 2104 si
535 2065 657 2120 qua-
700 2056 847 2119 sunt,
874 2067 997 2121 qua:
1024 2052 1091 2106 ad
1166 2059 1396 2132 φθείσας
1426 2064 1555 2133 ἡμῖν
1582 2082 1586 2106 ι

1830 2062 1887 2128 ιῦ,
1918 2064 2013 2115 καὶ
2048 2062 2215 2127 ἄλλας
2287 2079 2375 2119 me
2390 2064 2629 2135 scripsit,
2651 2074 2705 2121 et
2727 2081 3083 2137 quascunque
3104 2066 3325 2121 demum

90 2161 172 2200 nos
209 2146 547 2203 transmissa:
591 2155 749 2215 sunt;
779 2163 847 2203 ex
889 2148 1091 2220 quibus
1163 2154 1295 2216 ὅσας
1327 2151 1543 2222 εἴχομεν
1567 2171 1585 2205 ς

1831 2170 1863 2215 ν,
1886 2151 2211 2222 ἐπέμψαμεν
2284 2153 2425 2224 apud
2444 2170 2543 2209 nos
2559 2155 2797 2225 reperire
2818 2155 3326 2225 potuimus,quem-

88 2239 335 2294 utilitatem
358 2241 661 2295 maximam
682 2241 939 2311 capiatis:
962 2256 1095 2297 con-
1167 2243 1316 2315 ὑμῖν,
1353 2241 1535 2306 καθὼς
1574 2243 1583 2293 ἑ

1831 2241 1941 2295 ποε·
1974 2241 2035 2295 αῖ
2068 2258 2213 2305 τινες
2285 2242 2580 2299 admodum
2598 2244 2757 2301 nobis
2776 2245 3101 2313 mandastis,
3119 2246 3187 2301 ad
3224 2262 3326 2303 vos

88 2336 233 2389 tinent
268 2336 416 2391 enim
466 2336 534 2391 de
577 2335 687 2390 ﬁde
733 2344 787 2392 et
830 2337 1093 2408 patientia
1166 2333 1577 2405 ὑποτεταγμένα

1828 2334 1885 2404 τῇ
1955 2332 2210 2403 ἐπιστολῇ
2284 2336 2573 2405 misimus;
2607 2354 2749 2408 quas
2781 2340 3002 2409 quidem
3045 2339 3177 2395 huic
3210 2340 3323 2411 epi-

86 2425 470 2482 instruetionem
508 2426 839 2498 perfectam,
886 2442 1091 2486 secun-
1162 2426 1355 2498 ταύτῃ.
1392 2424 1480 2491 Ἐξ
1510 2420 1581 2479 ὧν

1861 2422 2211 2495 ὠφεληθῆναι
2283 2428 2436 2483 stolae
2457 2429 2814 2499 subjecimus.
2848 2430 2925 2486 Ex
2967 2432 3037 2488 iis
3065 2447 3323 2504 magnam

86 2521 191 2577 dum
218 2521 427 2579 Domini
456 2532 813 2596 praeceptum.
1163 2513 1483 2586 δυνήσεσθε·
1517 2531 1581 2567 πε

1822 2530 1833 2566 ι
1874 2512 1985 2584 γὰρ
2029 2513 2211 2567 πίστιν
2283 2515 2575 2571 utilitatem
2598 2518 2883 2587 percipere
2906 2519 3071 2575 vobis
3092 2520 3317 2589 licebit;

1156 2606 1252 2661 καὶ
1288 2604 1585 2678 ὑπομονὴν,
1636 2606 1732 2659 καὶ
1778 2606 1956 2659 πᾶσαν
2001 2604 2205 2659 οἰκοδο-
2280 2607 2563 2663 ςοηζίηεηῐ
2596 2624 2651 2663 et

1824 2606 1956 2659 ἄσαν
2001 2604 2205 2659 οἰκοδο-
2280 2607 2563 2663 continent
2596 2608 2743 2664 enim
2776 2609 2959 2679 Iidem,
2999 2611 3319 2681 patientiam

1160 2696 1291 2770 μὴν,
1324 2697 1422 2769 τὴν
1450 2698 1530 2762 εἰς
1549 2695 1641 2751 ἰδ-δ
1660 2696 1865 2770 Κύριον
1895 2697 2052 2769 ἡμῶν
2074 2698 2208 2768 ἀνή-
2280 2712 2337 2758 et
2350 2712 2542 2760 caetera
2559 2719 2655 2774 qua

1823 2714 1865 2751 ›ν
1895 2697 2052 2769 ὴμῶν
2074 2698 2208 2768 ἀνή-
2280 2712 2337 2758 et
2350 2712 2542 2760 caetera
2559 2719 2682 2774 quae
2698 2705 2765 2761 ad
2778 2706 3088 2777 augendum
3101 2706 3318 2765 Domini

1158 2807 1381 2845 κουσαν.
2284 2794 2463 2853 nostri
2484 2795 2653 2851 cultui

2284 2794 2463 2853 nostri
2484 2795 2692 2851 cultum
2718 2797 3010 2867 pertinent.

1083 2997 1325 3055 laeuus
1349 2998 1443 3054 lib.
1474 3016 1511 3056 γ
1537 3000 1743 3057 Contra
1773 3001 2031 3067 haereses,
2061 3015 2180 3071 cap.
2201 2998 2294 3056 ΞΒ.

288 3117 478 3177 Varus
513 3118 833 3178 Ismarus.
1158 3117 1244 3175 Ex
1267 3117 1490 3177 Eusanu
1523 3119 1664 3189 Hist.
1687 3120 1834 3178 Eccl.
1862 3119 1958 3176 lib.
1985 3133 2205 3189 ut,cap.
2494 3116 2701 3175 Vensm
2738 3113 2803 3172 Η.
2850 3114 3092 3172 Vsus".

1626 3188 1722 3246 26.

132 3271 588 3340 Quemadmodum
628 3279 851 3351 quidam
878 3278 947 3336 de
974 3260 1119 3337 no—i
1239 3282 1328 3347 Ὡς
1372 3279 1495 3339 εἷπέ
1536 3300 1620 3348 τις

1820 3281 2084 3355 ῇμετέρων
2116 3282 2203 3336 διὰ
2346 3280 2821 3349 Quemadmodum
2884 3280 3092 3337 dixisse
3142 3279 3315 3336 fertur

76 3364 179 3450 stris
204 3365 352 3433 dixit,
393 3378 624 3439 propter
659 3370 983 3441 martyrium
1018 3371 1075 3427 in
1149 3374 1247 3448 τὴν
1275 3374 1411 3448 πρὸς
1429 3375 1561 3429 Θεὸν

1817 3375 1891 3428 ἴαν
1929 3390 2192 3445 κατακρι-
2266 3380 2488 3450 quidam
2519 3395 2548 3436 e
2571 3381 2795 3449 nostris,
2828 3381 2897 3436 ob
2920 3380 3124 3436 Christi
3151 3382 3312 3436 [idem

78 3448 216 3510 Deum
266 3459 619 3529 adjudieatus
688 3462 757 3517 ad
820 3462 1073 3519 bestias:
1151 3468 1264 3533 θεὶς
1305 3468 1442 3540 πρὸς
1477 3467 1573 3539 θηρ

1819 3507 1821 3513 ν
1874 3467 2042 3533 σῖτός
2079 3468 2196 3537 ειμι
2268 3448 2561 3531 damnatus
2589 3476 2657 3530 ad
2691 3476 2893 3531 bestias
2918 3492 2931 3527 :
2960 3474 3314 3530 Frumentum

76 3549 303 3611 Quoniam
323 3556 656 3625 frumentum
693 3573 811 3611 sum
852 3555 1074 3624 Christi,
1154 3564 1323 3627 Θεοῦ,
1343 3564 1441 3617 καὶ
1463 3561 1571 3614 δι’(

1830 3559 2199 3628 (inpleor-diti-
2269 3582 2362 3635 ego
2391 3582 2509 3618 sttm
2545 3565 2665 3633 Dei,
2699 3576 2748 3620 et
2778 3567 3017 3636 ferarum
3065 3569 3310 3622 dentibus

74 3652 112 3694 ει
143 3661 223 3713 per
257 3648 435 3705 dentes
479 3649 768 3704 bestiarum
798 3649 987 3718 motor,
1017 3662 1078 3706 ut
1152 3660 1354 3727 θομαι,
1414 3656 1515 3709 ἵνα
1565 3678 1569 3706 ε

1815 3674 1823 3688 -
1868 3652 2047 3722 ἄρτος
2098 3656 2199 3709 εὐ-
2272 3655 2443 3709 motor
2465 3670 2623 3727 atque
2661 3659 3009 3727 comminuor,
3054 3671 3112 3714 ut
3156 3663 3310 3730 panis

77 3741 263 3797 mundus
284 3746 442 3815 panis
476 3744 581 3800 Dei
602 3744 862 3800 inveniar.
1138 3748 1314 3816 ρεθῶ.
2273 3747 2500 3802 mundus
2531 3750 2745 3819 eﬁiciar.
2794 3747 2967 3821 Epist.
3013 3753 3081 3808 ad
3123 3752 3307 3823 Rom,

2262 3857 2384 3915 cap.
2417 3844 2473 3898 4.

1634 3959 1724 4016 Ill.

76 4050 377 4115 Tarentnas
401 4058 815 4120 Au'rtocnenus,
860 4060 918 4107 ut
954 4053 1147 4123 fertur,
1192 4051 1500 4123 Comment.
1522 4053 1599 4123 _in
1625 4063 1952 4123 saer._quat.
1982 4050 2240 4123 Evangel.
2290 4050 2375 4105 Ea:
2410 4051 2540 4107 edit.
2574 4049 2828 4105 Bibliotlt.
2858 4049 3083 4105 Patrum
3122 4051 3303 4107 Paris.

636 4194 646 4210 |
956 4121 962 4123 “
1435 4121 1598 4188 1644,
1628 4136 1756 4178 tant.
1782 4121 1824 4188 l,
1861 4139 1983 4192 pag.
2008 4122 2142 4186 450,
2165 4123 2233 4178 Α.

126 4243 239 4300 Cum
264 4262 396 4303 esset
424 4252 749 4319 desponsata
771 4260 946 4304 mater
974 4250 1089 4317 ejus
1124 4246 1328 4301 Maria.
1363 4245 1547 4313 Quare
1576 4261 1686 4301 non
1717 4260 1785 4301 ex
1821 4245 2057 4315 simplici
2094 4246 2341 4317 virgine,
2386 4245 2481 4301 sed
2515 4262 2582 4301 ex
2611 4245 2944 4317 desponsata
2993 4246 3304 4315 concipitur

75 4341 323 4406 Uuistus?
362 4350 577 4418 Primo,
614 4359 678 4407 ut
720 4365 819 4422 per
851 4348 1263 4421 generationem
1312 4344 1517 4416 Joseph
1562 4345 1718 4416 origo
1773 4343 1960 4400 Mariae
2004 4354 2447 4412 monstraretur;
2486 4342 2750 4407 secundo,
2785 4356 2853 4395 ne
2904 4340 3243 4409 lapidaretur
3270 4354 3302 4392 a

77 4425 241 4493 ludat:
269 4452 328 4499 ut
355 4445 647 4512 adultera;
684 4447 867 4515 tertio,
900 4454 961 4499 ut
994 4445 1048 4498 in
1083 4441 1381 4513 Egyptum
1411 4441 1628 4511 fugiens
1652 4440 1878 4496 haberet
1903 4440 2158 4496 solatium
2203 4440 2337 4507 viri;
2370 4448 2592 4511 quarto,
2634 4445 2697 4491 ut
2723 4445 2915 4506 partus
2942 4435 3064 4505 ejus
3089 4433 3305 4487 falleret

74 4518 336 4596 diabolum,
362 4546 651 4603 putantem
681 4538 868 4595 Jesum
897 4539 964 4595 de
992 4544 1248 4606 uxorata,
1272 4551 1383 4592 non
1420 4536 1489 4591 de
1511 4533 1733 4606 Virgine
1756 4544 1967 4590 natum.
1994 4536 2170 4607 Epist.
2197 4536 2267 4589 ad
2285 4534 2479 4605 Epltes.
2505 4549 2627 4604 cap.
2657 4534 2744 4589 19.
2774 4533 2905 4587 Vide
2930 4532 3077 4603 infra
3105 4530 3301 4585 Hiero-

71 4618 188 4682 nymi
209 4624 587 4686 testimonium.

1621 4717 1711 4773 IV.

211 4805 499 4878 ORiGENES,
532 4812 750 4883 Prolog.
784 4814 839 4869 in
863 4813 1073 4869 Cantic.
1109 4815 1379 4870 canticor.
1414 4814 1500 4867 Ea:
1524 4817 1721 4869 noviss.
1746 4812 1862 4867 BB.
1891 4810 2071 4864 Paris.
2101 4810 2230 4864 edit.
2264 4809 2424 4877 1740,
2458 4818 2584 4863 tam.
2611 4806 2699 4876 Ill,
2723 4824 2845 4878 pag.
2871 4804 2965 4868 50,
2988 4805 3054 4862 Ι).

119 4920 317 4981 Memini
348 4931 592 5001 aliquem
616 4939 941 4987 sanctorum
970 4930 1198 4997 dixisse,
1236 4929 1509 5001 lgnatium
1543 4928 1788 4993 nomine,
1828 4927 1894 4982 de
1932 4924 2152 4981 Christo
2185 4940 2197 4974 :
2237 4923 2387 4979 Meas
2432 4933 2609 4977 autem
2650 4936 2803 4974 amor
2842 4919 3132 4989 cruciﬁxus
3180 4927 3299 4980 est,

63 5025 141 5068 nec
160 5022 472 5087 reprehendi
501 5040 629 5079 eum
660 5041 761 5095 pro
784 5029 889 5083 hoc
912 5029 1138 5099 dignum
1163 5028 1372 5098 judico.
1408 5026 1583 5096 Epist.
1609 5028 1677 5080 ad
1713 5026 1888 5092 Rom.,
1915 5041 2033 5091 cap.
2064 5021 2114 5077 7.

376 5131 530 5200 lusu,
561 5136 749 5191 homil.
777 5152 832 5191 γι
856 5137 909 5191 in
937 5134 1167 5203 Lucam,
1201 5136 1357 5204 ibid.,
1382 5154 1502 5208 pag.
1537 5137 1676 5207 958,
1712 5137 1778 5190 A.
1814 5135 1998 5189 Graeca
2024 5149 2092 5188 ex
2121 5134 2324 5188 schedis
2353 5135 2543 5189 Gnsnu
2588 5134 2875 5203 descripta.

113 5244 285 5314 Καὶῶς
314 5256 373 5307 ἐν
409 5258 509 5327 μιᾷ
545 5250 656 5311 τῶν
694 5259 970 5331 μάρτυρός
997 5276 1141 5325 τινος
1180 5260 1480 5314 ἐπιστολῶν
1518 5260 1605 5328 γέ-

1798 5257 2073 5329 Eleganter
2107 5256 2160 5310 in
2192 5271 2300 5311 una
2325 5257 2683 5327 epistolarum
2716 5258 3005 5329 cujusdam
3028 5256 3293 5327 martyris

70 5352 265 5403 ίρῑπται
292 5343 406 5417 [τὸν
447 5349 708 5417 Ἰγνάτιον
734 5348 898 5419 λέγω,
937 5351 1029 5405 τὸν
1059 5351 1196 5422 μετὰ
1209 5353 1305 5406 τὸν
1334 5351 1565 5423 μακάριε

1797 5351 2002 5406 natium
2037 5351 2183 5417 dico,
2209 5350 2511 5404 secundum
2543 5360 2664 5419 post
2684 5352 2905 5405 beatum
2933 5347 3157 5403 Petrum
3179 5349 3292 5402 An.

63 5430 226 5501 Πέτρον
242 5437 342 5507 τῆς
368 5440 702 5512 Ἀντιοχείας
722 5443 973 5516 δεύτερον
995 5444 1313 5509 ἐπίσκοπον,
1336 5444 1427 5497 τὸν
1451 5445 1510 5496 ὲν
1522 5462 1558 5495 τι

1791 5443 1928 5498 chiae
1957 5443 2298 5513 episcopum,
2324 5442 2422 5511 qui
2458 5443 2512 5496 in
2545 5443 2929 5513 persecutione
2964 5439 3152 5495 Romae
3182 5456 3285 5510 pu-

60 5524 244 5598 ὗκυγμῷ
270 5532 324 5583 ἐν
364 5531 554 5606 Ῥώμῃ
574 5534 789 5605 Θηρίοις
812 5536 1221 5609 μαῃσάμενον]
1243 5554 1256 5567 ·
1293 5537 1402 5591 Kai
1421 5538 1555 5591 ἐλαί

1793 5534 1895 5589 Lavit
1914 5535 1983 5590 ad
2006 5534 2265 5606 bestias);
2302 5536 2571 5605 scriptum
2604 5544 2688 5591 est
2718 5552 2731 5588 :
2764 5534 3073 5605 Principem
3101 5534 3288 5591 swcuh’

59 5614 143 5667 τὸν
168 5618 419 5692 ἄρχοντα
450 5626 557 5681 τοῦ
578 5626 795 5694 αἰῶνος
829 5630 1043 5686 τούτου
1088 5632 1125 5701 ἠ
1154 5630 1445 5701 παρθενία
1474 5633 1554 5684 Mc

1789 5630 1866 5692 ius
1917 5629 2078 5685 latuit
2134 5628 2325 5685 Mariw
2370 5628 2673 5697 virginitas.
2731 5627 2904 5699 Epist.
2936 5629 3005 5685 ad
3060 5627 3284 5699 Ephes.,

54 5723 174 5776 μας.

1706 5736 1824 5793 cap.
1860 5721 1944 5776 t9.

333 5816 609 5881 Parant.
685 5818 777 5882 Gn
838 5816 916 5877 ν.

2936 5816 2968 5876 1
