3786 6288
147 255 207 308 ίῦ
1297 262 1631 319 νΕτΕιιυιι

1297 262 1631 319 νΕτΕιιυιι
1659 264 2094 327 TESTIMONIA.

3306 307 3373 365 Μ

415 369 614 427 Vensw
654 373 867 430 Restm.

146 462 318 515 horum
338 464 653 519 memoriam
686 465 817 523 facit
845 468 899 523 in
912 468 1151 540 Epistola
1216 479 1245 515 τ
1253 462 1331 531 ὴν
1361 464 1641 520 ἀνάστασ

764 468 817 523 τὶι
845 468 1151 540 ὶηΕρίειοιε
1216 462 1331 531 τὴν
1361 464 1704 520 ἀνάστασιν
1744 468 1814 521 ἐν
1847 473 2025 539 σαρκὶ
2077 475 2259 527 αὐτόν

143 568 286 621 quam
327 554 391 607 ad
434 555 807 627 Pliilippenses
840 561 1030 618 scribit
1056 580 1151 633 per
1212 555 1364 620 οῖδα,
1402 558 1499 611 καὶ
1535 575 1638 611 ma

765 575 807 614 gs
840 561 1030 618 scribit
1056 580 1151 633 per
1212 555 1364 620 οἶδα,
1402 558 1499 611 καὶ
1535 560 1795 612 πιστεύω
1821 561 1987 615 ὄντα.
2021 563 2130 617 Καὶ
2163 558 2260 617 ὅτε

142 643 276 697 haec:
310 664 329 697 ι
376 645 666 717 Deprecor,
717 651 913 723 inquit,
958 670 1148 713 omnes
1212 648 1361 714 πρὸς
1380 649 1523 715 τοὺς
1542 663 1637 718 πει

142 749 225 760 η,
269 736 583 760 -ι-..,12-...εμ
781 759 788 760 ,
918 745 931 760 .
1133 756 1142 760 Α
1219 739 1321 760 ι---
1361 740 1525 760 μμ-»
1610 746 1625 760 .

1952 653 1963 664 ·
2033 652 2046 668 υ
2375 643 2454 648 η-
2501 643 2666 653 ..η-ν-.
2717 643 2861 657 -υνιιι
2914 643 2968 661 ιιι
3010 643 3238 680 ῡμιδιυιὶι
3300 643 3367 671 au

1874 657 2257 760 ἴνεξληλγθενζ
2332 680 2643 754 Smyrnzeos
2696 689 2763 745 de
2826 692 3113 755 Servatore
3173 713 3369 760 nostro

141 749 226 789 vos
266 736 589 794 obedientize
634 755 860 812 operam
900 745 1050 811 dare,
1094 756 1149 803 et
1209 739 1324 808 ἔφη
1349 740 1636 865 αὐτοῖξἋ

141 831 361 865 mollitur;
394 836 712 865 ηηοῖιηιοῖιιηι
742 856 900 865 κη-..
929 844 1143 865 --:,I:-.:-
1216 848 1282 865 ne
1346 832 1441 865 ονηῒ
1482 832 1502 865 Υ
1544 850 1634 865 ονε-

2432 736 2451 754 δ
2496 736 2642 743 --ηνν
2700 736 2763 745 --ν
2826 736 2913 748 vv.
2936 736 3113 755 παινιν
3173 736 3370 760 ιιυοιιυ

1894 744 2260 865 nﬁdeli“?
2328 769 2556 840 loquens
2579 780 2827 847 quaedam
2871 783 2990 853 ejus
3016 788 3178 844 verba
3220 793 3389 865 reci»,

140 831 362 886 meditari
394 836 713 903 patientiam
738 856 904 909 quam
929 844 1145 900 vidistis
1204 848 1308 898 με»
1346 832 1443 952 will
1473 832 1634 939 frias

140 921 182 952 ἰ..
201 922 388 952 humu-
441 937 487 952 ,ι
511 926 647 952 ουκ-Α
705 941 746 952 Α.
770 931 803 952 η
822 933 945 952 ,Αονμ
971 951 980 952 ,
1018 935 1033 952 ι
1208 938 1340 952 μην..
1411 940 1635 952 auum.-.

2056 836 2257 947 δίξψοξ
2326 869 2424 930 tat,
2470 831 2613 934 qua;
2636 870 2780 926 unde
2826 831 3102 946 acceperit
3146 845 3386 952 ignoras!

138 921 182 976 in
200 922 411 994 lgnatio,
436 937 491 981 et
508 926 671 994 Rul’o,
698 941 752 985 et
770 931 992 989 Zosimo
1018 935 1146 991 bea-
1208 938 1340 1030 ’ξιον
1367 922 1633 1036 ἀσώμαξί

2226 930 2253 942 ,
2410 921 2423 930 τ
2486 921 2504 934 .
2644 921 2777 926 νη-
2828 921 3102 946 "ﬂre...
3149 921 3359 952 .ο..υ.υ.

1864 928 2039 994 εὐθὺς
2069 932 2256 1036 alii”
2326 952 2439 1025 Ego
2461 972 2599 1023 vero,
2629 960 2826 1032 inquit,
2853 979 2971 1036 post
3010 978 3359 1031 resurrectio-

136 1018 196 1072 tis
220 1020 360 1085 viris,
386 1024 659 1094 praecipue
681 1036 862 1083 autem
893 1029 947 1083 in
971 1029 1142 1086 Paulo
1209 1015 1471 1085 ἥψαντον
1524 1020 1621 1073 καὶ

1261 1020 1471 1085 ψαντο,
1524 1020 1621 1073 καὶ
1672 1020 2065 1076 ἐπίστευσαν.
2132 1018 2253 1078 Οἷδε
2322 1015 2438 1100 "cvm
2472 1015 2756 1107 οοηξίηιλη

133 1117 181 1163 et
208 1112 404 1167 caeteris
453 1117 735 1185 apostolis,
778 1121 872 1190 qui
920 1120 1140 1181 fuerunt
1203 1108 1455 1217 aéfamg
1481 1110 1543 1217 ’ξδ

778 1121 872 1190 qui
920 1120 1140 1181 [υετυηι
1203 1108 1455 1217 δὲύαύτοῦ
1481 1110 1543 1217 τὸ
1580 1112 1876 1217 μαρτυριω
1899 1111 1998 1217 καὶ
2020 1112 2047 1166 ὁ
2081 1117 2250 1217 Elp'q:

132 1208 240 1253 ante
269 1215 390 1267 vos;
414 1203 653 1261 scientes
683 1210 829 1277 quod
860 1211 912 1265 hi
944 1227 1137 1270 omnes
1202 1194 1377 1268 ναῖοςν
1435 1202 1528 1256 καὶ
1571 1204 1627 1256 τᾶ

752 1210 829 1263 :od
860 1211 912 1265 hi
944 1227 1137 1270 omnes
1202 1194 1377 1268 ναῖος,
1435 1202 1528 1256 καὶ
1571 1203 1678 1257 τῶν
1741 1204 2039 1257 ἐπιστολῶν
2085 1200 2247 1259 αὐτοῦ

2568 400 2771 458 Vensro
2801 403 2867 460 Η.
2904 406 3141 467 νλιεειι.

2333 505 2479 558 omni
2512 523 2644 564 cura
2684 525 2749 567 ac
2772 514 3050 587 diligentia
3090 522 3245 579 illum
3282 526 3371 582 fu-

2784 1058 2953 1127 ipsum
2990 1063 3045 1117 in
3077 1082 3234 1121 carne
3263 1086 3360 1139 ap-

2319 1137 2561 1203 paruisse
2588 1141 2701 1197 scio
2726 1154 2775 1197 et
2798 1148 2970 1203 credo.
3001 1151 3107 1217 Qui
3126 1173 3248 1210 cum
3286 1160 3363 1213 ad

132 1303 223 1341 non
253 1289 301 1342 in
337 1305 567 1347 vacuum
588 1335 603 1359 ,
636 1296 730 1352 sed
763 1313 861 1367 per
890 1299 1050 1357 ﬁdem
1081 1313 1136 1360 et
1202 1293 1547 1377 μνημονεύειο
1584 1297 1627 1348 Κ

763 1313 861 1367 per
890 1299 1050 1357 ﬁdem
1081 1313 1136 1360 ει
1202 1293 1547 1377 μνημονεύει.
1584 1296 1693 1349 Καὶ
1742 1298 1770 1351 ὁ
1798 1298 2155 1370 Πολύκαρπος
2191 1290 2246 1353 δὲ

126 1376 362 1464 justitiam
408 1396 793 1455 cucurrerunt,
847 1405 1133 1462 usquequo
1196 1384 1399 1439 τούτων
1439 1386 1618 1440 αὐτῶν

754 1396 793 1455 ι,
847 1405 1133 1462 usquequo
1196 1376 1399 1439 τούτων
1439 1386 1618 1440 αὐτῶν
1651 1388 1925 1461 μέμνηται
1958 1393 2014 1443 ὲν
2043 1394 2108 1462 τῇ
2150 1410 2245 1462 φε-

127 1470 444 1537 pervenirent
491 1474 561 1529 ad
605 1477 786 1532 locum
815 1479 920 1535 sibi
959 1498 991 1537 a
1019 1482 1131 1540 Do-

127 1558 254 1614 mino
287 1575 686 1635 praeparatum;
712 1571 971 1638 quoniam
1006 1576 1132 1645 qui-

124 1646 225 1702 dem
250 1651 557 1719 passionum
577 1656 696 1725 ejus
720 1658 1013 1730 participes
1035 1678 1130 1717 ex-

124 1740 368 1809 stiterunt,
400 1759 503 1800 nec
548 1746 859 1805 dilexerunt
883 1766 1126 1821 przesens

123 1832 368 1901 sacculum,
406 1838 504 1892 sed
538 1854 666 1895 cum
699 1843 876 1898 solum
903 1847 996 1916 qui
1024 1863 1125 1917 pro

122 1922 231 1991 ipsis
254 1936 303 1980 et
334 1944 433 1997 pro
468 1932 633 1987 nobis
663 1945 916 1993 mortuus
957 1948 1041 1994 est
1067 1950 1122 1996 et

120 2021 398 2075 resurrexit.
440 2041 459 2074 ι
497 2022 566 2080 Et
615 2036 737 2096 post
782 2044 955 2099 pauca
990 2034 1122 2089 sub-

115 2107 303 2179 jungit:
337 2131 355 2164 ι
390 2112 707 2186 Scripsistis
752 2121 888 2176 mihi
926 2128 981 2179 et
1022 2140 1120 2182 vos

117 2212 161 2256 et
190 2202 438 2276 lguatius,
498 2220 563 2265 ut
604 2212 650 2268 si
687 2215 813 2284 quis
855 2218 1003 2273 vadit
1050 2222 1119 2277 ad

118 2306 267 2363 partes
282 2297 444 2371 Syriae
455 2300 671 2359 deferat
684 2304 890 2363 litteras
907 2313 972 2364 ad
997 2326 1117 2381 vos;

118 2389 234 2455 quod
260 2386 466 2462 faciam,
494 2412 623 2452 cum
654 2408 867 2471 tempus
895 2402 1119 2462 invene-

118 2488 181 2533 ro.
198 2499 216 2533 ι
244 2481 367 2555 Lege
390 2482 663 2558 Haymon.
690 2486 783 2549 lib.
805 2508 883 2562 tv,
916 2511 1037 2568 cap.
1058 2495 1112 2555 6.

1197 1476 1400 1550 ρομένῃ
1447 1477 1614 1533 αὐτοῦ
1663 1481 1801 1551 πρὸς
1848 1483 2246 1557 Φιλιππησίους

1194 1571 1473 1643 ἐπιστολῇ,
1520 1573 1744 1641 φάσκων
1784 1578 1971 1643 αὐτοῖς
1999 1571 2237 1653 ρήμασι’

1199 1681 1218 1714 ι
1252 1664 1562 1736 Παρακαλῶ
1594 1663 1687 1721 οὖν
1711 1670 1919 1736 πάντας
1949 1673 2093 1744 ὑμᾶς
2125 1694 2244 1730 πει-

1192 1753 1410 1827 θαρχεῖν
1449 1759 1543 1812 καὶ
1586 1760 1776 1815 ἀσκεῖν
1820 1766 2000 1820 πᾶσαν
2038 1767 2243 1841 ὑπομο-

1189 1848 1308 1920 νὴν,
1348 1850 1416 1921 ἢν
1459 1852 1630 1906 εἴδετε
1680 1854 1801 1908 κατ’
1827 1856 2141 1930 ὀφθαλμοὺς
2177 1862 2239 1915 οὐ

1191 1942 1348 2014 μόνον
1363 1946 1420 1999 ὲν
1433 1949 1545 2010 τοῖς
1569 1950 1861 2021 μακαρίοις
1885 1951 2127 2026 Ἰγνατίῳ
2146 1958 2240 2011 καὶ

1199 2033 1411 2106 Ῥούφῳ
1452 2039 1546 2091 καὶ
1592 2040 1844 2113 Ζωσίμῳ,
1890 2043 2024 2097 ἀλλὰ
2054 2046 2148 2099 καὶ⁵
2180 2048 2239 2102 ὲν

1186 2121 1372 2191 ἄλλοις
1418 2130 1531 2192 τοῖς
1570 2128 1630 2194 ἐξ
1669 2128 1844 2201 ὑμῶν·
1878 2127 1972 2187 καὶ
2002 2135 2060 2188 ὲν
2089 2134 2238 2208 αὐτῷ

1185 2213 1383 2290 Παύλῳ
1412 2221 1641 2285 καὶτοῖς
1668 2218 1877 2287 λοιποῖς
1896 2222 2233 2292 ἀποστόλοις

1185 2311 1586 2382 πεπεισμένους
1616 2314 1700 2367 ὅτι
1726 2309 1869 2370 οὗτοι
1904 2317 2107 2383 πάντες
2137 2321 2239 2376 οὐκ

1182 2403 1262 2466 εἰς
1308 2404 1464 2458 κενὸν
1508 2404 1763 2478 ἔδραμον,
1808 2409 2010 2465 ἀλλ’ὲν
2055 2412 2235 2468 πίστει

1180 2498 1275 2553 καὶ
1306 2498 1640 2574 δικαιοσύνῃ·
1657 2504 1751 2557 καὶ
1766 2504 1847 2557 δτι
1876 2506 1956 2570 είς
1976 2508 2068 2562 τὸν
2094 2508 2237 2579 ὀφει-

1178 2587 1403 2659 λόμενον
1455 2589 1641 2654 αὐτοῖς
1688 2592 1853 2648 τόπον
1915 2586 2022 2650 είσὶ
2081 2598 2233 2671 παρὰ

1177 2676 1388 2749 Κυρίῳ,
1431 2671 1477 2747 ᾧ
1510 2680 1605 2735 καὶ
1652 2682 1975 2739 συνέπειθον.
2017 2686 2091 2739 Οὐ
2123 2687 2232 2761 γὰρ

1177 2767 1268 2824 τὸν
1290 2768 1386 2824 νῦν
1411 2771 1708 2846 ἠγάπησαν
1747 2776 1946 2843 αἰῶνα,
1978 2778 2114 2833 ἀλλὰ
2137 2781 2231 2836 τὸν

1175 2858 1319 2934 ὑπὲρ
1372 2864 1531 2935 ἡμῶν
1578 2866 1955 2936 ἀποθανόντα,
2012 2870 2107 2925 καὶ
2157 2862 2228 2926 δι’

1174 2949 1323 3024 ἡμᾶς
1352 2952 1457 3007 ὑπὸ
1472 2952 1566 3007 τοῦ
1586 2954 1721 3009 Θεοῦ
1744 2956 2069 3013 ἀναστάντα.
2088 2962 2227 3016 »Καὶ

1173 3038 1303 3111 ἑξῆς
1331 3040 1598 3113 ἐπιφέρεισ
1632 3061 1653 3095 ι
1686 3044 1991 3117 Ἑγράψατέ
2022 3051 2226 3119 μοικαὶ

1172 3134 1331 3203 ὑμεῖς
1378 3136 1472 3188 καὶ
1518 3135 1795 3205 Ἰγνάτιος,
1861 3139 1948 3193 ἵνα
1999 3142 2094 3195 ἐάν
2140 3162 2225 3209 τις

1168 3227 1476 3298 ἁπέρχηται
1506 3229 1587 3293 είς
1620 3231 1841 3302 Συρίαν,
1876 3233 1969 3286 καὶ
1992 3233 2061 3288 τὰ
2096 3240 2221 3309 παρ’

1170 3317 1323 3389 ὑμῶν
1352 3320 1667 3394 άποκομίσῃ
1697 3322 2021 3394 γράμματα.
2047 3327 2222 3400 Ὅπερ

1169 3409 1399 3481 ποιήσω,
1432 3409 1527 3462 ἐὰν
1561 3410 1710 3463 λάϐω
1752 3412 1939 3483 καιρὸν
1982 3413 2218 3483 εὔθετον,

1170 3497 1282 3551 εἴτε
1326 3497 1457 3568 ἐγὼ,
1501 3499 1609 3553 εἴτε
1633 3500 1691 3553 ὃν
1720 3501 1919 3572 πέμψω
1954 3505 2221 3576 πρεσϐεύ-

1174 3606 1336 3643 σοντα
1373 3590 1614 3662 καὶπερὶ
1643 3590 1817 3661 ὑμῶν.
1849 3613 1867 3645 ι
1902 3594 2037 3665 Lege
2054 3594 2219 3651 NICE-

1171 3696 1385 3736 pnonuu
1415 3681 1509 3735 lib.
1550 3698 1633 3747 Ill,
1661 3699 1779 3753 cap.
1814 3685 1902 3741 19.

2318 1225 2541 1283 Petrum
2597 1242 2649 1285 et
2716 1247 2934 1294 cteteros
2981 1244 3095 1313 ejus
3138 1250 3355 1307 comites

2318 1319 2641 1386 accessisset,
2689 1325 2831 1381 dixit
2866 1328 2977 1386 illis
3008 1348 3028 1388 :
3049 1326 3355 1407 Apprelren-

2316 1403 2447 1471 dite,
2483 1420 2801 1468 contrectata
2822 1433 2923 1485 me,
2949 1430 2999 1475 et
3029 1403 3194 1479 videte
3213 1430 3353 1494 quod

2317 1511 2418 1549 non
2450 1515 2566 1552 sum
2594 1502 2927 1575 incorporeus
2963 1515 3201 1583 spiritus.
3228 1510 3354 1573 Sta-

2318 1588 2513 1658 timque
2534 1607 2654 1647 eum
2689 1606 3072 1662 contrectantes
3112 1612 3352 1667 credide-

2315 1688 2458 1735 runt.
2507 1681 2683 1754 Hujus
2700 1704 2864 1757 porro
2892 1692 3084 1765 Ignatii
3115 1710 3171 1756 et
3200 1714 3350 1760 mar-

2314 1766 2514 1835 tyrium
2558 1780 2614 1826 et
2654 1776 2917 1845 epistolas
2954 1798 3352 1849 commemorat

2309 1855 2568 1919 Irenzeus.
2599 1865 2783 1925 Sedet
2813 1870 3217 1948 Polycarpusin
3246 1898 3349 1940 sua

2309 1949 2377 2005 ad
2397 1949 2771 2027 Pbilippenses
2784 1964 3011 2033 epistola
3028 1975 3347 2032 earumdem

2309 2045 2935 2119 meminitepistolarum
2971 2074 2985 2110 :
3026 2080 3045 2113 ι
3075 2062 3342 2136 Obsecro,

2307 2131 2503 2229 inquit,
2518 2148 2616 2195 vos
2632 2157 2843 2214 omnes,
2870 2158 2930 2204 ut
2952 2156 3192 2221 parcatis
3212 2131 3345 2229 prae;

2303 2220 2495 2290 positis
2517 2229 2734 2295 vestris,
2768 2220 3095 2308 omnemque
3124 2220 3340 2311 patien-

2303 2311 2434 2367 tiam
2483 2322 2808 2391 exerceatis,
2851 2336 3017 2397 quam
3048 2338 3341 2402 spectastis

2301 2418 2411 2459 non
2462 2409 2639 2466 solum
2690 2413 2747 2469 in
2789 2416 3032 2487 Ignatio,
3085 2422 3228 2482 Rufo
3275 2445 3343 2487 ac

2301 2494 2520 2555 Zosimo
2534 2502 2668 2560 viris
2684 2505 3037 2579 beatissimis,
3055 2515 3150 2571 sed
3173 2518 3338 2575 etiam

2299 2586 2355 2642 in
2399 2592 2522 2648 aliis
2569 2596 2780 2655 civibus
2833 2613 2997 2673 atque
3049 2606 3339 2679 inquilinis

2297 2684 2512 2752 vestris,
2546 2694 2601 2742 et
2638 2688 2692 2745 in
2723 2692 2845 2763 ipso
2871 2697 3144 2770 pracipue
3166 2701 3340 2763 Paulo

2295 2776 2618 2848 exterisque
2633 2785 2897 2851 apostolis
2917 2807 2930 2843 :
2956 2800 3056 2859 pro
3072 2802 3223 2851 certo
3237 2797 3339 2855 ha-

2294 2862 2503 2935 bentes,
2536 2873 2683 2942 quod
2706 2876 2761 2930 hi
2782 2893 2975 2937 omnes
2996 2898 3107 2941 non
3130 2885 3334 2948 frustra

2292 2971 2685 3029 cucurrerunt,
2700 2968 2793 3022 sed
2816 2968 2870 3023 in
2889 2970 2994 3026 llde
3021 2989 3089 3029 ac
3121 2976 3335 3043 iustitia

2292 3048 2548 3123 ingressi,
2586 3057 2654 3110 ad
2689 3057 2869 3115 locum
2897 3062 3000 3117 sibi
3032 3080 3062 3118 a
3093 3064 3205 3122 Deo
3234 3069 3334 3126 de-

2290 3144 2467 3201 bitum
2485 3160 2869 3221 pervenerunt,
2888 3157 3332 3229 quandoquidem

2288 3239 2343 3287 et
2368 3235 2687 3305 passionum
2712 3238 2832 3309 ejus
2852 3243 3143 3315 participes
3164 3250 3335 3304 exsti-

2289 3335 2492 3385 terunt.
2544 3329 2732 3402 Neque
2765 3334 2910 3391 enim
2955 3350 3195 3408 praesens
3225 3359 3329 3399 sa:-

2288 3418 2494 3487 culum,
2547 3420 2644 3477 sed
2703 3440 2829 3480 eum
2884 3429 2978 3498 qui
3024 3445 3125 3499 pro
3164 3434 3327 3490 nobis

2286 3527 2484 3581 passus
2500 3522 2554 3569 et
2581 3531 2611 3569 a
2634 3515 2745 3573 Deo
2769 3522 3069 3579 suscitatus
3094 3534 3201 3593 est,
3226 3527 3327 3582 ad-

2286 3607 2562 3654 amarunt.
2603 3621 2622 3654 ι
2660 3602 2725 3658 Ει
2764 3608 2927 3676 paulo
2960 3621 3084 3678 post
3123 3614 3274 3669 addit
3308 3628 3325 3665 :

2292 3711 2311 3744 ι
2351 3692 2661 3765 Scripsistis
2691 3700 2757 3755 ad
2783 3718 2869 3758 me
2888 3714 2940 3761 et
2968 3722 3067 3764 vos
3094 3718 3146 3765 et
3165 3710 3328 3782 lgna-

107 3763 205 3833 tius,
244 3777 295 3824 ut
335 3770 380 3827 si
418 3767 549 3843 quis
582 3770 721 3828 ferte
770 3770 826 3826 in
876 3773 1091 3844 Syriam
1129 3772 1597 3843 proﬁcisceretur,
1630 3784 1843 3832 vestras
1876 3778 2085 3837 litteras
2113 3798 2178 3839 eo
2208 3763 2654 3854 deferret._Quod
2694 3796 2912 3863 quidem
2944 3763 3245 3872 perﬁciam,
3278 3806 3328 3863 si

107 3874 271 3934 tempus
294 3879 663 3939 Opportunum
682 3878 874 3924 nactus
907 3867 1083 3934 fuero;
1102 3868 1186 3922 vel
1200 3883 1297 3939 ego
1322 3870 1437 3938 ipse
1450 3869 1534 3923 vel
1555 3884 1652 3939 per
1665 3869 1835 3926 alium
1862 3876 2198 3946 quempiam,
2228 3881 2316 3935 cui
2346 3882 2399 3937 id
2413 3899 2617 3941 munus
2636 3896 2814 3942 vestra
2827 3905 2994 3948 causa
3008 3894 3320 3966 delegabo.»

107 3954 238 4027 Epist.
261 3962 451 4036 Ignatii
474 3966 545 4019 ad
567 3964 812 4029 Romam,
834 3979 985 4032 capp.
1005 3962 1038 4016 4
1058 3970 1105 4015 et
1129 3960 1193 4027 5;
1217 3960 1391 4030 Epist.
1409 3963 1478 4015 ad
1496 3961 1734 4033 Smyrn.,
1762 3981 1880 4036 cap.
1914 3968 1979 4033 15;
2006 3967 2176 4039 Epist.
2203 3968 2493 4043 Polycarpi
2524 3975 2597 4031 ad
2617 3975 2879 4048 Plrilipp.,
2912 3998 3063 4055 capp.
3092 3954 3205 4045 9uet
3233 3993 3321 4048 15.

1274 4074 1426 4141 IDEM,
1469 4077 1633 4146 ibid.,
1657 4098 1809 4152 capp.
1842 4083 1930 4147 57,
1963 4082 2051 4139 58.

1229 4168 1520 4223 Ἀδυνάτου
1552 4171 1596 4225 δ’
1621 4172 1777 4236 ὄντος
1806 4175 1936 4245 ἡμῖν
1969 4176 2214 4243 ἅπαντας
2356 4182 2621 4242 Caeterum
2656 4204 2723 4244 cu

1827 4177 1936 4245 ημῖν
1969 4176 2214 4243 ἅπαντας
2356 4182 2621 4242 Caeterum
2656 4204 2781 4244 cum
2821 4189 2940 4247 ﬁeri
2987 4196 3138 4253 nullo
3161 4202 3322 4257 modo

1157 4258 1216 4324 ἐξ
1273 4261 1538 4332 ὀνόματος
1593 4264 2041 4336 ἀπαριθμεῖσθαι,
2098 4262 2211 4323 ὅσοι
2280 4268 2474 4344 possit,
2508 4289 2565 4334 ut
2593 4280 2652 4335 sit

1822 4265 2041 4332 ιεῖσθαι,
2098 4262 2211 4323 ὅσοι
2280 4268 2474 4344 possit,
2508 4289 2565 4334 ut
2593 4280 2843 4352 singulos
2866 4289 3191 4346 nominatim
3227 4309 3317 4349 re-

1156 4354 1288 4407 ποτὲ
1311 4354 1451 4408 κατὰ
1480 4356 1580 4428 τὴν
1606 4356 1829 4429 πρώτην
1852 4358 1960 4412 τῶν
1986 4360 2211 4414 ἀποστό-
2278 4381 2622 4440 censeamus,

1824 4358 1960 4412 ιτῶν
1986 4360 2211 4414 ἀποστό-
2278 4381 2622 4440 censeamus,
2655 4385 2926 4447 qdotquot
2974 4382 3165 4450 primis
3210 4386 3319 4444 illis

152 4161 321 4221 Verum
347 4157 399 4235 ξ’
426 4168 693 4239 quoniam
748 4166 1087 4238 impossibile
1150 4218 1151 4221 η

99 4254 221 4311 nobis
246 4270 318 4313 est
338 4259 585 4330 singulos
618 4274 961 4324 enumerare,
994 4257 1087 4326 qui

103 4349 194 4405 Μ
225 4351 589 4418 apostolorum
621 4350 828 4419 primas
860 4363 1087 4405 succes-

105 4428 246 4486 siones
265 4440 316 4493 in
340 4442 592 4497 ecclesiis
616 4456 739 4509 qua;
774 4456 870 4510 per
898 4440 1085 4494 orbem

105 4526 224 4576 terra:
236 4537 368 4593 stlnt,
381 4533 465 4588 vel
489 4533 790 4603 principes,
815 4531 899 4585 vel
921 4546 1087 4585 evan-

102 4609 260 4676 gelista:
283 4617 517 4689 fuerunt,
551 4624 639 4679 vel
662 4632 913 4694 pastores
930 4639 944 4687 ;
964 4623 1085 4677 illos

103 4706 423 4768 tantummodo
454 4728 924 4771 commemorasse
966 4712 1085 4769 suf-

102 4792 231 4861 ﬁciat,
245 4817 459 4870 quorum
483 4791 870 4862 libris'inserta
891 4805 960 4859 ad
986 4821 1084 4862 nos

103 4897 239 4956 “sque
257 4892 365 4947 ﬁdei
390 4906 442 4951 et
460 4897 872 4968 pmdicationis
906 4896 1084 4950 moni-o

104 4993 249 5039 menta
290 5004 506 5059 venere;
554 5002 620 5048 ut
675 4992 973 5049 Clementis
1029 5002 1084 5048 et

104 5066 253 5139 lSilani
279 5088 716 5154 ceterorumque,
734 5100 970 5154 quorum
988 5100 1081 5140 suc

104 5166 245 5229 peritis
270 5158 486 5231 iecimus
512 5177 873 5233 mentionem.

159 5441 316 5508 hstini
369 5473 588 5530 quoque
650 5460 949 5530 martyris,
1025 5463 1076 5510 ει

102 5530 248 5601 ISnatii
275 5550 593 5606 mentionem
617 5550 751 5607 facit
767 5549 1074 5619 (lrcnaeus),

100 5632 141 5673 ει
164 5640 213 5680 ea
230 5646 336 5700 quae
362 5640 699 5711 scripserunt
732 5641 985 5713 producit
1017 5643 1071 5698 in

103 5719 307 5781 medium.

1155 4444 1261 4497 λων
1314 4445 1563 4518 διαδοχὴν
1616 4450 1673 4501 ὲν
1722 4452 1845 4512 ταῖς
1902 4450 2045 4503 κατὰ
2107 4451 2207 4523 τὴν

1155 4537 1477 4609 οἰκουμένην
1494 4539 1810 4611 ἐκκλησίαις
1825 4540 2076 4609 γεγόνασι
2089 4559 2207 4595 ποι-

1157 4629 1378 4701 μένεςῆ
1416 4630 1511 4683 καὶ
1550 4631 1960 4700 εὐαγγελισταὶ,
2000 4632 2205 4687 τούτων

1153 4721 1379 4785 εἰκότως
1420 4722 1479 4788 ἐξ
1513 4723 1777 4793 ὀνόματος
1807 4727 1992 4795 γραφῇ
2028 4725 2203 4794 μόνων

1151 4810 1249 4880 τὴν
1284 4814 1505 4884 μνήμην
1545 4814 2000 4885 κατατεθείμεθα,
2026 4808 2101 4867 ὧν
2122 4814 2202 4867 ἔτι

1152 4901 1243 4954 καὶ
1274 4901 1368 4955 νῦν
1396 4905 1476 4966 είς
1514 4903 1665 4976 ἡμᾶς
1691 4904 1757 4957 δι’
1792 4904 2203 4976 ὑπομνημάτων

1149 4988 1250 5064 τῆς
1271 4994 1631 5065 ἁποστολικῆς
1660 4994 2001 5058 διδασκαλίας
2025 4992 2057 5066 ὴ
2097 5013 2203 5049 παι

1152 5082 1367 5156 ράδοσις
1391 5086 1630 5157 φέρεται·
1680 5084 1867 5157 ὥσπερ
1894 5081 1986 5139 οὖν
2008 5084 2199 5157 ἀμέλει

1150 5174 1245 5230 τοῦ
1288 5177 1547 5245 Ἱγνατίου
1590 5179 1648 5230 ὲν
1696 5172 1783 5241 αἷς
1831 5177 2198 5249 κατελέξαμεν

1155 5270 1485 5332 ἐπιστολαῖς.

1280 5361 1431 5429 IDEM,
1461 5362 1616 5428 ibid.,
1638 5361 1731 5417 lib.
1751 5378 1805 5428 v,
1831 5375 1946 5434 cap.
1976 5364 2026 5419 8.

1229 5450 1350 5505 Ἐτι
1390 5453 1483 5506 καὶ
1529 5448 1818 5506 Ἱουστίνου
1855 5454 1950 5508 τοῦ
1993 5455 2196 5527 μάρτυ-

1153 5561 1244 5615 ρος
1258 5545 1351 5599 καὶ
1373 5544 1627 5612 Ἰγνατίου
1648 5546 1868 5616 μνήμην
1880 5546 2193 5618 πεποίηται,

1151 5641 1475 5714 μαρτυρίαις
1495 5636 1651 5705 αὖθις
1680 5641 1776 5695 καὶ
1801 5642 1911 5694 ἀπὸ
1934 5642 2043 5698 τῶν
2070 5647 2194 5699 τού-

1144 5751 1256 5799 τοις
1275 5733 1592 5807 γραφέντων
1624 5734 1978 5807 κεχρημένος.

2275 4456 2587 4522 apostolicae
2636 4464 3005 4521 successionis
3051 4474 3319 4539 tempori-

2275 4545 2378 4601 bus
2439 4564 2537 4618 per
2583 4567 2776 4609 omnes
2836 4557 2987 4612 orbis
3047 4568 3316 4619 terrarum

2274 4632 2535 4691 ecclesias
2560 4639 2835 4696 antistites
2857 4651 2953 4698 aut
2973 4647 3319 4717 evangelista:

2273 4725 2496 4784 fuerunt
2527 4750 2541 4785 :
2577 4747 2769 4788 eorum
2800 4735 3068 4794 duntaxat
3095 4744 3315 4799 nomina

2273 4819 2362 4876 hic
2437 4837 2877 4885 commemorare
2968 4834 3313 4899 statuimus,

2272 4925 2510 4979 quorum
2562 4929 2916 4975 monumenta
2956 4926 3313 4995 apostolicam

2272 4999 2491 5057 illorum
2523 5005 2827 5064 doctrinam
2855 5014 3184 5068 continentia
3215 5019 3313 5068 ad-

2270 5089 2379 5146 huc
2418 5106 2733 5163 supersunt,
2760 5099 2910 5154 verbi
2937 5103 3130 5172 gratia,
3156 5104 3312 5173 lgna-

2268 5182 2355 5252 tii,
2385 5199 2528 5255 quas
2558 5190 2937 5246 recensuimus
2974 5193 3238 5261 epistolae.

2338 5455 2609 5519 Praeterea
2676 5462 2875 5517 Justini
2934 5463 3191 5537 martyris
3251 5470 3306 5521 et

2269 5546 2455 5619 lgnatii
2479 5554 2805 5608 mentionem
2837 5553 2987 5618 facit.
3017 5571 3083 5611 ex
3114 5570 3303 5613 eorum

2268 5643 2487 5715 scriptis
2520 5646 2832 5703 testimonia
2854 5645 3140 5719 proferens
