3786 6300
367 375 429 432 i9
1384 367 1444 422 Β.
1492 362 1842 423 lGNATlUS.
1881 392 1951 402 —-
1991 352 2521 415 PROLEGOMENA.
3537 342 3614 406 10

361 502 485 542 rum
524 486 769 560 plerique
796 501 904 553 non
931 484 1095 556 modo
1124 486 1265 540 inter
1292 484 1578 555 pontiﬁces
1611 483 1930 555 praelucent,
1963 482 1992 541 Δ

2110 495 2144 541 ς,
2178 468 2252 528 ὧν
2278 475 2326 526 οἱ
2361 469 2577 533 πλείους
2621 467 2720 521 οὐκ
2758 463 3058 539 ἀρχιερέων
3098 457 3478 560 προλάμπουσι
3515 456 3616 527 μό-

364 576 458 633 sed
497 587 797 651 martyrum
829 577 993 633 etiam
1025 576 1255 632 chorum
1281 584 1567 631 exornant.

2042 585 2150 634 vov,
2186 565 2320 621 ἀλλὰ
2349 565 2442 619 καὶ
2468 561 2577 616 τῶν
2610 558 2898 633 μαρτύρων
2918 552 3271 625 διακοσμοῦσι
3303 549 3485 623 χορόν.

1213 683 1365 751 lusu,
1398 685 1531 739 dial.
1561 685 1850 740 lmmutab.
1880 700 1915 740 ι.
1945 681 2114 747 Ibid.,
2146 688 2269 732 tom.
2301 675 2391 742 Ν,
2409 691 2531 745 pag.
2558 672 2649 737 ‘53,
2678 672 2743 724 A.

441 798 737 856 Ostendam
770 805 950 852 autem
990 797 1090 852 tibi
1118 797 1535 853 celeberrimum
1569 796 1827 852 Ecclesia:
1851 795 1943 850 do-

371 898 600 957 ctorem,
624 898 678 944 et
704 888 851 953 illius
880 888 948 943 de
978 887 1164 943 divina
1191 886 1571 955 Incarnatione
1592 886 1938 951 sententiam,

371 989 433 1035 ut
455 993 755 1050 cognoscas
784 978 851 1033 de
880 986 1133 1047 suscepta
1171 984 1364 1031 natura
1389 976 1518 1047 quid
1550 975 1801 1031 senserit.
1831 974 1940 1027 Au-

2128 787 2408 853 Ἐπιδείξω
2438 787 2495 840 δέ
2539 801 2620 838 σοι
2650 782 2740 837 τὸν
2782 779 3131 852 πανεύφημον
3152 778 3253 849 τῆς
3286 774 3618 846 Ἐκκλησίας

2042 883 2376 945 διδάσκαλον,
2398 879 2492 932 καὶ
2522 877 2582 930 τὸ
2603 874 2809 929 ἐκείνου
2843 872 2972 944 περὶ
3006 872 3106 943 τῆς
3137 869 3288 931 θείας
3309 867 3617 939 Ἐνανθρω-
3643 876 3665 907 \

2044 977 2260 1045 πήσεως
2286 972 2556 1045 φρόνημα,
2589 969 2676 1022 ἴνα
2708 966 2850 1037 γνῷς
2882 965 3003 1018 τίνα
3034 962 3161 1033 περὶ⁴
3190 961 3290 1031 τῆς
3320 956 3619 1030 ληφθείσης

372 1049 557 1129 divisti
595 1072 740 1127 enim
780 1086 1008 1142 prorsus
1042 1071 1310 1142 lgnatium
1343 1071 1519 1137 illum,
1550 1070 1645 1139 qui
1688 1069 1756 1123 de
1796 1067 1940 1122 Petri

2110 1066 2259 1135 ὗξασε
2290 1065 2524 1134 φύσεως.
2569 1060 2835 1131 Ἀκήκοας
2854 1057 2911 1110 δὲ
2940 1055 3157 1117 πάντως
3191 1050 3445 1120 Ἰγνάτιον
3468 1049 3617 1102 ἐκεῖ·

371 1165 593 1220 dextera
621 1164 972 1234 pontiﬁcatus
995 1165 1225 1234 gratiam
1249 1162 1507 1232 suscepit,
1535 1168 1589 1217 et
1610 1167 1735 1231 post
1762 1158 1938 1214 admi-

371 1249 658 1305 nistratam
677 1250 968 1307 Ecclesiam
985 1250 1381 1307 Antiochenam
1412 1250 1655 1320 martyrii
1682 1262 1941 1304 coronam

375 1341 603 1410 adeptus
630 1353 804 1397 est....
837 1343 979 1397 Audi
1005 1358 1135 1415 ergo
1165 1344 1315 1399 viros
1353 1342 1707 1413 apostolicam
1740 1339 1942 1395 doctri-

375 1449 503 1498 nam
533 1442 816 1494 sonantes.

448 1614 633 1677 Sancti
674 1613 876 1685 Ignatii
905 1616 1135 1684 episc0pi
1169 1613 1479 1685 Amice/teni
1500 1618 1550 1665 et
1576 1612 1827 1678 martyris
1848 1626 1913 1665 ex

816 1684 1060 1755 Epistula
1084 1686 1152 1739 ad
1183 1684 1502 1755 Smyrna’os.

448 1796 617 1853 Plane
642 1797 1022 1867 cumulateque
1053 1812 1346 1867 persuasus
1374 1798 1441 1852 de
1474 1796 1707 1853 Domino
1732 1803 1944 1860 nostro,

377 1888 472 1958 qui
501 1897 667 1944 estex
695 1904 889 1959 genere
912 1888 1080 1943 David
1102 1888 1404 1944 secundum
1430 1903 1670 1953 carnem,
1700 1896 1754 1941 et
1775 1883 1949 1939 Filius

383 1979 473 2035 Dei
499 1981 794 2036 secundum
841 1981 1179 2036 divinitatem
1220 1990 1275 2037 et
1306 1981 1647 2051 potentiam:
1683 1980 1775 2049 qui
1823 1993 1949 2033 vere

379 2082 542 2129 natus
562 2082 647 2129 est
667 2089 733 2129 ex
756 2072 1013 2145 Virgine:
1045 2074 1351 2145 baptizatus
1375 2090 1405 2129 a
1433 2072 1663 2139 Joanne,
1686 2081 1747 2127 ut
1770 2072 1951 2126 omnis

377 2162 448 2219 ab
469 2164 587 2233 ipso
608 2165 823 2236 justitia
850 2166 1170 2236 impleretur
1203 2185 1217 2221 :
1248 2181 1375 2221 vere
1411 2166 1513 2223 sub
1543 2164 1740 2219 Pontio
1773 2162 1950 2217 Pilato

377 2267 433 2311 et
459 2255 672 2312 Herode
695 2259 987 2324 tetrarcha,
1013 2273 1113 2327 pro
1151 2258 1310 2313 nobis
1342 2257 1399 2311 in
1443 2271 1607 2313 carne
1637 2254 1948 2321 cruciﬁxus,

382 2345 554 2417 Epist.
582 2349 654 2402 ad
684 2348 1002 2419 Smyrnceos,
1036 2367 1153 2420 cap.
1182 2350 1233 2405 1.

732 2482 989 2553 Ejusdem
1026 2500 1092 2539 ea:
1115 2484 1299 2538 eadem
1330 2483 1598 2555 Epistola.

450 2599 593 2667 Quid
624 2600 770 2658 enim
811 2602 1054 2672 prodest,
1080 2602 1127 2656 si
1153 2601 1278 2671 quis
1306 2616 1393 2657 me
1426 2600 1631 2666 laudet,
1661 2599 1953 2654 Dominum

378 2700 558 2756 autem
581 2707 761 2758 meum
782 2692 1143 2764 blasphemet,
1167 2708 1275 2748 non
1300 2694 1566 2749 conﬁtens
1585 2708 1710 2747 eum
1734 2706 1954 2747 carnem

377 2785 635 2859 gestare?
660 2783 819 2852 Quod
846 2785 940 2856 qui
970 2800 1080 2840 non
1110 2786 1419 2850 conﬁtetur,
1454 2785 1616 2855 plane
1648 2785 1827 2854 ipsum
1854 2798 1955 2841 ne-.

376 2885 489 2948 gat,
517 2885 577 2933 ut
609 2878 841 2940 cadaver
867 2878 1359 2935 circumferentem.
1385 2877 1554 2945 Ibid.,
1582 2895 1701 2949 cap.
1727 2878 1780 2934 5.

733 2992 989 3064 Ejusdem
1027 3009 1092 3048 ea:
1120 2993 1303 3049 eadem
1335 2992 1602 3065 Epistoia.

2044 1178 2154 1225 vov,
2176 1160 2235 1223 ὃς
2263 1156 2351 1225 διὰ
2382 1156 2481 1227 τῆς
2500 1154 2593 1208 τοῦ
2618 1150 2853 1224 μεγάλου
2879 1148 3085 1218 Πέτρου
3112 1144 3291 1210 δεξιᾶς
3309 1140 3409 1211 τῆς
3426 1141 3621 1211 ἀρχιε-

2051 1249 2296 1322 ρωσύνης
2335 1246 2433 1319 τὴν
2473 1246 2642 1316 χάριν
2702 1240 2956 1305 ἐδέξατο,
3007 1238 3102 1291 καὶ
3153 1236 3251 1306 τὴν
3293 1231 3624 1300 Ἐκκλησίαν

2056 1341 2368 1410 Ἀντιοχέων
2406 1336 2585 1399 ίθύνας
2624 1335 2713 1389 τὸν
2750 1332 2843 1385 τοῦ
2876 1328 3169 1402 μαρτυρίου
3200 1325 3458 1394 στέφανον
3496 1322 3626 1375 ἀνε-

2046 1432 2333 1502 δήσατο....
2380 1427 2644 1479 ’Ἄκουσον
2691 1421 2800 1477 τῶν
2855 1418 3063 1492 ἀνδρῶν
3107 1417 3205 1487 τὴν
3259 1412 3627 1482 ἀποστολικην

2046 1522 2428 1595 προφερόντων
2451 1514 2813 1571 διδασκαλίαν.

2052 1615 2165 1671 Τοῦ
2189 1614 2376 1684 ,ἁγίου
2425 1609 2716 1684 Ἰγνατέου
2753 1605 3090 1684 ὲςτιοςσέόπου
3126 1600 3484 1684 Ἀντιοχείας
3522 1598 3628 1651 καὶ

2115 1670 2434 1755 μάρτυρος,
2460 1670 2529 1735 ἐκ
2560 1677 2670 1755 τῆς
2689 1677 2850 1755 ἱερὸς
2877 1674 3198 1744 Ῥωμαίους
3230 1670 3390 1742 [lege,
3423 1673 3627 1738 Σμυρ-

1980 1746 2021 1800 Β
2115 1746 2348 1825 ουςῖ]
2391 1748 2770 1817 Ἐπιστολῆς.

2121 1847 2517 1917 Πεπληροφορη
2527 1842 2719 1915 μένους
2746 1838 2961 1911 ἀληθῶς
2988 1839 3068 1900 είς
3092 1837 3183 1890 τὸν
3214 1834 3418 1905 Κύριον
3444 1834 3478 1902 ἡ
3488 1829 3629 1901 μῶν,

2052 1941 2178 1999 ὅντα
2223 1940 2288 1991 ὲκ
2318 1937 2506 2005 γένους
2537 1933 2700 1987 Δαϐὶδ
2733 1930 2876 1997 κατὰ
2915 1929 3092 2001 σάρκα
3114 1968 3130 1993 ,
3154 1927 3281 1980 Υίὸν
3310 1923 3445 1979 Θεοῦ
3487 1922 3632 1975 κατὰ

2053 2031 2281 2102 θεότητα
2310 2029 2401 2082 καὶ
2433 2026 2685 2097 δύναμιν,
2712 2022 3073 2093 γεγενημένον
3095 2017 3309 2090 άληθῶς
3334 2018 3398 2069 ὲκ
3421 2014 3635 2084 Παρθὲο

2053 2140 2167 2186 νου,
2190 2118 2621 2192 βεϐαπτισμένον
2647 2114 2752 2169 ὑπὸ
2780 2113 3045 2177 Ἰωάννου,
3072 2112 3159 2169 ἵνα
3192 2105 3451 2180 πληρωθῇ
3482 2106 3634 2157 πᾶσα

2052 2212 2365 2283 δικαιοσύνη
2400 2209 2490 2264 ὑπ’
2523 2204 2709 2272 αὑτοῦ,
2742 2204 2956 2267 ἀληθῶς
2995 2202 3086 2255 ἐπὶ
3114 2200 3341 2254 Ποντίου
3390 2196 3631 2249 Πιλάτου

2054 2308 2150 2367 καὶ
2197 2304 2433 2379 Ἡρώδου
2481 2300 2805 2374 τετράρχου,
2858 2293 3241 2367 καθηλωμένον
3286 2290 3426 2360 ὑπὲρ
3477 2286 3632 2359 ἡμῶν

2060 2400 2241 2473 σαρκῇ

2236 2490 2348 2545 Τοῦ
2390 2485 2575 2543 αὐτοῦ
2605 2485 2673 2539 ἐκ
2706 2482 2814 2553 τῆς
2843 2479 3033 2555 αὐτῆς
3072 2473 3451 2543 Ἐπιστολῆς.

2127 2602 2192 2656 Τί
2224 2600 2333 2673 γὰρ
2364 2600 2582 2670 ὠφελεῖ,
2600 2597 2757 2669 εἴπερ
2788 2612 2856 2667 με
2876 2596 3087 2648 ἐπαινεῖ
3114 2609 3219 2656 τις,
3239 2589 3330 2642 τὸν
3352 2588 3409 2640 δὲ
3426 2585 3635 2656 Κύριὸν

2059 2711 2161 2765 μου
2207 2693 2551 2764 βλασφημεῖ,
2604 2689 2679 2761 μὴ
2719 2685 2998 2758 ὁμολογῶν
3045 2682 3209 2737 αὐτὸν
3254 2678 3633 2751 σαρκοφόρονς

2053 2786 2083 2838 ὁ
2115 2785 2175 2838 δὲ
2204 2784 2364 2837 τοῦτο
2398 2783 2473 2855 μὴ
2504 2782 2707 2852 λέγων,
2740 2777 2962 2843 τελείως
2992 2776 3152 2831 αὐτὸν
3196 2775 3530 2846 ὰπήρνηται,
3560 2769 3636 2831 ὡς

2056 2874 2409 2949 νεκροφόρον.

2238 2988 2351 3043 Τοῦ
2382 2986 2570 3042 αὑτοῦ
2599 2985 2668 3040 ἐκ
2698 2984 2810 3055 τῆς
2838 2982 3031 3053 αὐτῆς
3079 2976 3460 3048 Ἐπιστολῆς.

450 3104 507 3161 Si
531 3107 677 3162 enim
706 3107 966 3178 opinione
1016 3115 1233 3177 tantum
1264 3109 1380 3163 haec
1425 3123 1458 3162 a
1499 3105 1730 3175 Domino
1769 3113 1992 3163 nostrot

2130 3105 2195 3159 Εί
2225 3102 2333 3175 γὰρ
2363 3101 2442 3174 τῷ
2465 3102 2643 3157 δοκεῖν
2674 3098 2847 3154 ταῦτα
2881 3095 3129 3170 ἐπράχθη
3166 3093 3272 3148 ὑπὸ
3301 3092 3397 3146 τοῦ
3429 3088 3637 3178 Κυρίου

377 3208 533 3271 gesta
563 3210 711 3271 sunt,
741 3215 845 3272 ego
877 3214 1098 3270 quoque
1120 3199 1380 3270 opinione
1423 3201 1642 3255 vinctus
1678 3214 1823 3255 sum.
1848 3199 1959 3253 Cur

379 3285 562 3347 autem
600 3301 655 3347 et
684 3274 954 3361 meipsum
980 3290 1144 3345 morti
1172 3290 1390 3354 tradidi,
1428 3290 1496 3344 ad
1519 3290 1721 3360 ignem,
1746 3290 1812 3345 ad
1840 3290 1957 3361 gla-

377 3384 553 3448 dium,
575 3383 642 3439 ad
669 3383 913 3439 bestias?
936 3381 1133 3438 Verum
1161 3382 1257 3453 qui
1280 3381 1495 3437 vicinus
1519 3368 1721 3452 gladio,
1743 3381 1959 3436 vicinus

379 3471 514 3541 Deo.
542 3476 731 3530 Solum
765 3475 822 3530 in
860 3475 1083 3531 nomine
1119 3473 1248 3531 Jesu
1283 3474 1510 3543 Christi,
1544 3484 1605 3530 ut
1636 3474 1958 3547 passionum

379 3568 502 3638 ejus
531 3570 716 3625 socius
742 3570 891 3642 (iam,
918 3570 1105 3625 omnia
1135 3570 1403 3635 sustineo,
1422 3569 1543 3641 ipso
1569 3558 1658 3624 me
1692 3567 1959 3625 corrobo-

380 3671 539 3733 rante
568 3662 788 3717 homine
816 3662 1089 3732 perfecto,
1116 3678 1280 3733 quem
1311 3662 1479 3733 aliqui
1509 3662 1824 3732 ignorantes
1866 3675 1961 3716 ne-

379 3762 531 3827 gant.
558 3752 726 3820 Ibid.,
751 3766 868 3824 cap.
897 3756 951 3808 4.
1143 3744 1147 3748 ”

654 3869 911 3941 Ejusdem
935 3886 1000 3940 ea:
1036 3868 1281 3941 Epistola
1310 3868 1381 3937 ad
1404 3866 1679 3938 Ephesios.

451 3986 597 4048 Deus
638 3986 784 4042 enim
819 3996 1009 4042 noster
1053 3983 1215 4041 Jesus
1240 3983 1497 4041 Christus
1532 3985 1589 4046 in
1629 3984 1813 4040 Mariae
1843 3992 1962 4043 ute-

379 4097 446 4137 ro
484 4089 727 4149 geStatus
755 4089 841 4135 est
890 4078 1192 4136 secundum
1225 4078 1323 4134 Dei
1369 4078 1865 4148 dispensationem,
1893 4093 1962 4134 ex

379 4173 590 4229 semine
621 4172 843 4243 quidem
881 4170 1072 4238 David,
1117 4170 1213 4227 sed
1254 4187 1322 4227 ex
1362 4169 1569 4240 Spiritu
1605 4178 1832 4227 sancto:
1865 4170 1962 4240 qui

380 4276 546 4331 natus
576 4274 661 4321 est
693 4274 749 4319 et
776 4264 1103 4337 baptizatus,
1130 4272 1193 4318 ut
1214 4264 1522 4329 mortalitas
1546 4272 1735 4320 nostra
1762 4278 1961 4335 purga-

380 4367 555 4415 retur.
590 4357 676 4413 Ea:
698 4356 878 4428 Epist.
908 4357 978 4428 ad
1007 4356 1226 4427 Epltes.,
1250 4374 1368 4427 cap.
1404 4356 1493 4412 18.
1879 4338 1884 4343 ⁵

752 4471 1009 4542 Ejusdem
1033 4488 1098 4527 ea:
1125 4472 1309 4527 eadem
1334 4470 1603 4543 Epistola.

457 4589 740 4660 Siquidem
774 4589 973 4660 singuli
1000 4604 1195 4644 omnes
1240 4589 1500 4644 universe
1551 4590 1606 4643 in
1647 4587 1823 4659 gratia
1859 4604 1963 4643 no-

382 4682 635 4753 minatim
659 4683 963 4738 convenitis
989 4682 1045 4737 in
1075 4699 1184 4737 una
1215 4683 1319 4738 ﬁde
1340 4691 1395 4738 et
1420 4682 1473 4736 in
1499 4697 1609 4736 uno
1636 4681 1768 4737 Jesu
1803 4682 1965 4735 Chri-

384 4786 499 4840 sto,
559 4775 862 4833 secundum
898 4792 1119 4831 carnem
1162 4791 1230 4831 ex
1258 4792 1457 4847 genere
1499 4775 1695 4842 David,
1720 4775 1833 4830 ﬁlio
1863 4776 1965 4829 ho-

384 4869 573 4943 minis,
609 4877 665 4925 et
690 4868 831 4923 Filio
863 4868 978 4924 Dei.
1008 4868 1181 4935 Ibid.,
1213 4886 1329 4936 cap.
1361 4870 1451 4923 20.

739 4980 997 5051 Ejusdem
1035 4996 1099 5035 ex
1128 4980 1310 5035 eadem
1343 4980 1607 5051 Epistula.

455 5099 611 5156 Unus
643 5108 728 5155 est
780 5098 1026 5153 medicus
1067 5098 1307 5152 carnalis
1328 5108 1381 5152 et
1426 5097 1690 5167 Spiritalis
1712 5137 1728 5163 ,
1752 5096 1965 5163 genitus

385 5208 451 5246 ex
478 5192 744 5263 ingenito,
772 5191 827 5245 in
877 5190 1101 5245 homine
1152 5190 1317 5255 Deus,
1368 5189 1424 5242 in
1468 5197 1646 5242 morte
1678 5189 1785 5241 vita
1814 5203 1960 5251 vera,

385 5293 440 5339 et
472 5298 543 5338 ex
591 5283 761 5341 Maria
785 5290 840 5339 et
876 5299 945 5338 ex
983 5281 1111 5346 Deo,
1154 5283 1393 5352 primum
1446 5280 1688 5351 patibilis
1733 5289 1788 5335 et
1832 5289 1967 5335 tunc

387 5376 729 5445 impatibilis,
764 5374 925 5432 Jesus
959 5376 1216 5431 Christus
1249 5373 1515 5428 Dominus
1538 5382 1747 5429 noster.
1794 5372 1963 5438 Ibid.,

387 5484 502 5539 cap.
532 5468 582 5522 7.

638 5606 893 5678 Ejusdem
920 5626 984 5663 ea:
1010 5609 1253 5679 Epistula
1279 5610 1349 5664 ad
1390 5608 1714 5663 Trallianos.

460 5722 723 5780 Obturate
758 5740 919 5781 aures
960 5736 1171 5785 vestras
1200 5768 1214 5793 ,
1249 5726 1471 5797 quando
1504 5727 1777 5797 quiSpiam
1812 5727 1966 5783 vobis

392 5817 634 5898 loquitur
669 5819 788 5876 sine
810 5817 940 5877 Jesu
978 5806 1199 5883 Christo
1230 5840 1242 5888 ;
1268 5821 1383 5896 qui
1414 5830 1496 5879 est
1540 5835 1604 5877 ex
1638 5834 1832 5898 genere
1862 5819 1968 5877 Da-

2057 3193 2235 3267 ἡμῶν,
2268 3192 2425 3263 κάγὼ
2472 3192 2549 3263 τῷ
2575 3191 2751 3245 δοκεῖν
2785 3188 3026 3258 δέδεμαι.
3071 3184 3137 3237 Τί
3186 3182 3242 3236 δὲ
3275 3181 3369 3235 καί
3404 3177 3640 3250 ἐμαυτὸν

2057 3285 2272 3340 ἔκδοτον
2302 3284 2509 3339 δέδωκα
2538 3282 2616 3354 τῷ
2660 3280 2904 3350 θανάτῳ,
2941 3276 3077 3350 πρὸς
3103 3273 3244 3345 πῦρ,
3271 3271 3408 3343 πρὸς
3439 3268 3637 3340 μάχαι-

2060 3394 2199 3450 ραν,
2249 3376 2385 3448 πρὸς
2425 3373 2625 3446 θηρία;
2668 3370 2783 3426 ἀλλ’
2820 3372 2850 3423 ὁ
2902 3369 3068 3437 ἐγγὺς
3116 3363 3427 3437 μαχαίρας,
3477 3357 3639 3450 ἐγγὺς

2058 3447 2215 3524 Θεοῦ.
2240 3447 2415 3523 Μονον
2466 3469 2523 3520 ὲν
2554 3464 2633 3536 τῷ
2668 3463 2895 3536 ὀνόματι
2935 3458 3109 3533 Ἰησοῦ
3141 3453 3380 3529 Χριστοῦ
3406 3492 3421 3516 ,
3466 3451 3549 3513 εἰς
3582 3447 3641 3502 τὸ

2060 3560 2365 3637 συμπαθεῖν
2396 3557 2547 3630 αὐτῷ
2571 3556 2750 3611 πάντα
2798 3552 3074 3625 ὑπομένω,
3108 3547 3272 3617 αὐτοῦ
3314 3563 3383 3618 με
3422 3543 3633 3637 ἐνδυνα-

2063 3635 2291 3725 μοῦντος
2322 3652 2417 3707 τοῦ
2448 3649 2656 3709 τελείου
2700 3647 3018 3721 ἀνθρώπου,
3053 3645 3111 3697 ὅν
3145 3658 3287 3705 τινες
3323 3635 3641 3708 ἀγνοοῦντες

2060 3742 2371 3816 άρνοῦνται.

2102 3858 2213 3912 Τοῦ
2236 3856 2425 3922 αὐτοῦ
2444 3855 2515 3925 ἐκ
2544 3854 2654 3925 τῆς
2680 3852 2833 3923 πρὸς
2870 3850 3188 3923 Ἐφεσίους
3219 3842 3606 3911 Ἐπιστολῆς.

2144 3969 2200 4023 Ὁ
2232 3969 2341 4041 γάρ
2374 3968 2506 4032 Θεὸς
2566 3966 2725 4040 ήμῶν
2775 3965 2984 4039 Ἰησοῦς
3025 3961 3264 4036 Χριστὸς
3298 3954 3644 4029 ὲκυοφορήθη

2062 4062 2167 4115 ὑπὸ
2214 4060 2435 4132 Μαρίας
2487 4063 2608 4115 κατ’
2651 4059 2962 4132 οἰκονομίαν
3006 4055 3143 4111 Θεοῦ
3169 4094 3185 4119 ,
3233 4055 3299 4106 ἐκ
3333 4051 3644 4122 σπέρματος

2065 4156 2163 4227 μὲν
2194 4154 2392 4220 Δαϐὶδ,
2443 4155 2508 4213 ὲκ
2549 4153 2867 4226 Πνεύματος
2913 4151 2972 4217 δὲ
3015 4149 3204 4219 ἁγίου*
3253 4146 3313 4214 ὃς
3358 4141 3645 4214 ἐγεννήθης

2063 4248 2158 4311 καὶ
2181 4245 2507 4317 ἐϐαπτίσθη,
2543 4244 2631 4299 ἵνα
2659 4229 2722 4298 τὸ
2744 4244 2937 4315 θνητὸν
2970 4241 3127 4321 ἡμῶν
3152 4236 3477 4312 καθαρισθῇ.

2278 4452 2389 4507 Τοῦ
2415 4451 2600 4506 αὐτοῦ
2633 4450 2702 4505 ἐκ
2724 4449 2834 4519 τῆς
2856 4446 3046 4515 αὐτῆς
3072 4442 3456 4509 Ἐπιστολῆς.

1991 4538 2039 4595 D
2086 4544 2101 4549 -
2135 4563 2205 4618 Εἴ
2231 4582 2283 4618 τι
2304 4565 2353 4618 οἱ
2386 4566 2505 4618 κατ’
2537 4564 2707 4634 ἄνδρα
2738 4562 2889 4631 κοινῇ
2923 4558 3122 4621 πάντες
3155 4558 3212 4609 ὲν
3256 4558 3323 4625 τῇ
3369 4551 3553 4622 χάριτι
3586 4551 3645 4615 ἐξ

2065 4657 2329 4729 ὀνόματος
2383 4654 2706 4726 συνέρχεσθε
2763 4655 2823 4707 ἐν
2884 4653 2982 4723 μιᾷ
3005 4650 3206 4712 πίστει,
3237 4648 3330 4700 καὶ
3361 4644 3442 4697 ἑνὶ
3468 4642 3645 4712 Ἰησοῦ

2064 4752 2314 4823 Χριστῷ,
2359 4750 2503 4805 κατὰ
2556 4750 2733 4821 σάρκα
2764 4748 2829 4800 ὲκ
2872 4746 3063 4814 γένους
3096 4741 3280 4806 Δαϐὶδ,
3314 4737 3392 4808 τῷ
3423 4735 3526 4805 υἱῷ
3552 4733 3645 4787 τοῦ

2065 4846 2374 4919 ἀνθρώπου,
2403 4846 2498 4899 καὶ
2529 4843 2645 4915 Υἱῷ
2676 4840 2771 4895 τοῦ
2806 4838 2961 4893 Θεοῦ.

2247 4957 2359 5012 Τοῦ
2387 4955 2573 5010 αὐτοῦ
2604 4955 2674 5007 ἐκ
2696 4952 2805 5022 τῆς
2830 4949 3023 5018 αὐτῆς
3050 4942 3433 5011 Ἐπιστολῆς.

2130 5068 2251 5141 Ὀτι
2293 5071 2475 5143 ἰατρός
2523 5071 2639 5130 ἐστι
2673 5065 2931 5139 σαρκικὸς
2966 5064 3060 5118 καὶ
3097 5055 3483 5131 πνευματικὸς,
3522 5071 3642 5123 γενο

2066 5166 2226 5236 νητὸς
2255 5164 2314 5228 ἐξ
2344 5163 2669 5233 ἀγεννήτου,
2723 5162 2779 5212 ἐν
2825 5154 3096 5228 ἀνθρώπῳ
3132 5151 3291 5215 Θεὸς,
3330 5152 3386 5202 ἐν
3432 5146 3647 5215 θανάτῳ

2067 5258 2179 5329 ζωὴ
2211 5256 2459 5327 ἀληθινὴ,
2517 5255 2611 5307 καὶ
2661 5255 2725 5305 ὲκ
2758 5250 2978 5323 Μαρίας
3010 5248 3106 5301 καὶ
3152 5246 3216 5298 ὲκ
3274 5241 3432 5304 Θεοῦ,
3501 5237 3647 5329 πρῷ-

2065 5368 2156 5415 τον
2190 5350 2431 5419 παθητὸς
2461 5350 2556 5401 καὶ
2573 5347 2695 5400 τότε
2716 5343 2954 5415 ἀπαθὴς,
2982 5337 3193 5411 Ἰησοῦς
3215 5333 3445 5407 Χριστὸς
3479 5333 3508 5385 ὁ
3533 5328 3648 5383 Κύ-

2071 5462 2183 5516 ριος
2208 5444 2383 5515 ἡμῶν.

2110 5557 2221 5613 Τοῦ
2249 5557 2435 5611 αὐτοῦ
2475 5555 2544 5611 ἐκ
2573 5553 2681 5623 τῆς
2721 5553 2875 5676 rvpi}:
2904 5545 3308 5618 Τραλλιανοὺς
3340 5545 3607 5598 Ἐπιστο-

2838 5642 2927 5676 πο.

2792 5642 2832 5676 .ι
2918 5663 2927 5675 .

2139 5719 2455 5789 Κωφώθητε
2508 5710 2620 5784 οῦν,
2657 5718 2785 5770 ὅταν
2818 5642 2986 5787 χτίιξρὶς
3019 5704 3474 5796 ἸησοῦιΧριστοῦ
3516 5704 3641 5796 ὑμῖν

2068 5818 2204 5889 λαλῇ
2231 5834 2335 5884 τις,
2377 5813 2471 5870 τοῦ
2515 5815 2577 5868 ὲκ
2608 5812 2797 5885 γένους
2816 5808 2998 5874 sacis,
3044 5804 3137 5861 τοῦ
3171 5792 3235 5862 ἐκ
3293 5799 3541 5875 Μαρίας,
3584 5792 3643 5860 ὃς
