3786 6298
158 352 227 407 2|
1328 349 1661 429 veranum
1699 346 2139 405 TESTIMONIA.
3352 350 3423 408 ῃ

155 470 373 543 ἀληθῶς
403 472 687 544 ἐγεννήθη,
719 470 888 543 εφαγέ
915 490 975 526 τε
1009 472 1103 527 καὶ
1128 471 1278 526 ἔπιεν
1300 473 1516 545 άληθῶς
1539 513 1554 537 ,
1579 470 1728 526 ὲδιώ-

1875 470 1944 535 id,
1979 471 2075 540 qui
2100 485 2167 525 ex
2201 468 2391 533 Maria,
2424 484 2517 539 qut
2544 482 2671 523 vere
2705 478 2866 524 natus
2890 478 2993 535 est,
3024 484 3151 524 vere
3177 470 3425 524 comedit

154 565 258 635 χθη
288 565 384 617 ἐπὶ
419 565 644 619 Ποντίου
677 565 930 633 Πιλάτου,
952 566 1294 639 ἐσταυρώθη,
1330 568 1423 620 καὶ
1462 566 1699 620 ἀπέθανε
1719 605 1732 627 ,

156 654 464 723 eum.»
513 657 772 727 ἐπιγείων
814 658 908 711 καὶ
953 656 1290 728 ἐπουρανίων
1333 657 1426 712 καὶ
1468 656 1733 726 καταχθοο

154 746 304 801 νιων.

1840 571 1896 617 et
1922 562 2079 627 bibit,
2104 562 2195 632 qui
2220 562 2323 617 sub
2348 560 2542 616 Pontio
2563 559 2738 615 Pilato
2770 576 2963 630 passus
2990 570 3093 628 est,
3115 562 3423 616 cruciﬁxus

1840 659 1896 706 et
1920 659 2192 716 mortuus,
2221 652 2531 706 videntibus
2574 652 2926 719 cmlestibus,
2964 652 3323 708 terrestribus
3367 662 3421 707 et

1841 743 2051 799 inferis.
2094 743 2270 813 Epist.
2306 743 2375 798 ad
2408 744 2606 812 Trall.,
2635 762 2750 815 cap.
2784 744 2836 799 9.

1140 860 1291 927 lusu,
1321 858 1456 914 dial.
1489 857 1767 915 lnconfus.
1797 873 1858 913 ιι.
1896 857 2061 927 Ibid.,
2082 876 2203 930 pag.
2236 857 2327 923 86,
2359 856 2419 911 Β.

158 972 273 1027 Τοῦ
296 972 488 1042 γάγίου
539 971 829 1042 Ἰτνιιτζου
854 971 1191 1026 ἐπισκόπου
1230 970 1592 1040 Ἀντιοχείας
1636 968 1735 1023 καὶ

216 1040 554 1167 ςρρέυροςι
598 1040 669 1095 ἐκ
698 1040 806 1111 τῆς
836 1042 986 1112 πρὸς
1029 1042 1404 1112 Σμυρναίους
1444 1042 1723 1095 Ἐπιστο-

268 1130 363 1167 nc.

268 1130 363 1179 ης-

236 1224 385 1295 Ἐγὼ
418 1224 526 1299 γὰρ
557 1227 655 1281 και⁵
685 1225 821 1297 μετὰ
853 1225 954 1296 τὴν
987 1224 1283 1279 ἀνάστασιν
1311 1225 1368 1277 ὲν
1391 1224 1554 1296 σαρκὶ
1579 1222 1740 1277 αὑτὸν

155 1311 279 1370 οἶδα
309 1318 407 1371 καὶ
429 1318 670 1371 πιστεύω
691 1318 840 1371 ὄντα*
875 1317 969 1370 καὶ
1005 1317 1095 1370 ὅτε
1137 1316 1273 1387 πρὸς
1318 1317 1445 1379 τοὺς
1482 1317 1611 1387 περὶ
1640 1315 1746 1368 Πέ-

151 1425 280 1479 τρον
311 1403 495 1481 ἦλθεν,
524 1410 631 1481 ἔφη
660 1412 841 1473 αὐτοῖς
860 1427 872 1439 ·
899 1409 1129 1477 Λάϐετε,
1153 1410 1511 1482 ψηλαφήσατέ
1535 1427 1623 1481 με,
1644 1408 1741 1462 καὶ

155 1501 293 1553 Este
340 1502 424 1555 ὃτι
455 1503 555 1555 οὐκ
598 1503 714 1573 εἰμὶ
766 1502 1039 1573 δαιμόνιον
1090 1501 1409 1573 ἀσώματον·
1445 1501 1540 1555 καὶ
1578 1500 1739 1565 εὐθὺς

152 1593 323 1646 αὑτοῦ
350 1593 576 1665 ἥψαντο,
607 1595 702 1647 καὶ
731 1595 1086 1648 ἐπίστευσαν.

336 1770 449 1824 Τοῦ
473 1769 662 1824 αὑτοῦ
700 1770 769 1824 ἐκ
795 1770 906 1838 τῆς
938 1768 1129 1838 αὐτῆς
1171 1766 1552 1835 Ἐπιστολῆς.

1842 971 2027 1027 Sancti
2075 971 2621 1045 Iguatii_Antiocheni
2657 975 2892 1045 episcopi
2932 985 2981 1028 et
3028 977 3321 1045 martyris,
3355 990 3419 1028 ea:

2281 1043 2524 1113 Epistola
2553 1045 2621 1097 ad
2644 1042 2965 1114 Stuyruteos.

1914 1175 2026 1248 Ego
2075 1178 2243 1232 enim-
2271 1188 2396 1248 post
2436 1180 2890 1236 resurrectionem
2925 1182 3100 1251 ipsum
3150 1183 3203 1237 in
3247 1197 3414 1238 carne

1844 1268 1959 1323 scio
1984 1277 2037 1323 et
2062 1270 2225 1324 credo
2246 1285 2367 1325 esse
2394 1288 2407 1323 :
2444 1279 2497 1325 et
2519 1271 2741 1340 quando
2768 1274 2833 1326 ad
2859 1288 2953 1328 eos
2974 1274 3067 1343 qui
3097 1290 3222 1329 cum
3250 1273 3413 1330 Petro

1842 1368 2034 1423 erant,
2063 1361 2233 1427 venit,
2290 1361 2431 1416 dixit
2482 1362 2601 1417 eis:
2657 1363 2923 1432 Accipite,
2962 1366 3183 1435 palpate
3206 1382 3327 1430 me,
3360 1376 3414 1420 et

1842 1450 2022 1507 videte
2065 1452 2195 1523 quia
2244 1468 2352 1507 non
2386 1469 2507 1507 sum
2546 1453 2875 1509 daemonium
2915 1456 3318 1525 incorporeum.
3350 1457 3415 1510 Et

1843 1542 2025 1597 statim
2057 1543 2235 1613 ipsum
2285 1545 2611 1615 tetigerunt,
2652 1558 2705 1600 et
2745 1546 3115 1603 crediderunt.
3147 1548 3318 1619 Epist.
3345 1550 3412 1603 tul

1844 1632 2081 1704 Smyrn.,
2113 1652 2229 1706 cap.
2254 1635 2307 1690 3.

2194 1749 2451 1819 Ejusdem
2486 1768 2550 1807 ea:
2581 1754 2764 1808 eadem
2796 1753 3059 1825 Epistola.

217 1884 379 1939 Μετὰ
408 1884 467 1938 δὲ
494 1884 594 1955 τὴν
623 1884 919 1937 ἀνάστασιν
940 1884 1034 1937 καὶ
1061 1883 1331 1952 συνέφαγε
1360 1883 1455 1935 καὶ
1477 1880 1725 1935 συνέπιεν

1898 1865 2030 1922 Post
2060 1867 2515 1923 resurrectionem
2549 1879 2730 1925 autem
2764 1885 2873 1923 una
2900 1885 3025 1924 cum
3055 1870 3135 1924 eis
3172 1879 3226 1924 et
3258 1884 3411 1924 como

148 1977 354 2041 αὐτοῖς,
388 1975 466 2040 ὡς
494 1976 773 2047 σαρκικῶς
809 1977 903 2030 καὶ
936 1973 1320 2045 πνευματικῶς
1339 1972 1618 2044 ἡνωμένος
1648 1970 1727 2041 τῷ

1875 1959 1948 2014 dit
2001 1968 2055 2014 et
2109 1959 2267 2026 bibit,
2302 1972 2563 2031 tanquam
2624 1963 2917 2018 carnaliter
2961 1971 3017 2018 et
3061 1962 3415 2032 spiritualitcr

148 2068 351 2140 Πατρί.

1844 2048 2031 2105 unitus
2055 2047 2227 2104 Patri.
2263 2047 2406 2103 Ibid.

1105 2181 1261 2248 ιιιιιιι,
1294 2180 1429 2234 dial.
1460 2175 1711 2248 lmpatib.
1748 2186 1827 2226 ιιι.
1860 2164 2028 2232 Ibid.,
2055 2142 2187 2235 pag.
2214 2164 2339 2231 154,
2370 2162 2433 2217 ι).

155 2300 266 2354 Τοῦ
309 2298 484 2368 ἁγίου
521 2296 811 2368 Ἰγνατίου
847 2295 1184 2368 ἐπισκόπου
1236 2291 1599 2368 Ἀντιοχείας
1636 2286 1733 2341 καὶ

209 2362 553 2448 ἐξιξρέυροςι
576 2362 660 2421 ’ἐκ
704 2365 815 2435 τῆς
861 2366 1011 2435 πρὸς
1044 2364 1419 2435 Σμυρναίους
1465 2362 1739 2414 Ἐπιστο-

218 2445 363 2507 λῆς.

220 2530 590 2603 Εὐχάριστὶας
616 2530 711 2584 καὶ
751 2526 1067 2600 προσφοράς
1104 2525 1205 2579 οὐκ
1240 2524 1614 2595 ἀποδέχονται,
1650 2519 1739 2575 διά

149 2620 210 2673 τὺ
248 2618 328 2689 μὴ
358 2617 643 2689 ὁμολογεῖν
686 2617 791 2689 τὴν
825 2613 1171 2686 εὐχαριστίαν
1229 2612 1409 2685 σάρκα
1470 2609 1607 2665 εἶναι
1636 2609 1731 2662 τοῦ

154 2710 413 2781 Σωτῆρος
437 2708 599 2781 ἡμῶν
634 2706 815 2780 Ἰησοῦ
844 2704 1103 2778 Χριστοῦ,
1124 2705 1224 2775 τὴν
1258 2703 1400 2775 ὑπὲρ
1418 2701 1526 2754 τῶν
1558 2702 1737 2771 ἁμαρ-

152 2801 283 2855 τιιῖιν
306 2802 467 2873 ἡμῶν
500 2799 779 2860 παθοῦσαν
800 2840 815 2863 ,
851 2800 918 2870 ἢν
952 2797 1283 2870 χρηστότητι
1316 2796 1345 2849 ὁ
1366 2792 1554 2863 Πατὴρ
1582 2792 1731 2863 ἤγει-

1841 2320 2024 2378 Sancti
2070 2319 2532 2391 Ignatiiiepiscopi
2577 2320 2889 2375 Antiocheni
2936 2330 2985 2375 et
3028 2321 3315 2391 martyris,
3350 2336 3414 2374 ea:

2274 2390 2519 2461 Epistula
2557 2394 2626 2445 ad
2670 2391 2991 2463 Smyrnwos.

1912 2505 2294 2562 Eucharistias
2326 2514 2382 2562 et
2419 2506 2729 2562 oblationes
2762 2522 2870 2562 non
2916 2506 3243 2572 admittunt,
3268 2506 3415 2575 quod

1840 2616 1952 2656 non
1979 2600 2345 2656 conﬁteantur
2374 2600 2765 2655 eucharistiam
2798 2616 3019 2657 carnem
3061 2614 3185 2656 esse
3225 2598 3415 2653 Salva-

1840 2693 1977 2749 toris
2005 2692 2181 2748 nostri
2212 2691 2343 2749 Jesu
2371 2692 2597 2759 Christi,
2617 2709 2739 2762 quae
2784 2709 2881 2763 pro
2923 2694 3162 2765 peccatis
3209 2693 3416 2748 noStris

1842 2800 2003 2854 passa
2040 2794 2143 2851 cst,
2173 2800 2339 2855 quam
2384 2783 2548 2840 Pater
2595 2785 2930 2857 benignitate
2973 2802 3073 2843 sua
3110 2787 3411 2843 suscitavit.

1760 2891 1804 2949 ο
1840 2876 2014 2948 Epist.
2040 2878 2108 2931 ad
2141 2875 2378 2948 Smyrn.,
2411 2894 2526 2947 cap.
2558 2878 2607 2932 7.

1738 2996 1877 3053 XIII.

310 3124 587 3181 Gausws
618 3122 660 3190 1,
687 3120 963 3178 Adversus
990 3111 1221 3185 Eutych.
1251 3120 1307 3168 et
1337 3108 1553 3168 Nestor.
1587 3108 1674 3166 Es
1710 3108 1964 3164 Biblioth.
1996 3107 2114 3163 PP.
2149 3106 2331 3164 Paris.
2362 3118 2489 3165 tom.
2526 3108 2617 3178 IV,
2645 3121 2785 3179 part.
2822 3126 2860 3177 ι,
2901 3128 3021 3182 pag.
3051 3111 3175 3176 425,
3212 3109 3271 3163 F.

221 3233 568 3290 Testimonia
593 3241 836 3289 veterum
875 3231 943 3287 de
973 3230 1189 3286 duabus
1218 3227 1431 3283 naturis
1465 3228 1520 3282 in
1553 3226 1799 3284 Christo.
1839 3224 2326 3298 Ignatii_‘episcopi
2357 3235 2419 3285 et.
2440 3228 2695 3298 martyris
2719 3228 3035 3286 Antiocheui
3067 3242 3138 3283 ex.
3166 3225 3417 3297 Epistula

154 3326 221 3379 ad
254 3324 539 3396 Ephesios.
567 3322 723 3381 Unus
751 3324 1000 3381 medicus
1032 3332 1137 3387 est,
1170 3320 1412 3377 carnalis
1449 3327 1504 3375 et
1540 3319 1873 3390 spiritualis,
1893 3320 2072 3376 factus
2102 3330 2157 3377 et
2192 3337 2304 3383 non
2350 3320 2549 3388 factus,
2580 3321 2635 3375 in
2667 3320 2897 3377 homine
2952 3321 3117 3388 Deus,
3162 3322 3216 3376 in
3243 3331 3419 3375 morte

156 3424 267 3478 vita
285 3433 514 3490 εισι-ιιι,
538 3439 609 3479 ex
623 3422 795 3477 Maria
810 3430 868 3479 et
889 3437 956 3477 ex
983 3419 1117 3486 Deo,
1138 3420 1376 3489 primum
1406 3416 1683 3487 passibilis
1707 3424 1762 3472 et
1797 3424 1930 3471 tunc
1964 3416 2339 3487 impassibilis,
2358 3416 2623 3473 Dominus
2650 3425 2837 3471 noster
2866 3413 3029 3471 Jesus
3045 3414 3325 3469 .Christus.
3349 3410 3418 3464 Et

157 3525 271 3583 post
298 3535 471 3587 pauca
497 3533 519 3571 :
552 3515 786 3587 Singuli,
827 3513 1021 3584 inquit,
1052 3512 1155 3566 viri
1182 3510 1547 3566 communiter
1584 3523 1798 3573 omnes,
1824 3524 1890 3564 ex
1921 3509 2094 3579 gratia
2114 3524 2184 3564 ex
2211 3510 2435 3566 nomine
2463 3510 2750 3564 convenite
2778 3510 2832 3561 in
2866 3523 3029 3565 unam
3064 3506 3249 3570 ﬁdem,
3282 3514 3337 3560 et
3360 3504 3417 3559 in

138 3622 269 3661 'uno
294 3604 424 3663 Jesu
450 3606 698 3672 Christo,
732 3602 1038 3661 secundum
1065 3615 1289 3656 carnem
1325 3615 1388 3655 ex
1414 3612 1611 3671 genere
1637 3596 2233 3665 David,,ﬁlio.hominis
2259 3608 2311 3654 et
2333 3600 2446 3655 tilio
2475 3598 2589 3654 Dei.
2638 3598 2811 3670 Epist.
2849 3600 2918 3653 ad
2964 3598 3187 3668 Epltes.,
3211 3614 3363 3668 capp.
3384 3598 3415 3651 7

159 3700 330 3758 “20.

1719 3793 1859 3851 XIV.

225 3910 557 3969 ﬁrmatus
590 3912 901 3984 patriarcha
930 3913 1382 3985 Theopolitanus,
1402 3916 1455 3969 in
1488 3914 1658 3985 Epist.
1696 3914 1763 3968 ad
1798 3913 2100 3985 Ziernobium
2131 3914 2518 3970 scholasticum
2551 3913 2891 3968 Emisenum.
2925 3909 3077 3979 Apud
3105 3908 3351 3964 Puerum

932 3984 1188 4042 Biblioth.
1219 3986 1349 4040 Cod.
1386 3984 1645 4051 ccxxvtu,
1675 4001 1797 4056 pag.
1833 3984 1956 4051 778,
1984 3988 2112 4040 edit.
2144 3986 2457 4056 Rothomag.
2484 3985 2644 4040 1655.

230 4091 408 4163 Ὅπερ
428 4086 524 4146 οὖν
555 4090 769 4165 εἴρηται
795 4094 935 4149 κατὰ
954 4094 1016 4148 τὸ
1043 4094 1225 4167 τρίτον
1256 4094 1549 4163 κεφάλαιον
1582 4094 1646 4147 ἐκ
1682 4112 1737 4147 τε

1918 4094 2076 4162 Quod
2126 4095 2290 4165 igitur
2337 4094 2498 4149 tertio
2555 4096 2733 4167 capite
2784 4095 2992 4151 dictum
3044 4103 3128 4149 est
3184 4103 3302 4148 tum
3356 4108 3423 4147 ex

163 4182 267 4236 τῶν
314 4184 685 4254 εὐαγγελικῶν
733 4186 925 4254 φωνῶν
960 4187 1053 4239 καὶ¹
1094 4188 1159 4240 ὲκ
1198 4186 1306 4240 τῶν
1336 4186 1735 4252 άποστολικῶν,

166 4277 256 4328 καὶ
278 4276 338 4348 δὴ
361 4277 456 4329 καὶ
488 4276 555 4330 ὲκ
591 4277 700 4329 τῶν
728 4278 1013 4351 μακαρίων
1051 4278 1313 4351 Πατέρων
1342 4278 1500 4350 ἡμῶν
1522 4320 1536 4344 ,
1569 4280 1741 4348 Ἰγνα-

167 4366 278 4420 τίου
335 4367 429 4421 τοῦ
483 4368 790 4440 Θεοφορου,
823 4370 1066 4435 Ἰουλίου,
1122 4371 1217 4425 καὶ
1237 4370 1595 4437 Ἀθανασίου,
1646 4373 1741 4425 καὶ

170 4456 475 4532 Γρηγορίων
496 4461 593 4514 καὶ
625 4461 930 4527 Βασιλείου,
961 4480 1015 4516 κ.
1039 4480 1091 4516 τ.
1120 4463 1170 4516 λ.

1848 4189 2198 4259 evangelicis,
2241 4198 2356 4244 tum
2385 4204 2451 4244 ex
2482 4189 2800 4257 apostolicis
2831 4189 3036 4253 verbis,
3071 4198 3233 4258 atque
3258 4186 3423 4241 etiam

1846 4297 1913 4336 ex
1946 4280 2122 4336 beatis
2159 4279 2417 4335 Palribus
2460 4280 2685 4344 nostris,
2720 4280 2929 4351 Ignatio
2964 4279 3203 4346 Deifero,
3256 4277 3428 4340 iulio,

1846 4373 2168 4443 Athanasio,
2204 4372 2482 4445 Gregoriis
2514 4382 2568 4428 et
2599 4372 2824 4435 Basilio,
2859 4384 2965 4428 ctc.

404 4574 562 4643 Ιυειι,
582 4577 659 4632 De
684 4578 856 4633 sacris
883 4577 1191 4634 Antiochia:
1242 4578 1452 4649 legibus
1480 4578 1575 4633 lib.
1613 4594 1697 4634 ιιι.
1730 4575 1886 4648 Apud
1916 4574 2189 4639 Ριιοτιωι,
2218 4574 2376 4642 ibid.,
2416 4573 2548 4629 Cod.
2580 4588 2799 4639 ccxxtx,
2821 4589 2943 4644 pag.
2978 4572 3102 4628 8l0.

230 4683 334 4738 Καὶ
368 4686 397 4737 ὁ
427 4686 701 4758 Θεοφόρος
742 4688 801 4742 δὲ
844 4687 1109 4758 Ἰγνάτιος
1137 4687 1233 4741 καὶ
1285 4687 1516 4759 μάρτυς,
1560 4688 1744 4759 Σμυρ-

174 4772 330 4839 ναίοις
353 4777 707 4843 ὲπιστέλλων,
738 4777 942 4848 ὁμοίως
969 4778 1232 4849 κέχρηται
1265 4778 1344 4849 τῷ
1375 4778 1589 4850 άρθρῳ.

1920 4685 2097 4741 Etiam
2130 4684 2394 4756 lgnatius,
2421 4686 2503 4740 vir
2524 4685 2743 4741 divinus
2771 4695 2831 4739 et
2869 4694 3097 4756 martyr,
3137 4686 3426 4755 epistolam

1856 4778 1924 4832 ad
1963 4776 2279 4848 Smyrnaaos
2307 4777 2577 4841 scribens,
2618 4777 2868 4833 similiter
2888 4782 3123 4834 articulo
3146 4779 3335 4835 utitur.

1754 4914 1871 4971 XV.

211 5004 397 5064 Clum
426 5008 685 5080 SAPIENS,
714 5012 770 5066 in
791 5011 1161 5087 Castigatione
1188 5014 1337 5071 Cleri
1376 4972 1694 5081 Britanniae,
1726 5012 1821 5068 sub
1844 5014 2080 5069 initium.
2107 5012 2193 5067 Ea:
2230 5012 2374 5068 Bibl.
2403 5012 2522 5068 PP.
2557 5012 2736 5068 Paris.
2759 5023 2887 5070 tom.
2924 5010 2988 5081 ν,
3010 5030 3135 5084 pag.
3170 5009 3294 5073 409,
3330 5006 3392 5066 D.

242 5119 367 5189 Quis
394 5136 665 5193 vestrum,
688 5135 751 5183 ut
770 5138 996 5186 sanctus
1018 5139 1226 5202 martyr
1252 5129 1495 5202 lgnatius
1518 5130 1826 5186 Antiochiae
1852 5131 2008 5209 urbis
2036 5132 2354 5202 episcopus,
2380 5140 2505 5202 post
2528 5130 2886 5186 admirabiles
2913 5128 2969 5183 in
2997 5126 3217 5181 Christo
3246 5133 3405 5179 actus

176 5216 631 5278 obtestimonium
660 5224 805 5294 ejus,
844 5225 1067 5281 leonum
1109 5227 1272 5282 molis
1309 5225 1499 5281 Romae
1539 5224 1859 5282 confractus
1889 5228 2011 5282 est?
2039 5227 2215 5297 Cujus
2245 5228 2433 5295 verba,
2482 5242 2607 5283 cum
2651 5226 2721 5282 ad
2755 5210 3068 5295 passionem
3112 5219 3434 5285 duceretur,3

180 5310 450 5367 audientes
483 5313 569 5383 (si
600 5313 898 5384 aliquando
925 5318 1109 5375 vultus
1136 5319 1303 5375 vestri
1335 5321 1537 5375 rubore
1579 5320 1774 5375 sulfusi
1808 5322 2067 5391 essent),
2111 5335 2220 5375 non
2275 5320 2453 5375 solum
2489 5320 2544 5374 in
2583 5317 2997 5388 comparatione
3040 5311 3160 5382 ejus
3192 5327 3291 5367 vos
3319 5328 3431 5369 non

178 5405 423 5469 putabitis
458 5409 798 5478 sacerdotes,
832 5410 927 5467 sed
956 5426 1025 5467 ne
1055 5413 1362 5469 mediocres
1383 5413 1603 5483 quidem
1627 5412 1977 5469 Christianos
2005 5428 2147 5467 esse.
2175 5412 2267 5467 Ait
2292 5412 2438 5468 enim
2470 5412 2524 5465 in
2549 5410 2817 5481 Epistola,
2843 5421 3007 5477 quam
3036 5404 3103 5460 ad
3126 5403 3431 5460 Romanam

173 5494 458 5555 Ecclesiam
504 5500 662 5557 misit
686 5517 701 5557 :
739 5504 783 5555 Α
818 5502 981 5576 Syria
1016 5528 1182 5582 usque
1206 5513 1433 5567 Romam
1463 5530 1582 5567 cum
1613 5512 1790 5567 bestiis
1815 5520 1957 5565 terra
1980 5511 2218 5580 marique
2244 5510 2505 5581 depugno,
2532 5509 2618 5562 die
2651 5523 2714 5561 ac
2741 5515 2890 5559 nocte
2917 5519 3181 5558 connexus
3202 5512 3252 5555 et
3279 5501 3433 5555 colli-

184 5596 328 5652 gatus
354 5590 531 5647 decem
561 5592 857 5667 lcopardis,
883 5602 1144 5657 militibus
1174 5605 1294 5659 dico
1339 5605 1408 5658 ad
1438 5604 1735 5658 custodiam
1772 5604 1945 5668 datis,
1978 5603 2068 5673 qui
2103 5617 2169 5656 ea:
2204 5602 2467 5671 beneﬁciis
2508 5600 2704 5654 nostris
2735 5602 2976 5656 steviorcs
3004 5599 3163 5668 ﬁunt.
3208 5597 3311 5653 Sed
3339 5614 3432 5668 ego

184 5697 350 5738 Mm
371 5690 619 5760 nequitiis
644 5695 813 5764 magis
837 5694 1089 5749 erudiar:
1114 5711 1204 5750 nec
1229 5704 1405 5750 tamen
1434 5695 1488 5750 in
1514 5695 1609 5748 hoc
1623 5694 1955 5764 justiﬁcatus
1998 5708 2135 5750 sum.
2163 5691 2208 5747 0
2228 5691 2489 5745 salutares
2514 5692 2706 5744 bestias
2730 5702 3243 5763 quwrpra’parantur
3266 5689 3433 5743 mihi!

188 5775 400 5843 Quando
430 5789 631 5847 uenient
656 5791 683 5849 7
701 5791 913 5863 quando
942 5793 1285 5870 emittantur?
1298 5794 1508 5865 quando
1534 5794 1606 5850 eis
1642 5793 1749 5863 frui
1780 5792 1952 5848 licebit
1979 5791 2222 5847 carnibus
2259 5791 2427 5846 meis?
2460 5788 2604 5856 Quas
2635 5807 2724 5862 ego
2754 5803 2941 5861 exopto
2974 5792 3203 5846 acriores
3224 5790 3437 5858 parari.
