3814 6198
426 310 499 366 25
1514 309 1571 365 S.
1616 309 1957 366 IGNA’HUS.
1999 343 2068 354 —
2102 308 2629 367 PROLEGOMENA.
3603 308 3674 363 24

430 435 479 480 et
520 422 753 479 inuitabo
785 423 854 477 ad
883 420 1269 477 devorationem
1302 420 1435 483 mei,
1460 429 1511 475 et
1555 420 1902 489 deprecabor,
1944 436 2007 473 ne
2037 419 2193 488 forte,
2230 430 2285 472 ut
2317 420 2584 475 nonnullis
2616 419 2846 489 fecerunt
2862 460 2886 489 _,
2916 420 3136 474 timeant
3170 421 3433 492 attingere
3482 438 3671 493 corpus

433 535 642 582 meum;
670 518 928 588 quinimo,
954 518 1001 570 si
1028 514 1433 582 cunctabantur,
1456 532 1548 586 ego
1564 516 1665 570 vim
1680 516 1903 584 faciam,
1927 532 2019 584 ego
2050 531 2128 568 me
2158 516 2411 585 ingeram.
2441 514 2598 583 Date,
2625 532 2822 586 quaso,
2845 518 3070 581 veniam;
3096 533 3188 587 ego
3217 518 3335 570 novi
3362 519 3489 587 quid
3516 535 3672 587 expe—

433 613 548 665 diat
571 611 735 674 mihi;
760 626 897 664 nunc
931 608 1126 677 incipio
1158 623 1266 662 esse
1290 605 1495 663 Christi
1519 604 1835 675 discipulus.
1866 604 2118 659 Facessat
2146 606 2347 659 invidia
2379 606 2454 659 vel
2476 606 2694 661 humani
2717 608 2957 676 affectus,
2980 608 3059 664 vel
3080 609 3327 678 nequitia:
3348 612 3670 678 spiritualis,

432 712 492 757 ut
522 700 705 756 Jesum
731 700 1002 755 Christum
1032 715 1236 753 merear
1277 698 1527 767 adipisci.
1566 698 1761 769 Ignes,
1804 714 2020 763 cruces,
2054 696 2265 763 bestias,
2314 698 2663 767 dispersiones
2712 700 2939 767 ossium,
2981 700 3457 769 discerptionesque
3503 719 3669 760 mem-

435 796 669 861 brorum,
702 811 764 847 ac
798 794 958 847 totius
986 795 1218 862 corporis
1248 808 1432 861 plenae,
1468 794 1723 847 etornnia
1750 794 1806 847 in
1840 809 1919 845 me
1952 808 2113 847 unum
2141 792 2403 861 supplicia
2443 792 2645 847 diaboli
2687 803 2800 847 arte
2832 796 3054 865 quaesita
3092 795 3475 865 compleantur,
3512 796 3670 851 dum-

434 886 589 939 modo
618 884 798 939 Jesum
826 884 1093 943 Christum
1121 900 1325 937 merear
1347 884 1666 953 adipisci....
1689 883 2036 938 Christianus
2059 897 2169 938 non
2206 883 2501 938 mediocris
2530 884 2623 941 sed
2648 883 2940 954 perfectus,
2974 888 3229 943 sacerdos
3274 903 3384 943 non
3417 887 3538 943 vilis
3568 890 3661 944 sed

433 976 758 1046 praecipuus,
789 976 958 1031 dicit:
996 974 1151 1029 Nunc
1188 976 1383 1044 incipio
1412 992 1523 1031 esse
1555 976 1756 1030 Christi
1793 973 2103 1043 discipulus.
2140 972 2315 1045 Epist.
2348 974 2415 1029 ad
2442 973 2623 1041 Rom.,
2657 990 2775 1045 cap.
2802 975 2854 1029 5.
2884 975 2964 1031 Ex
3014 976 3232 1045 Ruﬁno,
3269 976 3415 1032 Hist.
3455 977 3641 1034 eccles.

416 1065 529 1139 lib.
560 1081 646 1131 ιιι,
679 1081 799 1136 cap.
831 1066 920 1121 56.

2006 1155 2143 1213 XVI.

1198 1268 1399 1321 Auctor
1427 1267 1687 1324 Cunomcr
1718 1266 2033 1337 Psscnsus,
2065 1287 2187 1341 pag.
2214 1272 2342 1338 221,
2373 1272 2499 1329 edit.
2531 1272 2710 1330 Paris.
2741 1273 2901 1330 1688.

499 1384 655 1451 Quod
684 1392 865 1441 autem
902 1382 1191 1450 Dominus,
1222 1383 1516 1454 praedicata
1551 1398 1646 1453 per
1675 1392 1785 1439 tres
1814 1397 1992 1440 annos

2170 1387 2291 1439 ’Ότι
2322 1386 2380 1440 δὲ
2407 1390 2555 1459 τρεῖς
2585 1388 2879 1457 ἐνιαυτοὺς
2907 1387 3152 1459 κηρύξας
3195 1390 3256 1442 τὸ
3280 1390 3611 1459 Εὑαγγέλιον
3643 1393 3674 1443 6

426 1477 745 1548 Evangelia,
769 1477 837 1532 ad
876 1476 1238 1531 voluntariam
1266 1484 1320 1532 et
1352 1474 1621 1529 viviﬁcam
1660 1490 1877 1531 crucem
1908 1490 2000 1529 vc-

2132 1479 2306 1551 ἱὺριος
2338 1480 2435 1534 ἐπὶ
2462 1480 2557 1534 τὸν
2580 1480 2824 1534 ἑκούσιον
2852 1481 2946 1535 καὶ
2974 1480 3232 1544 ζωοποιὸν
3260 1478 3388 1553 ἦλθε
3421 1484 3673 1555 σταυρὸν,

428 1570 608 1634 nerit,
653 1569 812 1625 docet
858 1567 1100 1639 lgnatius
1139 1568 1231 1623 ille
1280 1566 1461 1621 Deiter
1503 1574 1557 1621 et
1604 1577 1846 1640 martyr,
1906 1569 1999 1637 qui

2133 1567 2335 1623 ιδάσκει
2393 1571 2487 1623 καὶ
2536 1571 2797 1640 Ἰγνάτιος
2838 1572 2866 1623 6
2904 1572 3173 1643 Θεοφόρος
3221 1574 3312 1626 καὶ
3362 1573 3611 1645 μάρτυς,
3647 1578 3678 1628 6

425 1657 654 1715 Joannis
679 1660 915 1730 theologi
939 1659 1209 1730 genuinus
1236 1657 1536 1727 discipulus
1561 1656 1685 1723 fuit,
1719 1658 2000 1712 sanctissi.

2132 1660 2347 1714 [ωάννου
2371 1661 2464 1714 τοῦ
2495 1661 2753 1731 Θεολόγου
2779 1662 3000 1733 γνήσιος
3026 1662 3271 1734 μαθητὴς
3290 1663 3548 1732 γεγονὼς,
3579 1665 3678 1735 τῆς

428 1766 639 1821 maeque
667 1752 1019 1807 Antiochense
1035 1750 1289 1806 Ecclesia:
1316 1750 1610 1820 episcopus
1644 1750 1713 1804 ab
1738 1750 2000 1819 apostolis

2132 1752 2156 1804 ὲ
2195 1752 2251 1804 ὲν
2276 1753 2573 1825 Ἀντιοχείᾳ
2594 1753 2900 1825 ἁγιωτάτης
2926 1754 3249 1825 Ἐκκλησίας
3260 1756 3564 1818 ἐπίσκοπος
3577 1756 3682 1810 ὑπὸ

427 1844 779 1899 constitutus.
811 1842 863 1899 Is
898 1844 1101 1913 quippe
1120 1842 1181 1897 Vin
1216 1841 1460 1912 Epistula
1492 1842 1560 1896 ad
1588 1840 1896 1895 Trallianos
1914 1841 2002 1897 sic

2136 1843 2210 1897 ὦν
2234 1846 2551 1899 ἀποστόλων
2595 1846 2967 1911 κατασταθείς.
3002 1848 3093 1901 Ἐν
3132 1850 3199 1919 τῇ
3237 1848 3377 1918 πρὸς
3411 1848 3682 1919 Τραλλια-

425 1934 595 1990 verbo
640 1947 801 1992 tenus
849 1936 1113 2005 scripsit:
1150 1934 1285 1989 Vere
1334 1936 1525 1989 etenim
1566 1934 1773 2003 peperit
1822 1932 2000 1987 Maria

2132 1936 2225 1999 οὺς
2254 1936 2440 1990 τοίνυν
2469 1937 2756 2009 Ἐπιστολῇ
2798 1937 3073 2009 γέγραφεν
3114 1938 3207 1991 ἐπὶ
3240 1936 3439 2001 λέξεως
3473 1936 3680 2001 οὕτως’

426 2044 636 2097 corpus,
674 2028 781 2081 Deo
814 2029 869 2081 in
892 2044 952 2081 ea
980 2027 1273 2092 habitante,
1306 2035 1355 2081 et
1386 2042 1501 2080 vere
1542 2034 1697 2080 natus
1742 2036 1819 2079 est
1860 2023 2000 2078 Deus

2132 2026 2379 2095 Αληθῶς
2424 2028 2631 2081 τοίνυν
2687 2026 2978 2097 ἐγέννησε
3027 2027 3223 2095 Μαρία
3269 2025 3439 2095 σῶμα
3461 2066 3476 2089 ,
3538 2029 3684 2081 Θεὸν

2101 2117 2248 2186 ἔχον
2274 2117 2543 2181 ἕνοικον,
2576 2118 2674 2175 καὶ
2710 2118 2949 2186 ἀληθῶς
2993 2117 3280 2188 ἐγεννήθη
3308 2120 3342 2171 ό
3387 2118 3581 2186 Λόγος
3616 2116 3684 2171 ἐκ

2102 2207 2213 2277 τῆς
2268 2209 2567 2278 παρθένου
2600 2212 2866 2278 Μαρίας,
2908 2210 3078 2280 σῶμα
3126 2208 3480 2283 ὁμοιοπαθὲς
3543 2209 3683 2279 ἡμῖν

2096 2300 2531 2372 ἠμφιεσμένος.
2572 2301 2838 2371 Ἀληθῶς
2864 2302 3108 2373 γέγονεν
3133 2302 3203 2355 ἐν
3218 2300 3437 2372 μήτρᾳ,
3464 2304 3497 2355 ό
3536 2300 3685 2354 πάνυ

2104 2411 2211 2461 τας
2235 2392 2587 2462 ἀνθρώπους
2608 2393 2677 2447 ἐν
2698 2392 2894 2463 μήτρᾳ
2925 2391 3329 2447 διαπλάττων·
3356 2391 3454 2445 καὶ
3483 2392 3685 2458 ἐποίη-

2096 2501 2218 2540 σεν
2238 2486 2443 2553 ἐαυτῷ
2482 2484 2656 2555 σῶμα
2688 2486 2758 2539 ἐκ
2796 2484 2915 2538 τῶν
2942 2484 3052 2554 τῆς
3081 2483 3389 2552 Παρθένου
3422 2481 3687 2552 σπερμάρ

428 2586 664 2645 tempore
688 2576 887 2646 portati
916 2592 1099 2630 sumus
1119 2588 1137 2625 :
1161 2583 1211 2629 et
1240 2590 1354 2628 vere
1372 2573 1608 2629 luctatus
1642 2583 1721 2627 est
1755 2582 1806 2630 et
1833 2574 2007 2627 nutri-

2132 2594 2244 2641 ων,
2281 2576 2451 2646 πλὴν
2492 2577 2643 2631 ὅσον
2686 2578 2924 2646 ὁμιλίας
2951 2576 3172 2645 ἀνδρὸς
3196 2577 3375 2632 ἄνευ.
3426 2576 3693 2645 Ἀληθῶς

422 2678 515 2721 tus
540 2668 678 2722 sicut
705 2684 797 2721 nos
816 2684 836 2732 ;
868 2676 917 2721 et
948 2668 1063 2721 cibo
1089 2675 1138 2721 et
1160 2676 1288 2736 potu
1324 2668 1486 2721 sicuti
1514 2676 1564 2720 et
1596 2682 1691 2720 nos
1724 2683 1848 2720 usus
1885 2674 2004 2731 est;

2132 2669 2516 2739 'xvosoop’rwn,
2544 2669 2640 2736 -ὡς
2680 2670 2789 2724 καί
2842 2669 3033 2738 ἡμεῖς,
3077 2672 3312 2740 χρόνων
3353 2670 3688 2739 περιόδοις·

424 2768 481 2812 et
510 2759 733 2829 triginta
762 2775 930 2813 annos
970 2774 1129 2828 agens
1152 2758 1461 2827 baptizatus
1491 2765 1568 2812 est
1604 2773 1639 2809 α
1679 2755 1885 2811 Joanne
1904 2796 1919 2821 ,
1948 2760 2003 2813 in

2132 2762 2205 2817 :al
2238 2760 2477 2831 άληθῶς
2512 2760 2746 2832 ἐτέχθη,
2771 2762 2852 2829 ὡς
2893 2763 2992 2817 καὶ
3031 2761 3233 2832 ἡμεῖς’
3268 2764 3515 2831 άληθῶς
3552 2764 3691 2832 ἐνα-

428 2851 649 2904 veritate
680 2860 728 2904 et
753 2866 856 2904 non
883 2851 939 2904 in
961 2850 1352 2920 phantasmate.
1388 2848 1458 2902 Et
1482 2848 1656 2905 tribus
1676 2849 1837 2902 annis
1864 2864 2002 2917 prte-

2132 2850 2582 2920 ῑακτοτροςρήθη,
2618 2851 2716 2905 καὶ
2745 2850 2969 2922 τροφῆς
2992 2850 3201 2920 κοινῆς
3216 2851 3313 2905 καὶ
3340 2851 3530 2906 ποτοῦ
3554 2869 3695 2921 μετ-

428 2942 626 2997 dicavit
657 2940 1024 3013 Evangelium,
1050 2952 1098 2995 et
1137 2942 1260 3011 fecit
1289 2941 1442 3011 signa
1469 2952 1517 2994 et
1550 2940 1794 3010 prodigia
1822 2955 2003 2993 coram

2134 2956 2309 3011 σχεν,
2338 2941 2419 3008 ὡς
2462 2942 2563 2996 καὶ
2624 2942 2826 3011 ἡμεῖς·
2895 2943 2993 2997 καὶ
3031 2943 3191 3011 τρεῖς
3234 2942 3494 3009 δεκάδας
3541 2942 3696 2997 ἐτῶν

430 3033 586 3103 falsis
612 3033 860 3099 Judwis;
890 3044 937 3088 et
961 3033 1055 3091 sub
1086 3032 1503 3102 Pilatoprwside
1516 3031 2006 3101 Judatazjudicatus

2132 3031 2622 3102 πολιτευσάμενος
2654 3035 2988 3104 ἐϐαπτίσθη
3023 3034 3142 3090 ὑπὸ
3192 3034 3473 3090 Ἰωάννου
3498 3075 3514 3100 ,
3543 3036 3697 3103 άλη-

429 3139 554 3192 est;
589 3127 893 3197 flagellatus
934 3134 1048 3192 est,
1082 3125 1318 3195 colaphis
1362 3140 1528 3180 casus
1558 3133 1670 3191 est,
1716 3132 2003 3193 consputus

2132 3125 2226 3192 νὼς
2277 3126 2486 3191 καὶλοὺ
2532 3125 2799 3193 δοκήσει.
2824 3127 2935 3181 Καὶ
2988 3134 3038 3197 γ’
3075 3127 3388 3194 ἐνιαυτοὺς
3429 3128 3698 3196 κηρύξας

438 2116 660 2172 Verbum
687 2135 752 2172 ea:
789 2118 1023 2189 Virgine,
1057 2135 1244 2187 corpus
1285 2116 1536 2173 similiter
1571 2116 1721 2173 nobis
1745 2116 2002 2186 possibile

426 2209 537 2263 sine
575 2218 785 2279 peccato
827 2210 1072 2265 induens.
1134 2208 1262 2263 Vere
1307 2216 1587 2276 conceptus
1630 2215 1705 2260 est
1735 2207 1790 2258 in
1830 2215 2000 2272 utero,

428 2302 541 2370 (qui
565 2317 740 2355 omnes
771 2301 1004 2354 homines
1036 2301 1097 2354 in
1137 2300 1290 2354 vulva
1333 2300 1538 2369 ﬁngit),
1562 2300 1798 2366 formans
1828 2307 1879 2352 et
1919 2299 2004 2368 fa-

427 2394 570 2449 ciens
601 2394 700 2447 sibi
736 2409 925 2461 corpus
962 2409 1026 2447 ex
1054 2391 1291 2461 'Virgine,
1326 2391 1438 2444 sine
1482 2392 1678 2444 semine
1711 2390 1912 2444 scilicet
1954 2397 2005 2443 et

428 2485 806 2539 consuetudine
832 2485 934 2539 viri
953 2501 973 2550 ;
1001 2494 1348 2554 portatusque
1376 2484 1431 2543 in
1452 2493 1630 2549 Mero,
1654 2483 1793 2536 sicut
1831 2491 1880 2536 et
1906 2499 2004 2537 nos

429 3229 529 3283 est,
556 3220 791 3288 spineam
821 3234 1070 3274 coronam
1100 3233 1519 3289 purpureamque
1550 3225 1738 3269 vestem
1758 3215 2006 3284 portavit,

431 3309 809 3364 condemnatus
828 3321 927 3377 est,
953 3311 1241 3381 cruciﬁxus
1260 3320 1334 3365 est
1359 3325 1495 3373 vere,
1520 3324 1623 3361 non
1646 3308 2008 3378 phantastice;

430 3416 594 3471 neque
625 3402 897 3472 fallaciter
925 3412 1165 3456 mortuus
1196 3412 1294 3468 est,
1334 3401 1424 3457 sed
1464 3415 1612 3463 vere;
1644 3398 1877 3469 sepultus
1910 3407 2007 3465 est,

429 3504 481 3549 et
505 3496 793 3549 resurrexit
823 3513 855 3548 a
881 3496 1124 3550 mortuis.
1156 3494 1295 3550 Ecce
1326 3503 1512 3562 aperte
1544 3493 1769 3547 omnino
1798 3492 1921 3547 talis
1946 3507 2011 3546 ac

430 3594 615 3645 tantus
639 3572 899 3641 Ecclesia:
935 3586 1127 3642 doctor
1155 3586 1390 3640 triennio
1424 3600 1455 3639 a
1497 3583 1790 3638 Servatore
1814 3582 2012 3652 prazdi-

432 3688 615 3733 catum
664 3678 1014 3749 evangelium
1075 3678 1228 3732 dicit.
1277 3676 1360 3730 Ex
1402 3678 1554 3745 epist.
1595 3675 1664 3728 ad
1707 3672 2009 3726 Trallianos

432 3769 701 3838 interpol.,
736 3786 851 3838 cap.
886 3770 972 3824 l0.

2115 3217 2178 3272 τὸ
2209 3218 2600 3289 Εὐαγγέλιον,
2650 3220 2746 3271 καὶ
2788 3218 3048 3285 ποιήσας
3089 3219 3307 3289 σημεῖα
3349 3220 3449 3273 καὶ
3480 3219 3701 3288 τέρατα

2113 3308 2232 3364 ὑπὸ
2257 3308 2374 3362 τῶν
2417 3308 2914 3378 ψευδοτουδαίων,
2959 3309 3056 3362 καὶ
3098 3309 3359 3364 Πιλάτου
3402 3311 3701 3380 ἡγεμόνος

2116 3404 2148 3454 ό
2189 3398 2398 3468 κριτὴς
2427 3403 2651 3469 ἐκρίθη,
2700 3400 3071 3471 ἐμαστιγώθη
3099 3442 3114 3467 ,
3162 3400 3281 3455 ὑπὸ
3323 3401 3566 3455 δούλων
3601 3402 3701 3454 ἐπὶ

2118 3490 2300 3560 κόρης
2320 3492 2671 3561 ἐρραπίσθη,
2691 3494 3029 3561 ἐνεπτύσθη
3049 3533 3065 3558 ,
3104 3493 3430 3547 ἀκάνθινον
3471 3493 3700 3563 στέφα-

2117 3597 2230 3634 νον
2270 3583 2367 3637 καὶ
2404 3582 2756 3651 πορφυροῦν
2798 3583 3030 3653 ἱμάτιον
3059 3584 3329 3652 ἐφόρεσε,
3359 3584 3701 3653 κατεκρίθηζ

2118 3672 2464 3745 ἐσταυρώθη
2514 3673 2772 3740 ἀληθῶς,
2811 3676 2883 3727 οὐ
2932 3672 3216 3739 δοκήσει,
3253 3676 3325 3728 οὐ
3368 3676 3700 3743 φαντασίᾳ,

2121 3765 2232 3816 οὐκ
2264 3762 2482 3832 ea:de
2537 3764 2836 3818 ἀπέθανεν
2874 3764 3132 3833 ἀληθῶς,
3180 3765 3277 3818 καὶ
3322 3764 3514 3835 ἐτάφη
3536 3805 3551 3830 ,
3602 3765 3704 3817 καὶ

430 3864 652 3935 ἠγέρθη
724 3865 794 3918 ὲκ
869 3863 987 3918 τῶν
1018 3861 1267 3930 νεκρῶν.
1309 3860 1436 3913 Ἰδοὺ
1471 3860 1720 3930 φανερῶς
1766 3860 1795 3911 6
1834 3855 2075 3919 τοιοῦτος
2132 3856 2227 3909 καὶ
2269 3855 2584 3927 τηλικοῦτος
2642 3857 2743 3927 τῆς
2797 3857 3118 3927 Ἐκκλησίας
3180 3856 3503 3922 διδάσκαλος
3556 3861 3705 3929 τρεῖς

441 3957 722 4019 ἐνιαυτοὺς
770 3955 1005 4028 κηρύξαι
1055 3955 1118 4008 τὸ
1166 3952 1503 4022 Εὑαγγέλιον
1542 3956 1634 4009 τὸν
1666 3955 1893 4027 Σωτῆρα
1943 3954 2108 4021 λέγει.

505 4111 586 4169 Cl.
622 4111 947 4169 Duiresnius
977 4113 1032 4167 in
1078 4111 1223 4166 notis
1261 4109 1329 4163 ad
1374 4109 1522 4164 hunc
1551 4109 1734 4171 locum
1776 4116 1966 4162 monet
2004 4116 2241 4163 veterem
2273 4107 2612 4179 lgnatianam
2652 4109 3165 4183 interpretationem
3199 4107 3304 4164 sibi
3334 4118 3703 4178 usurpatam,

438 4217 603 4271 quam
633 4214 817 4261 tamen
848 4202 1100 4258 nonnihil
1129 4200 1432 4272 pleniorem
1458 4210 1513 4256 et
1543 4198 1747 4255 alicubi
1774 4197 1983 4254 variam
2010 4198 2141 4253 editi
2166 4200 2445 4259 exhibent.

1977 4357 2136 4411 XVII.

534 4474 720 4533 ionius
768 4477 1060 4531 monachus
1086 4518 1101 4544 ,
1132 4480 1207 4535 De
1246 4480 1583 4537 (Economia
1650 4480 1953 4605 seucvsrbo
1998 4482 2011 4535 i

1776 4569 1804 4604 ο
1850 4592 1863 4606 ο
1900 4566 2011 4606 CCXI

2132 4484 2430 4607 rnatobéigb.
2461 4499 2571 4551 vn,
2605 4502 2723 4555 cap.
2753 4484 2842 4539 51.
2879 4480 3034 4552 Apud
3062 4480 3312 4534 Pnormu
3340 4476 3602 4541 Biblioth.

2136 4570 2259 4607 oaa.
2405 4593 2419 4607 .

1776 4566 1863 4606 oa.
1900 4566 2103 4619 ccxxu,
2135 4570 2259 4624 pag.
2291 4566 2419 4607 οη.

510 4659 647 4716 Nam
672 4663 775 4717 tria
798 4663 1018 4718 divinus
1044 4662 1286 4734 Ignatius
1310 4666 1495 4723 saeculi
1524 4666 1686 4736 hujus
1711 4666 2011 4736 principem

2200 4671 2340 4741 Φησὶ
2368 4668 2480 4739 γὰρ
2507 4671 2535 4722 6
2564 4668 2817 4740 Θεοφορος
2836 4665 3098 4735 Ἰγνάτιος
3120 4662 3245 4735 τρία
3264 4659 3448 4713 λαθεῖν
3479 4657 3576 4711 τδν
3606 4657 3680 4727 ἄρ
3698 4684 3709 4695 -

440 4753 668 4808 latuisse
728 4765 1165 4824 commemorat;
1211 4758 1579 4830 virginitatem
1622 4758 1834 4824 Mariae,
1885 4775 2017 4815 con-

439 4847 746 4916 ceptionem
800 4847 1060 4915 Domini,
1116 4860 1171 4907 et
1227 4852 1662 4909 cruciﬁxionem.
1715 4850 1886 4922 Epist.
1946 4851 2015 4905 ad

437 4937 663 5010 ’Ephes.,
700 4956 818 5011 cap.
855 4941 941 4999 19.

2076 4826 2085 4840 .
2130 4778 2292 4832 χοντα
2333 4760 2428 4813 τοῦ
2462 4760 2658 4823 αἰῶνος
2704 4758 2923 4812 τούτου’
2958 4757 3060 4827 τὴν
3117 4751 3414 4833 παρθενίαν
3448 4748 3708 4821 Μαρίας.

2126 4853 2227 4924 τὴν
2267 4851 2530 4922 σύλληψιν
2560 4850 2655 4904 τοῦ
2683 4849 2913 4923 Κυρίου,
2953 4847 3049 4901 καὶ
3072 4846 3171 4916 τὴν
3202 4841 3509 4915 σταύρωσιν

1953 5118 2137 5175 XVIII.

717 5242 990 5302 LEONTIUS
1015 5243 1380 5313 Brun'rmus,
1412 5244 1505 5300 lib.
1541 5243 1613 5298 De
1638 5244 1825 5313 sectis,
1852 5248 1974 5301 Act.
2003 5261 2087 5312 ιιι,
2124 5245 2209 5300 Ea;
2238 5246 2365 5301 bibl.
2408 5243 2527 5300 PP.
2566 5244 2746 5299 Paris.
2779 5249 2906 5296 tom.
2939 5236 3035 5305 XI,
3063 5254 3186 5308 pag.
3226 5234 3353 5304 505,
3390 5233 3455 5289 (Σ.

514 5356 786 5413 Caeterum
824 5361 1169 5432 temporibus
1205 5361 1336 5426 illis,
1359 5375 1481 5431 quae
1510 5375 1541 5414 a
1569 5359 1775 5415 Christi
1818 5362 2024 5417 nativiv

441 5457 556 5505 ante
587 5464 762 5516 usque
796 5450 864 5505 ad
905 5453 1193 5522 imperium
1237 5451 1584 5507 Constantini
1638 5463 2018 5522 numerantur,

447 5539 505 5593 lii
548 5539 801 5595 doctores
820 5549 875 5596 et
904 5541 1093 5600 Patres
1136 5544 1464 5601 exstiterunt
1502 5561 1515 5596 :
1559 5541 1803 5612 lgnatius
1845 5543 2023 5601 Theo-

448 5631 679 5700 phorus,
718 5630 975 5703 lrenaeus,
1014 5634 1282 5704 Justinus,
1302 5644 1405 5693 etc.
1452 5633 1562 5692 llos
1590 5649 1780 5694 omnes
1822 5648 2022 5697 secutae

448 5723 702 5796 deinceps
730 5725 966 5785 haereses
999 5730 1293 5804 excipiunt.

2207 5350 2481 5431 Ἐγένοντο
2496 5360 2553 5414 δὲ
2578 5361 2637 5412 ἐν
2664 5359 2775 5421 τοῖς
2788 5356 2999 5428 χρόνοις
3020 5357 3133 5421 τοῖς
3153 5352 3260 5409 ἀπὸ
3282 5352 3383 5423 τῆς
3406 5350 3575 5423 γεννή
3584 5368 3716 5411 scan,

2132 5454 2231 5509 τοῦ
2260 5452 2497 5525 Χριστοῦ
2529 5451 2689 5523 μέχρι
2710 5452 2808 5522 τῆς
2842 5447 3115 5520 βασιλείας
3136 5442 3549 5500 Κωνσταντίνου
3582 5442 3721 5496 διδά-

2138 5545 2325 5600 σκαλοι
2364 5545 2459 5597 καὶ
2490 5542 2725 5614 πατέρες
2753 5538 3166 5609 οῖδεοἹγνάτιος
3183 5537 3212 5589 6
3233 5534 3526 5606 Θεοφορος,
3544 5535 3715 5605 Εἰρηο

2137 5639 2305 5701 ναῖος,
2339 5636 2651 5701 ἰουστίνος,
2680 5652 2734 5689 κ.
2764 5652 2816 5687 τ.
2848 5632 2898 5686 λ.
2938 5629 3172 5692 Τούτους
3219 5628 3467 5692 ἅπαντας
3497 5627 3555 5680 al
3594 5625 3714 5697 μετ’

2142 5728 2335 5792 αὐτοὺς
2392 5727 2677 5797 γενόμεναι
2726 5724 2959 5799 αἱρέσεις
3005 5721 3273 5803 δέχονται.
