3786 6292
157 302 228 359 25
1363 314 1689 374 VETERUM
1729 317 2160 385 TESTIMONIA.
3324 332 3390 388 25

1718 439 1855 495 ΧΙΧ.

805 519 1036 580 Joannes
1070 523 1317 593 Rhetor.,
1360 528 1511 597 Apua
1547 528 1848 617 Evnntuu,
1894 532 2033 587 llist.
2083 532 2228 589 Eccl.
2265 534 2357 589 lib.
2390 553 2428 602 ι,
2462 554 2576 607 cap.
2613 537 2699 593 16.

204 633 341 687 Τότε
362 633 456 689 καὶ
477 635 735 705 Ἰγνάτιος
763 641 792 694 ὁ
813 640 1094 706 θεσπέσιος
1122 644 1308 716 ἐπειδή
1333 662 1417 714 γε,
1458 647 1535 711 ὡς
1555 648 1699 701 ἐϐού-

1893 626 2043 708 Tunc
2090 653 2252 707 etiam
2304 652 2544 724 lgnatius
2588 654 2805 710 divinus
2844 665 3155 728 postquam,
3182 667 3238 713 ut
3276 660 3388 729 ipse

134 723 276 790 λετο,
300 727 468 795 τάφον
491 726 589 791 τὰς
618 728 725 782 τῶν
753 731 953 803 θηρίων
981 734 1231 804 ἐσχηκὼς
1259 737 1528 809 γαστέρας
1548 741 1629 793 ἐνί

1894 744 1999 811 uit,
2024 743 2259 800 ferarum
2274 756 2491 801 ventres
2519 746 2572 800 in
2597 748 2996 816 amphitheatro
3029 752 3179 806 urbis
3203 751 3389 808 Roma:

136 818 234 887 τῆς
277 816 497 889 Ῥώμης
521 819 902 895 ἀμφιθεάτρῳ,
928 842 982 878 κ.
1006 842 1057 879 τ.
1087 825 1136 878 λ.

1886 850 1911 890 o
1938 837 2189 906 sepulcro
2225 837 2523 902 habuisset,
2550 846 2653 891 etc.
2685 836 2853 907 Epist.
2869 840 2935 893 ad
2974 839 3150 908 Rom.,
3188 859 3304 897 can.
3332 847 3381 899 4.

1714 945 1826 1000 XX.

134 1030 474 1093 Amsusms
526 1031 724 1091 Senior
766 1037 1078 1106 patriarcha
1134 1040 1415 1122 ἐλαιώδη,
1452 1042 1547 1122 ςέο.
1574 1041 1652 1122 De
1700 1045 1865 1122 rectis
1901 1047 2148 1103 veritatis
2186 1051 2423 1122 dogmat.
2473 1046 2558 1100 Ex
2588 1062 2684 1100 ms.
2712 1044 2907 1119 Colleg.
2954 1047 3209 1104 Cantabr.
3247 1052 3386 1121 apud

1148 1109 1414 1168 Pssnsou.
1452 1112 1665 1168 Vindic.
1704 1113 1871 1185 lgnat.
1898 1126 2039 1185 part.
2076 1134 2114 1185 ι,
2141 1109 2345 1190 σαρΪΞ.

201 1212 436 1285 Μορφῆν
464 1212 651 1268 δούλου
672 1216 1063 1289 ἠμφιεσμένον,
1092 1220 1178 1274 ἴνα
1195 1221 1334 1296 λάθῃ
1365 1223 1497 1287 Θεὸς
1518 1224 1593 1278 ὢν
1619 1226 1696 1280 τοι

1892 1226 2081 1283 Forma
2119 1234 2260 1287 servi
2304 1233 2578 1304 indutum,
2613 1247 2671 1292 ιιι
2711 1238 2854 1294 Deus
2893 1241 3163 1295 exsistens
3198 1241 3387 1293 lateret

136 1304 372 1375 ἄρχοντα
400 1306 497 1361 τοῦ
524 1308 718 1373 αἰῶνος
744 1310 955 1365 τούτου.

1812 1322 2111 1393 principem
2147 1325 2312 1396 hujus
2337 1330 2544 1383 saeculi.
2571 1330 2651 1383 Ad
2680 1330 2872 1401 Epltes.
2906 1349 3022 1402 cap.
3057 1333 3142 1387 i‘).

1708 1465 1850 1521 XXI.

966 1552 1300 1613 Amsnsms
1333 1556 1581 1625 Sttutn,
1613 1562 1709 1616 lib.
1754 1561 2003 1632 Ὀδηγός
2034 1563 2298 1632 inscript.,
2330 1580 2446 1634 cap.
2488 1564 2574 1619 ιε.

203 1666 316 1720 Τοῦ
345 1665 524 1737 ἁγίου
558 1669 850 1741 Ἰγνατίσυ
882 1670 1219 1728 ἐπισκόπου
1252 1678 1637 1748 Ἀντιοχείας.

1567 1698 1637 1745 ις.
2113 1680 2171 1735 S.
2215 1681 2421 1736 IGNATII
2486 1682 2716 1752 episcopi
2753 1682 3062 1734 Antiochent

198 1785 433 1841 Ἔάσατε
476 1787 719 1860 μιμητὴν
766 1788 1018 1858 γενέσθαι
1062 1790 1157 1844 τοῦ
1202 1793 1408 1858 πάθους
1452 1793 1545 1847 τοῦ
1576 1795 1693 1849 Θεοῐ

1893 1794 2054 1849 Sinite
2078 1810 2164 1849 me
2197 1795 2311 1849 ﬂeri
2364 1795 2695 1851 imitatorem
2723 1794 2996 1865 passionis
3026 1792 3121 1847 Dei
3154 1792 3280 1849 mei.
3308 1788 3388 1843 Ad

138 1897 253 1950 μου.

1812 1885 1962 1939 Rom.
1998 1904 2112 1956 cap.
2144 1886 2196 1940 6.

1717 1998 1862 2053 XXII

727 2087 1056 2151 ANTIOCHUS,
1087 2086 1269 2141 homil.
1305 2103 1489 2143 cxxtv.
1526 2090 1609 2145 Ex
1630 2092 1772 2148 Bibl.
1832 2094 1948 2148 PP.
1978 2091 2159 2149 Paris.
2194 2102 2222 2146 τι

1305 2103 1489 2143 cxxxv.
1526 2090 1609 2145 Ex
1630 2092 1772 2148 Bibl.
1832 2094 1948 2148 PP.
1978 2091 2159 2149 Paris.
2194 2102 2318 2146 tom.
2346 2092 2465 2159 ΧΠ,
2499 2111 2620 2165 pag.
2646 2092 2769 2147 219.

211 2197 268 2251 Ὃ
322 2198 599 2272 Θεοφάρος
660 2201 917 2271 Ἰγνάτιος
976 2208 1314 2269 ἐπιστέλλει,
1366 2208 1571 2278 λέγων·
1630 2211 1706 2278 Τῷ

1892 2214 2128 2284 lgnatius
2170 2212 2531 2282 Theophorus
2584 2230 2677 2283 per
2719 2214 3004 2283 epistolam
3048 2212 3180 2266 dicit
3213 2230 3225 2265 :
3256 2211 3387 2281 Epi-

136 2288 436 2354 ἐπισκόπῳ
460 2291 805 2360 προσέχετε,
841 2296 941 2350 ἵνα
969 2297 1068 2350 καὶ
1090 2301 1121 2351 ό
1157 2298 1300 2364 Θεὸς
1328 2300 1487 2369 ὑμῖν.
1530 2302 1631 2355 ’Λν

1891 2322 1974 2374 7ρο
2000 2306 2277 2371 attendite,
2302 2314 2361 2358 ut
2385 2315 2431 2360 et
2456 2306 2593 2359 Deus
2626 2306 2788 2361 vobis.
2820 2306 3011 2359 Anima
3042 2320 3156 2357 mea
3184 2319 3275 2373 pro
3297 2303 3386 2366 iis,

136 2382 329 2449 ψυχον
352 2380 468 2451 ἐγὼ
492 2381 570 2447 τῷ
595 2386 1069 2455 ὑποτασσομένῳ
1094 2388 1220 2461 [leg.
1238 2390 1359 2443 τῶν
1376 2394 1631 2447 {moram

1892 2397 1907 2449 ἱ
1937 2398 2196 2467 episcopo,
2226 2396 2539 2466 presbyteris
2571 2405 2620 2449 et
2648 2397 2887 2448 diaconis
2918 2412 3112 2448 morem
3156 2404 3339 2465 gerunt
3369 2407 3387 2445 :

376 2474 711 2545 ἐπισκόπῳ,
728 2480 1161 2548 πρεσϐυτέροις
1184 2500 1248 2535 τε
1271 2482 1371 2537 καὶ
1387 2483 1630 2539 διακόνο

1891 2504 1940 2539 m
1971 2486 2078 2542 illis
2113 2489 2405 2558 portionem
2442 2487 2630 2541 habere
2667 2486 2794 2540 mihi
2831 2487 2886 2539 in
2930 2485 3036 2539 Deo
3093 2487 3386 2556 contingat.

138 2565 247 2630 μετ’
284 2566 491 2620 αὐτῶν
518 2584 620 2637 μοι
642 2567 876 2637 γένοιτο
904 2570 970 2624 τὸ
987 2570 1175 2640 μέρος
1199 2574 1365 2643 ἔχειν
1394 2575 1465 2629 ἐν
1492 2576 1633 2643 Θεῷ.

941 2570 970 2624 ὁ
987 2570 1175 2640 μέρος
1199 2574 1365 2643 ἔχειν
1394 2575 1465 2629 ἐν
1492 2576 1633 2643 Θεῷ.
1814 2578 1896 2634 Ad
1929 2578 2213 2652 Polycarp.
2239 2596 2358 2651 cap.
2385 2579 2436 2633 6.

405 2685 718 2742 Antiochus
770 2696 884 2743 tum
939 2689 1061 2757 hic,
1115 2700 1231 2747 tum
1285 2695 1416 2751 alibi
1462 2697 1669 2767 passim
1721 2698 1887 2754 verba
1942 2699 2117 2755 sancti
2168 2700 2359 2770 lgnatii
2398 2715 2461 2754 ex
2503 2697 2627 2753 aliis
2670 2695 2793 2765 ejus
2823 2690 3083 2762 Epistolis
3120 2689 3390 2745 descriota

222 2770 343 2809 ιωι.

1707 2859 1896 2916 XXIII.

692 2961 948 3023 Mutatus
978 2965 1036 3021 in
1075 2965 1261 3025 Schol.
1297 2969 1363 3025 ad
1393 2970 1860 3028 PSEUDO-DIONYS.
1903 2974 2177 3028 Annona.
2211 2972 2287 3028 De
2322 2972 2522 3029 divinis
2556 2972 2823 3027 nominib.

1387 3058 1503 3111 cap.
1538 3044 1593 3109 4,
1634 3044 1661 3113 §
1706 3045 1792 3111 12,
1824 3061 1948 3115 pag.
1988 3046 2112 3099 615.

211 3167 270 3221 '0
307 3169 452 3237 ἐμὸς
478 3170 646 3239 ἔρως.
682 3174 982 3246 Ζητητέον,
1024 3176 1138 3240 πῶς
1168 3178 1261 3231 ἐπὶ
1298 3179 1589 3253 Ὀνησίμου
1616 3181 1706 3236 τοῦ

1893 3165 2051 3217 Amor
2078 3179 2243 3217 meus.
2271 3161 2635 3229 Quazrendum
2690 3157 2967 3230 quomodo
2996 3151 3210 3221 lgnatio
3262 3166 3388 3206 cum

138 3260 264 3329 μετὰ
289 3263 555 3334 Τιμόθεον
591 3243 849 3335 Ἰγνατίου
862 3267 1269 3340 διαλεγομένου,
1295 3272 1390 3325 καὶ
1410 3243 1633 3345 γραφονν

1896 3256 2097 3321 ηεείῐηο,
2130 3254 2403 3310 Timothei
2453 3263 2692 3324 postero,
2735 3252 3044 3319 disputante
3084 3256 3139 3301 et
3181 3246 3248 3299 ad
3283 3243 3391 3297 Ro-

146 3354 431 3426 Ῥωμαίοις
460 3359 541 3425 τὸ,
575 3360 751 3429 Ἐμὸς
782 3363 928 3430 ἔρως
959 3364 1321 3432 ἐσταύρωται
1344 3406 1360 3431 ,
1380 3344 1508 3420 κ.
1541 3367 1591 3420 λ.
1623 3407 1635 3421 .

1977 3364 2011 3404 »ε
2046 3349 2335 3414 scribente,
2366 3346 2532 3400 Amor
2557 3362 2700 3400 meus
2744 3344 3030 3412 cruciﬁxus
3075 3351 3171 3407 est,
3211 3347 3384 3393 etc....
3466 3347 3472 3353 ‘

137 3445 440 3520 Τεκμήριον
480 3450 567 3523 δὴ,
604 3451 665 3504 τὸ
694 3454 767 3525 μὴ
804 3455 1187 3526 προσκεῖσθαιο
1212 3456 1436 3527 Γράφει
1465 3458 1532 3511 δέ
1556 3477 1632 3512 τις

1896 3442 1989 3510 jus
2040 3441 2119 3495 rei
2180 3449 2563 3511 argumentum
2617 3446 2722 3501 est,
2766 3437 2910 3506 quod
2966 3450 3072 3487 non
3130 3432 3389 3485 habeatur

138 3541 374 3594 τουτέστι
408 3522 732 3614 Ῥωμαίοις·
756 3522 897 3599 ἁλλ’
942 3546 1150 3611 ἁπλῶς·
1185 3522 1408 3618 Γράέει
1430 3549 1498 3603 δὲ
1532 3550 1628 3604 καὶ

1891 3548 1924 3594 3,
2003 3530 2189 3586 scribit
2255 3545 2372 3586 vero
2443 3526 2789 3597 quibusdam,
2895 3526 2945 3578 id
2982 3535 3063 3577 est
3095 3522 3386 3586 Romanis;

138 3629 293 3697 θεῖος
314 3608 624 3702 Ἰγνάτιος.
1113 3608 1123 3611 ν
1229 3608 1247 3615 ⁷
1312 3608 1329 3618 ,

1889 3620 1909 3672 l
1967 3618 2291 3689 simplicnter
2327 3618 2511 3672 scribit
2551 3634 2668 3672 vero
2702 3614 2852 3668 divus
2888 3610 3149 3683 Ignatius.
3212 3608 3384 3674 Epist.

1816 3713 1885 3767 ad
1917 3711 2093 3777 Rom.,
2126 3727 2241 3780 cap.
2278 3709 2329 3762 7.

596 3831 747 3902 IDEM,
772 3835 825 3888 in
854 3835 987 3892 Loc.
1019 3852 1299 3892 commun.
1340 3837 1510 3893 Serm.
1548 3855 1607 3893 ιι.
1649 3839 1731 3896 Ea:
1752 3844 1978 3897 edition.
2019 3841 2343 3912 Contbeﬁsii,
2374 3850 2499 3894 tom.
2535 3841 2605 3902 ll,
2640 3855 2760 3908 pag.
2792 3834 2915 3889 554.

742 3973 1053 4030 Ἰτονατίου.
2492 3978 2720 4030 ΙοΝΑτιι.

756 3992 1053 4044 ιγνατιου.

207 4065 410 4119 Τέλειοι
452 4066 608 4129 ὄντες
654 4067 837 4120 τέλεια
885 4069 1133 4137 φρονεῖτε
1161 4085 1175 4098 ο
1202 4066 1416 4120 θέλουσι
1453 4066 1561 4138 γὰρ
1586 4067 1702 4138 ὑμῖι

2493 3992 2720 4030 ιοκλτιι.

1898 4071 1957 4125 ui
2003 4070 2228 4141 perfecti
2285 4070 2439 4135 estis,
2493 4067 2733 4137 perfecta
2787 4061 2959 4131 sapite
3014 4028 3043 4112 ιι
3091 4055 3393 4110 volentibus

146 4153 200 4211 εὖ
229 4161 504 4230 πράττειν,
536 4160 672 4223 Θεὸς
697 4160 913 4231 ἕτοιμος
937 4162 1018 4224 εἰς
1047 4160 1108 4213 τὸ
1131 4160 1409 4232 παρέχειν.

1897 4166 1963 4218 im
2004 4165 2159 4220 vobis
2204 4164 2346 4217 bene
2385 4176 2568 4233 agere,
2594 4160 2739 4214 Deus
2779 4162 3001 4227 paratus
3031 4161 3113 4205 est
3137 4149 3392 4221 praelmre.

1819 4255 1987 4325 Epist.
2021 4255 2090 4308 ad
2127 4252 2366 4323 Smyrn.,
2400 4267 2514 4321 cap.
2549 4254 2636 4309 Η.

1262 4398 1418 4460 locu,
1452 4396 1609 4461 ibid.,
1638 4410 1796 4448 serm.
1836 4405 1995 4455 mu,
2026 4405 2081 4459 p.
2123 4389 2247 4444 658.

597 4510 709 4565 Τοῦ
750 4512 925 4582 ἁγίου
975 4513 1288 4583 Ἰγνατίου.
1554 4541 1558 4545 ~

1554 4541 1558 4545 .
2118 4576 2121 4579 _
2390 4504 2576 4559 Sancti
2612 4501 2832 4573 Ignatii.

216 4601 323 4654 Κᾶν
348 4602 661 4675 ὲρῥωμένος
697 4597 743 4660 ὦ
772 4604 839 4658 τὰ
861 4604 1002 4659 κατὰ
1045 4605 1197 4670 Θεὸν,
1228 4605 1389 4659 πλέον
1418 4624 1483 4677 με
1507 4606 1589 4660 δεῖ
1616 4625 1711 4676 φο-

1902 4597 2027 4652 Cum
2069 4597 2125 4652 in
2166 4597 2330 4652 rebus
2385 4595 2586 4652 divinis
2632 4596 2822 4648 ﬁrmus
2850 4606 2913 4644 ac
2936 4587 3194 4641 robustus
3224 4583 3397 4648 fuero,

151 4690 363 4756 ῦεῖσθαι,
393 4696 488 4748 καὶ
522 4695 813 4765 προσέχειν
833 4699 945 4759 τοῖς
980 4698 1103 4769 εἰκῆ
1139 4697 1390 4767 φυσιοῡσί
1427 4716 1495 4768 με
1519 4715 1532 4729 ⁸
1558 4700 1646 4751 tm

1903 4707 1939 4745 n
1965 4691 2347 4746 vehementius
2379 4691 2597 4743 timeam
2625 4692 2858 4756 oportet,
2888 4682 2956 4735 ab
2984 4680 3161 4748 iisque
3180 4692 3398 4731 caveam

154 4780 351 4846 νοῦντες
375 4784 484 4855 γάρ
521 4801 613 4855 με,
652 4785 1029 4856 μαστιγοῦσιν.

1903 4784 1913 4838 i
1965 4799 2052 4839 me
2092 4785 2376 4838 incassum
2417 4780 2642 4843 inﬂant;
2701 4775 2980 4845 qui-enim
3035 4788 3120 4825 me
3157 4770 3398 4831 laudant,

1820 4878 2004 4942 ﬂagris
2019 4892 2107 4932 me
2130 4876 2391 4932 afﬁciunt.
2424 4873 2599 4944 Epist.
2617 4870 2687 4925 ad
2716 4867 2886 4924 Tralt.
2912 4863 3178 4935 interpol.,
3202 4877 3317 4931 cap.
3347 4861 3379 4912 4

1678 5014 1867 5073 XXIV.

822 5120 1147 5180 Tusonoaus
1178 5139 1507 5191 rnssnrrna,
1544 5128 1686 5197 apud
1710 5128 1963 5187 Pnonuu
1983 5130 2246 5186 Biblioth.
2274 5130 2407 5185 Cod.
2438 5145 2478 5194 ι,
2513 5143 2637 5198 pag.
2670 5126 2727 5184 5.

222 5235 334 5301 Πῶς
348 5238 622 5314 μέμνηται
636 5242 735 5313 τῆς
749 5241 841 5296 τοῦ
854 5242 1126 5314 Θεοφορου
1151 5243 1413 5312 Ἰγνατῐου
1433 5245 1717 5316 ἐπιστολῆς

1907 5248 2011 5304 Cur
2055 5250 2344 5320 epistolam
2401 5249 2543 5305 beati
2592 5249 2787 5320 Ignatii
2825 5249 2915 5303 hic
2960 5246 3098 5300 liber
3132 5240 3402 5315 (Dionysii

160 5325 191 5396 ἡ
232 5327 432 5398 βίσλος;
484 5337 514 5389 ὁ
541 5334 643 5406 μὲν
685 5335 795 5407 γὰρ
844 5335 1121 5399 Διονύσιος
1176 5337 1289 5400 τοῖς
1326 5335 1435 5391 τῶν
1483 5336 1655 5390 ἀποστ

1905 5342 2191 5413 εοριιιςίιειε)
2254 5342 2419 5397 citat?
2475 5341 2767 5413 Dionysius
2832 5340 2980 5394 enim
3026 5336 3400 5407 apostolorum

160 5416 258 5507 λων
286 5424 556 5497 ὲνήκμασε
592 5427 802 5498 χρόνοις
824 5443 832 5459 ·
854 5426 1112 5496 Ἰγνάτιος
1138 5427 1196 5480 δὲ
1218 5428 1311 5481 ἐπὶ
1336 5427 1606 5499 Τραϊανοῦ
1628 5446 1655 5482 τ

1907 5436 2169 5507 nporibus
2206 5433 2432 5489 ﬂoruit:
2461 5435 2707 5505 lgnatius
2733 5445 2861 5486 vero
2891 5428 3131 5500 Trajano
3158 5428 3402 5495 Augusto

158 5506 243 5563 διὰ
265 5517 553 5589 μαρτυρίου
582 5518 818 5590 ἡθλησεν
838 5517 1025 5588 ἀγῶνα
1042 5558 1056 5583 ,
1083 5518 1144 5583 ὃς
1173 5520 1266 5585 καὶ
1280 5520 1388 5591 πρὸ
1406 5517 1583 5591 βραχὺ
1621 5538 1653 5573 τ

1906 5506 2133 5600 perante
2161 5528 2407 5600 martyrii
2433 5535 2709 5581 certamen
2734 5523 2984 5587 certavit,
3005 5531 3059 5576 et
3088 5519 3252 5591 paulo
3275 5525 3401 5572 ante

164 5602 395 5681 τελευτῆς
420 5611 625 5683 ταύτην
655 5610 967 5682 ἐπιστολὴν,
994 5604 1063 5683 ἧς
1088 5613 1121 5683 ἡ
1150 5610 1328 5682 βίϐλος
1368 5610 1659 5683 μνημονεύε

1902 5629 2061 5677 πιεηι
2104 5636 2227 5678 eam
2278 5618 2562 5692 epistolam
2608 5629 2771 5687 quam
2804 5615 2893 5672 hic
2920 5616 3056 5671 liber
3082 5612 3233 5678 citat,
3264 5623 3397 5665 con-

166 5694 361 5764 γράφει.

1828 5714 2065 5785 scripsit.
