3786 6324
386 334 458 390 97
1473 334 1531 390 S.
1572 332 1921 391 IGNATIUS.
1962 365 2031 377 —-
2067 332 2099 387 P

2150 318 2626 391 LOLEGUMENAC
3593 312 3664 368 28

1977 447 2140 505 XXV.

746 564 995 621 Asnaus
1020 563 1346 627 CRBTENSIS,
1383 565 1568 620 homit.
1605 582 1666 631 ιι,
1697 565 1751 621 in
1782 563 2008 623 Nativit.
2035 566 2098 619 Β.
2135 565 2397 636 Virginis.
2433 564 2520 619 Ea:
2548 581 2647 619 ms.
2687 538 2861 619 Oxon.
2897 566 3037 637 apud
3059 564 3321 622 Pssnsou.

1514 637 1569 690 in
1598 636 1811 691 Vindic.
1845 636 2015 707 lgnat.
2053 647 2195 707 part.
2238 653 2277 705 ι,
2302 653 2419 707 cap.
2448 637 2505 690 2.

461 746 533 805 Ut
568 751 646 805 ait
670 759 895 807 sanctus
936 749 1043 817 vir,
1072 751 1163 806 cui
1205 766 1403 806 nomen
1432 751 1678 822 Ignatius
1707 770 1722 807 :
1756 752 1969 807 Princi-
1995 759 2043 817 Α

2143 754 2242 817 ’Ὦς
2268 753 2400 825 φησι
2425 770 2526 808 που
2581 753 2733 823 ἅγιος
2764 754 2923 824 ἀνὴρ,
2961 752 3220 820 Ἰγνάτιος
3258 750 3429 822 ὄνομα
3462 750 3625 813 αὐτῷ
3654 762 3659 771 ³

387 856 503 910 pem
548 840 707 911 hujus
754 840 940 896 seculi
964 840 1127 894 latuit
1157 842 1434 911 virginitas
1462 841 1673 908 Mariae,
1700 852 1751 896 et
1779 852 1963 912 partus
2066 848 2099 899 Β

2150 845 2175 899 :i
2211 847 2390 901 ἔλαθε
2414 845 2523 901 τὸν
2547 845 2810 917 ἄρχοντα
2840 844 2946 900 τοῦ
2977 844 3193 910 αἰῶνος
3221 845 3667 913 τούτουήκαρ·

387 932 522 1002 ejus,
549 933 795 987 similiter
814 943 863 987 et
902 950 1043 987 mars
1079 932 1278 988 Christi
1302 949 1321 987 :
1350 936 1456 988 tria
1484 936 1751 989 tremenda
1777 946 1971 1005 myste-

390 1026 495 1090 ria,
524 1025 710 1094 quain
739 1026 952 1080 silentio
974 1025 1070 1081 Dei
1098 1026 1244 1097 facta
1271 1035 1416 1081 sunt.
1445 1025 1619 1098 Epist.
1644 1027 1711 1083 ad
1738 1026 1965 1099 Ephes.,

386 1132 509 1189 cap.
550 1118 637 1174 i9.

2067 937 2235 992 θενίιι
2275 939 2526 1007 Μαρίας,
2557 938 2655 991 καὶ
2693 940 2726 992 ὀ
2776 938 2953 1003 τόκος
2997 935 3206 1005 αὐτῆς,
3229 937 3445 1007 ὁμοίως
3486 936 3597 990 καὶ
3626 937 3659 989 d

2069 1029 2322 1097 θάνατος
2345 1032 2449 1085 τοῦ
2463 1030 2742 1099 Χριστοῦ·
2761 1030 2893 1099 τρία
2909 1027 3211 1099 μυστήρια
3230 1028 3466 1099 φρικτὰ,
3476 1029 3658 1083 ἅτινα

2069 1122 2140 1177 ἐν
2170 1123 2398 1194 ἠσυχίᾳ
2428 1122 2575 1178 Θεοῦ
2600 1121 2889 1192 ἐπράχθη.

1944 1236 2133 1294 XXVI.

1248 1331 1527 1389 Asrosws
1556 1331 1814 1399 Msusss,
1854 1330 1985 1389 Loc.
2029 1348 2254 1401 comm.,
2286 1333 2380 1389 lib.
2413 1348 2475 1402 ιι,
2503 1349 2620 1404 cap.
2659 1331 2749 1387 48.

457 1440 659 1499 Omnes
710 1440 868 1509 ferto,
899 1453 960 1499 ut
1002 1452 1057 1500 te
1101 1443 1400 1510 Dominus;
1431 1461 1622 1502 omnes
1655 1446 1866 1502 sustine
1909 1445 1963 1499 in

388 1533 685 1603 charitate;
711 1536 925 1605 postula
942 1537 1287 1606 prudentiam
1310 1539 1573 1609 majorem
1590 1554 1654 1594 ea
1685 1553 1850 1609 quam
1868 1538 1966 1591 ha-

388 1625 506 1681 bes.
536 1627 793 1683 Omnium
822 1630 1047 1685 morbos
1069 1640 1260 1699 porta;
1288 1630 1379 1685 ubi
1410 1630 1556 1686 enim
1586 1629 1709 1701 plus
1738 1630 1970 1693 laboris,

390 1718 466 1774 ibi
493 1718 634 1776 lucri
669 1720 923 1777 multum.
950 1720 1124 1792 Epist.
1150 1722 1220 1777 ad
1252 1722 1562 1793 Polycarp.,
1586 1740 1703 1793 cap.
1736 1724 1788 1778 l.

2144 1446 2359 1510 Πάντας
2393 1445 2630 1518 βάσταζε
2681 1446 2757 1510 ὥς
2800 1463 2858 1499 σε
2889 1446 2917 1498 6
2951 1445 3185 1518 Κύριος·
3210 1444 3429 1499 πάντων
3458 1443 3660 1514 ἀνέχου

2074 1539 2131 1592 ὲν
2169 1539 2390 1612 ἀγάπτγ
2425 1539 2575 1592 αἰτοῦ
2618 1538 2829 1592 σύνεσιν
2863 1538 3082 1593 πλείονα
3113 1533 3182 1610 ἦς
3230 1537 3392 1608 ἔχεις.
3430 1536 3661 1590 Πάντων

2074 1630 2173 1695 τὰς
2204 1632 2391 1696 νόσους
2425 1631 2657 1702 βάσταζε
2675 1649 2688 1661 ·
2724 1633 2856 1684 ὅπου
2880 1630 2989 1703 γὰρ
3009 1631 3206 1686 πλείων
3229 1630 3419 1694 κόπος,
3439 1627 3582 1683 πολὺ
3604 1626 3663 1679 τὸ

2074 1723 2294 1796 κέρδος.

1616 1843 1770 1909 lout,
1814 1842 1970 1909 ibid.,
1995 1840 2092 1895 lib.
2124 1856 2185 1906 ιι,
2210 1855 2328 1910 cap.
2359 1837 2446 1894 89.

462 1954 621 2011 Stato
663 1958 825 2028 quasi
868 1958 1048 2025 incus,
1085 1960 1218 2016 dum
1268 1959 1528 2027 caaderis;
1588 1960 1841 2032 generosi
1886 1971 1971 2016 εει

2144 1958 2320 2029 Στῆκε
2359 1958 2436 2022 ὡς
2478 1957 2691 2028 ἄκμων,
2724 1956 3089 2027 τυπτόμενος·
3129 1952 3366 2025 μεγάλου
3416 1949 3664 2021 ἀθλητοῦ

390 2049 626 2118 athletae,
661 2051 797 2106 caedi
841 2061 897 2107 et
949 2052 1203 2121 vincere;
1237 2052 1477 2108 maxime
1530 2063 1750 2124 propter
1796 2051 1970 2107 Deum
2074 2052 2099 2104 ὲ

2150 2068 2190 2105 τι
2238 2050 2489 2122 δέρεσθαι
2534 2050 2629 2103 καὶ
2677 2051 2869 2122 νικᾷν·
2908 2048 3142 2120 μάλιστα
3185 2046 3243 2102 δὲ
3283 2046 3467 2098 ἕνεκεν
3522 2038 3664 2097 Θεοῦ

388 2142 573 2198 omnia
605 2144 926 2199 sustinenda
955 2154 1105 2211 sunt,
1141 2153 1204 2199 ut
1248 2146 1366 2215 ipse
1406 2160 1627 2215 quoque
1664 2159 1766 2199 nos
1804 2142 1971 2200 susti-

390 2242 535 2288 neat.
568 2235 649 2289 Ad
681 2234 992 2306 Polycarp.,
1026 2252 1145 2306 cap.
1170 2236 1223 2290 5.

2076 2142 2255 2196 πάντα
2282 2143 2431 2213 ἡμᾶς
2463 2141 2754 2215 ὑπομένειν
2785 2141 2888 2206 δεῖ,
2915 2140 3004 2195 ἴνα
3034 2140 3129 2194 καὶ
3154 2138 3317 2201 αὐτὸς
3340 2137 3487 2207 ἡμᾶς
3525 2136 3663 2188 ὑποο

2081 2236 2238 2307 μένῃ.

1589 2348 1744 2415 luant,
1775 2347 1934 2416 ibid.,
1963 2348 2056 2404 lib.
2101 2364 2163 2416 ιι,
2199 2365 2316 2420 cap.
2351 2348 2442 2404 23.

465 2458 620 2515 Servi
650 2476 761 2517 non
808 2461 1118 2519 desiderent
1144 2479 1173 2519 a
1200 2464 1481 2521 communi
1504 2464 1662 2519 liberi
1687 2464 1838 2529 ﬁeri;
1868 2463 1965 2519 sed
2004 2450 2047 2505 Β

2150 2464 2208 2518 0i
2237 2461 2414 2517 δοῦλοι
2446 2469 2519 2535 μὴ
2558 2462 2840 2535 ἑράτωσαν
2871 2460 2980 2517 ἀπὸ
3012 2458 3193 2515 κοινοῦ
3222 2454 3665 2529 ὲλευθεροῦσθαι,

392 2550 449 2606 in
496 2552 722 2621 gloriam
777 2552 873 2610 Dei
908 2555 1031 2627 plus
1068 2557 1333 2624 serviant,
1360 2564 1421 2611 ut
1456 2557 1670 2612 meliori
1719 2556 1970 2613 libertate
2072 2554 2099 2608 ἁ

2150 2556 2185 2608 λ’
2206 2556 2287 2618 εἰς
2313 2554 2470 2619 δόξαν
2498 2553 2632 2608 Θεοῦ
2661 2554 2822 2608 πλέον
2852 2552 3272 2617 δουλευέτωσαν,
3303 2551 3390 2604 ἵνα
3410 2549 3665 2620 κρείττο-

392 2657 426 2697 a
452 2641 563 2699 Deo
586 2644 883 2714 potiantur.
924 2648 1008 2703 Ad
1033 2648 1343 2719 Polycarp.,
1369 2666 1482 2719 cap.
1515 2649 1569 2704 4.

2074 2664 2163 2712 νος
2193 2646 2508 2718 ἐλευθερίας
2534 2645 2642 2700 ἀπὸ
2669 2644 2805 2701 Θεοῦ
2832 2644 3087 2717 τύχωσιν.

1610 2764 1765 2828 Inest,
1807 2761 1965 2825 ibid.,
1996 2759 2091 2816 lib.
2126 2775 2167 2827 ι,
2189 2777 2307 2831 cap.
2349 2759 2437 2815 14.

465 2853 524 2910 Si
555 2856 679 2926 quis
706 2856 759 2911 in
794 2857 1046 2913 castitate
1096 2872 1318 2913 manere
1358 2866 1538 2929 potest
1581 2860 1649 2914 ad
1701 2860 1968 2914 honorem

2141 2857 2211 2910 Εἴ
2233 2873 2317 2920 τις
2335 2855 2558 2910 δύναται
2585 2856 2644 2910 ὲν
2673 2853 2867 2926 ἁγνεία
2899 2853 3081 2927 μένειν
3102 2855 3183 2918 εἰς
3213 2854 3376 2925 τιμὴν
3406 2853 3507 2923 τῆς
3535 2870 3670 2923 σαρ-

389 2949 577 3005 carnis
608 2948 842 3016 Domini,
872 2950 1276 3021 sinejactantia
1317 2962 1562 3019 maneat;
1606 2960 1661 3007 et
1709 2951 1756 3007 si
1795 2951 1969 3007 videri
2071 2967 2099 3004 ιι

2150 2967 2167 3014 ;
2199 2950 2296 3003 τοῦ
2329 2949 2636 3021 Κυρίου,ὲν
2666 2948 2981 3019 ἀκαυχησεᾳ
3014 2946 3223 3019 μενέτω
3245 2963 3260 2977 ·
3294 2947 3389 3000 καὶ
3411 2945 3507 2998 ἐὰν
3528 2962 3671 3014 γνω-

392 3039 510 3094 vult
536 3040 659 3110 plus
688 3041 969 3112 episcopo,
1009 3053 1301 3113 corruptus
1325 3052 1427 3098 est.
1464 3043 1631 3100 Decet
1656 3052 1837 3099 autem
1866 3044 1971 3099 du-

2083 3040 2185 3113 σθῇ
2220 3040 2382 3095 πλέον
2412 3040 2506 3094 τοῦ
2542 3041 2867 3105 ἐπισκόπου,
2898 3040 3186 3113 ἔφθαρται.
3221 3040 3432 3111 Πρέπει
3467 3039 3527 3093 δὲ
3556 3041 3671 3102 τοῖς

389 3140 581 3188 centes
632 3141 689 3187 et
730 3133 924 3190 ductas
967 3150 1095 3191 cum
1128 3135 1401 3191 sententia
1433 3135 1674 3207 episcopi
1706 3135 1968 3191 unionem
2077 3152 2099 3203 Ἰ

2156 3133 2316 3205 μοῦσι
2370 3134 2466 3188 καὶ
2514 3137 2636 3198 ταῖς
2688 3132 3087 3205 γαμουμέναις,
3122 3132 3263 3206 μετὰ
3304 3131 3532 3204 γνώμης
3572 3129 3670 3185 τοῦ

390 3220 594 3292 facere,
644 3234 705 3280 ut
754 3227 959 3297 nuptiae
1013 3228 1146 3282 liant
1194 3227 1504 3283 secundum
1549 3225 1742 3295 Deum,
1773 3237 1827 3283 et
1863 3243 1974 3283 non
2080 3227 2099 3279 ὲ

2150 3225 2381 3281 νισκόπου
2409 3226 2508 3298 τὴν
2539 3226 2736 3280 ἕνωσιν
2769 3227 3063 3294 ποιεῖσθαι,
3095 3228 3185 3283 ἴνα
3209 3227 3240 3281 6
3266 3227 3443 3297 γάμος
3525 3224 3671 3279 κατὰ

391 3315 692 3373 secundum
722 3319 1097 3390 cupiditatem.
1125 3319 1209 3373 Ad
1244 3317 1560 3390 Polycarp.,
1581 3335 1699 3388 cap.
1740 3318 1793 3374 5.

2082 3317 2239 3383 Θεὸν,
2268 3318 2364 3372 καὶ
2408 3319 2484 3392 μὴ
2530 3321 2650 3373 κατ’
2685 3319 3002 3391 ἐπιθυμίαν.

1642 3436 1799 3503 lnnu,
1827 3434 1983 3503 ibid.,
2013 3434 2107 3491 lib.
2135 3450 2198 3503 ιι,
2232 3452 2349 3506 cap.
2385 3434 2475 3490 86.

466 3547 745 3607 Patienter
788 3549 878 3605 alii
919 3551 1059 3608 alios
1081 3566 1207 3608 eum
1240 3553 1662 3609 mansuetudine
1695 3553 1968 3623 patimini,

396 3649 456 3696 ut
479 3656 578 3697 nos
603 3657 820 3713 semper
843 3641 1008 3700 Deus.
1034 3644 1116 3699 Ad
1145 3644 1457 3717 Polycarp.,
1485 3663 1603 3716 cap.
1634 3646 1688 3701 6.

2147 3550 2572 3623 Μακροθυμεῖτε
2621 3551 2738 3621 μετ’
2772 3548 3015 3621 ἀλλήλων
3072 3546 3130 3599 ὲν
3183 3542 3477 3615 πραΰτητι,
3519 3540 3602 3602 ὡς
3644 3540 3672 3592 6

2081 3644 2213 3707 Θεὸς
2247 3644 2362 3715 μεθ’
2392 3642 2548 3715 ἡμῶν
2579 3641 2669 3696 διὰ
2697 3641 2917 3705 παντός.

1157 3793 1193 3819 .
1648 3760 1805 3825 lusu,
1837 3756 1995 3825 ibid.,
2021 3755 2117 3811 lib.
2147 3770 2208 3821 ιι,
2237 3772 2354 3825 cap.
2387 3755 2439 3809 5.

470 3875 604 3931 Date
631 3891 856 3947 operam
894 3892 963 3933 ne
992 3878 1271 3935 resistatis
1296 3878 1577 3950 episcopo,
1600 3886 1661 3935 ut
1702 3878 1825 3934 sitis
1868 3876 1982 3934 Deo
2010 3878 2054 3936 C

2157 3876 2503 3930 Σπουδάσατε
2558 3877 2632 3948 μὴ
2675 3871 3090 3930 ἀντιτάσσεσθαι
3128 3868 3207 3941 τῷ
3245 3864 3551 3935 ὲπισκόπῳ,
3585 3863 3671 3916 ἵνα

399 3962 664 4033 subjecti;
709 3973 765 4020 et
806 3980 918 4036 quo
968 3967 1147 4038 magis
1195 3969 1423 4023 tacitum
1473 3968 1720 4023 videritis
1765 3968 1979 4038 episco-

400 4067 554 4122 pum,
595 4070 662 4110 eo
717 4057 911 4128 magis.
940 4058 1097 4114 illum
1137 4060 1384 4115 metuite.
1413 4059 1810 4130 Quemcunque
1834 4059 1979 4115 enim

400 4146 570 4201 mittit
623 4148 1017 4218 paterfamilias
1070 4160 1132 4206 ut
1178 4151 1256 4207 rei
1311 4150 1627 4207 domestica:
1656 4151 1860 4221 praasit,
1902 4150 1983 4206 sic

401 4238 559 4295 decet
585 4256 689 4297 nos
727 4243 978 4314 excipere
1005 4244 1155 4300 velut
1188 4244 1369 4314 ipsum
1411 4242 1507 4314 qui
1534 4244 1720 4299 mittit.
1754 4242 1983 4313 Episco-

402 4346 534 4399 pum
584 4332 748 4404 igitur
794 4341 1057 4406 tanquam
1110 4334 1404 4392 Dominum
1459 4335 1640 4406 ipsum
1696 4337 1981 4406 suspicere

400 4433 635 4495 oportet.
666 4425 752 4479 Ad
775 4424 993 4497 Ephes.,
1020 4444 1172 4498 capp.
1198 4428 1233 4484 5
1270 4436 1325 4483 et
1359 4426 1413 4482 6.

2086 3967 2184 4044 ἦτε
2228 3968 2347 4040 Θεῷ
2381 3969 2808 4040 ὑποτασσόμενοι
2831 3985 2845 3999 ι
2876 3965 2973 4021 καὶ
3014 3965 3138 4018 ὅσον
3172 3961 3396 4032 βλέπετε
3432 3954 3671 4024 σιγῶντα

2084 4063 2174 4116 τὸν
2204 4062 2519 4125 ἐπίσκοπον,
2552 4061 2713 4115 πλέον
2746 4060 2907 4115 αὐτὸν
2950 4056 3225 4128 φοὸεἴσθε.
3260 4052 3445 4107 Πάντα
3472 4049 3587 4121 γὰρ
3614 4048 3670 4100 δν

2088 4152 2295 4223 πέμπει
2320 4153 2349 4205 6
2374 4151 2754 4220 οἰκοδεσπότης
2776 4152 2856 4214 εἰς
2884 4148 3020 4203 ἰδίαν
3048 4138 3573 4215 οἱκονομίαν,οὖτως
3593 4138 3672 4191 δεῖ

2086 4246 2236 4317 ἡμᾶς
2279 4244 2441 4297 αὐτὸν
2484 4242 2734 4315 δέχεσθαι
2771 4242 2848 4307 ὡς
2895 4239 3058 4295 αὐτὸν
3086 4237 3179 4291 τὸν
3222 4234 3528 4306 πέμποντα.
3567 4231 3671 4283 Τὸν

2086 4333 2179 4391 οὖν
2235 4336 2532 4391 ἐπίσκοπον
2582 4336 2658 4400 ὡς
2712 4334 2876 4389 αὐτὸν
2926 4332 3017 4386 τὸν
3064 4331 3267 4403 Κύριον
3308 4327 3389 4380 δεῖ
3435 4322 3670 4396 προσλέ-

2091 4446 2160 4481 πε
2169 4447 2236 4483 ιν.

1614 4542 1772 4609 Ιιιειι,
1805 4541 1960 4609 ibid.,
1990 4540 2085 4599 tib.
2124 4559 2185 4605 ιι.
2213 4558 2333 4613 cap.
2367 4541 2456 4597 67.

472 4658 620 4716 Nihil
639 4671 724 4718 est
741 4679 873 4734 pace
897 4665 1127 4732 melius,
1170 4680 1281 4736 qua
1321 4678 1484 4720 omne
1514 4662 1717 4718 bellum
1750 4660 1976 4716 dirimi-

406 4762 516 4808 tur.
544 4753 627 4808 Ad
658 4753 874 4825 [Ep/tem,
905 4775 1024 4828 cap.
1052 4759 1138 4813 15.

2161 4661 2327 4716 Οὐδέν
2374 4662 2521 4713 ἐστιν
2556 4659 2778 4730 ἄμεινον
2804 4653 3026 4728 εἰρήνης
3045 4689 3061 4715 ,
3085 4650 3142 4704 ἐν
3251 4646 3359 4709 πᾶς
3383 4644 3412 4697 6
3436 4639 3671 4710 πόλεμος

2091 4752 2434 4807 καταλύεται.

1620 4872 1774 4941 lusu,
1808 4870 1965 4934 ibid.,
1990 4866 2091 4923 lib.
2126 4881 2188 4930 ιι,
2215 4882 2331 4936 cap.
2369 4864 2457 4920 i9.

476 4969 700 5027 Samuel
746 4985 872 5026 cum
915 4969 1098 5025 adhuc
1141 4984 1345 5039 parvus
1388 4983 1525 5039 puer
1566 4976 1744 5034 esset,
1786 4964 1986 5021 Videns
2017 4988 2061 5043 ι)

405 5072 491 5120 est
512 5074 763 5129 vocatus,
797 5077 861 5118 ac
892 5062 947 5117 in
983 5062 1373 5133 prophetarum
1400 5076 1629 5116 numero
1647 5068 1731 5115 est
1764 5066 1985 5127 coopta-

406 5165 515 5211 tus.
539 5155 728 5211 Daniel
756 5154 936 5210 adhuc
954 5153 1174 5225 juvenis
1198 5168 1466 5209 consenes
1485 5152 1752 5223 quosdam
1774 5148 1985 5221 judicio

405 5246 709 5311 damnavit,
731 5259 939 5314 eosque
972 5259 1083 5299 non
1115 5243 1385 5310 seniores,
1429 5243 1522 5299 sed
1547 5238 1986 5313 perdite‘rlibidi-

408 5353 576 5394 nosos
600 5353 724 5394 esse
756 5337 1173 5394 demonstravit.
1208 5335 1479 5392 Jeremias
1525 5350 1650 5390 cum
1680 5332 1987 5403 juventutis

408 5446 578 5488 causa
608 5470 625 5494 ,
659 5445 779 5486 eam
828 5446 995 5501 quam
1034 5428 1180 5485 Deus
1228 5427 1282 5485 ei
1334 5428 1584 5483 tradebat
1626 5425 1989 5497 pr0phetandi

409 5524 748 5596 provinciam
767 5531 1068 5591 recusaret,
1090 5538 1122 5577 a
1143 5522 1255 5578 Deo
1278 5522 1371 5577 illa
1398 5521 1586 5576 audit:
1621 5518 1698 5574 Te
1713 5518 1989 5590 juniorem

411 5629 537 5671 esse
556 5630 625 5670 ne
646 5614 815 5671 dicito
840 5632 855 5669 :
881 5613 950 5668 ad
980 5630 1338 5685 quoscunque
1356 5613 1503 5668 enim
1531 5620 1583 5667 te
1608 5610 1832 5676 misero,
1862 5624 1992 5680 pro-

413 5705 699 5761 ﬁcisceris.
736 5704 995 5761 Salomon
1035 5713 1220 5762 autem
1270 5705 1361 5762 ille
1402 5704 1657 5774 sapiens,
1690 5718 1815 5759 cum
1849 5702 1986 5757 duo-

414 5796 592 5855 decim
616 5796 840 5859 haberet
859 5813 1053 5868 annos,
1080 5814 1335 5871 magnam
1371 5796 1729 5871 quaestionem
1755 5794 1821 5852 de
1843 5794 1989 5865 igno—

2174 4960 2233 5013 '0
2261 4956 2513 5029 Σαμουὴλ
2549 4954 2836 5027 παιδάριον
2870 4950 2968 5016 ὣν,
3000 4950 3030 5004 6
3053 4945 3275 5001 Βλέπων
3304 4940 3540 5012 ἐκλήθη,
3581 4938 3671 4990 καὶ

2089 5051 2167 5123 τῷ
2210 5049 2359 5122 χορῷ
2397 5048 2507 5103 τῶν
2546 5044 2842 5119 προφητῶν
2880 5037 3265 5113 ὲγκατελέχθη.
3320 5032 3517 5104 Δανιὴλ
3552 5030 3671 5091 νέος

2091 5145 2187 5211 ὢν,
2205 5144 2414 5215 ἔκρινεν
2438 5138 2802 5213 ὁμογέροντάς
2819 5152 2991 5199 τινας,
3013 5132 3191 5197 δείξας
3211 5127 3429 5194 ἐξώλεις
3450 5124 3667 5185 αὐτοὺς,

2091 5238 2153 5291 ού
2180 5233 2584 5306 πρεσϐυτέρους
2614 5226 2772 5284 εἶναι.
2808 5225 3078 5299 Ἱερεμίας
3104 5222 3194 5276 διὰ
3216 5220 3280 5274 τὸ
3316 5219 3434 5274 νέον
3460 5232 3540 5270 πα
3551 5232 3669 5306 ραις

2090 5304 2350 5399 τούμενος
2385 5304 2485 5397 τὴν
2528 5318 2973 5395 ὲγχειριζομένην
3027 5315 3176 5386 αὐτῷ
3211 5311 3365 5385 παρὰ
3400 5308 3497 5363 τοῦ
3532 5304 3669 5359 Θεοῦ

2093 5419 2449 5495 προφητείαν,
2475 5416 2691 5474 ἀκούειν
2723 5414 2816 5486 Μὴ
2842 5413 2997 5482 λέγε,
3037 5408 3303 5479 νεώτερος
3350 5402 3496 5475 εἰμί·
3532 5399 3667 5495 διύτι

2092 5493 2229 5585 πρὸς
2264 5511 2470 5575 πάντας
2510 5508 2605 5573 οὒς
2640 5507 2736 5562 ἐὰν
2769 5502 3114 5573 ἐξαποστελῶ
3146 5518 3226 5565 σε,
3261 5496 3527 5568 πορεύσῃ.
3560 5493 3665 5545 Σα-

2090 5605 2274 5678 λομῶν
2304 5605 2361 5658 δὲ
2384 5606 2412 5657 6
2444 5602 2604 5673 σοφὸς
2622 5641 2639 5665 ,
2680 5599 3003 5654 δυοκαίδεκα
3032 5593 3315 5664 τυγχάνων
3342 5587 3509 5651 ὲτῶν,
3537 5598 3667 5638 συν-

2088 5700 2191 5771 ἧκε
2235 5698 2296 5752 τὸ
2342 5697 2483 5769 μέγα
2531 5696 2629 5766 τῆς
2655 5692 2929 5763 ἀγνωσίας
2957 5690 3066 5742 τῶν
3106 5682 3382 5758 γυναικῶν
3419 5680 3515 5735 ἐπὶ
3538 5678 3667 5774 ⁸τοῖς

2092 5769 2385 5863 σφετέροις-
2420 5786 2629 5852 τέκνοις
2668 5784 2906 5857 ζήτημα.
2943 5780 3105 5836 Δαϐὶδ
3136 5780 3165 5832 6
3208 5776 3491 5849 προφήτης
3528 5769 3669 5840 ὁμοῦ
