3786 6288
407 315 473 372 31
1478 320 1536 376 8.
1579 317 1927 376 lGNATIUS.
1965 352 2033 362 —-
2067 320 2599 378 PROLEGOMENA.
3588 325 3653 381 32

1855 449 2007 516 luent,
2058 452 2186 506 ibid.

480 563 546 619 Et
578 565 710 621 dicit
735 546 911 621 etiarn—
933 566 1215 639 (lgnatius)
1244 567 1295 620 in
1328 565 1565 636 Epi/‘tola
1597 584 1693 622 sua
1730 567 1797 623 ad
1822 566 2222 625 Antiochenses
2250 589 2261 623 :
2295 569 2398 635 Qui
2430 571 2597 623 credit
2626 586 2765 622 nunc
2796 570 2850 622 in
2881 568 3124 634 Christo,
3160 579 3209 624 et
3255 588 3356 625 non
3406 572 3463 624 in
3497 572 3648 623 obla.

410 661 548 713 tione
572 676 670 714 sua
702 661 831 731 (esse
865 666 1005 734 eum)
1041 660 1241 714 Filium
1270 660 1367 714 Dei
1407 662 1657 713 creatoris
1688 662 1891 727 mundi,
1931 661 2166 732 dicetque
2195 664 2333 732 quod
2361 672 2437 715 est
2474 662 2585 716 illic
2616 661 2761 732 ﬁlius
2792 664 2953 727 alius,
2985 674 3032 717 et
3056 663 3340 717 substituet
3378 682 3500 717 eum
3535 664 3650 717 loco

407 751 543 819 ejus,
584 752 647 805 de
670 770 769 822 quo
800 753 1074 805 vaticinati
1100 760 1222 804 sunt
1252 753 1535 821 prophetae,
1566 766 1818 822 quemque
1852 754 2211 821 prwdicarunt
2244 754 2515 822 discipuli,
2548 754 2805 823 palatium
2846 764 2921 808 est
2964 755 3184 809 diaboli.
3211 754 3287 808 Ex
3317 755 3487 826 Epist.
3525 773 3644 825 snp-

409 848 573 914 posit.
602 848 668 902 ad
700 848 1048 913 Antiochen.,
1083 864 1203 917 cap.
1230 848 1281 902 5.

1094 1209 1562 1326 ISAACI
1650 1208 2124 1327 VOSSII
2212 1211 2967 1328 PBZEFATIO

1265 1450 1392 1540 IN
1465 1448 2112 1542 EPISTOLAS
2182 1450 2277 1541 S.
2358 1451 2823 1540 IGNATII

548 1643 692 1709 Quae
719 1645 918 1714 primus
947 1645 997 1697 in
1035 1644 1201 1698 lucem
1238 1642 1429 1697 extulit
1463 1642 1865 1706 Amstelodami,
1901 1659 2038 1697 anno
2080 1642 2237 1710 1646,
2279 1645 2416 1710 in-l,
2447 1660 2511 1697 ex
2540 1645 2715 1697 codice
2742 1662 2840 1698 ms.
2875 1646 3197 1701 bibliotheca:
3236 1645 3505 1703 Medicae.

474 1799 551 1853 lta
580 1808 705 1863 est,
737 1800 909 1854 lector
952 1800 1349 1855 humanissime
1376 1841 1389 1865 ,
1420 1799 1567 1869 quod
1609 1808 1661 1854 et
1699 1809 1755 1854 tu
1788 1811 1843 1855 et
1863 1814 1965 1867 ego
2001 1804 2042 1858 Α

2147 1809 2316 1867 .tatur,
2372 1817 2493 1856 cum
2540 1802 2652 1855 ait:
2699 1802 3000 1873 Ἑγράψατέ
3044 1821 3131 1873 μοι
3176 1806 3269 1857 καὶ
3319 1806 3498 1875 ὑμεῖς,
3566 1808 3657 1861 καὶ

408 1895 605 1962 ςίιδρίυε
656 1893 1169 1959 animadvertimus;
1212 1892 1398 1947 omnia
1442 1893 1565 1957 illa,
1598 1909 1720 1963 qua:
1758 1894 1841 1948 vel
1876 1909 1980 1946 na-

408 1993 526 2038 tura
560 1984 843 2050 efﬁnxerit,
888 1986 970 2040 vel
1011 1994 1127 2040 arte
1172 1985 1280 2040 sint
1319 1984 1583 2039 fabricata
1616 2024 1629 2047 ,
1684 1986 1830 2038 illam
1876 1985 1978 2040 ha-

408 2080 534 2130 bent
567 2076 957 2143 conditionem,
1000 2086 1059 2131 ut
1096 2093 1218 2147 qua:
1265 2076 1318 2130 in
1353 2092 1550 2148 genere
1580 2092 1681 2131 suo
1712 2060 1821 2130 sint
1857 2092 1980 2146 per-

406 2166 648 2233 fectiora,
674 2178 877 2238 quanto
914 2168 1119 2224 diutius
1153 2178 1205 2223 et
1241 2169 1501 2224 attentius
1525 2169 1976 2238 contemplemur,

408 2269 558 2314 tanto
586 2260 811 2328 pulchra
831 2262 1007 2330 magis
1032 2273 1086 2315 et
1116 2262 1777 2328 artiﬁciosa,intuentium
1805 2262 1979 2318 oculis

407 2368 527 2409 sese
548 2353 797 2408 offerant.
833 2352 1024 2409 Simile
1051 2352 1182 2423 quid
1232 2354 1366 2408 mihi
1410 2354 1592 2409 evenit
1649 2353 1701 2405 in
1747 2351 1975 2423 lgnatio,

406 2445 566 2515 cujus
597 2461 875 2515 nunquam
929 2445 1205 2516 Epistolas
1234 2446 1421 2515 relegi,
1449 2446 1580 2514 quin
1631 2460 1844 2514 semper
1875 2444 1978 2498 ali-

405 2538 534 2607 quid
562 2539 710 2602 novi,
740 2554 850 2608 quo
883 2539 1059 2607 magis
1108 2554 1227 2593 sese
1263 2538 1396 2592 mihi
1448 2537 1773 2607 probarent,
1802 2536 1857 2589 in
1907 2536 1978 2592 iis

406 2629 855 2699 deprehenderim
889 2649 902 2684 :
935 2632 1149 2701 quoties
1178 2672 1193 2698 ,
1243 2636 1467 2699 inquam
1495 2669 1511 2696 ,
1541 2629 1662 2684 illas
1696 2630 1750 2683 in
1784 2645 1977 2685 manus

408 2724 675 2791 resumpsi
704 2764 720 2790 ,
757 2725 916 2778 toties
946 2724 1152 2794 aliquid
1186 2723 1439 2794 apparuit
1463 2762 1476 2786 ,
1509 2722 1653 2776 unde
1682 2723 1975 2793 genuinum

408 2816 676 2886 potuerim
715 2831 1013 2886 agnoscere
1042 2817 1401 2887 scriptorem;
1453 2830 1597 2869 nunc
1629 2814 1847 2883 elegans
1886 2814 1976 2868 illa

405 2907 752 2976 simplicitas,
777 2918 831 2962 et
872 2909 1073 2963 saeculo
1123 2925 1232 2978 quo
1265 2908 1399 2962 vixit
1438 2907 1975 2976 convenientissima,

406 3016 550 3054 nunc
597 3017 779 3055 rerum
811 3012 867 3056 et
910 3003 1202 3057 verborum
1257 3002 1463 3073 passim
1492 3008 1545 3055 et
1590 3000 1792 3070 ubique
1843 3016 1977 3055 con-

403 3094 651 3162 gruentia
699 3110 763 3149 ac
784 3095 986 3150 veritas
1014 3113 1029 3162 ;
1060 3111 1206 3150 nunc
1237 3095 1387 3150 zelus
1418 3104 1474 3150 et
1509 3095 1754 3166 martyrii
1776 3094 1973 3163 fervor,

400 3184 497 3253 qui
534 3201 656 3239 cum
686 3186 837 3252 alibi,
877 3195 993 3241 tum
1036 3188 1274 3242 maxime
1321 3187 1377 3241 in
1406 3185 1642 3257 Epistola
1679 3187 1744 3241 ad
1774 3185 1975 3241 Roma-

405 3291 506 3331 nos
532 3278 745 3345 elucet;
775 3280 959 3333 omnia
1002 3279 1234 3348 denique
1287 3288 1563 3333 auctorem
1615 3295 1773 3333 suum
1812 3288 1979 3333 testa-

404 3369 623 3425 bantur.
660 3371 779 3436 ρυο
810 3372 984 3441 magis
1034 3370 1202 3424 miror
1243 3369 1446 3437 fuisse,
1472 3370 1568 3440 qni
1610 3382 1719 3424 non
1762 3378 1975 3425 tantum

402 3470 663 3532 negarent
681 3463 939 3533 epistolas
958 3464 1057 3518 has
1071 3478 1191 3518 esse
1208 3462 1417 3533 lgnatii,
1437 3463 1531 3517 sed
1551 3475 1648 3517 nec
1665 3463 1978 3518 dubitarent

402 3554 672 3608 atlirmare
703 3555 857 3609 illum
883 3555 1065 3610 nullas
1091 3555 1315 3610 omnino
1358 3554 1662 3624 scripsisse.
1715 3553 1833 3610 Non
1867 3556 1975 3609 alio

402 3647 453 3699 td
472 3656 800 3717 argumento
823 3648 1153 3717 persuadere
1170 3647 1533 3711 conabantur,
1552 3662 1716 3715 quam
1742 3661 1808 3701 eo
1830 3647 1974 3715 quod

401 3739 647 3794 dicerent
674 3740 951 3796 neminem
980 3750 1243 3803 veterum,
1278 3748 1403 3793 ante
1435 3738 1752 3801 Eusebium,
1788 3755 1974 3793 earum

402 3832 740 3888 meminisse.
775 3830 913 3886 Nam
963 3832 1263 3888 sententias
1292 3846 1414 3901 qua:
1442 3830 1584 3900 apud
1633 3828 1894 3884 Irenaeum
1924 3838 1978 3885 et

401 3922 689 3995 Origenem
712 3933 1011 3993 exstarent,
1033 3940 1126 3980 eas
1157 3940 1254 3979 ore
1281 3923 1701 3994 pronuntiasse,
1735 3938 1843 3976 non
1879 3938 1977 3975 au-

402 4023 508 4070 tem
537 4032 603 4071 ex
630 4017 875 4087 epistolis
905 4017 1025 4088 ejus
1054 4032 1174 4073 esse
1226 4017 1461 4086 petitas:
1491 4031 1602 4071 non
1633 4016 1978 4071 attenderuut

402 4116 504 4171 viri
526 4116 832 4173 doctissimi
866 4119 934 4173 ad
979 4133 1103 4173 eum
1152 4116 1402 4187 Origenis
1440 4117 1641 4183 locum,
1670 4116 1763 4187 qui
1800 4126 1978 4173 exstat

404 4209 595 4264 homil.
630 4225 680 4262 vt
726 4210 781 4263 in
832 4209 1035 4265 Lucam
1071 4229 1083 4264 :
1120 4208 1267 4263 Unde
1297 4208 1561 4278 eleganter
1592 4210 1648 4262 in
1698 4208 1976 4278 cujusdam

401 4304 654 4371 martyris
680 4303 905 4372 epistola
955 4304 1142 4373 reperi,
1185 4302 1457 4373 lgnatium
1503 4302 1619 4355 dico
1677 4303 1976 4372 episcopum

401 4393 715 4456 Antiochiw,
741 4405 855 4464 post
889 4394 1107 4449 Petrum
1136 4394 1445 4459 secundum;
1464 4397 1553 4465 qui
1574 4397 1628 4449 in
1658 4398 1976 4465 persecutio-

2082 1894 2368 1972 Ἰγνάτιος.
2408 1892 2718 1963 Supervixit
2747 1904 2929 1948 autem
2954 1893 3160 1964 lgnatio
3191 1895 3529 1966 Polycarpus
3562 1914 3660 1952 an-

2082 1985 2167 2039 nis
2196 1986 2317 2054 plus
2350 1986 2531 2039 minus
2582 1986 2883 2056 sexaginta.
2910 1984 3009 2041 Hic
3036 1985 3170 2055 jam,
3220 2004 3372 2058 rogo,
3397 2004 3657 2058 quaenam

2080 2076 2191 2129 veri
2234 2085 2317 2131 est
2370 2077 2670 2131 similitudo
2731 2087 2829 2143 ut,
2886 2078 3186 2151 Polycarpo
3215 2083 3467 2147 vivente,
3514 2100 3661 2139 vera:

2081 2166 2202 2222 istae
2233 2167 2426 2238 lgnatii
2454 2169 2695 2238 epistola:
2727 2168 2929 2224 fuerint
2963 2187 3286 2241 suppressae,
3311 2184 3363 2227 et
3384 2175 3503 2229 alia:
3530 2192 3663 2245 sup-

2080 2261 2316 2330 positae?
2345 2261 2599 2331 Nunquid
2639 2278 2733 2317 eas
2778 2264 3009 2333 perdidit
3038 2264 3390 2336 Polycarpus,
3426 2276 3482 2321 ut
3515 2285 3662 2337 opus

2080 2352 2245 2408 fuerit
2275 2354 2411 2408 alias
2462 2354 2808 2424 excogitare?
2860 2354 2976 2410 Non
3028 2366 3158 2427 puto
3206 2374 3543 2427 quemquam
3588 2362 3660 2415 ita

2080 2443 2194 2499 fore
2229 2445 2540 2509 ridiculum,
2578 2456 2638 2499 ut
2667 2447 2789 2501 talia
2821 2448 3031 2517 probet.
3072 2447 3191 2502 Jam
3222 2466 3383 2521 pergo
3414 2469 3427 2503 :
3459 2451 3518 2505 Si
3558 2453 3663 2508 Po-

2078 2536 2333 2607 lycarpus
2379 2552 2473 2592 eas
2520 2538 2792 2605 habuerit,
2854 2540 3044 2609 utique
3075 2541 3295 2595 easdem
3324 2543 3519 2597 habuit
3546 2544 3661 2599 lre-

2080 2646 2249 2696 meus,
2278 2629 2398 2699 ejus
2427 2630 2749 2699 discipulus,
2772 2633 2865 2701 qui
2894 2632 3012 2687 illas
3034 2632 3235 2688 citavit.
3263 2634 3528 2690 Irenaeum
3565 2653 3661 2693 ex-

2080 2722 2210 2791 cipit
2243 2723 2524 2792 Origenes,
2553 2723 2709 2793 cujus
2733 2724 2846 2793 jam
2876 2725 3039 2779 verba
3066 2726 3321 2782 vidimus.
3357 2726 3532 2782 Nemo
3562 2746 3661 2783 au-

2080 2826 2210 2881 tem,
2238 2825 2389 2885 puto,
2417 2816 2509 2878 sit,
2547 2816 2641 2884 qui
2671 2817 2944 2871 existimet
2973 2818 3216 2873 diversas
3248 2820 3418 2875 fuisse
3459 2821 3659 2892 lgnatii

2079 2908 2338 2977 epistolas
2377 2908 2581 2978 quibus
2632 2924 2763 2964 usus
2796 2917 2880 2964 est
2925 2909 3183 2980 Origenes
3213 2952 3226 2976 ,
3261 2913 3331 2966 ab
3378 2914 3485 2967 illis
3516 2932 3662 2985 quas

2080 2999 2211 3053 citat
2257 2998 2546 3054 Eusebius.
2604 2999 2900 3054 Eusebium
2931 3010 3236 3070 sequuntur
3292 3005 3661 3073 Athanasius,

2080 3090 2464 3163 Hieronymus,
2495 3092 2927 3163 Chrysostomus
2952 3133 2967 3159 ,
2993 3091 3370 3149 Theodoretus
3393 3137 3407 3162 ,
3458 3096 3662 3152 Antio-

2077 3183 2320 3247 chenus,
2352 3181 2725 3239 Damascenus
2757 3226 2772 3250 ,
2813 3182 3042 3239 Photius
3070 3228 3085 3252 ,
3117 3195 3169 3240 et
3220 3188 3492 3243 innumeri
3522 3192 3661 3257 alii;

2076 3276 2169 3345 qui
2199 3292 2388 3331 omnes
2421 3276 2505 3330 usi
2537 3283 2666 3329 sunt
2709 3277 3024 3332 testimonio
3069 3277 3295 3348 lgnatii;
3332 3291 3387 3335 et
3417 3282 3491 3337 ita
3534 3285 3663 3354 qui-

2077 3368 2223 3432 dem,
2254 3376 2314 3423 ut
2341 3383 2620 3436 nunquam
2654 3384 2684 3422 a
2731 3386 3009 3439 quoquam
3044 3373 3183 3426 inter
3211 3376 3561 3444 apocryphos
3592 3378 3665 3431 sit

2077 3462 2310 3528 relatus;
2345 3461 2489 3531 quod
2514 3469 2693 3531 tamen
2735 3477 2802 3516 ne
2835 3467 2957 3516 novi
3000 3465 3217 3533 quidem
3253 3464 3499 3520 Ftnderis
3533 3466 3662 3519 libri

2077 3554 2310 3624 effugere
2355 3568 2547 3608 omnes
2602 3562 2916 3622 potuerunt.
2963 3557 3099 3610 Cum
3156 3558 3337 3627 itaque
3395 3558 3487 3613 hic
3548 3574 3663 3612 non

2078 3645 2437 3714 interruptam
2508 3645 2808 3700 habeamus
2868 3649 3062 3703 seriem
3121 3664 3312 3703 eorum
3346 3651 3491 3719 ,qui
3559 3654 3664 3707 has

2078 3738 2337 3806 epistolas
2362 3738 2803 3807 approbaverunt
2829 3756 2841 3790 :
2871 3755 2975 3793 non
3022 3741 3178 3795 video
3207 3757 3315 3810 quo
3358 3758 3665 3811 argumen-

2079 3839 2134 3883 to
2169 3829 2483 3899 Opinionem
2528 3845 2683 3885 suam
2732 3831 3058 3888 conﬁrmare
3107 3835 3337 3902 possint,
3362 3835 3457 3903 qui
3504 3837 3666 3891 aliud

2079 3924 2341 3978 sentiunt.
2362 3920 2540 3977 Lecta:
2560 3932 2687 3977 sunt
2720 3924 2982 3979 hactenus
3014 3924 3205 3996 lgnatii
3233 3928 3498 3995 epistolae,
3530 3944 3667 3997 pro-

2078 4023 2136 4070 ut
2159 4016 2226 4069 ab
2264 4014 2653 4084 interpolatore
2684 4014 2903 4070 fuerant
2925 4027 3192 4087 corrupta:
3217 4034 3230 4070 :
3262 4028 3314 4073 et
3342 4027 3523 4073 tamen
3546 4036 3667 4075 non

2078 4105 2320 4172 defuere,
2354 4107 2447 4177 qui
2466 4107 2661 4177 judicii
2694 4110 2994 4163 acrimonia
3042 4111 3205 4165 etiam
3243 4126 3428 4165 verum
3464 4112 3520 4165 in
3551 4114 3668 4167 illis

2078 4201 2481 4272 deprehendere
2518 4202 2814 4270 potuerint.
2846 4200 3098 4256 Ostendit
3145 4204 3251 4257 hoc
3289 4202 3425 4257 satis
3455 4218 3667 4273 super-

2078 4308 2184 4363 que
2230 4294 2313 4346 vir
2342 4308 2593 4348 summus
2634 4292 2880 4348 Andreas
2927 4292 3174 4348 Rivetus.
3221 4292 3388 4349 Veras
3412 4295 3535 4363 jam
3565 4311 3667 4349 ex-

2079 4384 2242 4439 hibeo
2268 4395 2321 4439 et
2359 4386 2625 4455 genuinas
2646 4424 2663 4450 ,
2696 4395 2751 4439 et
2780 4386 3112 4440 testimoniis
3151 4387 3503 4456 antiquorum
3536 4390 3669 4442 ubi-

401 4498 463 4537 ne
510 4485 691 4540 Roma:
724 4487 974 4556 pugnavit
1008 4488 1079 4540 ad
1126 4488 1358 4542 bestias:
1394 4506 1412 4538 ‹
1454 4488 1748 4556 Principem
1792 4488 1975 4542 θανουιὶ
2002 4489 2049 4552 C
2078 4493 2187 4547 (lue
2236 4486 2645 4549 congruentes;
2676 4493 2741 4533 θο
2782 4478 2896 4548 iam
2944 4479 3267 4551 confugium
3291 4521 3307 4546 ν
3355 4490 3415 4533 υι
3456 4491 3671 4551 ιιθεεηι

401 4576 556 4643 hujus
603 4576 765 4630 latuit
812 4579 1091 4648 virginitas
1142 4578 1352 4645 Mariae,
1393 4598 1413 4631 ι
1444 4588 1548 4634 etc.
1595 4579 1701 4635 Sed
1731 4581 1800 4636 ad
1834 4582 1977 4635 antio

400 4668 595 4735 quiora
624 4672 928 4736 veniamus,
962 4687 1071 4741 quo
1113 4674 1286 4742 magis
1310 4681 1568 4741 appareat
1595 4673 1891 4743 antiquitas
1923 4685 1977 4729 et

401 4759 608 4816 veritas
658 4760 847 4832 lgnatii
878 4765 1092 4828 nostri,
1118 4773 1174 4819 et
1202 4780 1357 4818 error
1385 4780 1572 4819 eorum
1618 4766 1711 4835 qui
1752 4776 1976 4821 contra-

401 4850 545 4904 rium
576 4862 843 4908 statuunt.
868 4855 1086 4911 Primus
1111 4857 1295 4925 itaque
1317 4858 1410 4926 qui
1436 4873 1624 4912 earum
1647 4860 1973 4925 meminerit,

402 4943 450 4997 is
479 4953 562 4999 est
589 4944 922 5015 Polycarpus
939 4958 1145 5019 martyr
1170 4949 1224 5002 in
1239 4948 1480 5018 Epistola
1496 4949 1562 5004 ad
1582 4950 1971 5021 Philippenses;

401 5036 560 5105 cujus
583 5038 747 5092 verba
778 5038 893 5093 haec
922 5049 1050 5094 sunt
1075 5057 1088 5092 :
1117 5041 1228 5104 Τὰς
1261 5042 1547 5105 ἐπιστολὰς
1585 5044 1842 5111 ’ῐγνατίου
1877 5043 1976 5107 τὰς

398 5127 740 5196 Δῖιιεμςρθείςεπας
774 5130 905 5200 ἡμῖν
939 5131 1031 5182 ὑπ’
1063 5130 1249 5198 αὑτοῦ,
1291 5133 1383 5185 καὶ
1415 5132 1577 5196 ἄλλας
1595 5134 1724 5197 ὅσας
1757 5134 1974 5204 εἴχομεν

402 5219 529 5289 παρ’
549 5221 702 5289 ἡμῖν,
736 5221 1063 5292 ἐπέμψαμεν
1084 5224 1230 5293 ὑμῖν,
1267 5222 1449 5288 καθὼς
1480 5224 1851 5289 ὲνετείλασθε,
1886 5226 1973 5278 αἷ-

400 5322 544 5370 τινες
591 5309 1026 5383 ὑποτεταγμέναι
1054 5314 1161 5366 εἰσὶ
1184 5316 1249 5384 τῇ
1295 5314 1547 5387 ἐπιστολῇ
1593 5314 1785 5385 ταύτῃ,
1812 5315 1871 5379 ἐξ
1900 5308 1975 5370 ὧν

407 5398 616 5469 μεγάλα
648 5402 991 5474 ὠφεληθῆναι
1022 5405 1334 5477 δυνήσεσθε.
1379 5408 1698 5478 Περιέχουσι
1744 5406 1853 5478 γὰρ
1884 5407 1976 5461 πε·-

407 5508 522 5544 στιν
554 5493 648 5546 καὶ
676 5494 971 5567 ὑπομονὴν,
1004 5498 1098 5551 καὶ
1132 5500 1310 5551 πᾶσαν
1337 5499 1625 5569 οἰκοδομὴν
1646 5498 1744 5568 τὴν
1776 5499 1855 5561 εἰς
1885 5498 1981 5551 τὸν

405 5580 608 5652 Κύριον
633 5582 790 5653 ἡμῶν
822 5585 1148 5657 ἀνήκουσαν.
1178 5585 1353 5642 Nemo
1380 5587 1492 5656 jam
1522 5587 1696 5655 possit
1725 5587 1978 5642 dubitare

407 5675 541 5744 quin
576 5674 908 5747 Polycarpus
940 5679 1042 5735 iste
1064 5680 1259 5750 Ignatii
1291 5682 1542 5737 habuerit
1568 5680 1848 5751 epistolas,
1886 5680 1975 5736 cui

411 5770 574 5826 etiam
608 5787 769 5827 unam
801 5788 867 5829 ex
917 5773 1021 5830 illis
1072 5783 1274 5845 septem
1331 5775 1640 5846 inscripsit,
1669 5774 1813 5845 quod
1861 5774 1977 5845 ipse

2078 4578 2372 4641 martyrem
2409 4571 2561 4624 illum
2606 4570 2867 4639 epistolas
2918 4571 3223 4641 scripsisse.
3259 4571 3362 4626 Sed
3400 4570 3669 4627 fruantur

2077 4662 2156 4716 illi
2187 4663 2443 4731 opinione
2470 4677 2569 4717 sua
2589 4703 2603 4727 ,
2632 4672 2813 4718 certus
2859 4679 2981 4717 sum
3027 4679 3229 4733 paucos
3279 4664 3507 4719 omnino
3541 4665 3671 4719 fore

2077 4756 2171 4825 qui
2203 4772 2326 4810 cum
2358 4740 2492 4825 ipsis
2533 4755 2809 4821 sentiant;
2839 4755 2933 4826 qui
2978 4770 3111 4810 vero
3161 4756 3215 4809 id
3257 4770 3384 4811 cum
3435 4757 3671 4812 ratione

2079 4845 2265 4914 faciat,
2294 4850 2593 4903 neminem.

2147 4940 2306 5007 Quod
2340 4948 2523 4996 autem
2556 4956 2693 5011 pura
2722 4957 3091 5012 germanoque
3115 4942 3229 5012 jam
3264 4942 3443 5011 legere
3476 4944 3669 5011 possis

2077 5034 2279 5103 scripta
2312 5033 2429 5088 hme
2475 5032 2774 5104 lgnatiana,
2800 5035 3057 5089 benevole
3092 5034 3283 5097 lector,
3315 5034 3671 5092 bibliotheca:

2075 5124 2327 5181 Mediceat
2375 5125 2575 5193 debes;
2624 5127 2789 5181 debes
2842 5126 3195 5181 serenissimo
3248 5126 3478 5195 principi
3526 5125 3671 5181 Fer-

2076 5219 2316 5274 dinando
2339 5217 2380 5271 ll
2404 5259 2418 5283 ,
2443 5233 2642 5288 magno
2687 5218 2917 5272 Etruria:
2950 5218 3110 5284 duci,
3141 5219 3300 5288 cujus
3347 5218 3669 5273 incredibili

2074 5326 2201 5383 erga
2248 5312 2427 5366 studia
2475 5326 2690 5378 amore,
2724 5312 2939 5383 inclyta:
2974 5312 3097 5382 ejus
3124 5312 3467 5367 bibliotheca
3518 5312 3668 5366 mild

2074 5403 2309 5472 contigit
2371 5418 2559 5468 usura,
2589 5411 2643 5457 et
2671 5418 2766 5471 per
2806 5403 2947 5457 hanc
2982 5403 3297 5472 lgnatianus
3331 5403 3421 5457 ille
3445 5443 3459 5465 ,
3490 5418 3668 5471 quem

2076 5498 2293 5564 damus,
2311 5498 2622 5553 thesaurus.
2648 5495 2870 5552 Utinam
2887 5512 3017 5551 vero
3040 5497 3120 5552 sic
3147 5496 3241 5551 alii
3260 5511 3481 5573 quoque
3505 5498 3672 5566 prin-

2078 5590 2226 5658 cipes
2252 5588 2479 5644 animati
2535 5587 2733 5653 fouent,
2787 5603 2895 5641 nec
2934 5586 3177 5657 plerique
3219 5586 3373 5640 avari
3404 5586 3545 5640 adeo
3592 5586 3669 5642 iis

2079 5681 2312 5751 pretium
2368 5690 2690 5746 statuerent,
2722 5680 2883 5750 quasi
2929 5679 3130 5749 aliquid
3187 5679 3307 5734 suis
3346 5678 3412 5732 de
3455 5678 3670 5747 opibus

2044 5850 2053 5857 _
2080 5774 2495 5843 detereretnr,si
2512 5774 2634 5830 libri
2654 5774 2865 5845 publice
2893 5773 3074 5843 potius
3094 5773 3248 5828 utiles
3280 5771 3458 5827 forent
3487 5786 3670 5840 quam
