3786 6290
131 247 206 304 ss
1102 304 1111 317 ι
1280 239 1324 294 J.
1362 239 1427 295 Β.
1461 236 1713 295 eorm

1818 237 1830 292 l
1862 235 2206 296 JUDlClUM.
3313 234 3384 292 54

134 359 322 415 blattis
340 365 396 413 et
426 357 587 413 tineis
609 356 928 417 absumendi
958 362 1429 432 relinquerentur;
1461 362 1519 417 bi
1542 364 1713 430 enim,
1743 371 1788 425 Α
1816 361 2080 433 Paganini
2117 362 2441 429 Gaudentii,
2472 364 2568 434 qui
2614 363 2807 418 favore
2845 375 2981 428 suo,
3008 374 3076 416 eo
3109 374 3196 415 me
3242 359 3387 430 apud

139 466 246 504 non
279 464 396 505 sua:
426 449 728 519 quidquam
756 452 941 520 gloria:
981 453 1318 520 adimerent,
1352 454 1399 510 si
1429 456 1719 511 serenissi-

136 543 213 596 mi
262 543 528 613 principis
575 545 885 615 exemplum
942 547 1352 603 aemularentur.
1397 546 1579 618 Atque
1626 547 1718 604 hic

136 634 255 703 ejus
270 635 438 689 ardor
459 636 635 707 magis
661 636 860 700 eluxit,
880 648 1191 708 postquam,
1223 647 1283 693 ut
1314 639 1448 694 mihi
1485 640 1715 695 relatum

136 736 241 792 est,
264 726 646 782 Laurentianae
681 744 796 784 sua:
834 729 1078 799 praefecit
1106 730 1373 786 Joannem
1415 731 1714 802 Baptistam

140 816 389 884 Donium,
424 820 605 875 virum
641 822 902 890 nobilem,
932 824 1316 895 dignissimum
1348 823 1495 879 Petri
1530 824 1713 880 Victo-

138 913 205 967 rii
248 928 648 982 successorem,
679 932 781 973 nec
809 916 987 987 ipsum
1033 917 1197 971 modo
1220 917 1713 983 litteratissimum,

138 1006 233 1061 sed
272 1023 336 1062 ea
386 1010 673 1078 praeditum
720 1010 1043 1080 prudentia,
1079 1019 1138 1065 ut
1168 1025 1328 1064 nemo
1352 1010 1561 1081 judicio
1596 1026 1717 1065 ma-

137 1098 241 1167 jori
268 1099 338 1153 ad
366 1115 430 1154 ea
455 1102 698 1156 sacraria
730 1103 802 1157 sit
831 1102 1181 1158 admissurus
1208 1118 1561 1173 quemquam.
1590 1102 1720 1158 Post

139 1198 345 1244 tantum
394 1189 610 1261 imperii
652 1193 787 1245 tanti
824 1192 1126 1262 principem
1151 1233 1169 1261 ,
1206 1192 1405 1261 majori
1437 1192 1600 1246 etiam
1630 1192 1716 1245 di-

136 1280 487 1350 gnissimum,
519 1294 700 1340 tacere
730 1298 842 1339 non
886 1284 1063 1340 debeo
1102 1283 1365 1340 beneﬁcia
1396 1283 1495 1337 viri
1517 1283 1717 1340 summi

146 1483 236 1497 -

1816 455 2119 525 principem
2151 472 2312 511 suum
2340 456 2463 510 loco
2509 456 2818 520 collocavit,
2851 463 2908 508 ut
2945 467 3111 523 quam
3143 450 3394 506 diutissi-

1817 561 1907 602 me
1937 546 2271 603 bibliotheca
2316 548 2419 602 hac
2460 547 2627 615 bono,
2656 554 2711 601 et
2740 561 2883 609 meo,
2914 552 2968 599 et
3014 544 3254 614 publico.
3282 542 3391 598 frui

1816 638 2025 694 liceret.
2058 637 2164 693 Sed
2195 638 2261 692 de
2290 638 2410 708 ejus
2449 654 2577 709 erga
2617 655 2705 693 me
2727 638 2827 692 viri
2873 637 3115 700 meritis,
3150 635 3390 701 dabitur,

1816 746 1997 801 spero,
2026 730 2367 786 commodius
2399 732 2628 801 posthac
2662 730 2918 800 loquendi
2954 737 3187 798 tempus.
3235 726 3393 784 Nunc

1818 823 1933 877 haec
1961 822 2227 892 attingere
2268 823 2402 877 satis
2425 823 2642 892 putavi,
2675 832 2757 887 ut,
2788 823 2920 877 licet
2946 836 3033 876 me
3058 820 3261 876 debitis
3280 835 3391 876 non

1818 914 2118 981 absolvam,
2140 914 2423 969 beneﬂciis
2477 924 2661 969 tamen
2715 930 2826 970 non
2873 914 3065 969 videar
3110 913 3386 983 indignus.

1812 1004 1924 1063 Nec
1957 1008 2118 1063 video
2147 1023 2246 1063 cur
2271 1008 2501 1063 ulterius
2532 1018 2583 1063 te
2610 1008 2878 1063 detineam
2898 1048 2914 1074 ,
2943 1008 3130 1061 lector.
3184 1005 3391 1061 Occur-

1815 1108 1943 1154 runt
1988 1101 2172 1154 animo
2202 1110 2256 1155 ct
2308 1100 2434 1165 alia,
2461 1116 2562 1155 nec
2616 1101 2685 1154 ab
2745 1100 2994 1154 instituto
3042 1100 3219 1154 aliena
3253 1118 3265 1153 :
3295 1098 3392 1153 sed

1814 1190 2049 1247 aliis-iis
2094 1190 2312 1246 dabitur
2363 1192 2777 1246 convenientior
2820 1192 2994 1247 locus.
3038 1191 3168 1245 Vale
3202 1191 3387 1260 igitur,

1814 1285 2080 1356 pluraque
2106 1286 2161 1340 in
2195 1286 2312 1341 dies
2339 1302 2368 1340 a
2394 1300 2481 1341 me
2507 1293 2781 1355 exspecta.

1163 1663 1275 1777 J.
1368 1662 1497 1773 B.
1595 1659 2363 1775 COTELERII

631 1902 1225 1996 JUDICIUM
1308 1900 1455 1988 DE
1533 1894 2156 1987 EPISTOLIS
2226 1899 2319 1987 S.
2402 1897 2918 1987 IGNATII.

1037 2118 1237 2190 (Pan-gs
1258 2110 1528 2181 apostolici,
1564 2110 1647 2160 ed.
1671 2108 1945 2158 Amstelnd.
1974 2108 2119 2172 172i,
2150 2114 2184 2159 t.
2215 2112 2277 2173 ll,
2296 2126 2345 2175 p.
2372 2114 2445 2177 9.)

194 2296 313 2353 Nisi
341 2295 508 2353 ollicii
530 2297 639 2351 mei
670 2295 813 2351 ratio
842 2278 1210 2365 ﬂagitaret-ut
1239 2290 1293 2343 in
1321 2296 1575 2353 campum
1620 2279 1714 2333 de—
1747 2280 1789 2339 Β
1818 2278 1910 2348 qui
1966 2278 2261 2335 Eusebium
2314 2286 2711 2357 transcribunt)
2765 2302 2888 2359 quae
2921 2287 2992 2343 ab
3016 2288 3139 2343 aliis
3184 2305 3397 2347 memo-

126 2391 485 2455 scendercm,
538 2389 781 2443 luiturus
822 2386 905 2441 vel
935 2386 1355 2455 impugnaturus
1404 2373 1715 2446 lgnatianas

120 2483 397 2555 Epistolas
419 2525 435 2550 ,
466 2484 698 2537 libenter
726 2481 1059 2535 abstinercm
1108 2489 1195 2529 me
1231 2470 1431 2528 celebri
1461 2466 1605 2522 bello
1634 2464 1718 2517 lit-

129 2576 355 2643 terario,
392 2575 542 2645 quod
575 2574 745 2629 sciam
776 2570 1123 2642 proﬂigatum
1152 2565 1342 2629 fuisse,
1369 2560 1495 2616 dein
1536 2556 1716 2613 redin-

130 2676 425 2739 tegratum,
462 2675 517 2721 et
549 2665 617 2720 ad
649 2664 795 2735 quod
828 2658 1229 2717 conﬁciendum
1259 2655 1437 2709 adhuc
1465 2650 1717 2719 accinge-

128 2766 182 2815 re
229 2775 291 2814 se
328 2757 505 2812 armis
550 2755 767 2810 audiam
800 2755 940 2809 duos
983 2750 1153 2805 fortes
1203 2746 1515 2805 bellatores,
1541 2753 1712 2794 unum

129 2850 214 2903 hic
252 2850 311 2902 in
352 2846 554 2912 Callia,
582 2847 811 2900 alterum
858 2844 914 2897 in
955 2840 1089 2896 orbe
1118 2838 1379 2893 Britanno
1404 2874 1419 2901 ,
1449 2832 1714 2887 adversus

130 2953 404 3010 nuperum
455 2940 692 3003 hostem,
718 2945 1040 2990 veteranum
1086 2932 1315 2986 militem
1336 2969 1350 2992 ,
1384 2938 1709 2997 pugnacem,

127 3032 299 3088 doctis
337 3030 673 3100 disertisqne
716 3027 878 3083 dictis
932 3033 1235 3081 certantem
1276 3028 1331 3075 et
1381 3016 1711 3080 maledictis,

128 3124 364 3192 peritum
418 3123 492 3177 ad
541 3122 656 3176 haec
707 3118 1007 3189 cauponari
1043 3116 1243 3171 bellum
1275 3123 1327 3167 et
1371 3111 1709 3181 belligerare,

126 3217 215 3286 qui
249 3217 359 3271 hoc
391 3221 782 3285 stratagemate
809 3210 1075 3266 utendum
1122 3207 1350 3279 putavit,
1384 3213 1462 3269 ut,
1486 3203 1614 3273 quia
1655 3202 1729 3255 in.

127 3324 316 3363 verum
363 3307 639 3378 lgnatium
689 3304 907 3360 abunde
956 3318 1065 3356 non
1123 3295 1709 3371 suppetebantjacula,

127 3398 323 3455 falsum
379 3398 572 3469 praelio
602 3396 922 3461 involveret,
954 3408 1064 3463 quo
1110 3390 1380 3445 imbellem
1421 3387 1709 3448 vincendo,

128 3492 388 3547 invictum
423 3490 590 3545 etiam
636 3488 833 3559 vicisse
879 3486 1174 3540 videretur.
1229 3481 1333 3537 Sed
1370 3482 1484 3551 jam
1532 3493 1714 3550 pugna

127 3584 298 3639 danda
317 3592 425 3639 est.
444 3581 575 3638 Rem
598 3581 787 3653 paucis
801 3580 1006 3645 verbis,
1028 3591 1133 3633 una
1152 3574 1566 3631 ratiocinatione
1585 3586 1715 3627 con-

1815 2370 1926 2423 rari
1973 2379 2267 2441 poterant,
2322 2384 2378 2429 et
2428 2391 2560 2431 vero
2611 2378 2727 2447 pari
2808 2379 3022 2433 ratione
3078 2379 3397 2435 debebant?

1814 2460 1963 2517 Eane
1993 2462 2177 2518 omnia
2211 2466 2816 2536 supposititia'dicent?
2846 2469 3200 2542 Nequaquam
3236 2483 3393 2544 puto.

1813 2552 2075 2619 Quanam
2105 2574 2238 2613 vero
2283 2568 2412 2615 sunt
2442 2576 2563 2631 qua:
2590 2571 2875 2631 opponunt
2922 2565 3058 2619 locis
3082 2564 3394 2637 Polycarpi,

1813 2642 2001 2699 lrenaei
2028 2655 2082 2700 et
2103 2646 2394 2718 Origenis?
2418 2649 2560 2708 Ecce
2584 2654 2705 2707 illa:
2728 2654 3061 2723 Nicephorus
3086 2658 3397 2725 patriarcha

1812 2734 1920 2793 CP.
1952 2737 2009 2791 in
2040 2739 2225 2794 Indice
2258 2744 2677 2813 apocryphornm
2716 2746 2855 2801 Novi
2889 2746 3229 2813 Testamenti,
3260 2752 3398 2804 scri-

1812 2836 1903 2896 pta
1945 2827 2145 2899 Ignatii
2173 2841 2223 2884 et
2254 2830 2541 2904 Polycarpi
2570 2835 2867 2905 apocrypha
2889 2836 3126 2905 judicat.
3158 2839 3398 2893 Anasta-

1812 2919 1923 2972 sius
1944 2919 2398 2976 Bibliothecarius
2428 2926 2612 2978 eadem
2635 2926 2788 2979 habet
2820 2928 2873 2979 in
2900 2925 3085 2981 Indice
3112 2944 3263 2997 quem
3296 2927 3401 2981 Hi-

1811 3014 1991 3067 storia:
2042 3030 2154 3068 sua:
2188 3014 2579 3070 Ecclesiastica:
2629 3018 2882 3087 prwﬁxit,
2916 3034 3035 3088 quae
3066 3021 3174 3073 nisi
3207 3021 3395 3073 eadem

1812 3120 1930 3157 cum
1963 3104 2017 3157 Ν
2020 3106 2264 3175 iceplwro
2294 3107 2358 3161 de
2388 3108 2468 3162 his
2497 3110 2732 3178 epistolis
2762 3112 3031 3177 sensisset,
3061 3128 3164 3165 non
3194 3113 3399 3166 videtur

1813 3198 1977 3267 [uisse
2030 3200 2141 3253 sine
2192 3200 2370 3269 aliqua
2419 3217 2643 3255 censura
2688 3202 2768 3256 vel
2819 3204 3283 3257 animadversione
3318 3204 3402 3258 di-

1814 3290 2091 3345 missurus.
2125 3290 2324 3346 Verum
2354 3302 2548 3348 auctor
2572 3294 2738 3364 hujus
2774 3295 3022 3350 latereuli
3054 3310 3167 3350 non
3202 3311 3398 3350 aman-

1814 3383 1908 3437 dat
1954 3384 2018 3438 ad
2064 3387 2369 3457 apocrypha
2419 3388 2681 3457 epistolas
2739 3387 2933 3459 lgnatii
2981 3398 3033 3444 et
3084 3388 3395 3460 Polycarpi,

1816 3477 2074 3530 amandat
2102 3476 2289 3546 lgnatii
2322 3488 2374 3533 et
2396 3478 2679 3549 Polycarpi
2724 3480 2999 3534 nonnihil.
3030 3479 3163 3533 Illud
3216 3488 3399 3533 autem

1819 3568 2071 3621 nonnihil
2122 3584 2223 3622 cur
2277 3585 2386 3623 non
2441 3571 2625 3639 potius
2665 3584 3004 3639 exponemus
3049 3570 3116 3625 de
3152 3570 3399 3623 doctrina

126 3676 301 3732 clude.
324 3648 889 3745 Sanctum—[gnatium
908 3672 1170 3742 epistolas
1195 3667 1483 3737 scripsisse
1510 3664 1714 3720 diserte
1739 3648 1782 3703 (ἶ
1816 3659 2009 3731 lgnatii
2050 3669 2104 3714 et
2145 3660 2212 3715 de
2247 3660 2497 3716 doctrina
2540 3661 2862 3733 Polycarpi,
2906 3660 3061 3716 libris
3107 3660 3400 3731 pseudepi-

128 3777 354 3823 testatur
384 3766 509 3837 ejus
541 3764 830 3820 familiaris
860 3764 1054 3819 beatus
1087 3760 1421 3832 Polycarpus
1450 3772 1461 3806 :
1491 3757 1590 3811 has
1620 3771 1714 3811 vc-

128 3874 185 3913 ro
214 3875 355 3929 quas
377 3874 480 3928 per
516 3856 695 3911 virum
727 3854 1096 3911 clarissimum
1130 3851 1377 3908 lsaacum
1402 3848 1659 3904 Vossium
1683 3862 1714 3902 e

127 3950 309 4006 codice
337 3948 664 4003 Florentino
708 3947 949 4018 primum
990 3945 1164 4000 editas
1208 3943 1463 4014 legimus,
1492 3941 1711 3996 easdem

126 4057 436 4113 essepuras
492 4048 653 4111 putas
695 4037 889 4110 lgnatii
921 4037 1219 4093 ostendunt
1263 4035 1517 4090 relata'in
1559 4032 1713 4087 testi-

126 4136 323 4191 moniis
375 4142 627 4189 veterum
689 4132 810 4187 loca
857 4128 1412 4199 lrenzci,'0rigenis,
1469 4124 1709 4190 Eusebii,

122 4224 435 4291 Athanasii,
470 4223 811 4295 Hieronymi,
844 4221 1208 4285 Theodoreti,
1244 4229 1710 4289 caeterorumque:

124 4331 246 4370 nam
305 4315 665 4385 reperiuntur
716 4315 773 4369 in
828 4314 920 4369 illa
970 4313 1228 4369 editione.
1259 4310 1404 4378 Quid
1465 4309 1715 4366 clarius?

126 4407 249 4475 quid
281 4406 538 4464 certius?

186 4497 399 4556 Contra
427 4502 549 4556 haec
593 4510 650 4557 et
683 4509 873 4556 contra
905 4508 1153 4554 nostrum
1203 4495 1471 4568 lgnatium
1518 4510 1714 4565 excep.

124 4591 297 4649 tiones
332 4591 781 4647 adversariorum
807 4591 993 4646 multa:
1037 4596 1190 4656 sunt,
1221 4588 1405 4642 multa:
1444 4586 1711 4656 objectio—

124 4698 240 4748 nes,
271 4682 564 4753 generales
587 4682 731 4749 aliae,
770 4681 889 4736 alia:
930 4680 1313 4751 particulares.
1350 4676 1446 4732 His
1474 4676 1541 4731 ad
1592 4677 1711 4732 loca

123 4774 365 4846 singula,
413 4790 544 4831 cum
594 4788 820 4831 necesse
868 4774 1261 4844 iudicabimus,
1314 4785 1708 4826 occurremus:

124 4866 340 4923 illarum
397 4866 708 4937 przecipuas
758 4867 1152 4936 expendamus.
1204 4866 1264 4918 In
1315 4865 1454 4919 duas
1508 4864 1712 4920 classes

1814 3751 2076 3821 graphis?
2127 3750 2286 3807 Certe
2341 3754 2601 3821 Ἰγνατίου
2644 3754 2864 3826 διδαχὴν
2920 3763 2980 3808 ιιι
3029 3752 3399 3824 apocrypham

1812 3844 2138 3898 recensitam
2173 3845 2342 3901 habes
2380 3846 2471 3900 illo
2500 3862 2605 3901 ms.
2634 3846 2899 3913 indiculo,
2939 3861 3101 3917 quem
3127 3845 3405 3899 Anastasii

1813 3932 2222 3999 Quaestionibus
2271 3937 2625 4007 subjunctum
2674 3938 2807 3993 citat
2844 3937 3200 3993 doctissimus
3249 3934 3405 3991 Usse-

1812 4028 1951 4094 rius,
1980 4029 2046 4083 de
2076 4029 2267 4098 Ignatii
2309 4030 2578 4099 epistolis,
2624 4046 2747 4100 cap.
2795 4031 2848 4097 l,
2886 4040 2939 4085 et
2968 4028 3229 4098 Ἱγνατίου
3264 4028 3405 4080 διδα-

1823 4123 2050 4177 σκαλίαν
2088 4139 2211 4178 cum
2255 4123 2616 4195 Πολυκάρπου
2650 4125 2999 4196 διδασκαλίᾳ,
3037 4124 3276 4179 indiculo
3304 4123 3406 4177 iis.

1812 4217 1935 4271 dem
1981 4216 2391 4282 Quaestionibus
2444 4217 2746 4286 adjuncto,
2800 4218 3141 4273 bibliotheca:
3213 4216 3399 4287 Regina

1812 4308 2091 4362 volumine
2128 4306 2291 4369 1789,
2317 4308 2411 4379 qui
2443 4323 2471 4362 a
2498 4324 2585 4362 me
2612 4324 2777 4379 supra
2808 4308 3020 4378 positus
3043 4307 3145 4363 fuit
3173 4308 3228 4362 in
3265 4308 3404 4363 meis

1813 4400 1981 4456 notis.
2021 4401 2218 4471 Ignatii
2245 4416 2373 4455 vero
2417 4401 2817 4472 Polycarpique
2848 4402 3111 4471 epistolas
3173 4402 3227 4455 in
3273 4416 3405 4470 apo-

1813 4494 2017 4565 crypha
2052 4494 2254 4549 relatas
2280 4494 2473 4549 nullibi
2528 4495 2800 4549 videmus.
2850 4492 2922 4547 Ut
2946 4494 3192 4548 omittam
3221 4490 3403 4545 Litur-

1814 4584 1956 4654 giam
2008 4583 2222 4655 lgnatii,
2272 4583 2339 4638 de
2403 4599 2512 4654 qua
2561 4584 2755 4639 eodem
2813 4584 2936 4638 loco
2999 4581 3295 4648 Usserius,
3340 4595 3401 4640 ac

1814 4674 2063 4743 ejusdem
2128 4675 2390 4745 martyris
2456 4675 2665 4744 aliquid
2706 4674 2774 4730 de
2818 4690 2879 4729 re
2927 4672 3054 4729 fidei
3079 4683 3133 4729 et
3179 4673 3408 4729 canoni-

1812 4766 1953 4831 bus,
1988 4767 2044 4821 in
2092 4767 2343 4838 catalogo
2393 4765 2699 4837 liebedjesu
2731 4809 2747 4835 ,
2808 4782 2965 4824 num.
3028 4768 3095 4823 18
3125 4808 3139 4832 ,
3191 4767 3397 4821 videtut

1812 4859 1957 4913 enim
2009 4859 2286 4914 diversum
2337 4874 2460 4914 esse
2510 4860 2579 4914 ab
2628 4860 2876 4930 epistolis
2930 4858 3241 4915 Chaldaicis
3292 4856 3407 4911 sive

125 4956 381 5010 distribui
410 4964 648 5025 possunt
680 4974 694 5010 :
724 4965 820 5009 aut
860 4956 1005 5009 enim
1044 4964 1305 5024 petuntur
1347 4971 1414 5009 ex
1455 4954 1711 5023 antiquo-
1740 4992 1787 5049 Β
1819 4946 2062 5019 Syriacis
2091 4949 2263 5016 illius,
2292 4952 2362 5006 ab
2394 4949 2620 5007 Usserio
2666 4952 2724 5010 in
2755 4969 2877 5024 cap.
2905 4954 2939 5008 4
2979 4948 3314 5006 memoratis.
3339 4944 3408 5000 Et

128 5064 251 5102 rum
285 5049 528 5115 silentio,
561 5056 707 5101 aute
734 5047 873 5119 stylo
899 5048 1278 5117 epistolarum.
1300 5046 1469 5102 Aiunt
1490 5047 1707 5117 itaque:

131 5137 272 5205 Quot
302 5156 331 5195 e
354 5139 553 5210 primis
586 5138 844 5194 Patribus
875 5140 1208 5193 mentionem
1255 5139 1434 5194 facere
1462 5146 1713 5208 poterant

136 5243 196 5283 ac
222 5231 494 5287 debebant
541 5231 952 5302 lgnatianarum
1005 5231 1359 5301 epistolarum
1380 5273 1395 5297 ,
1434 5246 1536 5286 nec
1566 5231 1712 5287 fece-

137 5331 261 5375 runt
304 5332 433 5378 ante
475 5321 820 5378 Eusebium?
849 5320 1134 5393 Polycarpi
1172 5322 1465 5392 siquidem,
1498 5323 1709 5388 Irenazi,

140 5411 381 5485 Origenis
422 5417 738 5473 testimonia
781 5425 1038 5486 suspecta
1101 5416 1372 5470 habentur
1399 5416 1524 5482 ,vel
1574 5416 1711 5470 nihil

143 5507 385 5573 probant.
438 5506 754 5576 Retorqueo
808 5520 908 5577 ego
963 5507 1029 5561 ad
1076 5507 1225 5563 hunc
1271 5508 1495 5563 modum
1531 5507 1714 5575 :Quot

142 5598 631 5653 ecclesiasticarum
663 5612 889 5667 operum
926 5598 1137 5667 primus
1168 5614 1233 5653 ac
1258 5614 1401 5669 saepe
1424 5615 1568 5656 unus
1597 5617 1712 5656 mc-

145 5689 293 5748 minit
335 5689 603 5750 Eusebius
637 5693 836 5763 (neque
875 5690 1019 5775 enim
1059 5691 1114 5746 in
1151 5708 1438 5749 numerum
1486 5695 1715 5751 veniunt

1816 5059 1946 5100 vero
1972 5043 2289 5114 (occasione
2316 5059 2439 5100 sese
2468 5042 2735 5103 oﬂct‘ente
2756 5045 2993 5117 monebo
3021 5042 3095 5111 id)
3129 5039 3405 5108 objectum

1815 5135 2049 5190 indicem
2109 5150 2206 5191 seu
2259 5152 2531 5194 canonem
2581 5138 3017 5209 Scripturarum,
3047 5134 3111 5187 ad
3159 5140 3405 5198 tempora

1814 5225 2729 5303 NicephoriConstantiuopotitani
2779 5239 2834 5284 et
2876 5222 3155 5282 Anastasii
3204 5220 3409 5278 Biblio-

1817 5321 2046 5376 thecarii
2075 5336 2431 5391 nequaquam
2465 5319 2936 5394 pertinere,l‘acile
2967 5328 3181 5369 mecum
3210 5311 3409 5367 intelli-

1818 5425 1925 5486 Sel.
1951 5414 2044 5484 qui
2097 5414 2531 5475 consideraverit
2568 5430 2716 5471 nono
2763 5426 2884 5466 mra:
2939 5407 3268 5464 Christianae
3311 5420 3412 5461 sa:—

1820 5508 1949 5563 CUlO
1981 5505 2262 5569 ECCle-S'ias
2288 5511 2532 5566 Graecam
2557 5514 2611 5562 et
2635 5506 2941 5560 Romanam
2976 5516 3088 5556 non
3131 5499 3414 5553 dubitasse

1823 5598 1991 5653 d0l0l
2040 5612 2219 5662 sacra:
2275 5601 2572 5670 Scriptura:
2621 5594 2798 5659 libris,
2829 5601 2966 5664 quot
3013 5592 3067 5645 in
3094 5589 3320 5645 dubium
3347 5601 3414 5641 eo

1824 5694 1879 5749 in
1914 5692 2191 5760 laterculo
2240 5702 2592 5752 revocantur.
2626 5689 2808 5757 Quare
2838 5687 2921 5742 vel
2957 5683 3264 5754 Nicephoro
3310 5694 3412 5750 pa-
