3786 6312
382 231 454 286 35
1471 226 1529 282 S.
1566 224 1916 283 lGNATlUS.
1953 253 2024 266 -
2057 222 2589 281 PROLEGOMENA.
3553 210 3626 268 56

383 343 639 401 triarcha:
663 357 839 399 canon
869 340 1238 414 abjudicetur,
1256 339 1342 395 vel
1363 339 1575 396 dicatur
1594 341 1664 396 ab
1694 355 1760 395 eo
1787 338 1962 410 magis
1990 344 2037 401 Α
2064 336 2376 409 Dionysius,
2411 336 2488 390 De
2518 336 2711 391 divinis
2736 334 3059 402 nominibus,
3092 350 3143 392 c.
3176 335 3234 401 4,
3258 351 3315 390 n.
3348 335 3453 391 ηε
3482 337 3633 408 Γρά-

383 436 649 492 collectus
676 451 840 505 quam
879 433 1251 503 compositus;
1285 448 1379 502 per
1433 431 1786 487 Anastasium
1835 444 1964 484 vero

382 542 684 583 conversus
710 536 920 581 tantum
943 534 1181 596 putetur,
1195 539 1302 577 non
1318 530 1498 577 autem
1521 522 1685 577 etiam
1699 520 1960 576 creditus.

381 618 562 687 Atque
600 617 730 672 hinc
754 615 1030 671 evanescit
1054 615 1106 668 in
1135 628 1298 668 auras
1327 613 1592 683 quidquid
1612 627 1806 683 magna
1838 627 1962 666 ver-

380 708 578 763 borum
602 723 823 778 pompa,
848 707 917 761 ob
942 705 1309 774 Nicephorum
1334 713 1389 759 et
1409 704 1760 759 Anastasium
1785 718 1815 757 a
1844 703 1964 757 viro

380 800 545 854 docto
576 798 733 853 toties
759 798 1021 868 jactatur.
1050 795 1122 851 Ut
1142 810 1366 852 necesse
1388 810 1498 850 non
1516 795 1586 850 sit
1609 795 1958 864 respondere,

382 907 508 962 quae
556 901 736 946 tamen
767 906 874 946 non
899 890 1332 961 improbabiliter
1371 889 1651 944 dicentur:
1674 897 1768 944 aut
1797 887 1960 959 Poly-

381 1000 609 1057 carpum
664 1000 790 1041 cum
840 983 1051 1054 lgnatio
1082 982 1253 1039 fuisse
1276 983 1668 1053 proscriptum,
1700 982 1771 1036 ob
1797 981 1964 1052 syllo-

380 1091 489 1146 gen
515 1076 756 1146 epistola:
781 1075 1184 1148 Polycarpianaz
1204 1083 1259 1130 et
1278 1076 1630 1146 epistolarum
1658 1073 1963 1145 Ignatiana-

378 1182 498 1222 rum
531 1176 639 1221 tam
686 1168 1138 1238 interpolatarum
1178 1183 1342 1239 quam
1391 1167 1677 1235 falsarum,
1708 1176 1802 1223 aut
1855 1169 1964 1236 epi-

379 1258 579 1313 stolam
604 1256 889 1329 Polycarpi
918 1268 972 1312 et
992 1258 1250 1328 epistolas
1272 1257 1467 1328 lgnatii
1490 1257 1963 1329 apocryphasesse

378 1351 700 1422 appellatas,
725 1351 895 1423 quod,
946 1352 1075 1407 licet
1125 1351 1386 1420 innoxiae,
1420 1366 1523 1406 nec
1571 1350 1961 1422 pseudepigra-

376 1444 523 1513 phae,
548 1452 704 1499 extra
732 1459 996 1500 canonem
1039 1443 1282 1499 omnium
1325 1443 1685 1499 ecclesiarum
1718 1441 1962 1511 legeren-

377 1545 488 1590 tur.
509 1536 651 1603 Quid
672 1537 840 1601 enim,
867 1520 1085 1605 quaeso,
1115 1536 1286 1602 noxii,
1317 1535 1449 1605 quid
1498 1533 1804 1604 apostolico
1841 1530 1961 1585 viro

378 1624 585 1698 indigni
628 1627 1299 1699 continetjpolycarpiana
1336 1628 1470 1681 illa?
1509 1626 1747 1695 Pergunt
1769 1624 1961 1679 adver-

379 1734 477 1775 sus
494 1717 781 1789 epistolam
806 1717 1118 1791 Polycarpi,
1144 1728 1199 1775 et
1225 1718 1494 1773 aﬂirmant
1509 1732 1628 1771 eam
1658 1715 1954 1787 pugnantia

377 1810 572 1881 loqui,
622 1809 890 1881 lgnatium
939 1812 1212 1867 viventem
1243 1852 1259 1878 ,
1308 1809 1576 1882 lgnatium
1636 1818 1952 1864 mortuum:

379 1916 579 1971 nempe
600 1900 752 1971 prius
777 1916 870 1970 per
902 1901 1017 1957 haec
1043 1901 1205 1957 verba
1228 1917 1276 1956 c.
1304 1902 1402 1955 i3:
1424 1919 1442 1953 ‹
1468 1899 1536 1955 Ει
1560 1900 1626 1955 de
1657 1900 1777 1971 ipso
1805 1897 1957 1970 lgna-

376 1991 478 2057 tio,
503 2002 554 2047 et
579 1994 645 2047 de
676 1992 762 2047 his
792 1991 1036 2062 quicum
1067 2007 1133 2048 eo
1163 2002 1325 2061 sunt,
1357 1992 1504 2063 quod
1536 1991 1738 2048 certius
1786 2005 1954 2062 agno-

374 2083 563 2138 veritis
588 2083 943 2155 signiﬁcate.»
975 2083 1255 2140 Posterius
1289 2100 1386 2156 per
1421 2101 1483 2140 ea
1515 2100 1640 2155 quas
1680 2085 1954 2139 habentur

373 2175 550 2245 capite
581 2176 635 2241 9,
676 2176 742 2231 de
794 2176 1005 2248 lgnatio
1053 2177 1287 2247 aliisque
1336 2177 1670 2248 martyribus
1694 2216 1710 2241 ,
1740 2190 1952 2231 necnon

373 2268 658 2337 apostolis,
695 2268 841 2338 quod
863 2269 1047 2325 cuncti
1078 2278 1205 2339 post
1229 2283 1431 2339 agones
1451 2283 1585 2324 suos
1607 2267 1662 2321 in
1698 2267 1818 2323 loco
1847 2266 1951 2322 sibi

372 2357 557 2413 debito
587 2358 697 2414 sint
727 2360 870 2430 apud
908 2359 1100 2415 Deum.
1136 2360 1272 2414 Mira
1297 2361 1543 2431 profecto
1571 2358 1875 2428 ἀντιλογία,
1903 2358 1951 2414 si

373 2447 601 2503 veritate
635 2447 900 2504 niteretur
936 2467 950 2503 :
997 2457 1054 2505 at
1110 2464 1175 2506 ea
1225 2450 1387 2520 plane
1427 2447 1761 2505 destituitur.
1812 2446 1951 2503 Nam

372 2548 633 2609 ponatur,
661 2541 1126 2611 quemadmodum
1163 2541 1452 2603 sentimus,
1477 2540 1764 2610 scripsisse
1790 2539 1951 2611 Poly-

372 2644 599 2700 carpum
661 2639 791 2685 tunc
832 2630 1116 2702 temporis,
1150 2645 1277 2685 cum
1339 2629 1581 2700 lgnatius
1629 2629 1949 2701 martyrium

372 2722 611 2778 subiisse
643 2722 991 2791 credebatur,
1028 2724 1221 2779 incerti
1256 2732 1436 2778 tamen
1471 2726 1555 2793 (ut
1598 2722 1711 2778 fere
1748 2722 1829 2793 ﬁt)
1856 2739 1951 2776 ru-

370 2827 556 2870 mores
584 2813 901 2871 ferebantur
928 2817 995 2872 de
1023 2816 1092 2872 iis
1120 2831 1243 2888 quae
1291 2816 1348 2870 in
1383 2828 1559 2871 morte
1588 2816 1737 2872 illius
1768 2816 1950 2871 conti-

372 2916 580 2976 gerant.
618 2905 734 2964 Hoc
756 2908 956 2978 posito,
985 2923 1168 2964 nonne
1199 2909 1555 2963 conveniebat
1604 2918 1665 2963 ut
1694 2908 1949 2981 Polycar-

368 3013 473 3067 pus
517 2999 720 3056 diceret
764 2999 1030 3069 lgnatium
1065 3000 1206 3070 apud
1239 3000 1409 3054 Deum
1453 3000 1632 3056 locum
1656 3015 1816 3055 suum
1850 3000 1948 3055 ob-
1974 3030 2017 3090 ο

372 3090 581 3159 tinere,
608 3092 881 3163 simulque
911 3100 1117 3162 peteret
1145 3092 1361 3148 edoceri
1398 3091 1528 3164 περὶ
1565 3091 1822 3161 Ἱγνατίου
1856 3091 1948 3144 καὶ

367 3184 500 3256 περὶ
546 3182 657 3238 τῶν
708 3184 838 3256 περὶ
893 3184 1094 3249 αὐτόν,
1152 3184 1199 3238 si
1258 3184 1389 3255 quid
1438 3183 1815 3254 Philippenses
1860 3198 1950 3238 ex-

364 3272 566 3396 plﬂrati
620 3274 1010 3344 accepissent?
1061 3272 1298 3328 Dubium
1377 3274 1589 3329 nullum
1671 3281 1789 3339 est,
1839 3273 1947 3329 nisi

391 3360 420 3396 8
466 3358 548 3396 Ol‘.

391 3358 548 3397 allOI‘.

439 3433 484 3485 Α
511 3432 814 3505 Polycarpo
835 3433 903 3489 ad
932 3436 1198 3489 Irenamm
1226 3452 1241 3491 :
1274 3454 1292 3487 ι
1326 3432 1797 3502 Quemadmodum
1824 3432 1948 3504 qui-

366 3523 495 3579 dam
521 3524 589 3580 de
615 3527 817 3582 nostris
847 3526 1027 3595 dixit,
1061 3534 1283 3597 prapter
1329 3527 1650 3599 martyrium
1684 3527 1739 3582 in
1773 3527 1943 3583 Deum

363 3615 713 3686 adjudicatus
748 3618 816 3673 ad
849 3618 1095 3674 bestias:
1123 3619 1384 3689 quoniam
1438 3618 1772 3674 frumentum
1820 3633 1944 3675 sum

363 3708 592 3775 Christi,
632 3727 651 3760 ι
692 3720 799 3765 etc.
857 3709 1047 3775 Dixit,
1097 3711 1647 3781 exponunt,locutus
1690 3720 1767 3765 est
1795 3752 1810 3777 ,
1835 3725 1944 3765 non

277 3818 287 3871 ε
363 3800 598 3869 scripsit.
626 3798 739 3871 Ego
769 3816 923 3866 vero,
957 3817 1082 3857 cum
1118 3803 1344 3857 verbum
1378 3803 1515 3856 dixit
1538 3803 1605 3857 ad
1636 3816 1945 3857 sermonem

287 3915 293 3923 -
360 3899 416 3945 et
445 3891 514 3946 ad
551 3892 880 3962 scripturam
916 3892 1142 3962 perinde
1188 3893 1491 3961 referatur,
1527 3908 1765 3963 cumque
1812 3908 1946 3948 con-

280 4027 290 4038 .
357 3992 467 4040 stet
496 4000 563 4040 ex
581 3984 734 4041 Actis
761 3996 816 4041 et
839 3984 962 4041 Vita
985 3986 1201 4057 lgnatii,
1230 3994 1394 4056 atque
1434 4002 1501 4041 ex
1535 3984 1867 4058 Hieronymo
1890 3993 1946 4040 et

359 4074 578 4142 Adone,
613 4092 678 4133 ca
735 4079 898 4133 verba
947 4094 980 4133 a
1033 4076 1611 4149 fortissimomartyre
1664 4077 1722 4132 in
1771 4090 1943 4146 agone

364 4182 586 4239 quoque
618 4170 738 4240 ipso
769 4168 940 4225 fuisse
971 4170 1322 4240 pronuntiata
1342 4210 1357 4236 ,
1387 4185 1487 4224 cur
1513 4169 1653 4238 apud
1676 4168 1941 4223 Irenaeum

364 4259 654 4329 epistolam
710 4261 895 4332 potius
941 4262 1242 4333 intelligam
1292 4277 1455 4332 quam
1508 4276 1698 4315 vocem
1726 4300 1741 4327 ,
1775 4275 1940 4314 causa

2065 447 2155 500 φει
2188 428 2244 482 δὲ
2278 428 2374 483 καὶ
2418 431 2447 483 ὁ
2495 428 2638 492 Θεῖος
2683 426 2964 498 Ἰγνάτιος·
3012 429 3070 482 '0
3100 427 3230 499 ἐμὸς
3261 428 3397 500 ἔρως
3433 428 3637 482 ἐσταύ-

2065 538 2253 591 ρωται.
2288 519 2507 592 Origeni
2537 521 2710 573 εἰπεῖν
2739 528 2842 587 est,
2871 519 3017 590 quod
3062 518 3324 591 Dionysio
3371 520 3636 590 γράφειν.

2066 612 2194 682 Sed,
2228 614 2502 684 inquiunt,
2533 614 2911 669 commentarii
2942 612 3021 667 illi
3067 628 3174 668 non
3206 621 3335 668 sunt
3354 612 3637 685 Origenis.

2064 704 2107 758 E
2147 706 2414 760 memoria
2472 705 2690 760 illorum
2750 705 3034 760 efﬂuxerat
3082 704 3238 759 citari
3272 718 3367 759 eos
3421 704 3476 757 in
3529 704 3639 759 ﬁne

2062 795 2397 853 Philocaliw.
2428 797 2509 853 Tu
2539 813 2690 863 vero,
2723 813 2792 853 ne
2841 808 3056 867 tempus
3101 805 3272 852 teram
3322 797 3375 851 in
3422 798 3639 867 agenda

2062 906 2122 945 re
2144 903 2283 956 acta,
2314 891 2438 947 vide
2478 906 2600 962 qua:
2633 907 2662 946 a
2707 891 3025 947 doctissimo
3055 891 3472 962 clarissimoque
3515 891 3641 945 viro

2061 981 2222 1037 Petro
2254 982 2482 1037 Daniele
2530 981 2726 1038 Huetio
2773 982 2945 1039 solide
2990 982 3057 1038 de
3115 982 3219 1038 hac
3259 983 3641 1038 controversia

2062 1075 2336 1146 disputata
2370 1084 2499 1131 sunt
2535 1074 2989 1147 Origenianorum
3019 1076 3113 1131 lib.
3147 1093 3232 1145 ιιι,
3256 1093 3311 1148 p.
3337 1077 3464 1133 248.
3492 1076 3641 1148 lege

2060 1168 2266 1236 pariter
2297 1184 2419 1238 qua:
2464 1168 2655 1224 eodem
2698 1168 2874 1236 libro,
2917 1184 2971 1238 ι).
3010 1168 3139 1235 252,
3165 1168 3294 1236 253,
3328 1168 3641 1224 atteruntur

2060 1273 2161 1328 pro
2205 1260 2450 1331 ejusdem
2492 1260 2805 1317 Adamantii
2857 1258 3108 1314 Homiliis
3152 1261 3209 1314 in
3240 1259 3466 1327 Lucam,
3493 1276 3643 1331 quas

2060 1350 2223 1405 etiam
2257 1351 2387 1421 quia
2418 1351 2524 1407 sibi
2553 1351 2963 1407 incommodant
2984 1359 3168 1421 aperta
3192 1350 3455 1406 citatione
3474 1348 3641 1420 Igna—

2060 1442 2221 1497 tianar
2248 1442 2522 1512 Epistolas,
2552 1443 2779 1514 rejicere
2824 1453 3094 1499 conantur
3115 1485 3131 1510 ,
3156 1444 3319 1514 idque
3355 1458 3453 1513 per
3494 1442 3641 1496 levi-

2061 1536 2182 1592 cula
2213 1545 2529 1607 argumenta
2553 1575 2570 1602 ,
2600 1536 2781 1592 solutu
2817 1536 2997 1593 facilia
3034 1538 3115 1592 eis
3146 1538 3242 1608 qui
3271 1535 3523 1591 animum
3552 1544 3641 1590 at—

2060 1627 2333 1681 tenderint
2364 1627 2561 1697 partim
2586 1627 2654 1682 ad
2689 1626 3079 1700 Hieronymum
3104 1629 3471 1698 interpretem,
3506 1642 3644 1697 par-

2060 1720 2156 1774 tim
2191 1720 2258 1775 ad
2289 1719 2543 1790 juvenem
2575 1734 2643 1774 eo
2675 1729 2919 1791 tempore
2940 1717 3247 1790 Origenem.
3268 1717 3457 1774 Videte
3484 1734 3642 1789 quo-

2056 1825 2163 1880 que
2193 1826 2295 1865 nos
2334 1810 2476 1866 infra
2510 1811 2563 1865 in
2586 1826 2635 1867 c.
2673 1812 2741 1868 19
2765 1810 2863 1882 Ep.
2891 1812 2960 1867 ad
3001 1811 3228 1882 Ephes.,
3255 1810 3323 1867 de
3344 1810 3559 1867 Basilio
3587 1820 3643 1868 et

2054 1897 2383 1973 Hieronymo
2417 1901 2520 1957 has
2542 1902 2794 1960 homilias
2815 1904 3139 1975 legentibus.

2125 1990 2400 2049 Hactenus
2428 1994 2496 2049 de
2533 2002 2798 2065 praetento
2819 2003 3064 2051 veterum
3095 1996 3331 2053 silentio.
3375 1995 3541 2051 Nunc
3570 1994 3642 2050 ad

2054 2083 2252 2154 stylum
2315 2082 2672 2152 epistolarum
2727 2084 3071 2141 accedamus.
3136 2084 3411 2156 lgnatiana
3451 2084 3642 2141 oratio

2053 2172 2280 2227 diversa:
2306 2186 2337 2226 a
2382 2182 2570 2229 nostra
2607 2175 2891 2231 sententiae
2926 2174 3244 2231 auctoribus
3281 2176 3493 2231 videtur
3532 2177 3643 2230 mi-

2050 2277 2174 2317 rum
2207 2262 2689 2335 prodigiosumque
2723 2265 2778 2319 in
2804 2266 3027 2321 modum
3058 2281 3218 2335 nova,
3246 2266 3477 2337 poetica,
3516 2274 3643 2322 tur-

2052 2353 2173 2423 gida
2196 2394 2211 2420 ,
2242 2353 2456 2423 putida,
2492 2354 2688 2426 frigida
2709 2398 2725 2423 ,
2762 2356 2998 2412 obscura
3018 2399 3034 2425 ,
3060 2358 3219 2428 plena
3258 2358 3551 2414 cacozeliae
3584 2367 3643 2414 et

2054 2442 2384 2514 hattologite,
2414 2447 2642 2501 omnino
2673 2447 2910 2503 absurda
2937 2458 3101 2517 atque
3132 2450 3387 2506 simulata
3407 2492 3423 2517 ,
3452 2451 3642 2506 nulla»

2050 2541 2209 2590 tenus
2269 2536 2588 2605 apostolica.
2623 2536 2809 2609 Longe
2872 2537 3030 2594 aliter
3066 2540 3311 2596 sentiunt
3357 2540 3484 2607 alii,
3539 2541 3643 2611 qui

2050 2627 2286 2697 plurima
2324 2628 2380 2683 in
2415 2628 2506 2683 illa
2553 2629 2895 2700 antiquitatis
2920 2645 2987 2686 ac
3017 2630 3380 2701 simplicitatis
3407 2642 3643 2703 aposto-

2050 2720 2173 2775 lica:
2206 2720 2624 2791 certissimaque
2649 2721 3065 2793 deprehendunt
3090 2725 3336 2795 vestigia,
3364 2726 3505 2780 nihil
3540 2741 3642 2782 ve-

2050 2824 2114 2864 ro
2151 2809 2613 2866 inconsideratum
2637 2849 2653 2877 ,
2682 2811 2820 2866 nihil
2847 2812 3034 2867 fictum
3060 2853 3077 2879 ,
3106 2821 3203 2868 aut
3231 2830 3339 2869 non
3364 2815 3642 2885 apostoli-

2049 2917 2197 2960 cum.
2231 2902 2609 2959 Concedamus
2652 2911 2838 2959 tamen
2869 2903 3060 2975 lgnatii
3094 2906 3388 2961 dictionem
3423 2907 3640 2977 aliquid

2051 2992 2254 3049 habere
2290 2994 2573 3061 novitatis,
2598 2994 2853 3061 tumoris,
2888 2995 3262 3051 obscuritatis.
3297 2994 3440 3062 Quid
3467 2997 3643 3053 tum!

2053 3082 2199 3139 Suus
2233 3085 2432 3156 cuique
2463 3086 2637 3157 stylus
2669 3095 2752 3141 est
2775 3126 2792 3154 ,
2826 3100 2930 3141 sua
2963 3087 3235 3143 scribendi
3272 3087 3437 3143 ratio.
3484 3085 3641 3143 Non-

2048 3192 2117 3232 ne
2143 3177 2189 3231 si
2213 3177 2527 3247 hujusmodi
2551 3179 2962 3247 argutationu‘m
2987 3180 3236 3235 minutiis
3258 3180 3423 3235 datur
3449 3180 3636 3245 locus,

2048 3267 2425 3323 convellentur
2469 3266 2633 3323 facile
2671 3269 2931 3339 pleraque
2958 3269 3246 3326 vetustatis
3282 3268 3433 3323 haud
3464 3269 3641 3325 dubia

2047 3366 2401 3413 monumenta
2419 3358 2442 3412 2
2460 3356 2739 3414 Nauseant
2766 3360 2927 3429 pauci
2957 3360 3026 3415 ad
3046 3362 3294 3431 quaedam
3321 3362 3641 3432 lgnatiana.

2048 3450 2141 3505 sed
2187 3449 2398 3505 caeteris
2435 3448 2631 3505 fortior
2683 3459 2767 3506 est
2816 3452 3153 3508 stomachus.
3210 3454 3356 3509 Sane
3409 3455 3636 3510 veniam

2047 3540 2359 3597 merebatur
2390 3542 2776 3599 sanctissimus
2810 3553 3039 3616 martyr,
3058 3542 3384 3615 'quod,inter
3422 3546 3639 3603 milites

2048 3633 2340 3704 leopardos
2375 3634 2645 3701 scribens,
2676 3651 2954 3706 unamque
2981 3636 3199 3706 spirans
3237 3637 3485 3709 martyrii
3530 3652 3637 3693 eo—

2046 3738 2262 3790 ronam,
2293 3725 2601 3794 nequiverit
2646 3728 2910 3797 epistolas
2941 3742 3070 3783 suas
3114 3728 3386 3799 perpolire
3430 3744 3496 3785 ac
3527 3745 3636 3784 va-

2045 3815 2208 3871 riare.
2232 3816 2411 3887 Atque
2434 3818 2551 3873 hate
2584 3818 3055 3889 inpraesentiarum
3081 3820 3327 3876 sutiicere
3344 3829 3639 3892 poterunt,

2044 3905 2284 3963 breviter
2312 3908 2457 3964 dicta
2488 3925 2588 3980 pro
2615 3911 2831 3966 ratione
2856 3921 3135 3981 notarum,
3163 3912 3337 3968 donec
3356 3911 3642 3983 prodeant.

2045 4000 2390 4056 eruditorum
2434 4003 2720 4057 hominum
2768 4019 2867 4074 pro
2902 4005 3111 4077 lgnatio
3145 4014 3473 4076 exspectata:
3511 4008 3639 4064 dis-

2045 4090 2392 4147 sertationes.
2432 4090 2646 4148 Paucos
2694 4094 2951 4149 existimo
2995 4094 3114 4150 fore
3160 4094 3255 4165 qui
3285 4094 3474 4160 trium,
3497 4095 3642 4154 licet

2043 4183 2227 4254 magni
2257 4184 2453 4239 merito
2502 4184 2746 4241 nominis
2775 4186 3120 4255 criticorum,
3146 4185 3429 4254 Salmasii,
3455 4186 3637 4243 Blon-

2043 4273 2193 4339 delli,
2236 4272 2443 4340 Dallasi,
2476 4289 2769 4330 censuram
2813 4274 3105 4346 pmferant
3140 4276 3346 4348 judicio
3375 4276 3636 4345 Eusebii,

363 4360 450 4407 est
494 4359 611 4405 tum
643 4354 945 4409 auctoritas
979 4354 1220 4421 Eusebii,
1262 4354 1353 4423 qui
1404 4354 1478 4408 ita
1530 4352 1773 4423 accepit,
1824 4359 1940 4405 tum

2125 4364 2357 4433 hanasii,
2385 4364 2725 4438 Hieronymi,
2759 4365 3076 4423 Theodoriti
3098 4408 3113 4434 ,
3151 4368 3429 4438 totiusque
3474 4370 3634 4424 anti-

364 4445 510 4515 quod
544 4444 786 4503 lremeus
818 4462 928 4501 non
970 4450 1249 4519 scripserit
1284 4447 1628 4520 (inpioanti
1651 4486 1667 4511 ,
1704 4462 1822 4500 cum
1848 4447 1938 4500 be-

364 4538 486 4591 stiis
516 4554 777 4608 pugnans,
801 4548 897 4595 aut
921 4540 1055 4610 quid
1079 4541 1277 4606 simile,
1300 4540 1394 4595 sed
1423 4539 1771 4610 xamxptﬁs‘t;
1801 4539 1938 4613 πρὸς

366 4625 551 4698 θηρία,
586 4630 870 4687 damnatus
899 4638 968 4685 ad
1004 4632 1215 4687 bestias.
1245 4630 1507 4703 Origenes
1534 4632 1759 4703 prologo
1782 4631 1940 4688 Com-

365 4717 749 4772 mentariorum
790 4720 847 4773 in
888 4719 1169 4776 Canticum
1230 4722 1606 4775 canticorum:
1641 4740 1659 4773 ι
1695 4721 1940 4791 Denique

368 4806 592 4859 memini
614 4808 853 4879 aliquem
876 4820 1197 4868 sanctorum
1220 4810 1445 4876 dixisse,
1467 4812 1736 4882 lgnatium
1763 4811 1943 4867 nomi-

368 4910 458 4964 ne,
489 4896 555 4953 de
579 4897 837 4958 Christo:
874 4901 1022 4958 Meus
1060 4914 1239 4960 autem
1286 4920 1437 4958 amor
1474 4904 1761 4973 cruciﬁxus
1784 4914 1885 4961 est.
1914 4922 1937 4959 ι

2045 4456 2314 4527 quitatis,
2353 4471 2567 4512 necnon
2616 4457 2847 4527 hujusce
2901 4460 3162 4530 temporis
3220 4459 3631 4514 catholicorum

2038 4546 2417 4614 omnium,ac
2476 4549 2938 4604 heterodoxorum
2992 4551 3375 4621 plurimorum.
3428 4548 3633 4606 Dicam

2037 4646 2220 4691 autem
2245 4638 2313 4692 de
2334 4653 2567 4694 numero
2598 4640 2952 4710 epistolarum
2996 4641 3053 4696 in
3093 4641 3237 4695 illam
3262 4640 3326 4695 ad
3361 4639 3633 4712 Polycar-

2038 4743 2167 4797 pum
2194 4745 2209 4795 ;
2244 4729 2311 4783 de
2334 4729 2581 4799 epistolis
2614 4747 2746 4786 vero
2778 4732 3121 4806 interpolatis
3147 4732 3288 4788 etde
3314 4732 3631 4789 subdititiis

2040 4834 2141 4876 suo
2162 4820 2325 4876 etiam
2348 4820 2470 4877 loco
2494 4821 2814 4880 disseretur.
