3786 6336
3355 259 3425 318 58

180 254 260 311 δ’]
870 258 921 315 ι.
962 257 1326 318 PEARSONII
1366 262 1686 321 VINDICIIE
1715 264 1778 321 IG

1818 264 2131 323 ΙΑΤΙΑΝᾸΞ.
2171 296 2243 312 -ο
2268 269 2670 330 ΡΒαΕΜῙυΜ.

947 583 1633 817 unus
1776 440 2685 874 unum

703 971 1605 1128 VINDICI/E
1720 975 2881 1139 IGNATIANZE.

1016 1291 1348 1355 (Οοτιωιυσ,
1370 1293 1719 1356 Patresppost.
1748 1292 1811 1352 Il,
1834 1292 1946 1355 252,
1981 1293 2066 1345 ed.
2087 1294 2361 1348 Amste’od.
2384 1295 2508 1350 172$
2532 1302 2550 1367 )

218 408 3331 460 mm

1316 1645 1565 1691 DOMINO
1611 1650 1834 1693 SUMME
1885 1650 2271 1696 BEVERENDO

1565 1727 1629 1772 D.
1675 1730 1985 1774 GILBEBTO

830 1803 1329 1848 ARCHIEPISCOPO
1370 1805 1872 1862 CANTUABIENSI,
1918 1810 2145 1853 TOTIUS
2190 1810 2433 1853 ANGLIE
2472 1812 2758 1858 PRIMA“.

221 1978 361 2052 eum
393 1975 1120 2052 AnastasiuvAntiochenus
1160 1976 1229 2052 ad
1266 1976 1853 2052 GregoriumMagnum
1897 1981 2222 2052 scripsisset,
2270 1991 2318 2035 et
2365 1980 2422 2036 S.
2448 1980 2648 2049 Ignatii
2686 1981 2980 2035 clausulam
3024 1982 3262 2052 epistola:
3298 1999 3413 2041 sua!

148 2048 522 2120 subjunxisset
544 2086 561 2111 ,
590 2049 829 2120 eamdem
858 2063 969 2120 sua:
995 2048 1161 2120 etiam
1187 2048 1468 2120 Gregorius
1510 2048 1797 2115 subtexuit,
1830 2060 1880 2103 et
1914 2048 2049 2103 hanc
2084 2054 2342 2105 rationem
2378 2053 2641 2113 reddidit,
2682 2052 2805 2120 quia
2846 2068 2953 2107 non
2991 2048 3199 2107 tantum
3233 2068 3412 2110 vester

148 2115 256 2180 est,
301 2118 495 2192 sed_et
527 2126 731 2192 nosterf
772 2115 862 2192 Ita
894 2116 1191 2192 Occidentis
1233 2115 1556 2192 et'Orientis
1590 2120 1917 2192 patriarcha;
1945 2137 2039 2189 pro
2075 2122 2410 2175 sanctissimo
2452 2120 2549 2174 illo
2592 2115 2816 2192 prtesule
2854 2130 2902 2174 et
2928 2132 3156 2192 martyre
3188 2124 3325 2177 inter
3354 2141 3411 2179 se

148 2186 562 2262 contendebant.
772 2188 928 2257 hujus
975 2187 1162 2262 saeculi
1205 2204 1409 2262 mores,
1460 2186 1599 2262 alite
1632 2186 2043 2262 concertationes
2084 2206 2104 2262 .5
2174 2200 2225 2243 et
2271 2192 2413 2244 docti
2459 2202 2509 2245 et
2563 2186 2764 2262 indocti
2791 2231 2805 2255 ,
2860 2200 2911 2262 et
2964 2186 3109 2245 donii
3156 2202 3206 2246 et
3250 2192 3406 2262 foris,

147 2258 568 2332 pretiosissimas
604 2257 761 2332 illius
777 2256 1031 2326 martyris
1067 2256 1317 2332 reliquias
1348 2258 1661 2332 convellunt.
1708 2260 1792 2312 Ad
1823 2260 1995 2332 sedem
2032 2261 2201 2332 igitur
2230 2271 2459 2332 ves_tram
2496 2261 2990 2332 archiepiscopalem
3032 2256 3265 2332 confugit
3295 2256 3407 2332 ipse

147 2327 604 2408 archiepiscopus,
650 2337 697 2409 et
741 2328 847 2410 hoc.
877 2343 1040 2409 unum
1078 2326 1352 2397 efflagitat,
1395 2344 1458 2381 ne
1496 2345 1591 2397 pro
1633 2326 2256 2410 impostorehmabeaturr.
2301 2330 2400 2410 Tu,
2439 2330 2523 2383 cui
2567 2326 2726 2410 apud
2756 2326 2847 2383 nos
2890 2331 2985 2383 sub
3026 2326 3141 2410 rege
3174 2326 3407 2410 maxime

148 2412 360 2471 summa
406 2398 464 2449 in
504 2398 711 2467 negotio
752 2397 1019 2465 religionis
1052 2407 1101 2450 et
1137 2413 1264 2471 cura
1292 2408 1340 2450 et
1383 2408 1634 2471 potestas,
1669 2397 1930 2469 singulari
1949 2399 2045 2453 Dei
2073 2400 2422 2469 providentia,
2472 2397 2813 2455 meritissimo
2856 2397 3135 2455 commisit:
3181 2410 3280 2466 est,
3313 2403 3407 2471 qui

152 2463 451 2538 Ecclesium
501 2463 737 2521 noitram
780 2463 1403 2538 adversusqea'ulceratos
1454 2463 1724 2522 hominum
1755 2463 2004 2533 animos,
2064 2463 2115 2524 et
2156 2463 2667 2524 luctuosissimorum
2715 2470 3180 2538 temporum‘vitio
3220 2463 3405 2525 enaias

146 2536 471 2611 inimicitias
500 2537 804 2611 prudentite
835 2536 1164 2611 incredibilis
1197 2540 1513 2611 auctoritate
1548 2540 1732 2602 tueris,
1767 2548 1873 2611 tam
1901 2540 2221 2607 praclarum
2246 2542 2485 2611 pristina:
2521 2536 2879 2611 simplicitatis
2909 2556 3028 2592 cum
3081 2542 3133 2594 in
3159 2541 3406 2594 doctrina

146 2606 421 2680 catholica
450 2615 561 2680 tum
587 2608 646 2680 in
673 2607 955 2680 disciplina
982 2607 1335 2660 ecclesiastica
1367 2620 1756 2662 monumentum
1785 2608 1850 2680 ab
1882 2606 2105 2680 ingeniis
2134 2606 2483 2679 maleferiatis
2513 2606 2778 2677 ventilari,
2819 2611 3067 2680 epistolas
3103 2611 3158 2663 in
3180 2612 3405 2664 vinculis

146 2676 297 2749 inter
317 2677 688 2749 ferocientium
717 2677 946 2730 militum
976 2693 1166 2749 manus
1202 2687 1249 2730 et
1281 2694 1548 2731 carcerum
1581 2679 1856 2749 angustias
1887 2676 2066 2733 animo
2094 2676 2504 2749 prtesentissimo
2545 2676 2795 2734 exaratos
2824 2676 3076 2748 tanquam
3102 2683 3404 2734 invenustus

146 2745 341 2820 rejici,
414 2747 693 2820 haresium
746 2756 855 2820 tum
902 2748 1086 2820 primo
1135 2757 1440 2820 exorta‘rum
1485 2756 1534 2820 et
1574 2745 1979 2820 nuncdemum
2039 2745 2480 2820 repullulantium
2551 2745 2995 2820 scltismatumque
3050 2751 3405 2806 certissimum

146 2817 439 2869 remedium
477 2818 784 2890 exstirpari,
826 2817 1027 2890 faciem,
1054 2818 1271 2886 denique
1301 2816 1551 2890 Ecplesia:
1586 2819 1871 2890 primitivis:
1900 2816 2198 2873 clarissime
2237 2830 2669 2890 repraasentatam
2711 2816 2985 2889 deturpari
3025 2829 3074 2872 et
3124 2821 3404 2874 obliterars

146 2900 419 2960 nunquam
438 2888 681 2960 patieris.
707 2886 847 2960 Quid
885 2887 1221 2960 felicissimos
1259 2886 1607 2941 eruditissimi
1639 2889 1886 2957 primatis
1909 2890 2233 2944 Armachani
2260 2886 2477 2943 conatus
2501 2907 2519 2944 :
2543 2891 2673 2959 quid
2696 2886 3090 2960 conspirantem
3121 2890 3401 2960 originalis

151 2954 328 3009 Grati
366 2954 579 3030 codicis,
627 2974 659 3030 ᾳ
697 2954 1013 3030 αοειᾷδέὶῃιᾳ
1058 2956 1241 3030 Yossio
1280 2954 1658 3030 peropportune
1711 2970 2051 3030 procuratum
2101 2960 2384 3014 editionem
2442 2973 2460 3012 :
2512 2954 2639 3030 quid
2682 2954 3004 3014 Haminondi
3048 2954 3404 3030 viri'optims

144 3028 752 3112 consummatissimique
791 3027 1015 3112 theologi
1052 3026 1914 3112 lucubrationes.commemorem?
1953 3027 2087 3111 .Non
2119 3032 2256 3083 enim
2290 3031 2473 3083 dubito
2512 3026 2660 3112 quin.
2687 3030 2872 3112 horum
2916 3029 3148 3112 omnium
3170 3026 3400 3112 labores,

148 3096 384 3170 maxime
424 3096 675 3170 Ecclesite
693 3096 1052 3170 emolumento
1086 3105 1372 3170 susceptos,
1410 3098 1499 3151 diu
1538 3107 1659 3151 ante
1691 3098 1991 3167 probaveris
2030 3116 2318 3170 magnoque
2359 3096 2607 3154 acerrimi
2632 3101 2830 3169 judicii
2863 3099 3252 3170 prudentiaque
3294 3106 3402 3153 tua:

144 3166 370 3231 pondere
409 3167 748 3240 stabiliveris.
791 3166 937 3240 Cum
980 3176 1154 3220 autem
1178 3167 1287 3240 hcce
1330 3170 1507 3240 omnia
1541 3169 1610 3221 ad
1638 3184 1870 3222 severum
1897 3170 2054 3223 nimis
2084 3166 2303 3224 eianien
2336 3181 2521 3224 vocata
2566 3166 2706 3233 sint;
2743 3166 2872 3240 quw'
2903 3170 2998 3222 hoc
3053 3166 3404 3238 qualicunque

146 3248 293 3315 opere
330 3237 845 3315 reponendauduzit,
888 3238 933 3315 si
976 3253 1079 3291 non
1102 3237 1279 3291 eodem
1311 3236 1518 3302 judicio
1548 3240 1792 3307 probare,
1836 3248 2011 3294 tamen
2053 3256 2112 3294 eo
2137 3258 2237 3311 quo
2273 3242 2445 3310 ipsum
2484 3241 2619 3296 soles
2660 3236 2888 3294 candore
2937 3236 3161 3307 recipere
3202 3247 3260 3315 ut
3296 3236 3405 3292 non

147 3302 467 3375 dedignaris,
503 3306 799 3361 humillime
820 3308 951 3377 petit
1548 3302 1558 3307 ’
1778 3302 1786 3304 ἡ
2148 3302 2160 3311 ’
2230 3370 2235 3377 .

1558 3377 1877 3433 Paternitati
1905 3386 2012 3435 tuae
2034 3380 2423 3437 devotissimus

2748 3448 2987 3504 Joannes
3025 3448 3293 3503 Punsou.

1312 3810 1466 3899 AD
1538 3807 2232 3903 LECTOBEM.

207 4031 563 4103 Quacunque
593 4033 662 4088 ad
700 4037 1127 4091 controversiam
1169 4036 1275 4091 hoc
1314 4048 1477 4105 opere
1515 4040 1717 4087 tracta-
1745 4034 1785 4091 Α

1819 4031 2086 4100 apostolos
2145 4032 2449 4085 institutum
2490 4040 2609 4097 est;
2665 4030 2997 4103 νεωτερικὴν
3054 4046 3172 4085 vero
3220 4030 3393 4096 τάξιν.

145 4130 245 4178 tam
270 4134 421 4180 recte
444 4126 851 4198 intelligendam
881 4129 1190 4195 conferant,
1219 4128 1275 4182 in
1305 4126 1579 4181 Prommio
1600 4126 1714 4196 jam

142 4219 269 4274 satis
306 4219 599 4290 perspicue
644 4230 699 4276 et
737 4222 961 4292 capiose
1007 4222 1251 4293 exposita
1298 4231 1457 4286 sunt,
1504 4229 1564 4274 ut
1610 4220 1714 4275 alia

140 4312 456 4379 prafatione
525 4314 603 4368 uti
672 4297 1141 4384 supervacaneum
1218 4313 1376 4383 plane
1442 4313 1711 4367 videatur.

140 4399 373 4458 Unicum
417 4412 602 4458 tamen
657 4413 741 4459 est
789 4406 857 4461 de
905 4422 1015 4475 quo
1065 4416 1137 4473 te,
1186 4404 1383 4460 Lector
1434 4405 1710 4471 benevole,

137 4493 385 4564 inprimis
421 4494 756 4550 monendum
815 4497 968 4551 duxi.
1022 4496 1291 4551 Putarunt
1323 4497 1585 4552 hactenus
1616 4512 1713 4551 no-

135 4584 333 4650 stri,S.
360 4584 557 4657 lgnatii
600 4588 862 4658 epistolas
902 4588 1213 4658 antiquitati
1251 4588 1598 4658 episcopatus
1628 4587 1714 4642 lu-

134 4675 579 4731 culentissimum
625 4678 1001 4732 testimonium
1037 4678 1358 4748 pnebuisse.
1396 4677 1591 4732 Nescio
1630 4685 1713 4732 ta-

137 4782 252 4821 men
280 4781 395 4837 quo
425 4777 590 4838 pacto
629 4768 879 4824 effectura
926 4778 1026 4835 est,
1062 4780 1121 4824 ut
1162 4785 1229 4824 ex
1272 4770 1375 4825 hoc
1419 4785 1529 4824 uno
1570 4769 1710 4824 scri-

138 4868 305 4927 ptore,
335 4866 391 4914 et
419 4859 644 4930 quidem
666 4860 948 4929 defaecato,
994 4862 1126 4917 satis
1154 4862 1369 4916 ﬁrmum
1421 4876 1711 4931 argumen-

137 4956 251 5002 tum
288 4964 388 5018 pro
443 4950 688 5005 novitate
734 4951 947 5007 ordinis
1003 4952 1329 5022 episcopalis
1377 4952 1501 5006 duci
1549 4964 1710 5021 posse

138 5038 450 5096 existiment
483 5041 762 5108 nonnulli,
793 5042 1038 5113 illudque
1076 5042 1132 5097 in
1159 5043 1363 5098 scholis
1390 5041 1709 5114 theologicis

144 5138 416 5199 usu‘rpent.
478 5129 623 5187 Ecce
664 5132 851 5199 enim,
905 5133 1047 5187 inter
1090 5136 1274 5189 theses
1322 5133 1377 5187 in
1431 5133 1709 5188 academia

150 5218 501 5277 Salmuriensi
564 5221 668 5277 sub
716 5223 975 5293 praesidio
1036 5222 1297 5279 Ludovici
1356 5224 1594 5295 Cappelli
1642 5223 1710 5281 de

146 5314 367 5386 episcopi
397 5324 458 5370 et
485 5317 788 5387 presbyteri
817 5316 1134 5372 discrimine
1155 5317 1481 5388 disputatas,
1505 5332 1703 5373 novum

148 5415 516 5471 argumentum
566 5406 624 5460 in
667 5407 815 5463 hunc
862 5408 1085 5463 modum
1133 5408 1421 5464 conﬁcitur
1454 5427 1467 5464 :
1506 5409 1709 5463 Auctor

150 5491 391 5562 Episton
418 5497 489 5549 ad
515 5494 816 5567 Magnesios
853 5500 1048 5568 primo,
1077 5498 1488 5571 πρεσϐυτέριον,
1513 5499 1610 5553 hoc
1631 5509 1709 5554 est

148 5587 419 5658 collegium
490 5589 972 5660 presbyterorum,
1031 5599 1081 5644 et
1128 5590 1381 5645 Ecclesiae
1430 5607 1522 5660 per
1573 5592 1708 5645 illud

150 5677 656 5735 administrationem
699 5690 858 5750 atque
894 5682 1146 5750 regimen,
1173 5693 1323 5735 vocat
1346 5682 1581 5752 Χριστοῦ
1623 5682 1709 5735 v6-

156 5782 259 5829 μον,
288 5771 412 5839 quia
463 5786 527 5824 ex
571 5772 909 5827 institutione
948 5782 995 5827 et
1044 5769 1314 5828 voluntate
1366 5770 1566 5827 Christi
1620 5791 1710 5839 per

1818 4123 2081 4176 novellam
2115 4123 2506 4178 institutionem
2544 4132 2714 4188 vocat,
2749 4140 2865 4177 eam
2895 4139 3014 4193 qua:
3042 4139 3138 4177 suo
3167 4132 3397 4193 tempore

1815 4214 2117 4282 episcopum
2151 4214 2473 4283 presbyteris
2512 4214 2874 4286 praeponebat.
2927 4215 3142 4269 Certum
3178 4224 3256 4269 est
3291 4231 3395 4267 au-

1824 4313 1926 4358 tem
1963 4321 2083 4359 eum
2137 4307 2411 4376 scripsisse
2448 4317 2563 4377 post
2600 4306 2871 4360 Valentini
2906 4306 3139 4361 haeretici
3168 4315 3392 4375 tempus,

1813 4395 1903 4465 qui
1940 4395 2166 4449 Romam
2217 4397 2354 4450 venit
2414 4398 2508 4451 sub
2542 4396 2753 4467 Hygino
2804 4412 2965 4466 papa,
3012 4398 3156 4449 circa
3196 4411 3394 4449 annum

1812 4502 1845 4539 a
1906 4484 2119 4542 Christo
2179 4498 2304 4541 nato
2347 4487 2470 4542 144.
2532 4486 2624 4542 Ita
2694 4489 2757 4557 ﬁt
2810 4487 3149 4554 manifestum
3206 4500 3393 4537 novam

1812 4578 2244 4631 constitutionem
2282 4579 2346 4632 de
2383 4578 2616 4647 episcopi
2668 4578 2720 4631 in
2758 4576 3089 4646 presbyteros
3122 4590 3396 4644 praeroga-

1814 4670 1920 4723 tiva
1958 4679 2009 4723 et
2055 4669 2379 4723 auctoritate
2413 4670 2615 4739 factam
2661 4684 2771 4722 esse
2810 4677 2929 4738 post
2966 4668 3306 4721 centesimum
3342 4678 3395 4719 et

1810 4760 2299 4830 quinquagesimum
2331 4776 2364 4813 a
2400 4758 2600 4813 Christi
2645 4757 3040 4823 resurrectione,
3080 4764 3131 4810 et
3160 4755 3393 4825 Spiritus

1810 4851 1986 4903 sancti
2006 4850 2254 4903 missione
2268 4851 2323 4902 in
2338 4848 2629 4918 apostolos,
2646 4863 2863 4901 annum.
2880 4844 2993 4900 Hoc
3008 4850 3392 4917 argumentum

1811 4940 2045 4997 Dallzeus
2082 4941 2448 5011 praetermisit,
2479 4939 2566 4994 vel
2608 4938 2758 5009 quod
2802 4937 2851 4993 ei
2898 4937 3105 4992 nullam
3142 4935 3253 4988 vim
3302 4932 3394 4985 in-

1812 5049 1936 5090 esse
1984 5043 2253 5104 putaret,
2308 5033 2394 5088 vel
2445 5032 2590 5103 quod
2643 5030 2970 5100 scriptorem
3036 5025 3391 5097 epistolarum

1812 5128 2170 5197 impostorem
2232 5141 2342 5180 non
2387 5125 2677 5196 probaret,
2731 5121 2829 5177 sed
2881 5124 3252 5190 supponeret;
3304 5112 3393 5168 vel

1810 5218 1957 5289 quod
2013 5233 2127 5273 sua:
2162 5216 2452 5290 hypothesi
2500 5215 2729 5270 minime
2777 5210 3111 5274 conveniret,
3142 5203 3239 5276 qui
3283 5202 3392 5259 im-

1811 5320 2086 5380 postorem
2118 5325 2279 5365 suum
2306 5308 2393 5363 vel
2422 5308 2526 5364 sub
2547 5308 2708 5362 linem
2738 5303 2910 5366 tertii,
2932 5299 3014 5355 vel
3044 5297 3148 5353 sub
3172 5296 3391 5352 initium

1812 5402 1995 5472 quarti
2033 5401 2217 5457 saeculi
2248 5401 2454 5456 vixisse
2483 5398 2726 5470 putavit;
2776 5409 2887 5465 quo
2925 5402 3173 5460 tempore
3206 5402 3391 5453 nemo,

1812 5494 1905 5564 qui
1950 5511 2061 5550 non
2105 5495 2477 5558 insanivisset,
2523 5492 2898 5562 episcopatum
2933 5483 3193 5538 novellam
3231 5481 3360 5535 insti

1814 5592 2069 5643 tationem
2110 5596 2379 5643 vocasset.
2424 5584 2536 5638 Nos
2578 5583 2645 5636 ab
2677 5580 2770 5634 illo
2815 5576 3244 5648 pra'termissum
3304 5572 3393 5628 hic

1812 5681 2217 5737 discutiendum
2262 5677 2608 5749 putavimus;
2658 5686 2726 5725 ne
2752 5670 2876 5741 quis
2907 5678 3099 5739 postea
3127 5677 3237 5722 tam
3271 5664 3389 5717 ine-

1813 5784 1964 5845 ptum
2004 5774 2212 5846 lgnatio
2247 5783 2468 5828 sensum
2520 5766 2759 5837 ailingat,
2789 5775 2882 5821 aut
2916 5777 2979 5817 ex
3007 5762 3100 5815 illo
3128 5768 3240 5814 tam
3289 5756 3389 5811 ial-
