3786 6288
412 225 483 283 39
1470 221 1527 276 S.
1560 220 1912 280 lGNATIUb.
1940 255 2008 268 -—-
2049 225 2597 287 PROLEGOMENA'.‘
3603 235 3669 286 lli

408 348 534 390 sum
590 343 652 390 et
712 330 971 393 Ecclesiae
1046 339 1414 408 perniciosum
1470 342 1666 413 dogma
1724 343 1977 400 deducat.
2009 355 2053 411 Α
2082 346 2175 402 sed
2203 347 2541 419 juventutem
2580 351 2819 421 episcopi
2845 352 3088 406 denotat.
3116 346 3434 406 Blondellus
3482 352 3662 408 verba

481 422 541 476 Si
584 424 730 480 enim
767 428 1156 484 concederetur
1196 438 1250 484 et
1293 439 1574 487 auctorem
1621 435 1865 504 epistolae
1911 437 1980 492 ad

408 514 721 587 Magnesios
771 520 1121 589 impostorem
1155 521 1348 590 fuisse,
1379 536 1435 580 et
1461 526 1831 597 episcopatum
1874 544 1977 584 no-

408 612 604 667 veliam
652 613 1046 671 institutionem
1076 633 1336 685 vocasse,
1374 621 1523 675 nullo
1559 622 1720 678 modo
1750 622 1979 680 manife-

407 716 552 758 stum
596 715 741 761 esset
790 708 1233 766 constitutionem
1264 716 1333 767 de
1361 713 1602 784 episcopi
1652 717 1979 773 auctoritate

406 807 530 865 post
568 813 768 853 annum
823 815 854 855 a
900 800 1106 857 Christi
1155 806 1564 863 resurrectione
1613 809 1718 864 150
1769 808 1973 865 factam

407 889 592 944 fuisse.
637 889 770 945 Nam
796 893 994 962 primo,
1025 893 1074 950 si
1112 895 1380 965 impostor
1407 908 1573 965 esset,
1610 915 1719 955 non
1751 917 1978 960 necesse

405 990 549 1035 esset
577 992 634 1037 ut
682 984 745 1037 de
807 1002 904 1040 suo
960 996 1186 1057 tempore
1247 990 1594 1061 loqueretur;
1664 996 1975 1065 tingendum

405 1073 549 1125 enim
578 1073 679 1128 sibi
708 1076 1009 1146 sumpsisse
1038 1078 1300 1135 dicendus
1322 1093 1465 1137 esset
1487 1093 1727 1139 veterem
1759 1095 1813 1140 et
1841 1102 1975 1157 apo—

407 1165 658 1220 stolicum
684 1166 882 1234 virum,
908 1169 975 1223 ab
1002 1172 1264 1240 apostolis
1292 1174 1602 1229 ordinatum
1631 1178 1971 1248 episcopum,

402 1268 456 1311 et
491 1259 652 1326 paulo
677 1269 801 1329 post
830 1261 887 1315 S.
918 1260 1146 1319 Joannis
1188 1267 1418 1335 apostoli
1464 1268 1669 1324 obitum
1715 1272 1975 1341 martyrio

403 1359 745 1403 coronatura.
793 1350 948 1416 Quod
991 1353 1037 1407 si
1087 1354 1444 1429 impostorem
1490 1359 1629 1414 bene
1663 1371 1866 1431 ageret,
1907 1364 1973 1417 ad

403 1456 525 1494 eam
560 1452 769 1497 aetatem
802 1445 985 1500 omnia
1021 1446 1224 1503 referre
1253 1449 1478 1518 debuit;
1513 1463 1567 1506 et
1596 1452 1663 1507 ad
1703 1454 1837 1508 illud
1869 1470 1972 1509 sae-

404 1531 589 1585 culum
634 1533 750 1587 lucc
791 1534 905 1604 ipsa
939 1551 1063 1590 cum
1100 1552 1207 1591 non
1258 1541 1531 1607 retulisse,
1561 1543 1779 1612 probari
1824 1546 1974 1601 nullo

403 1621 567 1674 modo
624 1631 821 1690 potest.
874 1622 1019 1677 Mhi!
1077 1625 1243 1696 igitur
1304 1628 1452 1682 aliud
1508 1645 1575 1685 ex
1625 1630 1826 1701 duplici
1881 1634 1971 1688 illa

2080 438 2273 507 lgnatii
2326 440 2785 506 notavit,Latine
2829 456 2939 496 non
2993 441 3228 497 reddidit
3272 459 3288 498 :
3341 442 3683 500 Salmasius.

2080 529 2325 584 omnium
2378 532 2586 600 primus
2625 532 2954 605 νεωτερικὴν
2994 532 3369 599 τάξιν,οοιιιι“ει
3417 535 3639 607 lgnatia

2079 635 2211 675 num
2250 621 2522 692 loquendi
2575 636 2813 692 morem,
2847 634 3041 680 contra
3084 626 3433 681 manifestum
3473 630 3662 683 totius

2078 725 2365 773 contextus
2395 732 2639 787 sensum,
2682 722 2878 775 contra
2922 728 3157 775 mentem
3192 720 3468 790 scriptoris
3528 720 3664 776 alibi

2077 809 2210 865 satis
2259 810 2606 881 explicatam,
2655 827 2841 867 novam
2885 812 3272 867 institutionem
3322 813 3406 867 vel
3455 828 3661 865 novum

2076 901 2314 956 ordinem
2338 904 2590 960 reddidit.
2619 902 2699 958 Ad
2727 905 2870 960 hanc
2887 903 3296 959 translationem
3314 903 3665 958 conﬁrman-

2075 992 2203 1047 dam
2231 994 2410 1050 locum
2441 995 2632 1066 Ignatii
2659 996 2857 1050 misere
2878 994 3135 1059 detorsit;
3165 1002 3219 1048 et
3244 1008 3367 1048 cum
3397 1002 3661 1048 nostrum

2076 1084 2405 1142 locutionem
2440 1087 2498 1143 S.
2524 1088 2679 1143 Pauli
2707 1085 2943 1143 maxime
2965 1096 3212 1143 secutum
3242 1102 3361 1143 esse
3381 1087 3659 1152 novisset,

2075 1177 2227 1232 illum
2279 1181 2442 1235 etiam
2485 1196 2769 1250 perperam
2824 1190 2879 1235 et
2908 1189 3099 1237 coacte
3137 1180 3523 1248 interpretatus
3557 1186 3661 1233 est.

2078 1265 2147 1320 In
2214 1266 2460 1337 Epistula
2522 1267 2705 1336 Pauli,
2790 1268 3006 1339 inquit,
3063 1269 3132 1322 ad
3199 1267 3537 1323 Timotheum
3603 1267 3663 1335 ll,

2075 1372 2195 1427 cap.
2225 1374 2286 1425 ιι,
2317 1359 2407 1426 22,
2426 1362 2745 1433 νεωτερικαὶ
2773 1360 3059 1432 ἐπιθυμίαι
3098 1376 3199 1414 non
3229 1371 3349 1414 sunt
3369 1359 3655 1430 juveniles

2074 1450 2421 1519 cupiditates,
2448 1453 2537 1507 sed
2568 1468 2741 1521 novae,
2772 1455 2849 1507 vel
2880 1469 3147 1508 novarum
3188 1468 3394 1517 rerum,
3426 1461 3481 1505 ut
3522 1452 3662 1505 alibi

2076 1554 2167 1593 nos
2217 1541 2618 1610 explicabimus.
2684 1541 2893 1598 Idcirco
2928 1585 2943 1611 ,
2988 1553 3046 1598 ut
3101 1544 3207 1599 hoc
3272 1555 3660 1613 argumentum

2074 1645 2299 1701 prorsus
2325 1632 2663 1703 explodatur,
2682 1635 2880 1704 primo,
2913 1636 3083 1690 lector
3109 1636 3388 1701 benevole,
3419 1634 3476 1688 S.
3493 1632 3661 1689 Pauli

404 1713 757 1767 concessione
826 1716 1073 1785 sequitur
1102 1758 1117 1785 ,
1187 1734 1352 1788 quam
1420 1722 1566 1790 quod
1604 1738 1670 1777 ex
1717 1724 1977 1794 imposto.
2007 1710 2049 1765 Β
2079 1723 2254 1790 locus,
2290 1740 2449 1794 quem
2465 1734 2712 1783 secutum
2748 1728 2838 1782 hic
2865 1737 2925 1781 ut
2956 1729 3085 1783 alibi
3118 1737 3364 1783 nostrum
3388 1743 3513 1782 esse
3550 1742 3661 1781 non

403 1801 481 1858 ris
512 1805 777 1859 sententia
814 1806 1180 1877 episcOpatus,
1209 1821 1270 1864 ut
1318 1813 1694 1884 presbyteratu
1728 1817 1979 1885 superior

401 1904 650 1961 cst,tunc
679 1898 890 1952 novella
919 1897 1187 1955 institutio
1213 1900 1397 1969 fuerit,
1425 1920 1548 1960 cum
1574 1916 1800 1962 sanctus
1818 1907 1977 1980 lgna-

402 1989 513 2044 tius
536 1990 603 2045 ad
634 1992 955 2062 martyrium
985 2008 1079 2062 per
1100 1994 1287 2051 Asiam
1315 1998 1623 2056 duceretur.
1654 1999 1769 2057 Hoc
1793 2012 1976 2057 autem

400 2074 605 2131 factum
658 2086 742 2133 est
796 2080 939 2134 intra
989 2080 1056 2137 75
1115 2098 1292 2140 annos
1343 2094 1469 2156 post
1519 2091 1973 2147 resurrectionem

399 2165 628 2235 Christi,
680 2169 821 2225 intra
848 2170 882 2225 8
912 2181 1037 2242 post
1075 2186 1307 2231 mortem
1353 2177 1409 2231 S.
1433 2179 1662 2235 Joannis
1702 2185 1971 2252 apostoli;

398 2267 463 2313 ut
503 2259 852 2330 episcopatus
880 2272 935 2317 et
976 2266 1190 2319 novella
1229 2268 1502 2325 institutio
1543 2270 1671 2339 dici,
1706 2281 1761 2328 et
1792 2282 1972 2329 tamen

398 2353 734 2421 apostolicus
758 2369 881 2410 esse
906 2359 1160 2426 potuerit.
1202 2358 1316 2414 Sub
1341 2362 1618 2417 Antonino
1647 2365 1729 2419 vel
1750 2366 1973 2424 Aurelio

398 2443 599 2500 vixisse
626 2445 981 2516 impostorem
1010 2464 1171 2505 suum
1194 2452 1312 2505 vult
1343 2451 1666 2523 Salmasius,
1698 2458 1840 2514 unde
1870 2474 1970 2530 pro

396 2554 550 2595 more
585 2555 686 2596 suo
732 2543 1012 2598 concludit
1040 2542 1155 2599 :Eo
1207 2548 1401 2601 steculo
1436 2550 1616 2619 palam
1638 2561 1744 2620 est,
1774 2570 1970 2609 νεωτε-

398 2626 561 2701 ρικὴν
583 2630 735 2683 illam
772 2631 925 2697 τάξιν
957 2634 1187 2704 episcopi
1225 2652 1385 2705 supra
1417 2640 1747 2710 presbyteros
1793 2644 1966 2697 intro-

395 2722 611 2774 ductant
638 2739 770 2790 esse,
802 2735 859 2779 ut
892 2741 957 2778 ex
978 2726 1078 2779 hac
1119 2728 1342 2795 epistola
1373 2730 1482 2784 sole
1514 2732 1712 2789 clarius
1749 2735 1963 2793 dilucet.

395 2814 496 2880 At,
543 2813 589 2870 si
632 2815 898 2885 impostor
944 2819 1034 2873 ille
1073 2821 1175 2874 sub
1214 2820 1319 2876 hoc
1365 2825 1449 2878 vel
1498 2824 1593 2879 illo
1641 2827 1968 2897 imperatore

393 2907 609 2975 vixerit,
632 2909 811 2979 palam
832 2927 941 2965 non
969 2924 1067 2980 est,
1099 2916 1421 2988 νεωτερικὴν
1446 2917 1595 2983 τάξιν
1621 2935 1767 2975 nunc
1796 2920 1966 2979 fuisse

396 3000 795 3070 introductam;
833 3003 949 3059 ﬁeri
980 3005 1127 3060 enim
1158 3009 1425 3077 potuisse,
1463 3020 1522 3065 ut
1550 3010 1740 3082 lgnatii
1768 3014 1964 3072 simius

394 3103 688 3165 martyrem
733 3097 911 3165 ipsum
968 3112 1419 3171 repraasentaret,
1475 3104 1542 3159 ad
1582 3121 1703 3160 eam
1749 3115 1963 3163 aetatem

392 3200 502 3257 qua
534 3188 771 3257 Ignatius
795 3191 953 3257 vixit,
984 3202 1039 3246 et
1064 3192 1264 3249 Damas
1291 3196 1471 3252 adhuc
1504 3197 1721 3267 juvenis
1748 3198 1967 3271 Magne-

393 3281 605 3335 siorum
642 3283 932 3354 episcopus
978 3284 1114 3352 fuit,
1166 3288 1483 3359 respiceret,
1517 3304 1709 3347 omnes
1739 3294 1962 3351 vident:

393 3375 540 3429 unde
574 3377 820 3445 sequitur
853 3394 973 3433 cam
1020 3381 1289 3436 novellam
1339 3382 1740 3440 institutionem
1787 3387 1965 3457 primo

392 3468 592 3522 saeculo
622 3469 890 3527 introduci
919 3473 1182 3541 potuisse.
1213 3475 1280 3531 Et
1302 3492 1487 3532 revera
1520 3479 1965 3535 constitutionem

390 3558 736 3615 auctoritatis
784 3562 1113 3633 episcopalis
1144 3566 1212 3620 ad
1241 3582 1442 3621 annum
1475 3567 1580 3624 150
1608 3578 1735 3639 post
1756 3568 1963 3627 Christi

388 3654 867 3723 resurrectionem,
916 3658 1020 3713 hoc
1064 3669 1168 3725 est,
1217 3661 1284 3715 ad
1327 3661 1569 3731 vulgaris
1611 3678 1733 3717 tera:
1759 3680 1964 3719 annum

389 3744 496 3797 185
532 3744 759 3813 referre,
789 3764 855 3802 ex
886 3759 1043 3804 aetate
1088 3751 1426 3821 impostoris,
1456 3756 1524 3810 ab
1554 3757 1704 3811 omni
1752 3759 1966 3813 ratione

388 3834 627 3889 alienum
675 3848 794 3904 est,
840 3855 963 3893 cum
1015 3841 1091 3895 illi
1135 3844 1229 3912 qui
1275 3860 1399 3900 eum
1445 3849 1801 3917 impostorem
1844 3868 1966 3908 esse

385 3929 597 3995 volunt,
634 3930 700 3986 de
741 3931 859 4002 ejus
902 3942 1060 3989 aetate
1103 3940 1396 3994 convenire
1440 3956 1722 4011 nunquam
1770 3953 1963 4014 potue-

385 4024 515 4077 rint.
562 4024 720 4079 Circa
762 4026 1003 4082 medium
1050 4031 1273 4086 secundi
1322 4034 1505 4089 saeculi
1561 4035 1849 4105 epistolam
1897 4040 1965 4095 ad

385 4113 691 4185 Magnesios
722 4119 980 4188 scriptam
1012 4119 1184 4178 fuisse
1221 4126 1392 4180 sensit
1419 4126 1769 4198 Albertinus;
1801 4133 1964 4202 paulo

385 4210 660 4277 posterius
714 4209 854 4265 forte
882 4209 1206 4270 Salmasius.
1263 4216 1331 4271 At
1377 4218 1424 4273 si
1464 4220 1675 4275 novella
1716 4236 1782 4278 co
1822 4232 1963 4279 tem-

384 4315 517 4371 pore
548 4301 818 4358 institutio
843 4303 969 4371 fuit,
1004 4306 1274 4362 institutio
1300 4319 1480 4364 tamen
1509 4310 1633 4378 fuit,
1665 4322 1719 4368 et
1742 4314 1963 4384 quidem

2081 1816 2285 1887 injusta
2311 1819 2555 1889 suspicio
2595 1829 2700 1887 est,
2732 1821 3121 1890 explicabitur;
3158 1821 3417 1884 secundo,
3453 1819 3654 1891 lgnatii

2078 1909 2242 1964 verba
2268 1910 2411 1964 nude
2439 1918 2495 1965 et
2523 1920 2709 1981 aperte
2740 1922 3101 1982 exponentur,
3142 1920 3195 1966 et
3224 1913 3292 1967 ab
3321 1912 3660 1982 importunis

2079 2000 2522 2056 adversariorum
2562 2003 2761 2072 glossis
2792 2004 3229 2060 vindicabuntur.

2145 2110 2288 2165 Νέον
2333 2127 2478 2167 nunc
2517 2112 2781 2182 juvenem,
2809 2130 2954 2171 nunc
2984 2130 3173 2169 novum
3200 2115 3511 2187 signiﬁcare
3540 2133 3657 2173 om-

2076 2218 2178 2259 nes
2209 2215 2429 2259 norunt.
2460 2204 2796 2262 Glossarium
2822 2206 3137 2273 Vetuszvéo;
3166 2208 3472 2281 ἄνθρωπος,
3501 2210 3657 2278 juve-

2075 2298 2178 2364 nis,
2240 2299 2356 2363 νέος
2378 2296 2544 2366 οἶκος,
2577 2302 2609 2372 ἦ
2639 2301 2822 2375 ἕτερόν
2853 2319 2926 2368 τι,
2963 2318 3143 2366 novus,
3172 2302 3440 2367 novellus;
3465 2318 3496 2357 a
3539 2304 3657 2366 νέος

2073 2388 2333 2461 νεώτερος
2356 2392 2562 2461 pariter
2588 2393 2672 2448 vel
2695 2393 2899 2462 junior,
2927 2393 3010 2448 vel
3041 2395 3327 2459 recentior;
3358 2404 3456 2449 aut
3483 2395 3654 2449 etiam

2063 2480 2293 2549 juvenis.
2326 2482 2650 2556 Hesychius,
2674 2484 2954 2559 νεώτερον,
2982 2486 3043 2539 οὐ
3075 2487 3232 2557 μόνον
3260 2487 3651 2559 συγκριτικῶς,

2071 2574 2207 2629 ἀλλὰ
2260 2577 2355 2630 καὶ
2408 2579 2528 2632 νέον
2570 2579 2823 2634 Ἀττικοί.
2858 2580 3025 2635 Vetus
3047 2580 3406 2649 Glossarium,
3442 2582 3651 2651 junior,

2070 2667 2348 2741 νεώτερος,
2362 2669 2592 2740 juvenis,
2614 2670 2898 2743 νεώτερος.
2922 2671 2988 2727 Ει
3009 2674 3061 2727 in
3086 2672 3389 2743 Excerptis,
3417 2674 3651 2743 juvenis,

2068 2761 2376 2833 veo'urepocp
2407 2779 2438 2837 ξι
2492 2764 2758 2838 νεώτερος
2800 2781 2903 2821 vox
2953 2767 3260 2836 possessiva
3306 2769 3649 2839 νεωτερικός,

2060 2852 2329 2921 juvenilis.
2373 2852 2710 2911 Glossarium
2741 2856 3212 2913 Graeco-Latinum
3245 2878 3261 2912 ;
3303 2858 3650 2930 νεωτερικός,

2059 2945 2306 3018 juvenilis
2343 2964 2365 3000 θ
2415 2946 2911 3015 Latino—Graecum,
2958 2950 3227 3019 iuvenilis,
3283 2949 3649 3022 νεωτερικόςς

1992 3055 2035 3111 C
2058 3038 2310 3107 juvenile,
2348 3041 2684 3113 νεωτερικόν.
2738 3041 3079 3121 Νεωτερικός
3108 3044 3274 3114 igitur
3317 3059 3351 3098 a
3397 3042 3652 3115 νεώτερος

2060 3130 2348 3200 juvenilis,
2390 3148 2500 3187 non
2546 3144 2721 3187 rerum
2760 3151 3013 3188 novarum
3053 3136 3296 3205 cupidus,
3327 3135 3423 3206 qui
3463 3134 3652 3191 Grazce

2067 3225 2475 3295 νεωτεριστικός
2529 3225 2751 3293 dicitur,
2793 3242 2825 3281 a
2860 3228 3027 3282 verbo
3077 3229 3443 3299 νεωτερίζειν.
3494 3226 3651 3285 Unde

2066 3312 2208 3369 inter
2236 3315 2433 3369 vitiosa
2468 3326 2523 3370 et
2564 3318 2921 3386 vituperanda
2953 3320 3188 3373 oratoris
3228 3328 3325 3373 aut
3361 3319 3648 3393 demagogi

2065 3406 2303 3476 epitheta
2330 3408 2444 3463 hac
2472 3419 2866 3464 enumerantur
2893 3426 2926 3465 a
2971 3410 3119 3467 iulio
3173 3411 3419 3480 Polluce,
3466 3430 3648 3487 παρα-

2064 3498 2302 3569 τρέπων,
2329 3500 2681 3572 νεωτερίζων,
2706 3504 3085 3574 νεωτεριστὴς,
3116 3505 3546 3576 νεωτεριστικὸς.
3570 3503 3647 3558 E0

2067 3591 2233 3661 igitur
2286 3592 2430 3660 loco,
2462 3593 2554 3647 ubi
2609 3595 2713 3648 hoc
2761 3592 3053 3649 Timotheo
3096 3593 3391 3664 Apostolus
3440 3611 3646 3665 praee-

2068 3690 2223 3751 ptum
2240 3682 2332 3737 dat
2368 3701 2381 3736 :
2411 3683 2522 3745 Τὰς
2546 3683 2603 3736 δὲ
2625 3683 2953 3757 νεωτερικὰς
2984 3684 3277 3756 ἐπιθυμίας
3298 3684 3487 3755 φεῦγε,
3512 3703 3643 3739 νεω-

2063 3774 2285 3848 τερικὰς
2334 3775 2625 3846 ἐπιθυμίας
2669 3793 2779 3831 non
2829 3794 3006 3845 novas,
3034 3779 3126 3834 sed
3152 3778 3413 3847 juveniles
3441 3778 3645 3847 cupidi-

2068 3878 2199 3922 tates
2248 3868 2401 3923 reddi
2446 3868 2679 3937 debere,
2738 3870 2996 3926 omnibus
3058 3881 3203 3926 recte
3249 3872 3641 3942 interpretandi

2066 3960 2367 4016 rationibus
2389 3961 2765 4031 probabimus.
2793 3960 2929 4016 Nam
2958 3962 3158 4032 primo,
3176 3964 3290 4019 sive
3318 3980 3435 4018 rem
3466 3965 3640 4035 ipsam

2065 4066 2189 4121 quae
2214 4061 2426 4107 velatur
2457 4063 2692 4123 spectes,
2725 4054 2839 4109 sive
2871 4069 3163 4123 personam
3195 4056 3281 4112 cui
3310 4068 3641 4128 praeceptum

2070 4145 2232 4198 datur
2258 4144 2546 4213 respicias,
2575 4145 2793 4215 utrique
2823 4146 2938 4202 haec
2968 4146 3341 4217 interpretatio
3372 4149 3642 4219 imprimis

2066 4237 2336 4293 convenit.
2354 4235 2490 4291 Nam
2512 4237 2688 4307 reipsa
2718 4236 3025 4309 ἐπιθυμίαι,
3043 4240 3157 4293 sive
3173 4240 3511 4309 cupiditates,
3529 4240 3643 4295 sive

2066 4330 2335 4399 libidines,
2355 4332 2469 4387 sive
2489 4332 2769 4401 desideria,
2794 4334 2906 4388 sive
2922 4335 3183 4404 appetitus
3206 4335 3287 4389 vel
3314 4338 3644 4405 appetentias

383 4402 509 4448 ante
538 4393 671 4449 “'Ud
706 4402 919 4465 tempus
942 4396 1115 4466 fama;
1148 4402 1424 4470 (Ιυοῐηοάο
1454 4403 1622 4473 igitur
1650 4405 1758 4460 ἀίοί
1786 4408 1963 4477 Ροῑυίῑ
1991 4406 2039 4463 υ
2064 4432 2274 4476 vertere
2316 4393 2546 4492 placeat,
2578 4423 2647 4479 ab
2693 4393 3193 4495 omnibus'semper
3234 4393 3466 4497 juvenili
3494 4430 3640 4484 aetati

382 4482 500 4538 hzec
532 4488 850 4543 constitutio
889 4500 1014 4559 post
1039 4507 1245 4551 annum
1288 4493 1427 4549 facta
1454 4496 1600 4551 182?
1642 4497 1954 4557 Blondellus

380 4574 621 4644 lgnatitts
672 4573 1058 4654 ὑποϐολιμαῖον
1099 4594 1222 4655 post
1268 4587 1559 4645 Clementis
1603 4590 1954 4649 Alexandrini

380 4665 611 4735 obitum,
642 4669 745 4725 hoc
770 4678 873 4738 est,
906 4674 1264 4744 postinitium
1296 4679 1438 4733 tertii
1465 4681 1951 4753 smculi;Dallceus,

373 4764 470 4813 aut
493 4757 639 4813 circa
664 4760 823 4815 tinem
849 4766 1123 4831 tertii,aut
1153 4767 1369 4823 initium
1398 4772 1600 4839 quarti;
1629 4774 1950 4843 Bochartus,

370 4848 475 4903 sub
510 4849 739 4919 imperio
764 4852 1131 4921 Constantini,
1185 4860 1471 4930 scripsisse
1516 4865 1737 4932 statuit;
1790 4882 1954 4921 nemo

368 4948 563 4997 autem
617 4958 787 4999 sanus
838 4947 1062 5015 diceret,
1121 4966 1185 5006 ea
1230 4962 1389 5009 aetate
1429 4955 1802 5027 episcopatum
1854 4975 1953 5015 no-

366 5031 571 5097 vellam
604 5034 1006 5093 institutionem
1038 5040 1232 5098 fuisse.

447 5122 551 5181 Sed
581 5136 833 5183 neutrum
856 5133 1258 5189 concedendum
1280 5146 1393 5192 est:
1420 5154 1528 5193 non
1546 5141 1807 5209 primum,
1823 5143 1953 5213 quia

377 5227 569 5277 auctor
587 5222 832 5290 epistolae
855 5224 922 5277 ad
947 5224 1275 5295 Magnesios,
1306 5238 1363 5283 ut
1390 5240 1445 5285 et
1470 5247 1567 5287 sex
1595 5234 1951 5303 reliquarum,

375 5320 487 5363 non
518 5307 804 5380 impostor,
840 5316 934 5370 sed
958 5332 1130 5393 verus
1173 5318 1435 5389 lgnatius,
1492 5324 1793 5382 Antiochia:
1831 5329 1951 5398 cpi-

377 5415 573 5469 scopus
606 5401 728 5471 t‘uit,
771 5414 831 5460 ut
858 5416 972 5462 toto
1020 5409 1122 5465 hoc
1159 5427 1325 5481 opere
1360 5416 1650 5484 probatum
1690 5428 1808 5486 est;
1839 5438 1950 5476 non

374 5492 698 5558 secundum,
726 5497 855 5565 quia
904 5501 1136 5570 scriptor
1168 5504 1278 5571 ille,
1306 5506 1557 5577 quisquis
1590 5508 1712 5578 fuit,
1738 5511 1950 5581 episco-

374 5590 560 5651 patum
613 5588 883 5644 novellam
937 5592 1335 5653 institutionem
1384 5615 1667 5672 nunquam
1706 5606 1945 5661 vocavit.

374 5672 469 5729 llla
488 5675 633 5733 enim
666 5694 765 5736 vox
800 5687 1094 5758 νεωτερικὴ
1114 5703 1225 5745 ιιοιι
1254 5690 1546 5749 novitatem
1575 5694 1946 5768 episcopatus,

2056 4514 2327 4584 praecipue
2393 4515 2597 4570 tributa
2644 4525 2795 4572 sunt.
2848 4518 3191 4587 Aristoteles,
3234 4519 3639 4576 Rhetoricorum

2058 4607 2149 4661 lib.
2184 4622 2245 4673 ιι,
2274 4623 2394 4677 cap.
2438 4609 2498 4662 11
2549 4626 2563 4664 :
2605 4610 2668 4662 Οἱ
2712 4612 2810 4681 μὲν
2843 4607 2936 4666 οὖν
2975 4612 3084 4665 νέοι
3109 4613 3177 4666 τὰ
3216 4613 3311 4685 ἐθη
3342 4616 3482 4669 εἰσὶν
3517 4616 3639 4669 ἐπισ

2057 4695 2363 4768 θυμητικοί.
2383 4698 2461 4754 Ac
2490 4714 2684 4755 rursus
2714 4701 3116 4772 εΕὺμετάὸολοι
3148 4703 3207 4756 δὲ
3252 4704 3347 4757 καὶ
3386 4705 3641 4777 ἁψίκοροι

2057 4788 2193 4859 πρὸς
2218 4788 2529 4860 ἐπιθυμίας.
2564 4791 2733 4857 Idem,
2754 4791 3069 4862 Topicorum
3087 4794 3183 4848 lib.
3209 4810 3292 4860 tu,
3315 4809 3365 4849 c.
3395 4794 3431 4848 2
3455 4814 3469 4850 :
3497 4797 3641 4850 Μᾶλ·

2054 4874 2143 4928 λον
2167 4875 2275 4948 γὰρ
2306 4878 2354 4929 οἱ
2387 4879 2494 4931 νέοι
2527 4878 2635 4931 τῶν
2661 4879 3043 4953 πρεσϐυτέρων
3069 4882 3173 4936 ὑπὸ
3203 4881 3311 4937 τῶν
3333 4885 3638 4956 ἐπιθυμιῶν

2054 4965 2413 5035 ἐνοχλοῦνται.
2438 4967 2566 5022 inde
2594 4970 2767 5024 Varro
2800 4971 2854 5024 in
2909 4970 3144 5028 Tithono
3180 4974 3321 5045 apud
3362 4973 3633 5031 Nonium:

2056 5053 2227 5119 Quam
2246 5058 2523 5129 dereliquit
2543 5062 2891 5131 multicupida
2928 5063 3259 5133 juvenilitas.
3287 5065 3346 5121 S.
3368 5066 3634 5123 Basilius:

2054 5146 2267 5216 Κοῦφον
2295 5152 2335 5220 ἡ,
2362 5151 2549 5222 νεότης
2581 5153 2673 5206 καὶ
2698 5154 2975 5226 εὐκίνητον
3001 5155 3137 5228 πρὸς
3168 5156 3239 5211 τὰ
3279 5157 3481 5227 φαῦλα,
3518 5159 3636 5212 ἐπι-

2055 5236 2240 5308 θυμίαι
2278 5240 2651 5298 δυσκάθεκτοι.
2690 5245 2836 5311 Quas
2883 5246 3058 5319 ὁρμὰς
3089 5249 3491 5315 δυσκαθέκτους
3542 5268 3635 5322 ap-

2047 5327 2263 5397 pellavit
2287 5326 2443 5383 Philo
2470 5328 2711 5388 Judazus.
2735 5334 2792 5388 S.
2812 5338 3256 5410 Chrysostomus,
3277 5346 3420 5412 ιιρὸς
3453 5347 3624 5413 θυμὸν

2047 5421 2142 5475 καὶ
2174 5421 2308 5492 πρὸς
2336 5421 2631 5494 ἐπιθυμίας
2655 5426 3003 5500 εὐέμπτωτος
3028 5433 3231 5503 μᾶλλόν
3255 5434 3400 5489 ἐστιν
3421 5437 3451 5489 ὁ
3478 5436 3617 5500 νέος.

2047 5512 2183 5580 Quis
2206 5514 2371 5584 igitur
2394 5531 2516 5571 cum
2542 5520 2836 5592 ἐπιθυμίας
2856 5526 3052 5581 vetitas
3083 5537 3290 5595 cernat,
3318 5527 3498 5597 iisque
3526 5544 3619 5584 vo-

2052 5621 2169 5661 cem
2200 5609 2529 5681 νεωτερικάς
2571 5612 2883 5684 adjunctam
2918 5616 3331 5683 animadvertat,
3371 5631 3481 5670 non
3518 5624 3629 5669 sta-

2054 5700 2148 5757 tim
2179 5716 2273 5762 eas
2294 5704 2551 5776 juveniles
2581 5721 2703 5765 esse
2727 5708 3024 5780 judicabit?
3058 5708 3154 5767 Est
3180 5710 3325 5766 enim
3368 5727 3625 5784 νεωτερι-
