3786 6304
120 275 168 326 ιι

769 270 820 324 ι.
859 232 1226 323 causam
1256 267 1583 326 VlNDlCUE
1624 268 2053 327 IGNATIANIE.
2095 303 2161 313 -
2200 272 2264 326 ιιι

1129 265 1226 322 ’ΝΙΙ
1256 267 1583 326 ἫΝΒΙΟΙᾹΞ
1624 268 2053 327 IGNATIANIE.
2095 303 2161 313 —
2200 270 2624 328 ιιιιοοειίιυιι.

3268 271 3336 315 ne

3280 294 3340 324 δ’ὁ

117 394 193 453 κός
238 404 328 441 vos
383 384 709 457 possessiva,
739 393 801 439 ut
840 383 1185 455 grammatici
1240 384 1565 455 loquuntur,
1593 390 1648 436 et
1681 390 1723 442 Α
1755 381 1901 456 fuge.
1931 383 2201 439 Juvenilia
2234 384 2501 439 desideria
2538 394 2589 439 et
2620 385 2676 438 in
2715 385 2927 439 senibus
2955 402 3067 440 esse
3094 401 3337 456 possunt,

116 485 258 537 ferina
282 489 331 534 et
361 478 769 549 signiﬁcatione.
806 477 1020 531 Ἐκεῖνα
1050 478 1108 532 δέ
1130 478 1247 531 ἐστι
1275 478 1354 549 τῷ
1372 478 1530 548 τύπῳ
1557 477 1651 530 καὶ

112 576 175 647 τῷ
206 571 563 644 σημαινομένῳ
603 570 860 641 κτητικὰ,
893 571 993 625 ὃσα
1043 574 1124 635 εἰς
1166 572 1268 643 τὴν
1300 571 1520 645 γενικὴν
1553 573 1649 625 τοῦ

113 665 425 741 upwards-ton
455 662 792 729 ἀναλύονται,
822 664 1001 735 inquit
1031 667 1396 737 etymologus.
1433 668 1647 721 Νεωτε-

111 760 238 833 ρικός
263 765 429 813 autem
462 757 753 812 resolvitur
795 772 849 812 tn
908 770 1208 829 genitivum
1266 765 1389 829 ejus
1432 776 1583 815 vocis
1616 775 1646 814 a

109 867 198 921 qua
231 851 479 921 originem
527 849 703 914 duxit,
736 859 796 905 ut
827 851 969 905 idem
1016 852 1087 906 sit
1113 852 1466 924 νεωτερικὰς,
1499 854 1645 922 quod

108 942 347 1015 νεωτέρων
395 941 706 1013 ἐπιθυμίας.
738 949 858 997 .Iam
908 959 1038 998 vero
1079 960 1337 1014 persona,
1379 944 1469 999 cui
1516 960 1649 1014 prae-

107 1044 289 1105 ceptum
309 1035 409 1090 hoc
432 1036 620 1090 datum
653 1036 975 1106 estjuvenis
1005 1035 1129 1091 fuit.
1163 1036 1299 1092 Nam
1334 1036 1355 1091 l
1392 1036 1643 1122 Timziv,

108 1126 196 1181 l2:
228 1126 416 1199 Μηδείς
446 1144 539 1180 σου
574 1127 675 1199 τῆς
722 1128 975 1201 νεότητος
1012 1131 1444 1203 καταφρονείτω.
1477 1129 1645 1185 Nemo

106 1220 468 1273 adolescentiam
523 1228 675 1274 tuam
737 1230 1060 1283 contemnat.
1107 1223 1214 1288 vel,
1260 1234 1321 1279 ut
1368 1223 1647 1277 antiauior

107 1310 348 1370 translatio
368 1312 508 1381 apud
524 1312 1021 1381 Ambrosiastrum,
1031 1313 1642 1385 juventutem.Seeunda

105 1410 254 1455 autem
280 1401 513 1472 Epistola
545 1406 802 1475 proximo
834 1416 957 1475 post
982 1406 1216 1476 primam
1247 1421 1396 1462 anno
1437 1409 1643 1477 scripta

101 1506 168 1550 (st
198 1514 211 1550 :
237 1497 402 1552 adhuc
427 1497 595 1568 igitur
626 1498 947 1554 Timotheus
970 1500 1191 1570 juvenis
1226 1499 1347 1555 fuit.
1375 1498 1640 1557 Juvenem

102 1589 238 1658 igitur
282 1591 575 1660 Apostolus
621 1598 829 1657 monet,
884 1600 948 1647 ut
995 1592 1291 1665 ἐπιθυμίας
1320 1591 1515 1663 fugiat,
1546 1608 1642 1650 eas

100 1683 382 1754 νεωτερικὰς
421 1683 712 1754 indigitat;
746 1684 867 1739 sine
906 1686 1098 1749 dubio,
1124 1700 1342 1756 nempe,
1370 1686 1640 1757 juveniles

100 1774 339 1832 intellexit.
388 1776 670 1842 Secundo,
725 1778 875 1834 hunc
931 1794 1056 1836 esse
1105 1779 1305 1835 horum
1337 1780 1636 1836 verborum

99 1878 278 1921 sensum
304 1867 471 1939 liquet
493 1883 565 1924 ex
599 1867 856 1924 erunibus
886 1878 1132 1925 veterum
1162 1869 1634 1926 translationibus.

102 1957 235 2015 Vetus
259 1960 515 2031 interpres
561 1960 815 2029 Latinus,
845 1961 1122 2017 Juveni‘lia
1157 1976 1343 2018 autem
1366 1964 1636 2018 desideria

97 2050 206 2121 fuge,
228 2051 417 2123 aliique
442 2068 516 2109 eo
555 2054 899 2125 antiquiores
947 2053 1152 2111 Latini.
1178 2055 1472 2121 Quomodo
1511 2055 1635 2127 Syri
1676 2052 1679 2055 ⁷

95 2141 367 2212 Apostolum
421 2146 818 2212 intellexerint,
861 2146 1004 2203 inter
1054 2162 1196 2219 quos
1247 2156 1500 2203 versatus
1553 2157 1637 2203 est

97 2234 141 2287 S.
164 2234 394 2306 lgnatius,
418 2254 532 2295 non
565 2240 763 2295 melius
791 2240 1140 2311 intelligitur,
1173 2256 1339 2311 quam
1363 2256 1430 2295 ex
1466 2239 1634 2295 veteri

98 2329 301 2384 versione
325 2331 576 2421 Syriaca,
603 2346 727 2402 quae
760 2332 842 2387 sic
1053 2334 1219 2388 verba
1272 2333 1523 2399 reddidit,
1561 2342 1637 2421 τε

94 2432 201 2506 Ρτπῖ
254 2406 489 2483 κιτινίγωτ
556 2430 756 2486 rerum
808 2408 971 2512 pub:
1029 2425 1106 2478 Ab
1179 2426 1424 2481 omnibus
1478 2406 1632 2497 cupi-

93 2514 303 2567 ditatilms
354 2516 729 2571 adolescentia?
776 2517 919 2587 fuge.
976 2512 1120 2572 Sunt
1187 2516 1371 2585 enim,
1432 2527 1636 2582 κωυτ

94 2590 289 2666 κτηνιωτ
329 2608 565 2679 ὀρέξεις,
628 2610 711 2665 vel
765 2610 1049 2682 ἐπιθυμίαι
1115 2613 1217 2685 τῆς
1267 2612 1538 2686 νεότητος,
1576 2625 1636 2671 ut

95 2696 241 2754 Matth.
303 2716 414 2769 xix,
474 2701 599 2757 20:
651 2686 939 2775 ηπηιπιτῃ
975 2705 1042 2758 ὲκ
1091 2705 1344 2776 νεότητός
1398 2724 1524 2778 μου,
1576 2717 1633 2763 et

94 2789 248 2846 ITim.
300 2794 518 2861 mle:
960 2806 1115 2856 um:
1176 2808 1300 2858 IDJN
1370 2783 1465 2859 8‘71
1528 2818 1634 2872 μη-

89 2881 172 2946 δείς
206 2901 287 2939 σου
319 2886 416 2956 τῆς
445 2887 703 2957 νεότητος
741 2888 1170 2960 καταφρονείτω.
1214 2890 1292 2944 lta
1341 2894 1633 2965 utrobique

89 2976 370 3042 iuventutem
428 2978 707 3035 Timothei
764 2982 1064 3051 respiciens
1127 2984 1376 3039 eamdem
1438 3001 1628 3042 vocem

90 3070 341 3137 usurpavit.
387 3069 506 3126 Non
575 3072 732 3128 aliter
781 3073 964 3128 versio
1002 3075 1262 3143 Arabica,
1316 3086 1372 3131 et
1412 3075 1631 3135 Ethio-
1659 3096 1700 3152 ο

92 3172 198 3223 pata.
243 3159 434 3228 Tertio,
486 3174 704 3219 veteres
728 3179 922 3221 omnes
964 3174 1079 3221 tum
1112 3166 1285 3223 Graeci
1309 3178 1426 3224 tum
1449 3170 1628 3227 Latini

89 3250 236 3308 eodem
263 3254 421 3311 modo
453 3256 607 3311 hunc
636 3256 818 3312 locum
854 3258 1197 3330 interpretati
1222 3271 1372 3317 sunt.
1394 3263 1629 3320 Ambro-

90 3341 259 3410 siaster,
278 3347 366 3416 qui
391 3347 496 3403 sub
524 3347 766 3406 Damaso
793 3350 1017 3421 scripsit
1042 3368 1058 3405 :
1087 3349 1360 3409 Juvenilia
1392 3364 1450 3411 tu
1486 3356 1632 3413 desi-

89 3431 201 3489 den'a
240 3435 375 3507 fuge.
394 3438 679 3495 Juvenilia
728 3442 999 3496 desideria
1035 3441 1263 3498 adversa
1295 3454 1419 3500 sunt
1456 3462 1476 3501 :
1505 3459 1629 3503 sunt

87 3527 192 3580 enim
226 3531 508 3601 voluptates
573 3536 883 3604 mundanae,
913 3556 1033 3610 quia
1080 3541 1328 3598 omnibus
1367 3542 1628 3599 illecebris

89 3624 347 3691 mancipatc
398 3640 551 3697 sunt,
586 3647 651 3685 ac
694 3648 789 3700 per
828 3634 925 3687 hoc
959 3650 992 3688 a
1027 3633 1127 3689 Dei
1167 3652 1316 3691 servo
1362 3638 1630 3709 fugienda:

89 3723 194 3766 sunt.
239 3716 449 3777 Sectare
495 3738 633 3779 vero
695 3725 992 3796 justitiam,
1045 3727 1248 3796 ﬁdem,
1276 3731 1626 3800 charitatem,

89 3818 251 3871 pacem.
279 3810 402 3868 Hac
429 3817 696 3872 sectanda
717 3818 892 3888 jubet,
924 3837 1043 3891 qute
1058 3820 1287 3891 juvenili
1308 3825 1462 3878 aetati
1478 3825 1629 3881 devia

88 3899 281 3956 rideatur
296 3915 343 3959 et
363 3924 578 3976 aspera.
602 3909 661 3964 S.
682 3909 1114 3983 Chrysostomus
1141 3914 1208 3970 ad
1237 3915 1419 3971 locum
1443 3933 1458 3971 :
1485 3916 1630 3970 Νεω-

88 3996 253 4060 τερικαὶ
276 3997 366 4070 οὐχ
407 3995 575 4056 αὗταί
600 4003 739 4056 εἰσιν
769 4004 829 4057 at
866 4004 967 4076 τῆς
992 4006 1249 4078 πορνείας
1281 4008 1463 4078 μόνον,
1493 4009 1629 4063 ἀλλὰ

90 4086 201 4137 πᾶσι
244 4091 495 4163 ἐπιθυμία
565 4093 767 4159 ἄτοπος
815 4099 1146 4170 νεωτερική⁹
1181 4100 1532 4155 ἀκουέτωσαν
1577 4104 1628 4155 οί

89 4184 397 4252 γεγηρακότες
427 4188 506 4241 ὅτι
539 4188 607 4241 οὐ
646 4189 728 4242 δεῖ
751 4189 821 4243 τὰ
851 4189 961 4244 τῶν
991 4192 1272 4264 νεωτέρων
1303 4198 1497 4249 ποιεῖν.
1528 4196 1628 4249 Ju-

90 4272 236 4327 seniles
274 4277 348 4332 lue
373 4280 708 4350 cupiditates
747 4298 853 4336 non
877 4283 1044 4338 solius
1075 4284 1452 4354 fornicationis
1477 4297 1624 4353 sunt,

90 4362 155 4411 sed
175 4369 319 4422 omnis
344 4373 617 4441 cupiditas
649 4373 884 4429 absurda
892 4374 1167 4444 juvenilis.
1190 4377 1431 4434 Audiam
1454 4396 1623 4444 senes,

89 4456 192 4516 quod
234 4475 325 4513 non
365 4474 609 4533 oporteat
650 4481 714 4519 ea
755 4467 961 4536 facere,
1018 4485 1136 4538 quia
1192 4480 1316 4523 sunt
1347 4472 1621 4540 juvenum.
1658 4450 1702 4505 η

93 4540 207 4602 Hanc
236 4550 732 4626 interpretationem
759 4570 1069 4630 sequuntur
1099 4560 1541 4634 Tlieopliylactus
1572 4578 1621 4621 et

92 4637 423 4703 (Eeumenius.
470 4648 748 4723 Pelagius,
781 4662 842 4708 ut
873 4654 1104 4721 videtur,
1132 4657 1185 4709 in
1211 4655 1625 4714 Commentario

91 4731 167 4781 sub
184 4730 470 4811 Hieronymi
505 4743 730 4798 nomine
752 4745 901 4799 edito
928 4787 941 4799 .
972 4744 1243 4802 Juvenilia
1269 4758 1452 4803 autem
1477 4751 1625 4806 desi-

90 4820 203 4879 deria
242 4828 374 4901 fuge.
412 4834 557 4899 Quia
594 4835 650 4887 hi
692 4851 758 4890 ea:
792 4838 1089 4893 senioribus
1123 4855 1235 4893 esse
1260 4856 1365 4894 non
1382 4853 1621 4896 possunt.

91 4916 123 4965 εί
151 4918 242 4973 haec
282 4937 431 4995 agant
488 4944 609 4998 qua:
646 4930 900 4998 gravitati
944 4947 1048 4984 non
1092 4934 1406 4987 conveniunt
1466 4932 1625 4989 Chri-

90 5013 269 5079 stianis;
292 5026 334 5071 et
369 5039 401 5073 α
431 5021 719 5089 juvenibus
762 5023 1064 5087 vincamur,
1101 5025 1149 5077 si
1177 5024 1406 5081 habeant
1437 5027 1625 5083 levita-

94 5108 183 5157 tem.
209 5106 263 5162 Β.
289 5109 663 5171 Theodoretus
685 5116 740 5171 in
766 5117 1177 5176 Commentario
1206 5140 1221 5177 :
1254 5121 1365 5187 Τὰς
1400 5124 1457 5177 δὲ
1491 5143 1625 5178 νεω-

92 5199 265 5289 τερικὰς
294 5205 610 5279 ἐπιθυμίας,
642 5212 913 5277 τουτέστι,
940 5215 1177 5286 τρυφὴν,
1211 5216 1447 5284 γέλωτος
1487 5219 1623 5289 ἀμε-

92 5287 228 5355 τρίαν,
253 5295 398 5363 δόξαν
428 5302 615 5373 κενὴν,
653 5304 748 5357 καὶ
785 5303 855 5357 τὰ
900 5305 1113 5370 τούτοις
1143 5308 1467 5379 προσόμοια.
1508 5310 1622 5364 Hoc

93 5391 165 5441 est,
208 5387 429 5458 delicias,
462 5395 632 5447 risum
676 5396 1110 5463 immoderatum,
1144 5416 1335 5454 uanam
1369 5402 1619 5472 gloriam,

95 5478 239 5541 “qua
255 5494 364 5536 sunt
388 5484 470 5538 his
493 5486 728 5553 similia;
762 5504 885 5559 quae
906 5491 1125 5561 quidem
1158 5507 1266 5547 non
1299 5503 1428 5548 sunt
1454 5512 1619 5561 novw,

97 5573 167 5616 aut
193 5584 423 5627 novarum
450 5593 627 5630 rerum
659 5579 1010 5648 cupiditates,
1033 5583 1126 5638 sed
1153 5584 1414 5654 juvenilis
1444 5588 1621 5641 aetatis

98 5658 293 5719 comites.
342 5664 639 5724 Primasiur
697 5690 713 5725 :
770 5670 1038 5729 Juvenilia
1104 5686 1286 5733 autem
1350 5676 1619 5735 desideria

365 5832 611 5892 ιἰτιιοι.
677 5832 795 5891 Gn.
843 5834 911 5895 ν,

1751 478 1934 531 siluae
1988 487 2173 546 agant,
2228 493 2346 546 qua:
2398 477 2655 547 gravitati
2702 493 2806 531 non
2840 482 3148 537 conveniant
3178 486 3336 539 Chri-

1751 571 1943 625 stiana:
1964 586 1981 622 :
2004 580 2052 622 et
2083 587 2114 623 a
2132 572 2414 639 juvenibus
2444 573 2584 626 vinci
2608 583 2850 644 possunt,
2883 576 2930 628 si
2955 590 3173 632 careant
3196 578 3305 634 'levi
3322 612 3338 622 -

1753 672 1936 717 talem.
1988 662 2279 719 Sedulius:
2309 663 2581 720 Juvenilia
2635 667 2907 725 desideria
2970 670 3117 743 fuge,
3159 674 3215 726 id
3259 683 3337 728 est

1752 756 2192 825 fornicationem;
2219 773 2383 828 quam
2408 776 2520 815 rem
2548 778 2745 817 novam
2772 779 2897 820 esse
2930 782 3093 821 nemo
3116 768 3335 825 dixerit.

1749 847 1981 914 Quarto,
2012 860 2220 905 veteres
2250 850 2507 908 Ecclesiae
2532 855 2830 927 scriptores
2858 861 3159 915 secundum
3192 863 3337 917 hunc

1750 939 2041 995 Paulinum
2076 958 2299 997 sensum
2333 960 2519 1000 vocem
2548 951 2873 1021 νεωτερικός
2894 954 3255 1022 usurpabant,
3279 966 3337 1010 ut

1749 1031 2043 1100 Eusebius,
2090 1036 2231 1090 libro
2287 1038 2359 1091 De
2395 1041 2721 1110 martyribus
2772 1044 3104 1115 Palazstinte,
3132 1063 3252 1119 cap.
3277 1050 3333 1111 4,

1750 1127 1842 1180 ubi
1904 1128 2164 1184 describit
2219 1129 2581 1186 fortissimum
2636 1144 2930 1206 martyrem
2983 1139 3333 1209 Apphiannm

1749 1219 1993 1273 nondum
2036 1221 2226 1290 viginti
2271 1237 2449 1278 annos
2494 1235 2709 1288 natum,
2740 1228 2838 1296 qui
2878 1227 3060 1300 Beryti
3087 1232 3330 1286 vixerat:

1747 1311 2057 1382 Παράδοξον
2088 1315 2184 1368 καὶ
2215 1317 2389 1368 εἰπεῖν
2429 1317 2507 1380 ὡς
2537 1319 2595 1371 ἐν
2623 1318 2849 1393 τοιαύτῃ
2878 1322 3032 1379 πόλει
3066 1324 3174 1377 τῶν
3202 1343 3337 1378 νεω-

1744 1405 1977 1475 τερικῶν
2009 1406 2315 1477 ἐπιθυμιῶν
2348 1409 2605 1480 ὑπεράνω
2637 1412 2949 1484 γενόμενος,
2972 1416 3067 1470 καὶ
3095 1418 3221 1489 μήθ’
3240 1420 3333 1472 ὑπ’

1744 1495 1930 1567 ἀκμῆς
1971 1496 2068 1551 τοῦ
2104 1497 2376 1569 σώματος,
2422 1500 2552 1571 μήθ’
2582 1502 2688 1555 ὑπὸ
2731 1505 2831 1575 τῆς
2874 1506 2982 1559 τῶν
3014 1508 3150 1561 νέων
3183 1512 3333 1563 ἑται-

1747 1587 1897 1657 ρείας
1922 1589 2235 1662 διαφθαρεὶς
2263 1591 2359 1645 τὸν
2392 1593 2613 1664 τρόπον,
2646 1597 2999 1669 σωφροσύνην
3034 1601 3330 1669 ἠσπάζετο.

1746 1680 2066 1736 I‘ncredibile
2109 1684 2258 1736 dictu
2299 1693 2399 1743 est.
2431 1701 2535 1755 quo
2576 1699 2732 1756 pacto
2763 1689 2817 1742 in
2842 1690 2939 1743 tali
2961 1693 3178 1747 ciuitate
3208 1698 3333 1748 ado-

1672 1742 1715 1796 Β
1741 1770 2005 1825 lescenliw
2025 1774 2413 1843 cupiditatibus
2442 1778 2706 1845 superior,
2749 1796 2841 1833 nec
2874 1782 3050 1852 vigere
3071 1787 3330 1855 corporis,

1741 1881 1833 1918 nec
1871 1866 2125 1934 juvenum
2166 1870 2422 1924 sodalitio
2459 1888 2630 1926 mores
2668 1892 2792 1928 suos
2818 1880 3084 1947 corrumpi
3112 1896 3323 1949 passus,

1741 1959 2055 2014 modestiam
2112 1963 2448 2031 amplexatus
2503 1980 2602 2035 est.
2669 1971 2728 2024 S.
2774 1972 3203 2042 Clirysostomus
3263 1976 3332 2028 de

1741 2051 1922 2120 seipse
1952 2053 2132 2109 adhuc
2155 2055 2383 2124 juvene,
2416 2062 2667 2117 oratione
2695 2063 2771 2118 De
2793 2068 3091 2121 sacerdotio
3115 2069 3288 2138 prima
3311 2089 3325 2125 :

1752 2143 2003 2199 Ἐπειδὰν
2053 2147 2111 2201 δὲ
2158 2148 2264 2204 ἔδει
2308 2151 2401 2206 τὸν
2449 2154 2721 2226 μακάριον
2772 2156 2862 2211 τὸν
2906 2160 3015 2213 τῶν
3078 2163 3329 2232 μοναχῶν

1742 2239 2098 2309 μεταδιώκειν
2125 2242 2263 2314 βίον,
2286 2248 2380 2300 καὶ
2405 2248 2505 2316 τὴν
2526 2249 2844 2320 φιλοσοφίαν
2874 2253 2974 2324 τὴν
2999 2254 3200 2327 ἀληθῆ,
3233 2258 3330 2311 καὶ

1737 2334 1837 2388 οὐκ
1865 2334 1947 2388 ἔτι
1967 2338 2099 2407 ἡμῖν
2122 2338 2152 2390 ὁ
2182 2338 2347 2408 ζυγὸς
2374 2336 2532 2405 οὗτος
2576 2342 2690 2408 ίσος
2719 2339 2808 2415 ἦν,
2826 2346 2943 2400 ἀλλ’
2969 2349 3001 2417 ή
3037 2349 3136 2419 μὲν
3162 2351 3328 2406 αὐτοῦ

1740 2427 2008 2498 πλάστιγξ
2056 2432 2375 2501 ὲκουφίξετο
2426 2434 2718 2505 μετέωρος,
2755 2436 2867 2505 ἐγὼ
2904 2438 2948 2492 δ’
2974 2439 3056 2494 ἔτι
3084 2445 3204 2506 ταῖς
3231 2442 3327 2496 τοῦ

1738 2520 1944 2591 κόσμου
1960 2523 2332 2596 πεπεδημένος
2350 2527 2666 2598 ἐπιθυμίαις
2681 2529 2966 2585 καθεῖλκον
2975 2532 3075 2604 τὴν
3088 2535 3327 2605 ἐμαυτοῦ

1736 2611 1933 2686 ψυχὴν,
1988 2618 2083 2671 καὶ
2144 2617 2446 2692 ὲσιαζόμην
2509 2622 2662 2677 κάτω
2732 2623 2915 2695 μένειν
2976 2631 3328 2699 νεωτερικαῖς

1734 2710 1907 2781 αὐτὴν
1939 2709 2241 2781 ἐπιδρίθων
2284 2714 2630 2782 φαντασίαις.
2662 2716 2798 2773 Cum
2840 2727 3017 2774 autem
3063 2730 3323 2789 oporteret

1738 2800 1948 2854 beatam
1978 2804 2330 2859 monasticam
2357 2806 2522 2861 vitam
2551 2811 2816 2881 persequi,
2845 2828 3122 2883 veramque
3153 2813 3327 2883 philo-

1736 2894 1998 2963 sophiam.
2033 2913 2125 2950 nec
2165 2896 2286 2966 jam
2327 2900 2479 2953 nobis
2504 2916 2604 2969 par
2627 2910 2830 2957 statera
2855 2915 3011 2970 esset,
3040 2907 3132 2959 sed
3176 2908 3325 2962 illius

1736 2988 1886 3055 lanx,
1915 3000 2095 3057 utpote
2117 2993 2301 3060 levior,
2354 2992 2596 3049 sublimis
2628 2996 2879 3066 ferretur,
2904 3015 2997 3069 ego
3022 3016 3142 3054 vero
3172 3017 3326 3054 mun-

1734 3083 1890 3137 danis
1917 3086 2300 3153 cupiditatibus
2330 3088 2636 3158 impeditus,
2656 3107 2825 3144 meam
2851 3093 3054 3146 lancem
3076 3094 3323 3150 deorsum

1735 3176 2017 3243 traherent,
2037 3186 2087 3232 et
2106 3178 2329 3249 inferius
2358 3197 2571 3236 manere
2592 3200 2849 3254 cogerem,
2863 3184 3188 3253 juvenilibus
3206 3205 3325 3243 eam

1733 3285 2030 3339 aggravans
2059 3273 2492 3344 cogitationibus.
2524 3276 2625 3334 Hic
2658 3280 2804 3336 enim
2829 3283 3037 3352 pariter
3070 3301 3323 3355 νεωτερι-

1733 3362 1837 3425 κάς
1866 3364 2171 3431 φαντασίας
2198 3370 2503 3439 usurpavit,
2537 3387 2601 3427 ac
2625 3372 2680 3427 in
2708 3375 3056 3443 expositione
3103 3377 3208 3431 loci
3253 3377 3320 3431 ad

1733 3452 2106 3523 Timotheum,
2156 3462 2459 3529 φαντασίας
2506 3466 2841 3537 νεωτερικὰς
2891 3467 3081 3537 φεῦγε.
3114 3470 3324 3524 Auctor

1733 3545 2186 3604 Constitulianum
2216 3551 2673 3622 Apostolicarum,
2728 3556 2825 3612 lib.
2857 3574 2919 3623 ιι,
2947 3573 2998 3614 c.
3045 3560 3101 3627 1,
3127 3576 3196 3615 ex
3233 3560 3324 3613 Di-

1731 3639 1997 3704 dascalia,
2041 3649 2102 3696 ut
2149 3641 2388 3707 videtur,
2427 3660 2491 3700 ea
2545 3662 2671 3717 qua:
2699 3648 2914 3719 lgnatio
2949 3651 3320 3713 tribuebatur.

1730 3730 1892 3789 docet
1950 3733 2269 3806 episeOpum
2319 3753 2426 3792 non
2473 3738 2674 3795 debere
2717 3754 2843 3796 esse
2873 3742 3144 3799 minorem
3187 3753 3318 3799 natu

1730 3840 1895 3895 quam
1938 3842 2211 3882 annorum
2240 3829 2664 3902 quinquaginta,
2705 3833 2788 3887 ὅτι
2840 3834 3029 3908 τρόπῳ
3054 3837 3175 3892 τινὶ
3223 3838 3323 3902 τὰς

1729 3918 2062 3990 νεωτερικὰς
2094 3920 2321 3987 ἀταξίας
2342 3923 2457 3977 ,καὶ
2494 3924 2597 3988 τάς
2646 3924 2845 3992 ἔξωθεν
2875 3928 3128 3994 διαϐολὰς
3155 3932 3321 3984 ἐκπε-

1730 4008 1949 4079 φευγὼς
1986 4011 2244 4085 ὑπάρχει.
2299 4014 2455 4080 Quod
2485 4032 2548 4071 ea
2582 4026 2716 4073 artus
2765 4019 3161 4089 quodammodo
3198 4023 3317 4091 jam

1721 4102 1977 4171 juveniles
2022 4105 2371 4172 petulantias,
2404 4118 2454 4163 et
2484 4125 2668 4164 eorum
2703 4113 2795 4183 qui
2825 4112 2960 4183 foris
2991 4124 3115 4169 sunt
3143 4116 3322 4169 obtre-

1728 4198 1987 4251 ctationes
2014 4198 2299 4269 e/fugerit;
2334 4197 2441 4254 nisi
2493 4198 2639 4257 forte
2679 4204 2808 4274 quis
2836 4203 3051 4275 dignus
3090 4205 3167 4261 sit
3204 4207 3324 4275 cpi—

1728 4300 1957 4361 sc0patu
1977 4334 1992 4358 ,
2027 4291 2115 4346 διὰ
2160 4293 2261 4365 τῆς
2293 4294 2543 4366 νεότητος
2578 4297 2638 4351 ὲν
2670 4298 2938 4371 πραότητι
2962 4298 3057 4354 καὶ
3099 4297 3324 4371 εὐταξίᾳ

1728 4381 1907 4451 γῆρας
1964 4383 2441 4456 ἐπιδεικνύμενος,
2488 4387 2547 4444 in
2590 4389 2879 4459 juventute
2929 4398 3219 4446 mansuete
3266 4401 3323 4446 et

1730 4476 2033 4545 composite
2062 4478 2300 4533 vivendo
2327 4490 2665 4538 senectutem
2688 4483 3003 4539 ostendens.
3036 4482 3318 4551 Pluribus,

1731 4568 1946 4638 opinor,
1969 4571 2149 4627 modis
2180 4573 2472 4642 explicatio
2500 4575 2651 4629 vocis
2679 4576 2969 4647 μονήρους,
2996 4591 3121 4646 quae
3149 4579 3319 4632 semel

1729 4672 1944 4717 tantum
2015 4665 2069 4718 in
2134 4665 2415 4735 Scriptura
2479 4669 2771 4735 reperitur,
2829 4667 3148 4722 conﬁrmari
3207 4683 3318 4723 non

1728 4766 1909 4825 potest
1941 4775 1953 4810 :
1990 4771 2142 4819 cum,
2173 4756 2219 4809 si
2255 4772 2370 4811 rem
2410 4758 2587 4827 ipsam
2620 4773 2745 4829 quae
2776 4766 3011 4825 vetatur,
3043 4759 3087 4814 si
3131 4774 3326 4829 perso-

1729 4864 1857 4902 nam
1917 4850 2007 4904 cui
2070 4848 2258 4911 datum
2328 4858 2416 4905 est
2463 4859 2821 4920 preceptum,
2878 4852 3220 4915 consideres,
3271 4852 3319 4906 si

1728 4940 2073 5010 interpretes,
2100 4941 2145 4996 si
2177 4950 2666 5009 commentatores,
2693 4944 2739 4999 si
2768 4943 3046 5014 vulgatum
3066 4944 3317 4998 vocabuli

1727 5034 1873 5103 apud
1894 5044 2107 5091 veteres
2129 5050 2293 5091 usum
2319 5046 2559 5106 spectes,
2587 5051 2783 5093 omnes
2807 5039 2862 5091 in
2886 5040 2991 5094 hac
3012 5053 3121 5093 una
3145 5052 3318 5105 espo-

1727 5126 1927 5183 sitione
1969 5127 2322 5183 consentiant
2368 5136 2534 5198 atque
2584 5128 2923 5199 conspirent.
2957 5128 3115 5196 Quod
3162 5129 3208 5182 si
3253 5142 3319 5181 ea

1726 5218 1877 5274 vocis
1906 5216 2074 5287 hujus
2102 5217 2349 5288 acceptio
2372 5216 2519 5287 apud
2540 5217 2865 5287 Apostolum
2894 5215 3066 5286 recipi
3089 5215 3318 5269 omnino

1726 5308 1943 5373 debeat,
1991 5308 2285 5378 plusquam
2345 5308 2647 5363 verisimile
2699 5318 2806 5373 est,
2845 5305 2990 5376 apud
3042 5305 3316 5376 lgnatium

1726 5412 2001 5467 nostrum,
2036 5416 2199 5469 quem
2233 5410 2346 5454 tum
2380 5400 2433 5455 in
2466 5401 2634 5457 rebus
2664 5399 2861 5455 tumin
2901 5397 3083 5453 verbis
3107 5396 3318 5453 S.Pan-

1726 5492 1838 5546 lum
1878 5492 2153 5563 prmeipue
2194 5492 2468 5546 imitatum
2507 5507 2628 5547 esse
2654 5502 2708 5546 et
2737 5491 2912 5544 nostri
2958 5488 3220 5555 fatentur,
3262 5498 3319 5543 et

1726 5584 2023 5640 adversarii
2052 5592 2380 5653 queruntur,
2413 5582 2658 5640 eamdem
2694 5596 2883 5638 vocem
2918 5583 3111 5639 eodem
3148 5596 3314 5637 sensu

1726 5675 2099 5746 accipiendam
2139 5690 2281 5732 esse.

2960 5835 3001 5893 2
