3786 6336
408 280 477 334 45
1518 271 1575 327 S.
1616 270 1948 329 IGNATIUS
2009 303 2076 314 --
2115 270 2667 330 PROLEGOMENA.‘
3614 279 3672 333 44

482 392 553 449 Ut
583 402 762 448 autem
794 393 898 445 hoc
935 391 1234 447 dilucidius
1265 401 1544 461 appareat,
1574 391 1756 446 locum
1790 391 1993 460 ipsum,
2028 396 2079 451 Α
2100 393 2472 448 ecclesiastica
2515 400 2789 459 sumatur,
2826 407 2933 446 non
2972 389 3371 461 infrequentius
3406 398 3590 442 tamen
3622 383 3679 437 ad

405 499 467 543 ut
497 490 640 558 apud
670 494 924 541 nostrum
949 494 1150 551 exstat,
1179 485 1450 555 integrum
1471 499 1765 554 apponam.
1793 483 1871 537 Ex
1894 498 1991 537 eo.

405 582 527 636 dice
568 578 812 634 Mediceo
851 577 905 631 in
946 576 1190 648 Epistola
1220 577 1288 632 ad
1322 576 1634 646 Magnesios
1670 576 1784 630 haec
1841 585 1993 630 tran-

404 674 699 730 scribimus
738 692 751 729 :
784 673 895 727 Καὶ
933 673 1060 743 ὑμῖν
1107 672 1163 725 δὲ
1194 672 1395 743 πρέπει
1443 670 1517 741 μὴ
1550 669 1889 740 συγχρᾶσθαι
1923 671 1989 739 τῇ

402 766 590 839 ἡλικίᾳ
616 765 711 819 τοῦ
745 765 1073 832 ἐπισκόπου,
1113 763 1247 818 ἀλλὰ
1288 762 1430 817 κατὰ
1459 763 1685 833 δύναμιν
1715 761 1847 814 Θεοῦ
1880 763 1991 813 Πα-

400 862 530 933 τρὸς
560 862 739 916 πᾶσαν
777 860 1046 931 ἐντροπὴν
1076 858 1226 929 αὐτῷ
1256 857 1572 927 ἀπονέμειν,
1608 854 1792 918 καθὼς
1821 854 1991 923 ἔγνων

399 953 495 1006 καί
520 954 646 1016 τοὺς
677 952 863 1021 ἁγίους
892 950 1317 1023 πρεσϐυτέρους,
1348 948 1408 1002 οὐ
1440 947 1874 1020 προσειληφότας
1893 947 1991 1017 τὴν

400 1045 732 1117 φαινομένην
763 1043 1096 1116 νεωτερικὴν
1123 1042 1307 1108 τάξιν,
1338 1040 1453 1095 ἀλλ’
1493 1041 1571 1103 ὡς
1612 1038 1907 1110 φρονίμους
1935 1039 1991 1090 ὲν

397 1138 517 1210 Θεῷ
546 1137 965 1209 συγχωροῦντας
991 1135 1159 1205 αὐτῷ.
1191 1135 1463 1203 lnterpres
1487 1130 1853 1187 Usserianus:
1886 1127 1989 1182 Sed

397 1238 446 1281 et
467 1246 556 1283 vos
594 1229 737 1281 decet
775 1238 878 1279 non
914 1225 1058 1278 couti
1096 1234 1254 1279 (etate
1289 1222 1541 1292 episcopi,
1585 1219 1677 1274 sed
1702 1218 1991 1273 secundum

395 1320 644 1373 virtutem
668 1316 770 1371 ‘Dei
802 1314 987 1369 Patris
1016 1314 1359 1369 reverentiam
1378 1312 1427 1366 ei
1460 1310 1711 1375 tribuere,
1734 1309 1872 1362 sicut
1902 1323 1991 1361 ro-

397 1412 551 1483 gnovi
586 1420 634 1464 et
671 1419 884 1464 sanctos
935 1407 1298 1479 presbyteros,
1334 1420 1437 1458 non
1467 1409 1791 1456 assumentes
1821 1417 1989 1471 appa—

397 1510 597 1556 rentem
624 1500 895 1570 juniorem
931 1498 1203 1559 ordinem,
1246 1493 1336 1548 sed
1376 1501 1435 1545 ut
1466 1488 1748 1560 prudentes
1783 1487 1839 1539 in
1882 1485 1989 1541 Deo

396 1594 735 1649 concedentes
765 1592 886 1661 ipsi.
920 1590 1107 1644 Primo
1142 1588 1308 1658 igitur
1332 1586 1480 1640 hunc
1513 1582 1868 1650 interpretem
1889 1578 1989 1632 ha-

397 1688 595 1744 bemus
635 1684 1093 1744 consentientem,
1122 1680 1216 1749 qui
1265 1677 1333 1733 ad
1370 1686 1584 1732 aetatem
1628 1672 1872 1744 episc0pi
1906 1688 1991 1727 re-

399 1778 661 1850 spiciens,
699 1774 1029 1847 νεωτερικὴν
1052 1772 1228 1839 τάξιν,
1259 1786 1370 1826 non
1398 1768 1661 1824 novellam
1692 1766 1990 1821 institutio-

399 1888 539 1939 nem,
566 1869 660 1926 sed
680 1869 949 1940 juniorem
982 1866 1222 1921 ordinem
1246 1863 1426 1919 vertit.
1462 1860 1600 1916 Huic
1630 1858 1987 1930 adjungimus

397 1964 839 2034 interpolatorem
875 1963 990 2017 sive
1032 1960 1450 2030 paraphrasten,
1480 1955 1575 2025 qui
1618 1968 1716 2023 pro
1746 1952 1987 2022 lguatia-

395 2058 483 2113 nis
508 2072 608 2113 sua
636 2057 754 2110 haec
776 2055 976 2125 posuit,
1009 2053 1069 2107 οὐ
1093 2051 1230 2123 πρὸς
1257 2052 1357 2121 τὴν
1376 2045 1708 2117 φαινομένην
1737 2042 1987 2114 ἀφορῶν-

393 2165 493 2211 τας
511 2147 763 2218 νεότητα.
797 2145 1061 2212 Vulgatus
1085 2143 1354 2210 interpres
1381 2158 1394 2192 :
1432 2137 1556 2191 Non
1577 2146 1791 2206 propter
1798 2134 1987 2203 juven-

396 2254 560 2298 tutem
583 2256 702 2310 qua:
724 2240 780 2292 in
809 2254 868 2291 eo
910 2235 1122 2291 videtur
1156 2234 1476 2287 arbitrantes
1503 2245 1621 2283 eum
1654 2237 1988 2282 contemnen-

394 2340 544 2388 dum.
579 2331 736 2386 Unde
775 2328 1126 2385 occasionem
1177 2334 1375 2381 nactus
1412 2320 1762 2378 communem
1803 2319 1986 2373 locum

392 2426 463 2481 de
491 2424 788 2496 prudentia
814 2422 1081 2491 juvenum
1124 2432 1225 2489 pro
1252 2432 1355 2472 suo
1385 2415 1640 2469 instituto
1680 2412 1846 2466 latius
1874 2418 1986 2465 tra-

392 2528 524 2582 ctat,
553 2526 609 2574 et
635 2516 902 2585 exemplis
936 2529 1005 2568 ex
1030 2511 1215 2567 Veteri
1257 2519 1311 2565 et
1352 2507 1504 2564 Novo
1532 2506 1760 2562 Fmdere
1784 2504 1986 2560 contir-

390 2622 528 2667 mat.
564 2609 678 2665 Hos
703 2624 773 2663 ex
804 2606 1081 2663 veteribus
1109 2603 1261 2660 solos
1305 2601 1503 2674 lguatii
1532 2600 1861 2667 interpretes
1883 2595 1984 2649 ha-

390 2704 609 2771 bemus,
647 2702 741 2773 qui
777 2700 947 2756 totius
973 2705 1265 2754 contextus
1291 2704 1481 2748 tenore
1507 2689 1656 2747 ducti
1694 2690 1840 2743 hunc
1886 2700 1983 2739 no-

391 2797 478 2853 bis
522 2796 814 2851 verborum
866 2806 1089 2847 seusum
1135 2787 1498 2844 tradiderunt.
1543 2782 1835 2845 Secundo,
1894 2795 1982 2834 res

392 2889 511 2959 ipsa
555 2888 797 2952 clamat,
842 2892 897 2939 et
946 2884 1091 2937 hanc
1119 2877 1623 2956 interpretationem
1670 2869 1983 2928 necessario

390 2980 653 3049 postulat.
686 2977 892 3033 Auctor
921 2973 1183 3043 Epistulae
1228 2971 1468 3026 ostendit
1518 2984 1577 3025 se
1626 2967 1829 3022 vidisse
1875 2963 1983 3018 Da-

2096 484 2202 539 alia
2245 484 2504 549 refertur,
2546 495 2601 540 et
2641 485 2863 555 quidem
2912 500 2977 539 ea
3019 499 3142 554 qua)
3183 483 3358 537 sacris
3399 482 3677 537 ordinibus

2095 588 2468 645 opponuntur.
2493 577 2551 632 S.
2577 577 3010 648 Chrysostomus
3028 575 3220 630 homil.
3242 576 3277 630 5
3305 576 3564 629 adversus
3584 574 3677 628 Ιιιο

2094 670 2237 724 dicos
2283 686 2300 723 :
2338 665 2505 732 υῦτος
2546 673 2574 723 ὁ
2617 669 2865 740 Ἀϐραὰμ
2909 672 2937 723 ὁ
2976 669 3241 741 πρόγονος
3277 666 3383 720 τῶν
3421 666 3678 732 Λευῖτῶν,

2093 762 2201 815 τῶν
2247 763 2551 816 Ἰουδαϊκῶν
2584 762 2775 834 ίερέων
2806 762 2898 814 ἐπὶ
2923 760 3019 814 τοῦ
3049 759 3403 830 Μελχισεδὲκ,
3426 758 3489 821 ὃς
3506 748 3581 824 ἦν
3598 760 3678 810 τύ-

2094 869 2194 916 πος
2222 855 2322 925 τῆς
2360 854 2481 907 καθ’
2513 855 2661 925 ἡμᾶς
2696 854 3029 924 ἱερωσύνης,
3063 850 3255 906 λαῖκοῦ
3284 849 3440 914 τάξιν
3483 851 3679 918 ἐπεῖχε.

2096 943 2203 999 Hic
2238 946 2505 1000 Abraham
2526 945 2831 1015 progenitor
2858 943 3188 1009 Levitarum,
3228 941 3593 996 Iudaicarum
3613 958 3665 992 sa

2095 1039 2396 1101 cerdotum,
2426 1038 2523 1093 sub
2554 1038 2959 1106 Melchisedech,
2988 1038 3079 1108 qui
3099 1036 3271 1090 nostri
3294 1035 3589 1088 sacerdotii
3611 1044 3682 1104 ty-

2091 1148 2191 1202 pus
2233 1140 2370 1195 erat,
2429 1131 2556 1184 laici
2596 1132 2872 1194 ordinem,
2927 1129 3011 1184 vel
3040 1129 3215 1182 locum
3257 1127 3510 1181 obtinuit.
3548 1124 3681 1180 Idem

2093 1224 2222 1279 alibi
2250 1224 2542 1295 distinguit
2565 1225 2678 1277 τῶν
2716 1224 2907 1296 ἱερέων
2937 1223 3000 1275 τὸ
3024 1222 3260 1292 ἀξίωμα,
3291 1229 3345 1276 et
3371 1220 3461 1273 τὸν
3489 1220 3684 1273 ὐπατε-

2090 1315 2361 1387 ταγμένον
2400 1316 2498 1369 καὶ
2535 1316 2594 1367 ὲν
2642 1315 2793 1380 τάξει
2822 1315 3030 1369 λαῖκῶν
3067 1314 3215 1369 ὄντα,
3264 1313 3464 1369 Eodem
3524 1315 3683 1367 modo

2090 1409 2246 1474 τάξιν
2297 1406 2507 1461 ἰδιώτου
2555 1409 2723 1474 dixit,
2760 1419 2814 1464 et
2850 1409 3167 1464 sacerdotes
3208 1408 3505 1479 οἰκονόμων
3541 1406 3683 1471 τάξιν

2091 1502 2185 1554 xui.
2210 1500 2521 1572 ἐπιτρόπων
2563 1500 2659 1554 καὶ
2686 1501 2960 1572 ἀγοραίων
2999 1502 3160 1555 τινῶν
3199 1501 3682 1555 ἀντικαταλλάττο-

2095 1593 2309 1663 μένους.
2343 1591 2708 1662 Quoteunque
2733 1594 2911 1649 modis
2937 1594 3191 1649 homines
3211 1593 3377 1648 dividi
3415 1602 3469 1648 et
3498 1593 3683 1647 distrio

2090 1684 2182 1739 hui
2209 1694 2461 1754 possunt,
2491 1684 2545 1740 in
2570 1694 2926 1756 quotcunque
2948 1686 3154 1741 classes
3182 1684 3372 1756 redigi,
3400 1683 3468 1738 ad
3496 1695 3583 1739 tot
3598 1684 3682 1738 ra-

2093 1777 2207 1843 ξεις
2252 1792 2283 1830 a
2330 1775 2534 1832 Graecis
2566 1776 2904 1833 referuntur.
2956 1777 3033 1832 lta
3080 1777 3312 1847 legimus
3349 1774 3501 1841 τάξιν
3541 1776 3685 1846 βασι-

2092 1868 2248 1936 λέως,
2276 1868 2433 1934 τάξιν
2464 1869 2740 1941 πατέρων,
2770 1869 2922 1935 τάξιν
2952 1869 3292 1924 διδασκάλων
3310 1909 3326 1934 ,
3356 1870 3515 1936 τάξιν
3551 1871 3682 1941 ὁμή-

2094 1978 2225 2032 ρων,
2252 1960 2407 2028 τάξιν
2439 1960 2786 2033 αἰχμαλώτου
2805 2002 2821 2026 ,
2849 1962 3002 2027 τάξιν
3033 1965 3312 2035 πενήτων,
3342 1962 3496 2026 τάξιν
3527 1978 3681 2033 νομο-

2092 2052 2393 2121 Θετοῦντος,
2425 2065 2478 2109 et
2515 2038 2978 2127 συμϐουλεύοντος
2996 2098 3011 2120 ,
3041 2056 3196 2122 τάξιν
3225 2055 3569 2127 θεραπαίνης
3592 2098 3607 2121 ,
3632 2064 3683 2108 et

2092 2146 2313 2201 similia.
2343 2145 2400 2201 In
2444 2149 2690 2218 qualibet
2720 2158 2904 2203 autem
2938 2149 3159 2204 civitate
3195 2163 3411 2217 semper
3443 2148 3682 2202 distincti

2091 2239 2492 2308 suntjuvenes,
2535 2240 2658 2306 viri,
2695 2256 2857 2296 senes
2889 2258 2902 2294 :
2933 2252 2987 2297 et
3026 2244 3109 2297 liae
3164 2243 3369 2313 ubique
3393 2243 3680 2297 hominum

2090 2332 2392 2387 secundum
2462 2318 2675 2388 aetatem
2734 2334 2936 2399 τάξεις.
2994 2333 3051 2388 In
3112 2334 3250 2390 duas
3310 2336 3518 2390 classes
3553 2353 3682 2387 νεω-

2078 2423 2265 2496 τέρων
2298 2434 2353 2479 et
2396 2424 2786 2497 πρεσὸυτέρων
2841 2427 3093 2481 dividunt
3141 2427 3373 2497 apostoli
3424 2429 3681 2498 populum

2087 2518 2463 2573 Christianum
2488 2519 2543 2573 in
2575 2534 2907 2589 unaquaque
2933 2518 3201 2583 Ecclesia,
3233 2528 3292 2573 ut
3316 2518 3335 2572 1
3363 2518 3511 2575 Tim.
3542 2536 3596 2586 v,
3627 2524 3680 2573 t:

2088 2611 2450 2683 Πρεσϐυτέρῳ
2481 2612 2555 2683 μὴ
2593 2610 2928 2683 ἐπιπλήξῃς,
2956 2609 3095 2664 ἀλλὰ
3125 2611 3438 2682 παρακάλει
3478 2612 3558 2674 ὡς
3585 2629 3682 2664 πα-

2085 2701 2241 2771 τέρα,
2272 2702 2572 2775 νεωτέρους
2600 2702 3363 2775 ὼςάδελφοὺς,πρεσ6υτέρας
3413 2702 3491 2766 ὡς
3523 2706 3685 2775 μητέ-

2091 2810 2211 2865 ρας,
2262 2795 2534 2867 νεωτέρας
2575 2796 2651 2859 ὡς
2692 2796 2947 2865 ἀδελφάς.
2990 2794 3260 2850 Seniorem
3298 2812 3362 2849 ne
3390 2796 3682 2864 increpata,

2085 2888 2175 2940 sed
2204 2886 2423 2939 obsecra
2458 2896 2517 2940 ut
2545 2896 2774 2955 patrem,
2798 2888 3042 2955 juniores
3084 2894 3142 2940 ut
3179 2887 3401 2954 fratres,
3454 2902 3592 2939 artus
3630 2900 3685 2939 ut

2085 2987 2307 3043 matres,
2331 2977 2651 3047 juvenculas
2693 2986 2753 3031 ut
2790 2993 3017 3033 sorores.
3089 2977 3168 3032 Ad
3224 2977 3410 3032 Titum
3468 2990 3509 3030 ιι
3538 3015 3554 3036 ,
3600 2972 3681 3028 6:

390 3087 539 3126 mam
568 3086 762 3126 eorum
787 3069 1130 3138 episcOpum,
1149 3073 1204 3119 et
1231 3063 1515 3118 Sotionem
1540 3060 1663 3130 ejus
1685 3059 1882 3114 diacon

2189 3068 2410 3131 εσϐύτας
2446 3068 2741 3140 νηφαλίους
2773 3064 2942 3134 εἷναι,
2983 3075 3113 3134 τοὺς
3161 3070 3462 3141 νεωτέρους
3503 3069 3684 3123 ὡσαύ-

391 3165 601 3229 laudat,
626 3161 773 3232 quod
804 3165 1064 3231 episeopo
1097 3172 1198 3213 suo
1221 3198 1236 3223 ,
1289 3165 1350 3210 ut
1383 3154 1666 3224 oportuit,
1697 3151 1980 3221 subjectus

390 3266 555 3313 esset.
600 3255 785 3309 Monet
836 3253 1003 3323 igitur
1034 3250 1300 3321 populum
1346 3245 1783 3318 Magnesianum,
1816 3252 1875 3297 ut
1903 3242 1980 3296 illi

390 3349 555 3405 etiam
582 3347 761 3403 nolint
784 3342 1146 3416 συγχρᾶσθαι,
1172 3357 1283 3396 non
1303 3340 1468 3395 nimis
1489 3337 1836 3393 familiariter
1856 3352 1981 3391 cum

389 3457 456 3497 eo
488 3450 674 3513 agant,
704 3448 801 3494 aut
828 3439 1011 3509 ipsum
1036 3443 1415 3499 contemnant,
1442 3431 1589 3502 quod
1620 3430 1871 3485 videatur
1888 3429 1981 3499 ju-

389 3536 513 3590 nior
531 3541 715 3598 aetate,
748 3532 843 3587 sed
888 3539 949 3586 ut
985 3527 1349 3585 reverentiam
1378 3526 1431 3581 ei
1455 3524 1773 3581 exhibeant.
1815 3521 1983 3592 Urget

388 3626 699 3697 exemplum
725 3623 1198 3695 presbyterorum,
1217 3634 1455 3689 quorum
1480 3617 1619 3672 duos
1644 3632 1829 3672 secum
1854 3624 1985 3669 tunc

388 3719 604 3786 habuit,
648 3717 881 3772 Bassum
932 3726 987 3769 et
1016 3712 1394 3783 Apollonium,
1429 3723 1682 3780 quosque
1718 3706 1873 3761 novit
1901 3706 1984 3760 ei-

388 3813 512 3866 dem
544 3810 842 3879 episcopo,
880 3805 1136 3877 quamvis
1159 3804 1391 3874 juniori,
1436 3801 1675 3855 debitam
1724 3814 1980 3853 reveren-

392 3904 524 3958 tiam
547 3901 892 3972 praestitisse.
927 3895 1181 3952 Ostendit
1198 3895 1542 3966 juvenlutem
1567 3892 1688 3961 ejus
1716 3905 1839 3946 esse
1857 3907 1985 3958 φαι-

388 3996 647 4067 νομένην,
684 3993 869 4048 innuit
898 4006 1026 4047 eum
1060 3996 1221 4045 aztate
1243 3988 1465 4059 quidem
1495 3994 1552 4041 et
1576 3992 1871 4054 conspectu
1898 3982 1987 4051 ju-

388 4105 609 4150 venem,
638 4087 887 4141 muribus
916 4094 1099 4139 autem
1143 4098 1331 4139 senem
1372 4081 1544 4136 fuisse
1572 4098 1586 4134 :
1616 4077 1985 4134 obedientiam

388 4184 440 4238 ei
468 4181 838 4251 praestandam
867 4179 1047 4245 docet,
1072 4186 1167 4231 aut
1196 4175 1381 4246 potius
1406 4176 1459 4229 in
1491 4187 1559 4229 eo
1578 4171 1689 4227 Deo
1714 4171 1839 4241 ipsi,
1867 4184 1988 4223 om»

390 4275 546 4329 nium
586 4274 871 4343 episcopo.
902 4268 1039 4324 Nam
1066 4278 1127 4323 ut
1176 4278 1323 4323 recte
1358 4264 1673 4322 observavit
1717 4262 1776 4317 S.
1807 4262 1986 4333 Chry-

390 4377 702 4430 sostomus,
731 4364 1050 4434 Apostolus,
1110 4362 1239 4432 περὶ
1281 4360 1381 4431 μὲν
1420 4358 1734 4412 ἐπισκόπων
1764 4356 1987 4408 διατατ-

2083 3179 2211 3225 τως.
2256 3159 2451 3225 Senes,
2489 3173 2548 3217 ut
2584 3164 2751 3217 sobrii
2786 3164 2925 3227 sint,
2956 3164 3177 3232 juvenes
3208 3162 3687 3226 δὶηιίιίιει-..Τάξις

2084 3264 2266 3308 autem
2296 3257 2618 3326 νεωτερική,
2653 3256 2794 3311 idem
2825 3265 2911 3311 est
2929 3257 3078 3325 quod
3106 3257 3244 3310 νέων
3264 3257 3350 3310 vel
3378 3254 3685 3325 νεωτέρων,

2085 3361 2181 3401 seu
2211 3346 2334 3399 νέου
2362 3347 2448 3401 vel
2479 3346 2748 3419 νεωτέρου
2785 3346 2959 3411 τάξις.
2995 3346 3065 3403 Ut
3106 3363 3233 3403 cum
3260 3347 3418 3402 Plato
3465 3361 3689 3416 rempu-

2086 3442 2285 3496 blicam
2330 3441 2384 3495 in
2423 3442 2707 3512 γεωργοὺς
2752 3449 2808 3495 et
2848 3440 3117 3510 φύλακας,
3159 3440 3409 3509 aliosque
3462 3438 3685 3499 divisit,

2085 3531 2315 3588 Proclus
2374 3532 2429 3586 in
2496 3532 2763 3587 Timaeum
2822 3532 2945 3587 illos
2989 3532 3304 3604 γεωργικὴν
3339 3530 3517 3595 τάξιν,
3548 3530 3692 3585 hanc

2086 3622 2461 3696 φρουρητικὴν
2490 3623 2647 3689 τάξιν
2676 3624 2952 3694 appellat,
2980 3640 3104 3694 quae
3136 3625 3199 3677 τὸ
3226 3623 3574 3694 γεωργικόν,
3604 3622 3688 3675 vel

2084 3718 2147 3770 τὺ
2176 3716 2544 3788 φρουρητικόν
2578 3725 2726 3770 recte
2754 3717 2977 3772 dicitur.
3008 3715 3155 3771 Nihil
3196 3716 3344 3770 aliud
3392 3716 3482 3770 hic
3515 3714 3690 3768 voluit

2088 3810 2350 3881 lgnatius,
2382 3820 2437 3865 et
2464 3810 2600 3866 satis
2636 3810 2775 3865 bene
2814 3809 3149 3881 νεωτερικὴν
3187 3807 3341 3873 τάξιν
3369 3805 3689 3877 Paraphra-

2089 3916 2198 3961 stes
2226 3921 2323 3975 per
2343 3905 2573 3977 νεότητα
2601 3903 2893 3973 expressit.

2158 3998 2279 4054 Jam
2303 4013 2435 4052 vero
2463 3997 2557 4068 qui
2588 3996 2678 4052 hic
2714 4011 2822 4051 non
2851 4004 3068 4050 attatem
3110 3993 3375 4064 episcOpi,
3402 3992 3497 4049 sed
3531 3992 3691 4046 novi-

2087 4102 2254 4148 tatem
2293 4092 2508 4147 ordinis
2545 4089 2877 4161 episcopalis
2915 4089 3169 4144 denotari
3213 4087 3435 4152 volunt,
3468 4094 3525 4141 et
3569 4101 3689 4141 rem

2088 4185 2359 4241 inducunt
2383 4183 2451 4239 ab
2474 4183 2720 4239 auctoris
2757 4191 2939 4237 mente
2972 4195 3201 4251 prorsus
3243 4179 3511 4244 alienam;
3544 4186 3599 4233 et
3630 4188 3691 4231 ut

2089 4278 2145 4333 id
2181 4278 2391 4333 faciant
2418 4286 2595 4333 totum
2621 4284 2943 4332 contextum
2988 4274 3127 4329 mire
3157 4279 3551 4341 contorquent.
3580 4268 3693 4324 Ne-

2091 4387 2200 4440 que
2223 4371 2370 4425 enim
2399 4370 2517 4439 ipse
2544 4367 2814 4439 lgnatius,
2851 4381 3031 4437 neque
3055 4381 3227 4421 sanus
3252 4371 3551 4434 quisquam
3583 4363 3692 4416 sub

389 4458 617 4529 τόμενος
646 4433 883 4527 οὐδαμοῦ
912 4454 1127 4526 τίθησιν
1156 4453 1295 4506 ἐτῶν
1325 4451 1559 4523 ἀριθμόν
1577 4492 1592 4516 ,
1626 4449 1692 4503 de
1727 4449 1884 4518 episcr

2194 4478 2244 4518 is
2270 4478 2530 4528 persona,
2567 4464 2634 4517 de
2653 4460 2896 4516 novitate
2922 4459 3278 4528 episcopatus
3305 4455 3689 4518 disseruisset,

392 4562 657 4620 praecepta
700 4549 834 4603 dans
876 4548 1070 4601 nullibi
1110 4561 1377 4599 annorum
1425 4559 1703 4596 numerum
1753 4541 1984 4605 statuit,

392 4643 544 4698 Orat.
569 4647 626 4697 in
658 4643 876 4696 viduam
892 4642 1158 4710 juvenem.
1199 4637 1327 4693 llaec
1372 4636 1558 4692 omnia
1592 4651 1661 4690 ex
1700 4635 1822 4705 ipso
1855 4648 1986 4688 con-

394 4745 545 4789 textu
572 4744 733 4789 enata
753 4735 889 4789 adeo
912 4726 1096 4804 plana,
1114 4732 1425 4802 perspicua,
1455 4729 1672 4798 sibique
1698 4727 1985 4782 cohaeren-

395 4828 469 4882 tia
501 4837 664 4893 sunt;
698 4836 758 4881 ut
790 4842 891 4881 nec
931 4827 1101 4880 alium
1136 4838 1361 4879 sensum
1392 4825 1509 4877 inec
1541 4820 1704 4875 verba
1730 4827 1826 4873 aut
1858 4818 1986 4872 fun-

395 4921 649 4974 dantaut
676 4917 990 4973 admittant.
1033 4916 1224 4986 Neque
1258 4916 1561 4986 quidquam
1604 4913 1807 4967 habent
1837 4910 1986 4980 quod

396 5019 678 5083 opponant
716 5011 1065 5078 adversarii,
1105 5010 1213 5065 nisi
1256 5009 1406 5079 quod
1459 5007 1681 5062 modum
1724 5002 1987 5073 loquendi

397 5116 638 5175 spectat;
671 5106 767 5175 qui
792 5105 838 5160 si
868 5104 1187 5160 inusitatior
1216 5103 1491 5168 videatur,
1515 5116 1582 5155 eo
1613 5100 1799 5153 minus
1828 5096 1989 5166 lgna-

395 5200 583 5254 tianus
628 5197 802 5253 videri
846 5212 955 5251 non
985 5196 1196 5251 debuit.
1227 5192 1580 5265 Νεωτερικὴν
1610 5189 1763 5254 τάξιν
1794 5189 1862 5244 de
1899 5188 1988 5257 ju-

396 5300 618 5346 ventute
660 5282 846 5345 Dama:
893 5290 1138 5359 episcopi
1183 5287 1411 5358 intelligi
1464 5286 1697 5347 nolunt,
1730 5282 1858 5351 quia
1891 5280 1990 5332 τά-

400 5382 482 5450 ξις
507 5384 575 5437 ad
604 5392 817 5438 aetatem
857 5383 1048 5437 referri
1078 5398 1187 5437 non
1223 5389 1423 5452 potest,
1470 5388 1529 5433 ut
1554 5385 1744 5433 censet
1774 5374 1992 5429 Salma-

401 5478 540 5532 sius.
586 5475 692 5529 Sed
722 5492 789 5530 ea
830 5492 935 5529 vox
968 5485 1079 5529 tam
1114 5476 1237 5529 latae
1267 5471 1688 5544 signiﬁcationis
1719 5479 1804 5525 est
1844 5468 1988 5539 apud

400 5569 644 5633 Grmcos,
673 5578 732 5622 ut
769 5569 834 5623 ad
865 5578 1078 5623 aetatem
1118 5580 1214 5624 aut
1242 5566 1542 5638 quemlibet
1574 5566 1828 5618 humana:
1864 5563 1991 5616 vita:

402 5671 605 5717 Statum
654 5678 768 5717 srve
810 5663 1182 5719 conditionem
1228 5660 1423 5717 referri
1474 5660 1668 5728 possit.
1725 5655 1989 5723 Quamvis

396 5756 548 5811 enim
571 5754 722 5822 τάξις
748 5771 892 5828 saepe
934 5772 1033 5827 pro
1071 5757 1263 5812 ordine
1306 5766 1484 5819 sacro,
1521 5759 1613 5804 aut
1640 5749 1990 5805 ordinatione

2089 4557 2145 4611 in
2172 4572 2283 4627 quo
2309 4555 2429 4626 ipse
2462 4540 2577 4625 jam
2606 4561 2997 4609 consenuerat.
3035 4549 3327 4617 Quomodo
3358 4549 3449 4603 ille
3475 4548 3695 4617 episco.

2088 4657 2277 4719 patum
2312 4647 2582 4702 novellam
2625 4646 3029 4701 institutionem
3069 4656 3193 4697 esse
3219 4641 3446 4703 diceret,
3474 4648 3533 4693 et
3565 4639 3695 4707 qui-

2089 4741 2214 4794 dem
2235 4747 2319 4794 tot
2350 4738 2533 4803 annis,
2566 4746 2628 4791 ut
2662 4738 2737 4791 illi
2776 4736 2989 4800 volunt,
3023 4744 3150 4803 post
3181 4731 3430 4787 omnium
3463 4739 3695 4799 aposto~

2090 4832 2269 4887 lorum
2315 4842 2547 4885 mortem
2591 4829 2984 4892 introductam,
3021 4825 3116 4895 qui
3146 4822 3359 4879 ordinis
3394 4822 3691 4891 episcopa-

2090 4924 2161 4980 lis
2196 4923 2601 4978 institutionem
2650 4936 2867 4991 semper
2905 4920 3015 4975 Deo
3058 4928 3113 4973 et
3152 4916 3378 4973 Christo
3421 4926 3693 4983 tanquam

2093 5016 2304 5070 auctori
2331 5015 2558 5069 tribuit?
2584 5013 2700 5069 lloc
2726 5013 2849 5083 ipso
2872 5012 2995 5066 loco
3017 5010 3209 5063 laudat
3230 5006 3520 5063 Sotionem
3540 5005 3693 5073 quod

2094 5109 2375 5176 subjectus
2407 5108 2477 5162 sit
2513 5107 2809 5176 episeopo,
2867 5104 2944 5168 ὡς
2971 5102 3158 5174 χάριτι
3204 5098 3374 5163 Θεοῦ,
3431 5107 3694 5166 tanquam

2093 5201 2282 5270 gratia:
2308 5198 2421 5252 Dei.
2459 5198 2701 5268 Epistola
2738 5199 2805 5251 ad
2854 5195 3124 5265 Ephesios
3162 5211 3173 5245 :
3217 5194 3267 5246 oi
3297 5194 3591 5245 ἐπίσκοποι
3642 5194 3695 5243 οἱ

2093 5291 2234 5345 κατὰ
2277 5290 2490 5360 πέρατα
2528 5288 2839 5359 ὁρισθέντες
2884 5290 2941 5341 ὲν
2986 5285 3160 5355 Ἰησοῦ
3196 5282 3437 5356 Χριστοῦ
3492 5282 3698 5354 γνώμῃ

2094 5384 2218 5437 εἰσί.
2256 5380 2425 5435 Vetus
2457 5382 2726 5449 interpres
2758 5396 2772 5431 :
2809 5377 2954 5448 Ipsi,
2995 5379 3078 5432 vel
3100 5377 3354 5446 episcopi,
3396 5375 3694 5429 secundum

2096 5487 2248 5528 terra:
2277 5474 2407 5543 ﬁnes
2453 5472 2793 5526 determinati
2832 5469 2962 5524 Iesu
3002 5468 3206 5524 Christi
3246 5469 3514 5523 sententia
3544 5477 3693 5520 sunt.

2094 5564 2365 5620 Describit
2404 5563 2724 5631 episcopum
2760 5579 2772 5614 :
2824 5560 2884 5613 ὃν
2931 5560 3140 5629 πέμπει
3185 5557 3576 5627 οἰκοδεσπότης
3606 5556 3697 5617 si;

2098 5658 2231 5712 ἰδίαν
2258 5655 2589 5726 οἰκονομίαν,
2610 5670 2763 5725 quem
2791 5654 2954 5706 mittit
2984 5651 3245 5705 Dominus
3266 5651 3459 5704 domus
3492 5651 3545 5701 in
3570 5664 3697 5716 pro-

2092 5750 2263 5817 priam
2296 5747 2762 5818 dispensationem,
2785 5745 2877 5816 qui
2909 5752 2991 5798 est
3015 5742 3295 5797 Christus.
3338 5739 3583 5812 Epistula
3614 5739 3693 5791 ad
