3786 6338
134 369 190 423 45
772 362 820 415 J.
861 360 1229 418 PEARSONII
1284 360 1604 418 Vli‘leUlrE

1799 358 2065 418 ΤΙΑΝᾹΞ.
2107 393 2179 405 --
2206 361 2630 424 PROOEMIUM.
3273 378 3343 432 46

127 480 408 542 Trallianos,
436 479 717 549 Ἔρρωσθε
751 485 808 537 ὲν
838 483 1020 555 Ἰησοῦ
1050 483 1301 556 Χριστῷ,
1342 484 1632 539 ὑποτασσὰ

1799 486 2011 551 stendit,
2045 496 2103 541 ut
2143 488 2401 558 episcopo
2428 503 2551 555 suo,
2580 490 2834 559 quamvis
2852 490 3074 561 juvene,
3110 494 3345 551 familia-

124 592 245 646 μενοι
272 574 340 645 τῷ
374 574 665 645 ὲπισκόπῳ,
698 575 776 640 ὡς
821 578 887 648 τῇ
921 577 1142 649 ἐντολῇ,
1184 577 1363 632 Valete
1405 578 1461 631 in
1514 576 1648 632 Jesu

123 667 308 731 Christo,
330 666 539 735 subjecti
560 668 822 737 episcopo,
853 679 913 723 ut
956 668 1055 723 Dei
1083 670 1365 723 mandato.
1398 666 1455 723 Si
1488 668 1646 723 novi-

120 775 252 819 tatem
293 764 598 835 episcopalis
628 766 842 821 ordinis
890 776 1083 822 notare
1134 767 1402 823 voluisset
1450 774 1645 822 auctor

120 858 451 926 Epistolarum,
476 874 575 912 cur
603 874 709 912 non
742 860 874 914 alibi
903 862 1088 930 potius
1134 860 1189 915 id
1222 859 1394 916 fecit?
1439 858 1499 913 Si
1546 876 1646 915 no-

118 951 224 1003 vella
252 952 349 1005 haec
374 949 641 1005 institutio
664 951 878 1019 fuisset,
903 968 968 1007 ea
996 952 1236 1021 objectio
1262 962 1371 1006 tam
1395 953 1447 1006 in
1476 951 1643 1023 Poly-

114 1040 198 1101 bio,
222 1037 474 1102 Onesimo.
500 1050 554 1095 et
574 1040 902 1113 Polycarpo,
928 1059 1092 1113 quam
1135 1047 1188 1096 ln
1223 1042 1393 1097 Dama
1432 1041 1642 1098 valuis-

112 1144 199 1198 set;
233 1142 278 1186 et
307 1134 601 1189 consultius
634 1136 808 1190 multo
848 1135 1089 1199 fecisset,
1136 1135 1181 1190 si
1222 1144 1354 1189 tunc
1385 1150 1507 1189 eam
1534 1134 1643 1189 tol-

110 1226 195 1280 lere
212 1235 414 1282 conatus
434 1237 597 1291 esset,
632 1244 755 1282 cum
779 1230 1040 1300 grandior
1061 1230 1302 1299 episc0pi
1328 1239 1483 1293 aetas,
1512 1244 1640 1284 cum

110 1320 302 1387 gravitas
331 1330 381 1375 et
408 1330 650 1390 spectata
686 1322 789 1375 viri
823 1322 1114 1392 prudentia
1140 1323 1382 1392 aliquam
1424 1324 1640 1378 novello

106 1412 248 1465 ordini
284 1413 657 1467 auctoritatem
709 1414 1088 1468 conciliarent.
1133 1413 1251 1467 Non
1281 1424 1389 1468 tam
1425 1414 1638 1485 impru-

105 1503 279 1558 dentem
328 1503 635 1574 lgnatium,
687 1522 795 1561 non
834 1515 947 1560 tam
1005 1508 1231 1562 stultum
1281 1507 1637 1577 impostorem

102 1594 199 1662 quis
225 1604 393 1664 putet,
421 1603 479 1649 ut
524 1595 727 1665 populo
762 1596 1105 1666 juventutem
1135 1598 1400 1667 episcopi,
1437 1607 1491 1654 et
1516 1614 1639 1669 pre-

102 1688 291 1757 sbyteris
315 1689 471 1767 simul
502 1689 803 1744 novitatem
830 1691 1043 1746 ordinis
1075 1691 1405 1761 episcopalis
1436 1691 1638 1761 proba-

100 1794 143 1830 re
170 1788 446 1834 conaretur.
475 1780 627 1835 Adeo
658 1782 887 1836 novellae
927 1782 1291 1837 institutionis
1322 1784 1530 1840 mentio
1568 1784 1637 1838 ab

102 1870 232 1937 hujus
268 1871 363 1927 loci
412 1881 608 1927 natura
660 1884 712 1928 et
764 1874 1050 1943 scriptoris
1116 1875 1369 1931 instituto
1412 1893 1638 1947 prorsus

99 1963 236 2017 aliena
291 1973 386 2021 est.
419 1964 577 2033 Quod
620 1966 799 2021 adhuc
849 1967 1184 2023 luculentius
1234 1970 1541 2039 apparebit,
1590 1970 1638 2025 si

100 2054 577 2123 animadvertamus,
604 2058 806 2127 quibus
838 2058 1111 2114 cuniculis
1143 2062 1388 2117 auctoris
1417 2042 1639 2118 senten-

96 2145 196 2199 tiam
220 2147 489 2211 subruant,
520 2149 726 2220 quibus
768 2150 1040 2205 machinis
1066 2152 1250 2207 omnia
1285 2155 1638 2219 conturbent,

94 2238 166 2304 qui
204 2240 447 2293 novellam
483 2243 627 2295 hanc
673 2241 1073 2297 institutionem
1116 2244 1383 2301 hactenus
1422 2246 1638 2302 inaudi-

92 2340 175 2383 tam
203 2330 313 2387 hinc
333 2334 635 2388 extundere
656 2348 945 2389 conantur.
990 2335 1177 2392 Primo
1205 2338 1509 2393 Salmasius
1541 2340 1638 2394 ob-

95 2431 240 2476 servat
265 2424 613 2491 impostorcm
638 2442 822 2492 suum,
841 2427 1109 2496 lgnatium
1133 2438 1404 2495 nostrum,
1429 2431 1638 2487 dixisse

92 2515 427 2588 πρεσϐυτέριον
448 2533 575 2573 esse
606 2518 769 2589 νόμον
790 2518 1051 2591 Χριστοῦ,
1081 2522 1207 2591 quia
1233 2538 1298 2575 ea:
1339 2523 1638 2576 institutio-

90 2623 137 2657 ne
159 2617 199 2660 et
225 2608 479 2664 voluntate
520 2609 727 2665 Christi
774 2612 1137 2665 introductum
1184 2622 1301 2678 est,
1351 2612 1635 2670 Sotionem

90 2709 234 2755 autem
259 2701 536 2771 laudasse,
586 2705 731 2774 quod
759 2705 1021 2774 episcopo
1057 2705 1341 2775 subjectus
1363 2715 1529 2774 esset,
1561 2705 1637 2770 ὡς

88 2795 231 2864 χάριτι
254 2795 401 2864 Θεοῦ,
427 2807 486 2851 ut
525 2798 720 2869 gratia:
750 2797 865 2864 Dei,
900 2815 1002 2869 quo
1044 2815 1233 2853 novam
1257 2799 1391 2855 hanc
1418 2801 1639 2855 institu-

88 2887 242 2940 tionem
276 2889 502 2960 episcopi
543 2890 864 2961 presbyteris
900 2892 1289 2962 superponendi
1321 2891 1432 2947 Deo
1472 2894 1634 2947 etiam

86 2978 248 3033 vincere
266 2983 578 3036 extenderet.
610 2980 715 3035 Sed
742 2982 868 3052 quis
896 2999 1140 3053 unquam
1172 2998 1237 3037 ex
1266 2998 1333 3038 eo
1377 2984 1636 3039 ostende-

88 3077 149 3121 rel
174 3072 530 3142 episcopatum
574 3071 909 3143 presbyteris
940 3072 1118 3141 primo
1142 3073 1633 3143 superimpositum

1752 577 1884 632 riter
1907 588 2164 644 utantur;
2199 588 2408 634 tantam
2443 581 2492 635 ei
2514 581 2694 637 ofﬁcio
2719 582 3037 653 dignitatem
3068 587 3344 656 attribuit,

1750 678 1811 725 ut
1843 671 1915 725 ob
1944 687 2235 740 personam
2266 673 2561 729 evilescere
2587 691 2695 729 non
2735 676 2950 732 debeat.
2983 679 3028 731 Α
3059 681 3347 751 presbyte-

1751 764 1828 818 ris
1855 763 1991 818 nihil
2034 763 2265 820 omnino
2315 768 2451 836 petit
2504 783 2518 821 :
2564 770 2711 839 quod
2763 786 2954 826 eorum
3009 773 3246 829 cilicium
3288 777 3341 830 in

1750 856 1853 910 hac
1880 871 1938 911 re
1961 857 2051 922 sit,
2090 873 2159 912 ne
2183 859 2342 914 docet
2373 859 2615 929 quidem.
2652 862 2799 931 quod
2830 877 2927 918 eos
2973 865 3108 919 satis
3136 866 3202 920 ad
3237 868 3343 921 hoc

1747 950 2123 1016 praestandum
2155 960 2438 1020 promptos
2472 962 2526 1005 ct
2554 954 2765 1009 alacres
2788 970 2910 1010 esse
2946 958 3209 1013 novisset.
3240 958 3346 1011 Eo-

1748 1057 1871 1095 rum
1904 1041 2070 1111 igitur
2101 1043 2413 1113 exemplum
2455 1045 2597 1115 plebi
2621 1049 2879 1116 proponit
2905 1091 2921 1115 ,
2960 1051 3341 1119 aequissimum

1745 1148 1868 1188 esse
1892 1134 2170 1204 judicans,
2205 1144 2264 1190 ut
2301 1136 2379 1190 illi
2410 1139 2645 1208 populus
2670 1154 2795 1193 cum
2832 1143 2982 1195 omni
3031 1146 3342 1199 reverentia

1746 1224 2135 1294 subjiceretur,
2174 1226 2264 1281 cui
2312 1229 2619 1300 presbyteri
2669 1230 2788 1284 sine
2831 1231 2938 1286 ulla
2985 1235 3344 1288 excusatione

1742 1326 2019 1385 parerent.
2052 1316 2169 1372 Hoc
2198 1328 2378 1375 autem
2411 1320 2513 1375 sibi
2544 1322 2716 1392 probe
2755 1324 3035 1394 cognitum
3066 1341 3189 1381 esse
3212 1341 3339 1396 pro-

1744 1411 1947 1476 fitetur,
1980 1410 2074 1480 qui
2109 1427 2216 1466 non
2242 1422 2453 1468 tantum
2485 1412 2711 1468 Damam
2735 1417 3053 1487 episcopum
3087 1433 3210 1472 cum
3242 1417 3342 1473 So-

1749 1504 1898 1558 tione
1929 1502 2166 1559 diacono
2197 1504 2318 1574 ejus
2341 1546 2357 1571 ,
2392 1507 2484 1562 sed
2518 1519 2571 1562 et
2616 1507 2869 1576 Bassum,
2894 1519 2949 1564 et
2987 1511 3339 1579 Apollonium

1742 1597 2096 1669 presbyteros
2130 1614 2341 1663 secum,
2373 1610 2505 1654 tunc
2535 1616 2659 1655 eum
2700 1602 2987 1661 scriberet.
3040 1604 3235 1658 habuit
3262 1622 3275 1670 ;
3308 1620 3339 1659 a

1742 1691 1946 1759 quibus
1974 1692 2142 1760 probe
2174 1692 2443 1747 intellexit
2469 1709 2634 1763 quam
2670 1694 2929 1765 episcopo
2974 1710 3076 1749 suo
3115 1696 3341 1767 presby-

1743 1785 1845 1839 teri
1881 1785 2245 1840 reverentiam
2276 1786 2628 1840 exhibuerint
2661 1803 2674 1838 :
2713 1788 2859 1841 unde
2888 1803 2983 1856 per
3007 1797 3174 1841 totam
3209 1787 3342 1858 Epi-

1744 1876 1940 1931 stolam
1972 1892 2254 1947 nunquam
2275 1878 2623 1948 presbyteros
2650 1887 2833 1931 monet
2855 1887 2912 1932 ut
2932 1878 3191 1948 episcopo
3215 1894 3337 1943 suo,

1744 1966 1839 2021 sed
1867 1967 2127 2037 pepulum
2160 1976 2395 2033 tantum,
2431 1977 2491 2022 ut
2526 1978 2580 2023 et
2605 1968 2863 2039 episeopo
2892 1978 2947 2023 et
2979 1971 3336 2040 presbyteris,

1746 2067 1932 2128 utpote
1954 2059 2159 2128 optime
2198 2060 2703 2125 consentientibus,
2734 2056 2969 2130 subjecti
3020 2062 3150 2117 sint.
3190 2060 3337 2116 Nihil

1746 2148 1911 2220 igitur
1942 2164 1974 2203 a
2017 2151 2357 2220 presbyteris
2390 2151 2524 2220 petit
2566 2169 2579 2205 :
2631 2167 2699 2206 ne
2730 2151 2956 2205 minima
2988 2152 3209 2221 quidem
3242 2169 3339 2207 vo-

1744 2241 1864 2296 cula
1896 2250 1999 2304 est,
2034 2256 2157 2311 quae
2181 2242 2346 2295 ullam
2383 2242 2619 2311 speciem
2651 2243 2775 2297 talis
2809 2243 3091 2313 petitionis
3119 2252 3214 2298 aut
3237 2260 3332 2299 est--

1744 2333 2072 2388 hortationis
2103 2349 2213 2403 pra:
2250 2349 2307 2388 se
2340 2333 2498 2389 ferat.
2529 2334 2633 2400 Qui
2658 2351 2773 2389 rem
2805 2350 3002 2390 novam
3053 2338 3337 2393 sententia:

1745 2422 1946 2479 inferre
1987 2426 2193 2491 voluit,
2241 2442 2440 2481 novam
2482 2430 2799 2497 petitionem
2833 2430 3182 2502 excogitavit,
3217 2433 3337 2487 sine

1743 2531 1851 2585 qua
1875 2531 1938 2570 ea
1967 2516 2156 2571 inferri
2188 2518 2336 2572 nullo
2381 2519 2541 2572 modo
2566 2520 2762 2589 potuit.
2801 2518 2909 2573 Sed
2942 2520 3187 2591 lgnatius
3211 2525 3337 2576 uni-

1742 2622 1862 2661 cam
1895 2608 2335 2664 exhortationem
2377 2612 2444 2665 ad
2476 2613 2735 2682 populum
2765 2614 3133 2684 persequitur,
3166 2630 3333 2687 quam

1741 2702 1995 2771 exemplo
2038 2702 2484 2774 presbyterorum
2534 2705 2734 2774 premit
2774 2717 3072 2776 urgetque,
3118 2706 3332 2771 καθὼς,

1741 2794 1942 2865 inquit,
1983 2792 2179 2861 ἔγνων,
2206 2794 2674 2864 quemadmodum
2718 2796 2950 2868 cognovi
2984 2798 3335 2869 presbyteros

1741 2885 2019 2940 animatos
2048 2900 2196 2947 esse,
2227 2885 2301 2939 ita
2333 2892 2387 2939 et
2417 2901 2516 2941 vos
2542 2886 2771 2942 animati
2799 2888 2940 2943 sitis.
2968 2886 3128 2943 Nulla
3167 2888 3335 2959 igitur

1741 2982 1858 3027 arte
1890 2973 2151 3043 populum
2186 2973 2505 3043 aggreditur
2530 2974 2995 3045 lgnatius,'multo
3021 2979 3206 3033 minus
3225 2980 3331 3033 alia

1740 3064 1999 3133 populum
2022 3104 2038 3131 ,
2079 3064 2191 3118 alia
2235 3065 2566 3136 presbyteros
2612 3077 2728 3122 arte
2764 3071 3091 3139 aggreditur,
3127 3080 3186 3125 ut
3216 3073 3335 3127 vult

84 3159 219 3217 fuisse
242 3166 404 3234 gratia
458 3165 602 3228 Dei,
631 3165 759 3235 quia
805 3166 1204 3236 presbyterium
1254 3181 1322 3220 ex
1374 3165 1490 3235 lege
1536 3164 1631 3220 Dei
1662 3203 1702 3259 Ο
1745 3152 2073 3219 Salmasius,
2106 3169 2247 3224 quos
2288 3170 2354 3209 ex
2412 3157 2656 3225 ipsorum
2707 3161 3125 3215 conuersatione
3181 3163 3334 3216 novit

85 3256 410 3326 proscriptum
455 3267 570 3323 est,
614 3258 965 3327 episcopatus
1006 3257 1102 3312 illo
1145 3258 1402 3328 superior
1436 3274 1503 3312 ex
1535 3275 1631 3312 vo-

86 3344 251 3401 luntate
300 3349 592 3404 hominum
632 3351 1000 3415 introductus,
1030 3360 1084 3405 et
1118 3351 1337 3420 quidem
1382 3351 1474 3405 diu
1508 3360 1634 3421 post

84 3440 407 3505 apostolorum
428 3443 687 3497 omnium
722 3442 1115 3499 mortem?Aut
1135 3444 1261 3512 quis
1291 3442 1532 3513 colliget,
1562 3459 1629 3498 ex

80 3544 143 3593 ω.
163 3536 288 3600 quod
317 3536 444 3605 quid
466 3537 651 3608 gratia
674 3535 769 3591 Dei
792 3535 993 3591 factum
1010 3552 1132 3591 esse,
1148 3535 1370 3602 dicitur,
1398 3536 1539 3590 idem
1562 3552 1629 3590 ex

80 3622 308 3678 voluntate
331 3636 381 3681 et
412 3628 771 3683 institutione
793 3626 978 3681 divina
1004 3627 1168 3681 etiam
1208 3625 1466 3697 primmva
1501 3642 1630 3695 pro-

79 3713 237 3771 fectum
261 3736 365 3774 non
396 3738 523 3777 esse
547 3721 590 3795 ἶ),
614 3719 945 3776 Salmasium
980 3721 1159 3790 ipsum
1200 3719 1434 3790 appello,
1470 3719 1632 3788 cujus

80 3803 167 3861 haec
191 3813 339 3866 verba
375 3823 510 3868 sunt
548 3828 565 3864 :
600 3810 767 3878 Quasi
792 3829 910 3867 vero
943 3830 1005 3866 ea
1040 3829 1159 3881 qua:
1194 3828 1259 3865 ex
1291 3812 1629 3865 institutione

77 3894 234 3955 Christi
260 3912 578 3967 manarunt,
608 3921 712 3957 non
737 3906 901 3958 etiam
927 3903 1022 3958 Dei
1051 3906 1285 3975 gratiam
1314 3904 1626 3973 prce/erant.

78 3987 134 4043 Ea
154 3994 252 4050 sine
270 3999 417 4053 omni
446 3998 624 4053 dubio
654 3996 941 4067 scriptoris
970 4013 1128 4052 mens
1156 3996 1279 4061 fuit,
1304 3995 1631 4066 quiepisco-

75 4084 213 4148 Palem
240 4090 508 4156 ordinem,
554 4100 830 4159 quatenus
854 4090 1196 4161 presbyterio
1234 4088 1629 4158 superimposi-

76 4183 141 4229 tus
161 4191 262 4246 est,
302 4198 450 4238 nunc
501 4183 669 4255 χάριν
716 4181 884 4249 Θεοῦ,
920 4197 1069 4237 nunc
1103 4178 1328 4254 γνώμην
1361 4179 1624 4252 Χριστοῦ,

74 4283 187 4326 nunc
210 4276 565 4349 τὴντὲντολήν
604 4277 878 4347 appellat,
915 4277 1162 4346 adeoque
1196 4292 1262 4330 ex
1295 4276 1469 4346 gratia
1508 4272 1626 4339 Dei,

74 4375 121 4413 ex
147 4370 390 4424 sententia
420 4370 663 4432 Christi,
696 4386 762 4424 ex
794 4371 1055 4425 mandato
1098 4368 1286 4424 divino
1314 4370 1623 4423 institutum

72 4450 208 4509 fuisse
231 4458 400 4515 docet.
430 4460 669 4515 Frustra
686 4459 852 4530 igitur
878 4460 1187 4529 excogitata
1204 4468 1287 4515 est
1310 4458 1399 4512 illa
1430 4457 1627 4512 distin-

1737 3248 1803 3302 ad
1835 3247 2196 3301 reverentiam
2238 3248 2497 3318 episcopo
2537 3250 2899 3306 exhibendam
2952 3254 3086 3308 satis
3138 3264 3333 3324 sponte

1735 3359 1834 3398 sua
1868 3342 2019 3397 ferri.
2062 3340 2211 3395 Adeo
2257 3342 2457 3397 misere
2500 3343 2648 3397 hunc
2690 3344 2871 3399 locum
2907 3348 3066 3401 torsit
3115 3346 3330 3401 Salma-

1735 3436 1873 3499 sius,
1902 3444 1961 3490 ut
1990 3435 2057 3489 ad
2100 3452 2257 3490 suam
2306 3436 2635 3489 sententiam
2667 3451 2792 3490 eum
2828 3438 3091 3493 traheret.
3138 3439 3330 3509 Neque

1734 3529 1959 3582 mirum.
1988 3527 2189 3582 Totum
2212 3528 2357 3582 enim
2384 3528 2516 3583 illud
2540 3529 2854 3595 aedificium,
2890 3530 3039 3600 quod
3066 3532 3182 3601 ipse
3200 3549 3326 3587 eum

1734 3620 2041 3687 Blondello,
2079 3620 2147 3675 de
2172 3620 2529 3675 successione
2556 3622 2797 3690 proximi
2828 3622 3133 3692 presbyteri
3164 3624 3218 3677 in
3245 3624 3328 3678 lo-

1732 3730 1861 3769 cum
1890 3730 1990 3769 seu
2017 3714 2312 3783 primatum
2333 3712 2668 3777 decedentis,
2694 3723 3062 3779 exstruxerat,
3092 3716 3195 3770 hoc
3218 3732 3329 3771 uno

1734 3806 2050 3861 testimonio
2072 3805 2378 3873 subruitur,
2397 3814 2450 3859 et
2472 3804 2719 3861 funditus
2747 3806 3030 3860 evertitur.
3050 3804 3153 3861 Ubi
3178 3808 3324 3862 enim

1732 3898 1825 3952 illa
1852 3897 2134 3952 successio
2152 3897 2314 3967 primi
2340 3897 2641 3952 secundum
2675 3898 3076 3954 institutionem
3099 3901 3326 3972 presby-

1733 3991 1837 4046 teri
1885 3992 1942 4044 in
1986 3990 2168 4045 locum
2198 3989 2478 4057 defuncti,
2511 3990 2606 4044 ubi
2655 3990 2887 4059 Damas,
2925 4001 3085 4047 astate
3109 3992 3324 4062 junior,

1732 4084 1829 4140 toti
1873 4084 2217 4155 presbyterio
2268 4085 2608 4154 praeﬁcitur?
2655 4082 2814 4139 Unde
2865 4084 3001 4139 tanti
3053 4086 3327 4157 privilegii

1730 4192 1866 4232 usus
1888 4184 2132 4246 apparet,
2173 4192 2299 4232 cum
2326 4178 2430 4247 ipsi
2462 4177 2765 4248 presbyteri
2803 4176 2853 4232 ei
2882 4175 2960 4231 rei
2996 4187 3104 4231 tam
3141 4194 3327 4248 prom-

1730 4281 1819 4341 pte
1837 4270 2211 4326 consentirent
2233 4271 2256 4325 ?

1799 4364 1968 4421 Miror
1998 4375 2179 4420 autem
2214 4364 2537 4437 Dionysium
2576 4362 2886 4431 Petavium,
2921 4368 3015 4438 qui
3047 4367 3325 4423 Salmasio

1730 4456 1868 4510 adeo
1896 4456 2218 4510 adversatus
2247 4464 2352 4520 est,
2383 4472 2510 4509 eum
2559 4464 2740 4509 tamen
2775 4459 2827 4510 in
2860 4456 2963 4512 hac
2994 4458 3325 4527 interpreta-

72 4545 153 4599 ctio
190 4550 316 4606 inter
345 4555 590 4624 gratiam
636 4563 689 4608 et
734 4555 903 4624 legem
945 4554 1040 4609 Dei
1084 4554 1480 4625 evangelicum.
1528 4552 1625 4607 Se-
1660 4553 1701 4607 D
1732 4550 1880 4604 tione
1904 4548 2141 4603 duorum
2180 4547 2573 4602 vocabulorum
2601 4558 2850 4603 secutum
2880 4563 3025 4615 esse,
3049 4558 3104 4604 et
3128 4549 3196 4603 ad
3227 4566 3325 4604 no-

71 4640 231 4706 cuudo,
262 4644 441 4699 adhuc
490 4644 848 4701 manifestius
882 4646 993 4699 vim
1037 4645 1158 4699 loco
1204 4645 1370 4700 infert
1399 4646 1628 4699 minimc

72 4724 325 4800 ferendam,
375 4737 513 4791 dum
549 4735 824 4806 duplicem
868 4751 934 4790 ex
973 4735 1059 4790 his
1092 4735 1272 4790 verbis
1306 4734 1626 4805 petitionem

70 4826 296 4893 proponit,
325 4838 385 4882 ut
413 4828 485 4883 de
532 4828 702 4882 rebus
743 4827 959 4883 duabus
984 4828 1307 4897 scriptorem
1350 4843 1532 4897 agere,
1560 4827 1627 4882 de

68 4912 312 4976 iuventute
351 4922 576 4975 scilicet
622 4920 866 4989 episcopi
900 4930 955 4974 et
995 4920 1238 4974 novitate
1274 4919 1626 4988 cpisc0patus

68 5004 243 5061 doceat.
274 5007 446 5066 Unam
480 5010 807 5081 petitionem
840 5010 908 5064 ad
940 4995 1177 5079 plebem,
1208 5010 1371 5063 aliam
1405 5010 1471 5061 ad
1500 5025 1626 5077 pre-

71 5094 274 5165 sbyteros
300 5103 507 5174 dirigit.
553 5102 726 5168 Petit,
760 5103 962 5172 inquit,
994 5119 1027 5154 a
1054 5101 1220 5172 plebe,
1254 5112 1434 5155 utnon
1462 5101 1624 5155 nimis

70 5184 363 5249 familiariter
383 5211 511 5248 cum
530 5195 778 5264 episcopo
807 5203 954 5263 ayat,
984 5193 1125 5262 quod
1157 5193 1400 5245 videatur
1414 5192 1623 5260 junior;

67 5282 164 5341 petit
188 5300 217 5334 a
233 5286 583 5356 presbyteris,
621 5294 679 5337 ut
704 5286 817 5338 sine
845 5284 1158 5356 prwjudicio
1187 5286 1544 5354 approbandw
1575 5295 1623 5337 ct

67 5371 333 5439 recipiendi:
382 5378 614 5433 novella:
659 5378 817 5447 hujus
862 5378 1217 5433 institutionis
1247 5418 1260 5439 ,
1293 5378 1544 5431 honorem
1575 5379 1622 5430 ei

66 5461 302 5528 deferrent.
326 5467 406 5527 Ita
432 5468 747 5540 Epistolam
797 5468 1002 5537 duplici
1048 5470 1275 5523 nomine
1311 5469 1620 5537 petitoriam

67 5558 298 5626 Proponit,
322 5576 451 5617 cum
484 5576 561 5615 ne
589 5577 693 5615 una
723 5561 946 5630 quidem
969 5560 1059 5614 hic
1082 5561 1273 5630 petitio
1293 5560 1385 5622 sit,
1419 5560 1619 5614 nedum

64 5643 173 5697 dure.
190 5647 299 5703 Non
319 5652 455 5720 petit
474 5650 730 5722 lgnatius
750 5650 1049 5720 quidquam
1069 5666 1097 5703 a
1114 5650 1335 5720 populo,
1352 5650 1446 5703 sed
1463 5650 1623 5703 docet

66 5736 166 5803 (Ιυῖά
196 5755 285 5797 eos
323 5744 524 5800 deceat
553 5760 571 5810 ;
609 5745 736 5810 ὑμῖν
764 5743 821 5797 δὲ
857 5743 1093 5814 πρέπε,
1142 5743 1340 5813 inquit,
1384 5742 1459 5812 μὴ
1492 5759 1620 5810 συγ⁴

65 5831 254 5895 χρᾶσθαι
285 5838 350 5906 τῇ
384 5834 586 5908 ἡλικίᾳ
633 5836 726 5890 τοῦ
769 5836 1103 5904 ἐπισκόπου,
1142 5835 1459 5891 indecorum
1498 5850 1620 5892 esse

1730 4655 1855 4694 vam
1913 4640 2286 4708 conjecturam
2317 4640 2444 4695 inde
2495 4639 2833 4711 confugisse.
2867 4641 3191 4714 Νεωτερικὴ
3224 4642 3323 4696 τά-

1730 4729 1813 4795 ξις
1836 4768 1850 4794 ,
1888 4730 2066 4800 inquit
2113 4731 2226 4795 ille,
2267 4731 2474 4785 novitia
2505 4742 2559 4786 et
2610 4747 2804 4787 recens
2827 4741 2914 4788 est
2964 4734 3239 4791 ordinatio
3268 4745 3323 4791 et

1729 4823 2022 4878 institutio.
2053 4820 2155 4876 Per
2183 4822 2334 4876 illam
2367 4832 2549 4877 autem
2583 4838 2691 4877 non
2724 4823 2989 4879 intellexit
3021 4824 3325 4881 institutio-

1729 4930 1854 4969 nem
1893 4915 2108 4970 ordinis
2142 4915 2474 4985 episc0palis
2516 4931 2638 4970 cum
2674 4913 2967 4978 Salmasio,
3002 4917 3098 4972 sed
3132 4920 3319 4983 aliam,

1728 5024 1893 5077 quam
1929 5008 2044 5078 ipse
2068 5017 2416 5064 commentus
2441 5017 2558 5076 est;
2594 5009 2742 5063 illam
2778 5026 2992 5079 nempe,
3019 5028 3137 5081 qua:
3174 5027 3321 5063 com--

1728 5103 1923 5157 moveri
1948 5112 1998 5156 et
2027 5101 2233 5171 jactari
2265 5111 2374 5156 tum
2417 5113 2664 5172 coeperat,
2722 5102 2993 5171 nonnullis
3021 5118 3113 5171 per
3144 5102 3342 5153 ambi-.

1731 5194 1927 5247 tionem
1995 5206 2041 5247 et
2118 5194 2466 5264 cupiditatem
2538 5195 2873 5251 introdu:ere
2938 5194 3318 5257 molientibus;

1728 5286 2005 5351 nimirum,
2031 5295 2087 5339 ut
2126 5287 2460 5356 episCupntus
2500 5305 2603 5340 non
2631 5288 2798 5342 libera
2836 5287 3084 5341 electione
3123 5285 3188 5337 ab
3222 5287 3316 5353 iis,

1726 5394 1948 5446 quorum
1982 5378 2256 5443 intererat,
2289 5378 2379 5431 sed
2407 5396 2470 5433 ex
2499 5382 2672 5435 (etatis
2701 5380 2778 5433 vel
2801 5378 3048 5446 temporis
3082 5387 3316 5431 anteces-

1726 5469 1893 5533 sioue,
1927 5486 2029 5538 quo
2054 5471 2107 5523 in
2134 5469 2333 5524 clerum
2373 5481 2525 5525 erant
2571 5470 2850 5539 assumpti,
2876 5479 2934 5522 ut
2959 5486 3061 5522 nm
3104 5470 3314 5539 dignis-

1726 5564 1893 5616 simus
1919 5564 2159 5633 quisque,
2190 5564 2281 5617 sed
2308 5563 2716 5634 antiquissimus
2754 5570 3055 5630 caperetur.
3090 5560 3166 5614 Ita
3204 5562 3314 5615 duo

1725 5653 1908 5723 magni
1938 5653 2039 5707 viri
2065 5670 2131 5708 ex
2164 5655 2435 5708 diametro
2460 5652 2695 5721 oppositi
2724 5664 2874 5707 sunt.
2906 5653 2999 5707 Ille
3029 5652 3171 5706 hanc
3210 5669 3312 5705 an-

1726 5744 1933 5813 tiquam
1981 5744 2383 5799 institutionem
2414 5752 2593 5814 putat,
2629 5744 2719 5798 hic
2767 5746 3031 5799 novitiam
3063 5764 3075 5799 :
3108 5744 3197 5798 ille
3243 5745 3314 5799 ab

1728 5835 2044 5906 apostolicis
2077 5836 2415 5908 temporibus
2444 5836 2758 5906 deductam,
2799 5838 2890 5894 hic
2919 5853 3031 5895 non
3058 5846 3167 5892 tam
3214 5851 3312 5906 per
