3814 6198
421 301 487 357 47
1516 287 1572 343 S.
1610 285 1957 344 lCNATlUS.
1999 315 2067 324 —
2099 281 2641 338 PROLECOMENA.
3613 286 3685 343 .13

422 394 776 451 ambitionem
804 388 1196 449 introductam,
1226 399 1392 456 quam
1417 400 1446 438 a
1472 385 1829 454 presbyteris,
1864 385 1993 438 dum
2028 388 2071 444 Α
2102 388 2280 435 sonat.
2312 377 2388 433 Ita
2420 378 2586 449 igitur
2632 387 2808 445 verto,
2832 379 2891 432 οὐ
2927 378 3395 450 προσειληφότας,
3448 396 3552 434 non
3596 397 3683 433 co-

421 490 512 544 alii
544 485 731 542 nescio
753 482 849 553 qui
878 496 997 536 eam
1058 480 1404 533 introducere
1436 485 1791 542 conarentur,
1832 491 1995 546 repu-

419 581 645 634 diatam.
678 574 785 631 Sed
818 573 980 629 talem
1029 570 1427 625 institutionem
1459 579 1553 623 aut
1578 583 1817 637 unquam
1852 568 1998 622 obti-

424 671 630 732 nuisse,
657 676 753 721 aut
796 672 926 718 tunc
982 662 1325 731 repudiatam
1372 675 1494 714 esse
1543 667 1737 712 neuter
1777 656 1989 727 probat.

420 759 768 814 Timotheum
800 753 1058 809 Ecclesia:
1087 752 1395 823 Ephesium,
1434 760 1487 805 et
1523 750 1749 804 Damam
1774 749 1996 821 Magne-

400 828 587 907 }sianac
618 850 895 919 juniorem
952 846 1304 916 prtepositum
1364 842 1535 897 fuisse
1585 841 1855 896 fatemur:
1901 842 1995 896 sed

418 945 642 1013 quinam
685 942 759 996 illi
794 939 1018 1003 fuerint,
1052 936 1145 1006 qui
1208 945 1264 988 ut
1304 933 1643 1003 antiquitatis
1691 933 1828 985 ratio
1858 946 1996 999 pra:-

416 1037 568 1105 cipue
611 1033 892 1087 duceretur
944 1045 1036 1098 per
1088 1028 1345 1081 ambitum
1374 1037 1423 1079 et
1474 1025 1755 1094 [actionem
1788 1039 1995 1093 pugna-

418 1129 567 1193 bant,
619 1125 859 1179 nondum
916 1121 1290 1189 intelligimus.
1343 1116 1479 1171 Nam
1533 1116 1679 1186 quod
1726 1114 1995 1184 ejusmodi

418 1222 589 1276 fuisse
618 1218 1025 1275 contentionem
1084 1215 1234 1268 illam
1266 1212 1452 1267 credat
1497 1210 1781 1272 Petavius,
1815 1223 1938 1277 qum
1968 1222 1997 1260 a

414 1314 696 1368 Clemente
724 1309 1012 1381 epistolam
1049 1306 1116 1361 ad
1142 1304 1461 1359 Corinthios
1488 1301 1779 1381 expressit,
1805 1300 1856 1353 id
1881 1300 1999 1354 sine

420 1408 530 1460 ullo
559 1380 915 1460 fundamento
949 1400 1171 1455 dicitur.
1206 1397 1288 1452 llli
1327 1398 1473 1451 enim
1526 1380 1663 1448 unus
1708 1405 1757 1448 et
1793 1392 1930 1446 alter
1953 1391 1998 1445 si

414 1514 479 1553 se
517 1497 821 1568 prieteritos
872 1508 995 1549 esse
1044 1490 1339 1556 doluerint,
1387 1498 1498 1543 tam
1557 1486 1805 1557 jnniores
1833 1499 1997 1554 quam

417 1590 661 1643 seniores
692 1602 835 1649 esse,
868 1594 979 1639 tam
1003 1598 1105 1654 pro
1129 1582 1325 1637 merito
1355 1595 1519 1651 quam
1565 1593 1665 1649 pro
1706 1586 1862 1631 aetate
1902 1592 2001 1645 pu-

420 1694 590 1750 gnare
620 1686 935 1748 potuerunt.
990 1674 1320 1741 Quicunque
1374 1681 1553 1724 autent
1611 1669 1846 1732 fuerint,
1905 1682 1999 1721 eos

2099 475 2353 543 gitantes,
2406 490 2507 527 non
2559 472 2974 539 considerantes,
3036 489 3139 526 non
3197 474 3557 543 respicientes.
3616 473 3691 529 Ut

2100 565 2494 635 Paraphrastes
2515 604 2530 628 ,
2580 564 2638 615 οὐ
2676 564 2815 635 πρὸς
2838 590 2841 595 -
2863 564 2963 635 τὴν
2998 564 3331 637 φαινομένην
3361 565 3694 637 ἀφορῶντας

2100 656 2352 726 νεότητα.
2408 654 2523 708 Non
2552 655 2697 707 enim
2753 654 2841 707 hic
2888 654 3171 723 lgnatiana
3229 656 3531 709 miserrime
3563 673 3689 726 per-

2106 747 2259 801 vertit
2297 746 2407 812 ille,
2434 746 2631 799 utvult
2674 743 2996 813 Salmasius,
3022 747 3114 800 sed
3149 746 3378 822 tideliter
3417 755 3475 803 et
3528 748 3694 818 plane

2102 837 2362 907 explicat.

2171 926 2374 995 Quare,
2429 943 2553 983 cum
2600 928 2715 983 hzec
2770 938 2982 982 aetatem
3043 928 3226 985 Dama:
3278 929 3693 1001 Magnesiorum

2100 1018 2337 1088 episcopi
2376 1017 2758 1072 tantummodo
2808 1019 3127 1088 respiciant,
3175 1037 3299 1075 cum
3330 1034 3530 1076 auctor
3557 1021 3695 1092 Epi-

2102 1107 2367 1162 stolarum
2395 1108 2599 1178 nbique
2629 1108 3004 1178 episcopatum
3028 1126 3058 1163 a
3109 1109 3333 1165 Christo
3366 1112 3693 1167 institutum

2100 1213 2222 1253 esse
2246 1198 2537 1268 signiticet,
2568 1213 2693 1253 eum
2731 1199 3072 1255 Christianos
3117 1217 3330 1264 omnes,
3370 1203 3537 1257 etiam
3563 1219 3693 1272 pre-

2102 1290 2375 1361 sbyteros,
2430 1304 2571 1360 quos
2625 1306 2655 1344 a
2709 1289 2821 1344 Deo
2849 1291 3131 1346 institutos
3181 1290 3350 1348 fuisse
3401 1295 3591 1361 docet,
3636 1304 3696 1348 ut

2102 1383 2360 1451 episcopo
2396 1389 2627 1451 pareant
2676 1391 3003 1438 constanter
3056 1394 3295 1449 moneat,
3342 1402 3468 1441 cum
3496 1402 3699 1440 omnes

2103 1474 2195 1542 qui
2230 1474 2306 1527 illi
2335 1474 2448 1543 jam
2483 1475 2617 1544 ipsis
2657 1475 3086 1545 superimposito
3124 1476 3494 1548 refragantur,
3549 1479 3697 1532 mala

2102 1565 2441 1619 conscientia
2502 1565 2699 1635 premi,
2732 1575 2787 1621 et
2834 1567 3053 1627 diabolo
3100 1568 3365 1623 inservire
3392 1571 3697 1636 ostendat;

2107 1656 2282 1725 palam
2309 1665 2412 1723 est,
2448 1657 2594 1712 hunc
2625 1658 2805 1713 locum
2860 1658 2929 1713 de
2984 1661 3195 1714 novella
3231 1661 3585 1731 episcopatus
3612 1663 3701 1716 in-

419 1748 539 1839 {pse
568 1783 675 1822 non
723 1766 791 1821 de
838 1766 1181 1836 episcopatu,
1223 1765 1318 1817 sed
1364 1761 1741 1831 presbyteram
1768 1766 1994 1811 conten-
2027 1778 2069 1831 Β
2100 1748 2385 1803 stitutione
2421 1748 2650 1821 intelligi
2701 1766 2813 1804 non
2862 1767 3044 1822 posse.
3098 1752 3209 1807 Aut
3234 1755 3281 1808 si
3328 1754 3457 1823 quis
3492 1755 3699 1825 sitqui

423 1858 571 1911 disse
618 1854 838 1920 fatetur,
899 1864 952 1909 et
1007 1853 1381 1922 conjecturam
1438 1864 1593 1903 suam
1653 1846 1995 1899 Salmasiana

420 1949 859 2004 verisimiliorem
891 1955 1102 2000 tantum
1136 1959 1259 1998 esse
1305 1941 1460 2005 dicit,
1489 1954 1587 2009 pro
1612 1938 1835 1991 veritate
1875 1936 1996 2005 ejus

419 2040 713 2098 asserenda
744 2039 881 2094 nihil
941 2038 1119 2093 aﬂ‘ert.
1189 2034 1296 2089 Sed
1342 2034 1504 2089 video
1536 2032 1680 2085 unde
1701 2030 1754 2083 in
1786 2038 1997 2083 tantam

421 2131 887 2195 incertitudinem,
914 2137 1141 2198 tamque
1165 2123 1582 2196 improbabilem
1620 2119 1997 2190 conjecturam

414 2222 673 2276 inciderit
713 2220 797 2274 vir
843 2220 1220 2274 doctissimus.
1269 2215 1446 2270 Verba
1486 2214 1576 2267 illa
1624 2210 1901 2281 lgnatiana
1936 2210 1997 2261 οὐ

423 2309 856 2382 προσειληφότας
892 2308 1034 2361 male
1066 2308 1225 2376 cepit.
1252 2306 1502 2366 Omnino,
1533 2303 1731 2371 inquit,
1787 2302 2001 2370 presby-

423 2416 559 2457 teros
592 2402 896 2471 repudiasse
953 2416 1044 2453 nec
1074 2400 1355 2451 admisisse
1386 2396 1521 2450 illud
1579 2396 1790 2460 asserit,
1836 2395 2001 2463 quod-

416 2509 623 2564 cunque
678 2493 897 2546 tandem
945 2489 1276 2562 νεωτερικὴν
1328 2487 1483 2552 τάξιν
1537 2487 1789 2557 appellat.
1862 2487 1999 2541 Cum

422 2585 589 2656 igitur
638 2598 740 2638 nec
787 2582 1151 2653 juventutem,
1204 2596 1306 2635 nec
1348 2580 1713 2650 episcopalem
1749 2578 1999 2632 ordinem

420 2676 834 2747 repudiaverim
889 2673 1177 2747 Magnesii,
1223 2682 1285 2728 ut
1330 2687 1397 2727 ex
1434 2672 1554 2742 ipso
1598 2673 1718 2726 loco
1750 2681 1999 2737 constat;

420 2768 568 2822 aliud
603 2768 806 2838 aliquid
848 2765 1271 2837 excogitandum
1295 2764 1507 2835 putavit
1558 2764 1830 2830 Petavius,
1854 2763 2001 2834 quod

419 2861 492 2915 ab
566 2861 677 2915 illis
743 2859 1096 2929 repudiatum
1179 2867 1305 2921 est,
1370 2855 1628 2926 quodque
1703 2853 2004 2928 νεωτερικὴ

417 2951 573 3016 τάξις
607 2951 795 3005 vocari
832 2958 1038 3020 posset.
1087 2948 1154 3002 Et
1202 2963 1397 3003 omnes
1438 2935 1656 3017 quidem
1689 2948 1780 3016 qui
1810 2964 2004 3001 νεωτε-

420 3042 581 3114 ρικὴν
616 3041 769 3106 τάξιν
803 3040 1064 3096 novellam
1097 3040 1483 3094 institutionem
1525 3040 1778 3103 reddunt,
1822 3038 1875 3091 in
1910 3038 2002 3091 illa

2101 1840 2280 1895 adhuc
2305 1840 2534 1905 dubitet,
2566 1857 2633 1895 an
2663 1841 2780 1896 haec
2803 1843 2989 1897 omnia
3043 1844 3109 1898 ad
3131 1853 3345 1899 aetatem
3386 1844 3575 1898 Damre
3610 1862 3703 1899 re-

2102 1931 2232 1985 ferri
2294 1932 2556 1999 debeant;
2609 1948 2737 1988 eum
2797 1935 3025 1989 omnino
3087 1944 3302 2005 oportet
3348 1916 3719 2008 νεωτερικὴν’

2099 2020 2254 2087 τάξιν
2288 2022 2355 2076 de
2407 2023 2638 2087 recenti,
2676 2039 2785 2078 non
2829 2025 3181 2095 episcopatus
3220 2042 3313 2081 seu
3351 2027 3543 2090 ollicii,
3598 2029 3703 2082 sed

2104 2113 2343 2170 hominis
2390 2131 2484 2170 seu
2514 2117 2755 2187 episcopi
2782 2119 3126 2174 ordinatione
3157 2119 3551 2190 interpretari;
3586 2120 3705 2173 nisi

2100 2204 2230 2259 velit
2252 2207 2537 2285 scriptoris
2583 2208 2834 2263 instituto
2857 2219 3043 2281 aperte
3073 2213 3470 2267 contradicere.
3498 2211 3708 2266 Fateor

2099 2298 2249 2352 enim
2282 2314 2470 2355 vocem
2504 2303 2836 2374 νεωτερικήν
2881 2302 2949 2357 de
2990 2318 3049 2357 re
3097 2303 3281 2373 aliqua
3312 2305 3561 2369 recenti,
3597 2320 3705 2360 seu

2102 2389 2367 2445 moderha
2413 2394 2670 2462 usurpari
2726 2409 2908 2462 posse,
2968 2403 3023 2449 et
3067 2395 3204 2450 satis
3243 2396 3468 2466 quidem
3492 2396 3707 2465 origini

2103 2497 2218 2536 suae
2247 2498 2509 2553 congrue.
2532 2484 2682 2541 Utde
2705 2484 2934 2541 Hieraee
2961 2486 3321 2557 Epiphanius,
3345 2489 3547 2545 haeresi
3578 2490 3659 2542 (i7
3689 2511 3705 2544 :

2102 2573 2353 2644 ψαλμοὺς
2418 2574 2646 2641 πολλοὺς
2691 2578 3060 2650 νεωτερικοὺς
3105 2579 3400 2634 ἐπλάσατο.
3442 2579 3712 2635 Psalmos

2103 2667 2397 2737 complures
2450 2679 2707 2738 recentes,
2757 2686 2852 2727 seu
2894 2672 3119 2725 novitios
3170 2673 3453 2742 conﬁnxit.
3507 2671 3577 2727 Et
3607 2674 3710 2742 qui

2105 2760 2180 2813 ita
2241 2760 2388 2815 hunc
2416 2762 2781 2845 .scriptorem
2850 2761 3177 2819 intellexerit
3223 2764 3291 2819 de
3336 2763 3716 2819 ordinatione

2105 2850 2289 2909 Dama:
2327 2863 2575 2910 recenter
2602 2854 2768 2921 facta,
2808 2856 3114 2912 doctrinam
3166 2855 3509 2929 lgnatianam
3566 2858 3715 2911 alibi

2105 2947 2328 3016 copiose
2354 2947 2681 3016 explicatam
2738 2948 2882 3002 haud
2920 2948 3176 3015 violabit;
3224 2948 3317 3003 sed
3353 2964 3525 3018 quam
3564 2963 3719 3002 eon-

2100 3053 2301 3107 gruum
2337 3038 2463 3093 huic
2485 3039 2609 3093 loco
2634 3054 2855 3095 sensum
2883 3055 2947 3094 ea
2978 3039 3428 3111 interpretatione
3452 3039 3719 3094 tribucre.

416 3149 554 3189 voce
608 3133 1045 3205 προσειληφότας
1108 3131 1428 3200 explicanda
1509 3132 1736 3185 haerent.
1804 3128 2000 3192 Καθὼς

2174 3130 2303 3194 ιεεὶι,
2338 3129 2455 3198 ipse
2488 3129 2705 3185 viderit.
2740 3128 2855 3183 Vox
2887 3132 3033 3184 enim
3064 3130 3152 3184 illa
3186 3129 3526 3200 φαινομένην
3559 3145 3721 3199 ρεπ-

414 3224 591 3294 εγνων
624 3225 719 3278 καὶ
749 3225 878 3287 τοὺς
910 3222 1099 3292 ἁγίους
1146 3222 1575 3293 πρεσϐυτέρους,
1624 3221 1684 3273 οὐ
1720 3219 2005 3292 προσειλη-

419 3319 589 3388 φότας
643 3318 745 3390 τὴν
800 3315 1135 3388 φαινομένην
1181 3313 1515 3385 νεωτερικὴν
1547 3312 1734 3377 τάξιν,
1785 3312 1901 3365 ἀλλ’
1928 3312 2004 3376 ὡς

414 3413 717 3484 φρονίμους
762 3412 822 3464 ἐν
861 3407 981 3480 θεῷ
1034 3406 1455 3478 συγχωροῦντας
1504 3404 1684 3475 αὐτῷ,
1740 3404 1821 3459 sic
1878 3404 2001 3456 red—

412 3499 499 3554 dit
541 3497 891 3554 Salmasius:
941 3496 1092 3553 Sicut
1137 3497 1356 3566 cognovi
1401 3495 1767 3564 presbyteros,
1816 3510 1920 3546 non
1946 3502 2005 3547 ut

418 3593 737 3661 accipientes
768 3606 906 3656 eam,
957 3606 1076 3660 quae
1130 3605 1263 3642 nova
1300 3596 1541 3657 apparet,
1590 3587 2001 3649 institutionem,

419 3682 511 3736 sed
539 3693 794 3750 tanquam
846 3679 1129 3749 prudentes
1180 3680 1235 3732 in
1288 3678 1418 3741 Deo,
1446 3676 1684 3729 cedentes
1736 3674 1858 3744 ipsi.
1898 3671 2002 3726 Uhi

420 3771 600 3838 primo
654 3768 747 3822 καί
781 3768 1106 3838 particulam
1134 3770 1355 3834 omittit,
1403 3776 1463 3822 ut
1490 3766 1838 3837 explicationi
1892 3781 2005 3821 suae

421 3860 727 3925 inimicam,
756 3860 905 3929 quod
958 3876 1020 3915 ea
1050 3860 1311 3916 ostendat
1349 3860 1670 3929 scriptorem
1711 3858 1778 3913 dc
1813 3858 2001 3913 eadem

319 3960 324 3965 '
421 3968 481 4006 re
514 3952 687 4019 loqui,
719 3968 847 4007 cum
898 3951 1347 4022 presbyterorum
1384 3952 1690 4022 exemplum
1723 3950 2002 4021 proponit,

414 4045 488 4100 de
516 4060 625 4114 qua
657 4044 920 4114 populum
974 4052 1286 4107 monuerat,
1334 4044 1564 4107 scilicet,
1593 4043 1659 4097 de
1702 4052 1859 4097 aetate
1890 4040 2003 4110 epi-

419 4135 575 4206 scopi
603 4154 617 4190 :
666 4137 828 4190 aliter
855 4136 1003 4191 enim
1028 4134 1213 4200 καθὼς
1247 4136 1340 4189 καί
1372 4136 1574 4205 exponi
1606 4151 1714 4190 non
1745 4141 2002 4204 possunt.

422 4224 702 4292 Secundo,
726 4226 980 4281 voculam
1026 4235 1087 4279 ut
1144 4228 1210 4281 de
1254 4241 1357 4280 suo
1383 4225 1622 4291 addidit;
1669 4225 1805 4279 vidit
1833 4222 2003 4288 enim,

422 4335 527 4373 non
559 4320 900 4388 accipientes,
930 4318 1022 4373 hic
1048 4318 1229 4373 locum
1259 4318 1460 4373 habere
1501 4334 1608 4371 non
1636 4331 1818 4386 posse.
1856 4314 2003 4370 The-

2107 3229 2188 3274 tcr
2217 3220 2323 3274 alia
2355 3220 2608 3290 superius
2648 3220 2878 3276 adducta
2939 3221 3070 3275 mihi
3116 3221 3399 3292 postulare
3453 3221 3719 3286 videtur,

2106 3320 2166 3365 ut
2197 3311 2498 3384 νεωτερικὴ
2526 3311 2680 3376 τάξις
2720 3313 2788 3366 ad
2831 3320 3046 3367 aetatem
3103 3311 3397 3367 referatur.
3459 3311 3723 3367 Denotat

2105 3402 2251 3457 enim
2296 3404 2418 3459 sine
2446 3404 2615 3459 duhio
2643 3403 2848 3474 aliquid
2884 3404 3029 3474 quod
3068 3420 3135 3459 ex
3172 3413 3471 3473 conspectu
3513 3404 3725 3459 Damae

2107 3494 2440 3563 apparebat;
2471 3503 2533 3548 ut
2563 3493 2873 3549 ostenderet
2896 3507 3022 3547 eum
3072 3491 3223 3547 vultu
3263 3491 3556 3562 juvenem,
3583 3507 3725 3546 mo—

2108 3588 2257 3642 ribus
2281 3586 2481 3641 virum.
2507 3584 2627 3653 Quo
2658 3587 2821 3640 etiam
2855 3586 2966 3650 illa,
3022 3584 3112 3638 τδν
3149 3584 3454 3638 ἐπίσκοπον
3507 3585 3727 3640 τοῦτον

2104 3682 2197 3735 τὸν
2232 3682 2584 3753 βλεπόμενον,
2621 3696 2745 3751 qua:
2775 3680 2959 3736 statim
2989 3681 3043 3735 in
3073 3680 3263 3735 cadent
3307 3679 3587 3750 periocha
3626 3694 3727 3733 se-

2105 3782 2372 3843 quuntur,
2395 3780 2664 3842 spectant.

2178 3865 2317 3919 Dum
2392 3867 2537 3930 haec,
2582 3879 2748 3934 opere
2801 3864 3019 3934 penitus
3049 3863 3225 3930 linito,
3276 3860 3479 3918 Lector
3531 3861 3732 3916 bene-

2106 3952 2247 4018 vole,
2289 3953 2490 4016 scribo,
2522 3962 2885 4021 pervenerunt
2909 3954 2975 4007 ad
3020 3968 3215 4006 manus
3244 3967 3418 4017 meas,
3439 3950 3559 4007 SS.
3602 3951 3735 4005 Pa—

2109 4054 2247 4097 trum
2274 4045 2362 4114 qui
2385 4044 2702 4113 temporibus
2737 4045 3044 4114 apostolicis
3087 4044 3383 4113 ﬂoruerunt
3430 4043 3659 4110 Opera,
3698 4057 3735 4093 a

2104 4134 2317 4189 Joanne
2356 4134 2598 4204 Baptista
2648 4133 2957 4201 Cotelerio,
3027 4134 3306 4189 societatis
3371 4131 3740 4187 Sorhonicae

2107 4225 2365 4297 theologo
2399 4225 2744 4291 doctissimo,
2803 4226 2968 4281 edita.
3030 4224 3151 4291 Quo
3196 4224 3337 4279 libro
3368 4234 3736 4292 conspecto,

2110 4317 2260 4373 hisee
2307 4317 2644 4387 temporibus
2696 4333 2804 4371 non
2860 4318 3012 4385 potui
3061 4333 3168 4372 non
3218 4314 3363 4371 serio
3402 4314 3741 4383 gratulari.

423 4425 548 4465 sees
604 4410 940 4478 Capelliana
998 4417 1196 4462 auctor
1255 4409 1410 4463 aliter
1470 4411 1779 4464 versionem
1841 4421 2000 4461 suam
2038 4450 2080 4504 υ
2108 4410 2255 4478 quod
2292 4409 2457 4463 etiam
2489 4410 2543 4463 in
2575 4410 2816 4464 Ecclesia
2840 4411 3145 4473 Gallicana,
3195 4406 3561 4462 libertatibus
3597 4409 3744 4461 suis

424 4500 742 4568 temperavit
774 4518 786 4553 :
851 4498 1127 4564 Quomodo
1156 4515 1343 4552 censeo
1380 4508 1591 4552 sanctos
1639 4498 2002 4567 presbyteros;

424 4591 471 4643 si
496 4591 672 4643 minus
705 4589 961 4657 recipiant
991 4588 1250 4642 novellam
1264 4589 1425 4642 istam
1444 4604 1567 4659 qua:
1584 4588 1703 4656 jam
1737 4596 1813 4639 est
1847 4585 2005 4639 insti-

425 4683 702 4748 tutionem,
747 4682 937 4737 saltem
978 4692 1231 4753 tanquam
1284 4684 1567 4753 prudentes
1601 4682 1655 4734 in
1684 4679 1792 4733 Deo
1816 4680 2005 4733 cedant

422 4775 685 4845 episcopo,
738 4785 821 4842 ut,
876 4790 1003 4829 cum
1056 4774 1239 4831 omnia
1270 4772 1603 4840 confuderit,
1653 4771 1789 4825 nihil
1836 4770 2004 4825 dicat.

423 4864 681 4920 Petavius
709 4880 740 4920 a
765 4866 1019 4921 versione
1065 4874 1226 4920 caute
1268 4864 1555 4927 abstinuit,
1608 4862 1713 4915 hac
1742 4861 2006 4914 observa-

424 4957 576 5011 tione
613 4964 941 5022 contentus,
996 4958 1347 5029 presbyteros
1388 4955 1488 5026 τὴν
1541 4950 1875 5022 νεωτερικὴν
1904 4949 2005 5003 τά-

424 5048 508 5113 ξιν
542 5049 881 5119 repudiasse.
913 5049 1051 5104 Mira
1100 5050 1217 5104 haec
1242 5063 1375 5102 sane
1425 5044 1805 5114 interpretatio
1834 5043 2004 5108 illius,

424 5140 518 5208 qui
548 5140 836 5210 proﬁtetur
864 5140 1138 5211 lgnatium
1179 5139 1371 5194 iisdem
1422 5136 1604 5191 verbis
1655 5135 2006 5204 presbyteros

424 5230 561 5300 plebi
587 5250 874 5303 proponere
893 5233 1205 5287 imitandos.
1251 5229 1360 5284 Sed
1402 5229 1489 5295 bi,
1536 5227 1667 5297 quid
1698 5227 2008 5299 εἱιπροσει-

426 5322 686 5393 ληφότας,
724 5326 826 5381 hoc
852 5326 975 5379 loco
1029 5340 1140 5377 non
1172 5322 1445 5376 viderunt.
1504 5319 1778 5374 Patricius
1805 5317 2008 5373 Junius

427 5413 555 5484 legit
582 5417 640 5468 oi.
677 5417 1094 5485 προειληφότας,
1122 5430 1224 5466 non
1246 5421 1610 5483 prwoccupato
1639 5411 1817 5465 animo
1838 5412 2007 5480 respi-

425 5508 642 5571 cientes,
677 5510 821 5564 naud
850 5523 1024 5572 ma.e;
1051 5506 1145 5560 sed
1175 5514 1234 5559 ut
1273 5506 1506 5559 litteram
1537 5502 1834 5569 omitteret,
1867 5517 2007 5572 opus

426 5611 538 5651 non
570 5608 707 5654 erat.
730 5598 953 5661 Suidas,
977 5597 1438 5668 Προσειλήφεσαν,
1474 5594 1765 5659 ὑπέλαϐον,
1801 5594 2005 5648 ἐνόουν.

426 5685 575 5743 Nihil
630 5682 779 5747 atth
830 5690 917 5744 hic
949 5688 1424 5759 προσειληφότας,
1494 5703 1657 5758 quam
1704 5690 2005 5757 νοήσαντας

2108 4501 2311 4569 optime
2336 4517 2456 4566 usa,
2487 4500 2726 4572 theologi
2756 4518 2819 4556 ex
2878 4504 3027 4556 omni
3054 4501 3246 4555 ordine
3294 4499 3547 4553 maxime
3586 4514 3751 4553 eru-

2106 4593 2201 4647 diti
2226 4608 2336 4648 non
2376 4602 2586 4649 tantum
2622 4610 2719 4664 pro
2753 4595 2899 4650 veris
2930 4596 3168 4665 antiqua:
3199 4594 3460 4649 Ecclesiae
3496 4610 3750 4649 monu-

2108 4687 2308 4741 mentis
2337 4696 2555 4742 strenue
2607 4697 2946 4751 concertent,
2988 4689 3082 4742 sed
3113 4697 3165 4741 et
3195 4689 3261 4742 de
3304 4687 3467 4741 libris
3498 4690 3756 4756 spuriis

2106 4786 2161 4833 ct
2191 4779 2573 4848 supposititiis,
2599 4780 2694 4848 Qui
2748 4781 3012 4834 hactenus
3044 4779 3249 4833 mundo
3291 4779 3755 4846 imposuerunt,

2107 4881 2161 4928 et
2194 4871 2351 4926 suavi
2392 4872 2676 4925 vetustatis
2701 4872 2915 4925 somnio
2937 4871 3151 4924 animos
3180 4869 3471 4923 hominum
3505 4869 3760 4926 delini—

2107 4969 2324 5024 verunt,
2368 4962 2487 5015 sine
2534 4961 2684 5014 omni
2716 4960 2951 5029 partium
3011 4958 3193 5013 studio
3229 4956 3518 5026 judicent;
3566 4965 3760 5029 quod

2107 5060 2232 5122 post
2286 5050 2682 5115 Sit-mendum,
2740 5049 3044 5115 Petavium,
3096 5047 3317 5103 Petrum
3362 5047 3435 5101 de
3498 5047 3760 5121 Barca,

2110 5143 2423 5210 Morinum,
2472 5141 2825 5209 Launoium,
2882 5153 3005 5211 post
3064 5141 3366 5205 Valesium,
3436 5137 3760 5201 Huctium

2110 5236 2358 5305 aliosque
2405 5234 2739 5303 complures,
2799 5235 2962 5288 etiam
3012 5233 3319 5289 Cotelerius
3343 5233 3618 5291 candide
3685 5241 3760 5298 de

2112 5326 2198 5379 his
2233 5325 2399 5378 rebus
2424 5323 2766 5393 pronuntiet,
2797 5324 3137 5378 eruditorum
3186 5324 3328 5378 inter
3361 5332 3623 5383 nostros
3669 5335 3760 5385 vi.

2110 5429 2296 5468 rerum
2322 5413 2658 5482 diligentiam
2686 5429 2828 5484 saepe
2871 5416 3082 5485 probet,
3124 5415 3428 5484 eademque
3464 5429 3629 5473 cum
3692 5424 3760 5476 1i.

2109 5505 2318 5559 bertate
2346 5504 2532 5558 omnia
2562 5504 2839 5561 discutiat.
2894 5504 3046 5560 Unde
3073 5520 3199 5575 spes
3254 5513 3362 5570 est,
3396 5504 3760 5575 aliquandc

2110 5594 2247 5661 fore,
2290 5603 2350 5649 ut
2378 5595 2727 5667 dogmatibus
2760 5597 3154 5653 ecclesiasticis
3187 5596 3369 5664 major
3401 5595 3504 5650 lux
3561 5601 3760 5659 aﬂ‘ul.

2111 5689 2263 5757 gent,
2283 5688 2672 5744 controversiae
2721 5688 2775 5742 in
2805 5687 3011 5743 scholis
3041 5687 3280 5756 agitans,
3302 5686 3597 5755 pudendo
3646 5695 3760 5753 im.
