  <div class='ocr_page' id='page_1' title='image "/cluster/home/n/w/nwhite01/storage/ocr_20150623/5/hvd.32044019206598/032.png"; bbox 0 0 3786 6302; ppageno 0'>
   <div class='ocr_carea' id='block_1_1' title="bbox 157 334 1664 407">
    <p class='ocr_par' dir='ltr' id='par_1_1' title="bbox 157 334 1664 407">
     <span class='ocr_line' id='line_1_1' title="bbox 157 334 1664 407; baseline -0.005 0"><span class='ocrx_word' id='word_1_1' title='bbox 157 352 215 407; x_wconf 73' lang='grc' dir='ltr'><strong><em>ιο</em></strong></span> <span class='ocrx_word' id='word_1_2' title='bbox 787 346 834 402; x_wconf 81' lang='lat' dir='ltr'><strong>J.</strong></span> <span class='ocrx_word' id='word_1_3' title='bbox 884 334 1253 402; x_wconf 66' lang='lat' dir='ltr'><strong>PEARSONII</strong></span> <span class='ocrx_word' id='word_1_4' title='bbox 1298 345 1621 403; x_wconf 72' lang='lat' dir='ltr'><strong>VINDICIAS</strong></span> <span class='ocrx_word' id='word_1_5' title='bbox 1662 348 1664 400; x_wconf 68' lang='grc' dir='ltr'><em>λ</em></span> 
     </span>
    </p>
   </div>
   <div class='ocr_carea' id='block_1_2' title="bbox 1836 334 3364 407">
    <p class='ocr_par' dir='ltr' id='par_1_2' title="bbox 1836 344 3364 406">
     <span class='ocr_line' id='line_1_2' title="bbox 1836 344 3364 406; baseline 0.003 -5"><span class='ocrx_word' id='word_1_6' title='bbox 1836 344 2089 401; x_wconf 74' lang='grc' dir='ltr'><strong>ΤΙᾹΝᾹΞ.</strong></span> <span class='ocrx_word' id='word_1_7' title='bbox 2128 377 2199 387; x_wconf 89' lang='grc'><strong><em>-</em></strong></span> <span class='ocrx_word' id='word_1_8' title='bbox 2239 344 2655 403; x_wconf 64' lang='lat' dir='ltr'><strong>PROtEMlUM.</strong></span> <span class='ocrx_word' id='word_1_9' title='bbox 3295 351 3364 406; x_wconf 67' lang='lat'><strong>80</strong></span> 
     </span>
    </p>
   </div>
   <div class='ocr_carea' id='block_1_3' title="bbox 155 458 3359 541">
    <p class='ocr_par' dir='ltr' id='par_1_3' title="bbox 155 458 3359 541">
     <span class='ocr_line' id='line_1_3' title="bbox 155 458 3359 541; baseline 0.001 -25"><span class='ocrx_word' id='word_1_10' title='bbox 155 477 391 541; x_wconf 68' lang='lat' dir='ltr'><strong>pastorum</strong></span> <span class='ocrx_word' id='word_1_11' title='bbox 438 460 739 531; x_wconf 87' lang='lat' dir='ltr'><strong>patrocinio</strong></span> <span class='ocrx_word' id='word_1_12' title='bbox 785 460 1021 526; x_wconf 72' lang='lat' dir='ltr'><strong>nudatre,</strong></span> <span class='ocrx_word' id='word_1_13' title='bbox 1048 467 1105 515; x_wconf 90' lang='lat' dir='ltr'><strong>et</strong></span> <span class='ocrx_word' id='word_1_14' title='bbox 1150 459 1279 515; x_wconf 80' lang='lat' dir='ltr'><strong>iicta</strong></span> <span class='ocrx_word' id='word_1_15' title='bbox 1331 458 1677 530; x_wconf 82' lang='lat' dir='ltr'><strong>antiquitatis</strong></span> <span class='ocrx_word' id='word_1_16' title='bbox 1708 467 1752 521; x_wconf 70' lang='grc' dir='ltr'><strong>Α</strong></span> <span class='ocrx_word' id='word_1_17' title='bbox 1780 459 1963 514; x_wconf 90' lang='lat' dir='ltr'><strong>milem</strong></span> <span class='ocrx_word' id='word_1_18' title='bbox 2021 459 2133 534; x_wconf 80' lang='lat' dir='ltr'><strong>fere</strong></span> <span class='ocrx_word' id='word_1_19' title='bbox 2200 461 2446 515; x_wconf 90' lang='lat' dir='ltr'><strong>locorum</strong></span> <span class='ocrx_word' id='word_1_20' title='bbox 2501 460 2919 529; x_wconf 76' lang='lat' dir='ltr'><strong>explicationem</strong></span> <span class='ocrx_word' id='word_1_21' title='bbox 2991 462 3359 532; x_wconf 81' lang='lat' dir='ltr'><strong>deprehendo.</strong></span> 
     </span>
    </p>
   </div>
   <div class='ocr_carea' id='block_1_4' title="bbox 151 551 1678 627">
    <p class='ocr_par' dir='ltr' id='par_1_4' title="bbox 151 551 1678 627">
     <span class='ocr_line' id='line_1_4' title="bbox 151 551 1678 627; baseline -0.007 -12"><span class='ocrx_word' id='word_1_22' title='bbox 151 563 270 618; x_wconf 81' lang='lat' dir='ltr'><strong>larva</strong></span> <span class='ocrx_word' id='word_1_23' title='bbox 298 556 544 627; x_wconf 61' lang='lat' dir='ltr'><strong>spoliata,</strong></span> <span class='ocrx_word' id='word_1_24' title='bbox 589 553 804 622; x_wconf 56' lang='lat' dir='ltr'><strong>aequius</strong></span> <span class='ocrx_word' id='word_1_25' title='bbox 854 551 1074 607; x_wconf 89' lang='lat' dir='ltr'><strong>tandem</strong></span> <span class='ocrx_word' id='word_1_26' title='bbox 1132 561 1187 607; x_wconf 91' lang='lat' dir='ltr'><strong>et</strong></span> <span class='ocrx_word' id='word_1_27' title='bbox 1221 552 1464 609; x_wconf 83' lang='lat' dir='ltr'><strong>sedatius</strong></span> <span class='ocrx_word' id='word_1_28' title='bbox 1497 553 1678 607; x_wconf 89' lang='lat' dir='ltr'><strong>termi-</strong></span> 
     </span>
    </p>
   </div>
   <div class='ocr_carea' id='block_1_5' title="bbox 150 645 1678 716">
    <p class='ocr_par' dir='ltr' id='par_1_5' title="bbox 150 645 1678 716">
     <span class='ocr_line' id='line_1_5' title="bbox 150 645 1678 716; baseline -0.009 -6"><span class='ocrx_word' id='word_1_29' title='bbox 150 662 332 715; x_wconf 87' lang='lat' dir='ltr'><strong>nentur,</strong></span> <span class='ocrx_word' id='word_1_30' title='bbox 358 647 631 715; x_wconf 79' lang='lat' dir='ltr'><strong>animique</strong></span> <span class='ocrx_word' id='word_1_31' title='bbox 661 645 946 699; x_wconf 80' lang='lat' dir='ltr'><strong>hominum</strong></span> <span class='ocrx_word' id='word_1_32' title='bbox 975 659 1063 711; x_wconf 70' lang='lat' dir='ltr'><strong>ea,</strong></span> <span class='ocrx_word' id='word_1_33' title='bbox 1101 659 1215 716; x_wconf 83' lang='lat' dir='ltr'><strong>qua</strong></span> <span class='ocrx_word' id='word_1_34' title='bbox 1250 660 1349 715; x_wconf 91' lang='lat' dir='ltr'><strong>par</strong></span> <span class='ocrx_word' id='word_1_35' title='bbox 1380 652 1499 709; x_wconf 82' lang='lat' dir='ltr'><strong>est,</strong></span> <span class='ocrx_word' id='word_1_36' title='bbox 1522 659 1678 699; x_wconf 84' lang='lat' dir='ltr'><strong>reve-</strong></span> 
     </span>
    </p>
   </div>
   <div class='ocr_carea' id='block_1_6' title="bbox 149 735 1677 811">
    <p class='ocr_par' dir='ltr' id='par_1_6' title="bbox 149 735 1677 811">
     <span class='ocr_line' id='line_1_6' title="bbox 149 735 1677 811; baseline -0.006 -10"><span class='ocrx_word' id='word_1_37' title='bbox 149 746 292 802; x_wconf 82' lang='lat' dir='ltr'><strong>rentia</strong></span> <span class='ocrx_word' id='word_1_38' title='bbox 359 738 681 811; x_wconf 81' lang='lat' dir='ltr'><strong>primitivam</strong></span> <span class='ocrx_word' id='word_1_39' title='bbox 744 736 1045 793; x_wconf 84' lang='lat' dir='ltr'><strong>Ecciesiam</strong></span> <span class='ocrx_word' id='word_1_40' title='bbox 1074 778 1089 802; x_wconf 92' lang='lat'><strong>,</strong></span> <span class='ocrx_word' id='word_1_41' title='bbox 1155 753 1265 793; x_wconf 83' lang='lat' dir='ltr'><strong>sua</strong></span> <span class='ocrx_word' id='word_1_42' title='bbox 1322 735 1677 806; x_wconf 73' lang='lat' dir='ltr'><strong>simplicitate</strong></span> 
     </span>
    </p>
   </div>
   <div class='ocr_carea' id='block_1_7' title="bbox 149 829 1678 905">
    <p class='ocr_par' dir='ltr' id='par_1_7' title="bbox 149 829 1678 905">
     <span class='ocr_line' id='line_1_7' title="bbox 149 829 1678 905; baseline -0.007 -12"><span class='ocrx_word' id='word_1_43' title='bbox 149 835 473 905; x_wconf 77' lang='lat' dir='ltr'><strong>conspicuam,</strong></span> <span class='ocrx_word' id='word_1_44' title='bbox 521 846 623 887; x_wconf 90' lang='lat' dir='ltr'><strong>nec</strong></span> <span class='ocrx_word' id='word_1_45' title='bbox 665 829 862 886; x_wconf 85' lang='lat' dir='ltr'><strong>alienis</strong></span> <span class='ocrx_word' id='word_1_46' title='bbox 910 829 1189 885; x_wconf 87' lang='lat' dir='ltr'><strong>coloribus</strong></span> <span class='ocrx_word' id='word_1_47' title='bbox 1225 829 1522 899; x_wconf 81' lang='lat' dir='ltr'><strong>depictam,</strong></span> <span class='ocrx_word' id='word_1_48' title='bbox 1580 836 1678 883; x_wconf 83' lang='lat' dir='ltr'><strong>aut</strong></span> 
     </span>
    </p>
   </div>
   <div class='ocr_carea' id='block_1_8' title="bbox 149 919 1674 997">
    <p class='ocr_par' dir='ltr' id='par_1_8' title="bbox 149 919 1674 997">
     <span class='ocr_line' id='line_1_8' title="bbox 149 919 1674 997; baseline -0.005 -15"><span class='ocrx_word' id='word_1_49' title='bbox 149 928 297 997; x_wconf 81' lang='lat' dir='ltr'><strong>potius</strong></span> <span class='ocrx_word' id='word_1_50' title='bbox 349 923 735 988; x_wconf 69' lang='lat' dir='ltr'><strong>deformatam,</strong></span> <span class='ocrx_word' id='word_1_51' title='bbox 789 930 1217 992; x_wconf 80' lang='lat' dir='ltr'><strong>prosequantur.</strong></span> <span class='ocrx_word' id='word_1_52' title='bbox 1269 920 1413 975; x_wconf 89' lang='lat' dir='ltr'><strong>Inter</strong></span> <span class='ocrx_word' id='word_1_53' title='bbox 1454 921 1573 975; x_wconf 64' lang='lat' dir='ltr'><strong>haec</strong></span> <span class='ocrx_word' id='word_1_54' title='bbox 1610 919 1674 974; x_wconf 86' lang='grc' dir='ltr'><strong>Β.</strong></span> 
     </span>
    </p>
   </div>
   <div class='ocr_carea' id='block_1_9' title="bbox 148 1014 1684 1089">
    <p class='ocr_par' dir='ltr' id='par_1_9' title="bbox 148 1014 1684 1089">
     <span class='ocr_line' id='line_1_9' title="bbox 148 1014 1684 1089; baseline -0.006 -16"><span class='ocrx_word' id='word_1_55' title='bbox 148 1020 301 1089; x_wconf 80' lang='lat' dir='ltr'><strong>lgnatii</strong></span> <span class='ocrx_word' id='word_1_56' title='bbox 330 1016 492 1087; x_wconf 80' lang='lat' dir='ltr'><strong>Epist.</strong></span> <span class='ocrx_word' id='word_1_57' title='bbox 540 1016 706 1071; x_wconf 88' lang='lat' dir='ltr'><strong>etiam</strong></span> <span class='ocrx_word' id='word_1_58' title='bbox 748 1015 896 1071; x_wconf 90' lang='lat' dir='ltr'><strong>notis</strong></span> <span class='ocrx_word' id='word_1_59' title='bbox 937 1014 1509 1069; x_wconf 63' lang='lat' dir='ltr'><strong>Coteleriiillustrata:</strong></span> <span class='ocrx_word' id='word_1_60' title='bbox 1555 1027 1684 1082; x_wconf 83' lang='lat' dir='ltr'><strong>pro-</strong></span> 
     </span>
    </p>
   </div>
   <div class='ocr_carea' id='block_1_10' title="bbox 146 1102 1681 1178">
    <p class='ocr_par' dir='ltr' id='par_1_10' title="bbox 146 1102 1681 1178">
     <span class='ocr_line' id='line_1_10' title="bbox 146 1102 1681 1178; baseline -0.005 -13"><span class='ocrx_word' id='word_1_61' title='bbox 146 1112 369 1175; x_wconf 78' lang='lat' dir='ltr'><strong>dierum;</strong></span> <span class='ocrx_word' id='word_1_62' title='bbox 397 1124 532 1178; x_wconf 89' lang='lat' dir='ltr'><strong>quas</strong></span> <span class='ocrx_word' id='word_1_63' title='bbox 555 1107 669 1178; x_wconf 85' lang='lat' dir='ltr'><strong>jam</strong></span> <span class='ocrx_word' id='word_1_64' title='bbox 705 1107 773 1162; x_wconf 86' lang='lat' dir='ltr'><strong>ad</strong></span> <span class='ocrx_word' id='word_1_65' title='bbox 803 1106 1105 1162; x_wconf 85' lang='lat' dir='ltr'><strong>editionem</strong></span> <span class='ocrx_word' id='word_1_66' title='bbox 1157 1114 1483 1161; x_wconf 87' lang='lat' dir='ltr'><strong>nostrorum</strong></span> <span class='ocrx_word' id='word_1_67' title='bbox 1522 1102 1681 1159; x_wconf 74' lang='lat' dir='ltr'><strong>festi-</strong></span> 
     </span>
    </p>
   </div>
   <div class='ocr_carea' id='block_1_11' title="bbox 146 1194 1678 1270">
    <p class='ocr_par' dir='ltr' id='par_1_11' title="bbox 146 1194 1678 1270">
     <span class='ocr_line' id='line_1_11' title="bbox 146 1194 1678 1270; baseline -0.005 -15"><span class='ocrx_word' id='word_1_68' title='bbox 146 1218 284 1267; x_wconf 81' lang='lat' dir='ltr'><strong>nans,</strong></span> <span class='ocrx_word' id='word_1_69' title='bbox 299 1200 465 1267; x_wconf 79' lang='lat' dir='ltr'><strong>avide,</strong></span> <span class='ocrx_word' id='word_1_70' title='bbox 502 1208 771 1270; x_wconf 89' lang='lat' dir='ltr'><strong>quantum</strong></span> <span class='ocrx_word' id='word_1_71' title='bbox 805 1212 903 1269; x_wconf 88' lang='lat' dir='ltr'><strong>per</strong></span> <span class='ocrx_word' id='word_1_72' title='bbox 962 1197 1229 1268; x_wconf 88' lang='lat' dir='ltr'><strong>temporis</strong></span> <span class='ocrx_word' id='word_1_73' title='bbox 1270 1195 1559 1267; x_wconf 77' lang='lat' dir='ltr'><strong>angustias</strong></span> <span class='ocrx_word' id='word_1_74' title='bbox 1607 1194 1678 1248; x_wconf 84' lang='lat' dir='ltr'><strong>li-</strong></span> 
     </span>
    </p>
   </div>
   <div class='ocr_carea' id='block_1_12' title="bbox 144 1286 1678 1362">
    <p class='ocr_par' dir='ltr' id='par_1_12' title="bbox 144 1286 1678 1362">
     <span class='ocr_line' id='line_1_12' title="bbox 144 1286 1678 1362; baseline -0.004 -13"><span class='ocrx_word' id='word_1_75' title='bbox 144 1292 525 1362; x_wconf 69' lang='lat' dir='ltr'><strong>cuit,percnrri.</strong></span> <span class='ocrx_word' id='word_1_76' title='bbox 577 1290 751 1347; x_wconf 78' lang='lat' dir='ltr'><strong>Video</strong></span> <span class='ocrx_word' id='word_1_77' title='bbox 781 1299 993 1357; x_wconf 80' lang='lat' dir='ltr'><strong>autem,</strong></span> <span class='ocrx_word' id='word_1_78' title='bbox 1012 1290 1120 1346; x_wconf 86' lang='lat' dir='ltr'><strong>nisi</strong></span> <span class='ocrx_word' id='word_1_79' title='bbox 1153 1304 1242 1347; x_wconf 86' lang='lat' dir='ltr'><strong>me</strong></span> <span class='ocrx_word' id='word_1_80' title='bbox 1280 1286 1562 1345; x_wconf 72' lang='lat' dir='ltr'><strong>festinatio</strong></span> <span class='ocrx_word' id='word_1_81' title='bbox 1596 1286 1678 1343; x_wconf 80' lang='lat' dir='ltr'><strong>fe-</strong></span> 
     </span>
    </p>
   </div>
   <div class='ocr_carea' id='block_1_13' title="bbox 144 1379 1678 1451">
    <p class='ocr_par' dir='ltr' id='par_1_13' title="bbox 144 1379 1678 1451">
     <span class='ocr_line' id='line_1_13' title="bbox 144 1379 1678 1451; baseline -0.001 -14"><span class='ocrx_word' id='word_1_82' title='bbox 144 1384 270 1447; x_wconf 77' lang='lat' dir='ltr'><strong>fellit,</strong></span> <span class='ocrx_word' id='word_1_83' title='bbox 298 1382 392 1438; x_wconf 84' lang='lat' dir='ltr'><strong>viri</strong></span> <span class='ocrx_word' id='word_1_84' title='bbox 437 1382 753 1439; x_wconf 76' lang='lat' dir='ltr'><strong>doctissimi.</strong></span> <span class='ocrx_word' id='word_1_85' title='bbox 772 1383 1104 1439; x_wconf 84' lang='lat' dir='ltr'><strong>sententiam</strong></span> <span class='ocrx_word' id='word_1_86' title='bbox 1130 1397 1258 1437; x_wconf 87' lang='lat' dir='ltr'><strong>cum</strong></span> <span class='ocrx_word' id='word_1_87' title='bbox 1289 1389 1489 1438; x_wconf 78' lang='lat' dir='ltr'><strong>nostra</strong></span> <span class='ocrx_word' id='word_1_88' title='bbox 1516 1379 1678 1451; x_wconf 87' lang='lat' dir='ltr'><strong>plane</strong></span> 
     </span>
    </p>
   </div>
   <div class='ocr_carea' id='block_1_14' title="bbox 143 1474 1672 1547">
    <p class='ocr_par' dir='ltr' id='par_1_14' title="bbox 143 1474 1672 1547">
     <span class='ocr_line' id='line_1_14' title="bbox 143 1474 1672 1547; baseline -0.003 -16"><span class='ocrx_word' id='word_1_89' title='bbox 143 1476 535 1547; x_wconf 69' lang='lat' dir='ltr'><strong>conspiranm;</strong></span> <span class='ocrx_word' id='word_1_90' title='bbox 569 1478 723 1533; x_wconf 82' lang='lat' dir='ltr'><strong>idem</strong></span> <span class='ocrx_word' id='word_1_91' title='bbox 757 1478 833 1531; x_wconf 81' lang='lat' dir='ltr'><strong>de</strong></span> <span class='ocrx_word' id='word_1_92' title='bbox 860 1474 1159 1546; x_wconf 72' lang='lat' dir='ltr'><strong>Ignatianis</strong></span> <span class='ocrx_word' id='word_1_93' title='bbox 1194 1474 1488 1546; x_wconf 85' lang='lat' dir='ltr'><strong>judicium,</strong></span> <span class='ocrx_word' id='word_1_94' title='bbox 1519 1488 1672 1528; x_wconf 90' lang='lat' dir='ltr'><strong>eam-</strong></span> 
     </span>
    </p>
   </div>
   <div class='ocr_carea' id='block_1_15' title="bbox 140 1560 1674 1638">
    <p class='ocr_par' dir='ltr' id='par_1_15' title="bbox 140 1560 1674 1638">
     <span class='ocr_line' id='line_1_15' title="bbox 140 1560 1674 1638; baseline -0.002 -18"><span class='ocrx_word' id='word_1_95' title='bbox 140 1567 237 1621; x_wconf 85' lang='lat' dir='ltr'><strong>dem</strong></span> <span class='ocrx_word' id='word_1_96' title='bbox 262 1567 323 1622; x_wconf 89' lang='lat' dir='ltr'><strong>de</strong></span> <span class='ocrx_word' id='word_1_97' title='bbox 355 1567 691 1638; x_wconf 76' lang='lat' dir='ltr'><strong>argumentis</strong></span> <span class='ocrx_word' id='word_1_98' title='bbox 748 1564 1194 1623; x_wconf 76' lang='lat' dir='ltr'><strong>adversariorum</strong></span> <span class='ocrx_word' id='word_1_99' title='bbox 1224 1562 1563 1635; x_wconf 77' lang='lat' dir='ltr'><strong>opinionem,</strong></span> <span class='ocrx_word' id='word_1_100' title='bbox 1596 1560 1674 1617; x_wconf 90' lang='lat' dir='ltr'><strong>si-</strong></span> 
     </span>
    </p>
   </div>
   <div class='ocr_carea' id='block_1_16' title="bbox 1785 548 3361 622">
    <p class='ocr_par' dir='ltr' id='par_1_16' title="bbox 1785 548 3361 622">
     <span class='ocr_line' id='line_1_16' title="bbox 1785 548 3361 622; baseline 0.002 -17"><span class='ocrx_word' id='word_1_101' title='bbox 1785 548 1939 606; x_wconf 80' lang='lat' dir='ltr'><strong>Unde</strong></span> <span class='ocrx_word' id='word_1_102' title='bbox 1969 550 2104 605; x_wconf 92' lang='lat' dir='ltr'><strong>mihi</strong></span> <span class='ocrx_word' id='word_1_103' title='bbox 2129 550 2275 605; x_wconf 85' lang='lat' dir='ltr'><strong>haud</strong></span> <span class='ocrx_word' id='word_1_104' title='bbox 2320 552 2461 607; x_wconf 88' lang='lat' dir='ltr'><strong>male</strong></span> <span class='ocrx_word' id='word_1_105' title='bbox 2482 552 2741 622; x_wconf 76' lang='lat' dir='ltr'><strong>augurari</strong></span> <span class='ocrx_word' id='word_1_106' title='bbox 2788 552 3000 617; x_wconf 80' lang='lat' dir='ltr'><strong>videor,</strong></span> <span class='ocrx_word' id='word_1_107' title='bbox 3035 553 3361 608; x_wconf 86' lang='lat' dir='ltr'><strong>sententiam</strong></span> 
     </span>
    </p>
   </div>
   <div class='ocr_carea' id='block_1_17' title="bbox 1781 642 3363 712">
    <p class='ocr_par' dir='ltr' id='par_1_17' title="bbox 1781 642 3363 712">
     <span class='ocr_line' id='line_1_17' title="bbox 1781 642 3363 712; baseline -0.001 -13"><span class='ocrx_word' id='word_1_108' title='bbox 1781 652 2028 699; x_wconf 80' lang='lat' dir='ltr'><strong>nostram</strong></span> <span class='ocrx_word' id='word_1_109' title='bbox 2058 642 2192 697; x_wconf 87' lang='lat' dir='ltr'><strong>viris</strong></span> <span class='ocrx_word' id='word_1_110' title='bbox 2249 642 2447 708; x_wconf 89' lang='lat' dir='ltr'><strong>doctis,</strong></span> <span class='ocrx_word' id='word_1_111' title='bbox 2491 653 2546 698; x_wconf 91' lang='lat' dir='ltr'><strong>et</strong></span> <span class='ocrx_word' id='word_1_112' title='bbox 2585 644 2639 697; x_wconf 89' lang='lat' dir='ltr'><strong>in</strong></span> <span class='ocrx_word' id='word_1_113' title='bbox 2686 643 2791 698; x_wconf 87' lang='lat' dir='ltr'><strong>hoc</strong></span> <span class='ocrx_word' id='word_1_114' title='bbox 2822 643 3127 699; x_wconf 89' lang='lat' dir='ltr'><strong>litterarum</strong></span> <span class='ocrx_word' id='word_1_115' title='bbox 3167 659 3363 712; x_wconf 73' lang='lat' dir='ltr'><strong>genere</strong></span> 
     </span>
    </p>
   </div>
   <div class='ocr_carea' id='block_1_18' title="bbox 1779 733 3363 805">
    <p class='ocr_par' dir='ltr' id='par_1_18' title="bbox 1779 733 3363 805">
     <span class='ocr_line' id='line_1_18' title="bbox 1779 733 3363 805; baseline -0.003 -14"><span class='ocrx_word' id='word_1_116' title='bbox 1779 734 1985 805; x_wconf 86' lang='lat' dir='ltr'><strong>Optime</strong></span> <span class='ocrx_word' id='word_1_117' title='bbox 2012 735 2243 790; x_wconf 76' lang='lat' dir='ltr'><strong>versatis</strong></span> <span class='ocrx_word' id='word_1_118' title='bbox 2274 735 2635 804; x_wconf 84' lang='lat' dir='ltr'><strong>approbatum</strong></span> <span class='ocrx_word' id='word_1_119' title='bbox 2671 735 2760 798; x_wconf 89' lang='lat' dir='ltr'><strong>iri,</strong></span> <span class='ocrx_word' id='word_1_120' title='bbox 2800 751 3005 805; x_wconf 88' lang='lat' dir='ltr'><strong>eosque</strong></span> <span class='ocrx_word' id='word_1_121' title='bbox 3058 734 3241 790; x_wconf 82' lang='lat' dir='ltr'><strong>statim</strong></span> <span class='ocrx_word' id='word_1_122' title='bbox 3273 733 3363 804; x_wconf 78' lang='lat' dir='ltr'><strong>jn-</strong></span> 
     </span>
    </p>
   </div>
   <div class='ocr_carea' id='block_1_19' title="bbox 1781 828 3360 899">
    <p class='ocr_par' dir='ltr' id='par_1_19' title="bbox 1781 828 3360 899">
     <span class='ocr_line' id='line_1_19' title="bbox 1781 828 3360 899; baseline -0.002 -16"><span class='ocrx_word' id='word_1_123' title='bbox 1781 828 2085 895; x_wconf 85' lang='lat' dir='ltr'><strong>dicaturos,</strong></span> <span class='ocrx_word' id='word_1_124' title='bbox 2112 844 2199 884; x_wconf 91' lang='lat' dir='ltr'><strong>me</strong></span> <span class='ocrx_word' id='word_1_125' title='bbox 2245 829 2384 883; x_wconf 88' lang='lat' dir='ltr'><strong>nihil</strong></span> <span class='ocrx_word' id='word_1_126' title='bbox 2420 830 2475 883; x_wconf 91' lang='lat' dir='ltr'><strong>in</strong></span> <span class='ocrx_word' id='word_1_127' title='bbox 2506 830 2592 885; x_wconf 90' lang='lat' dir='ltr'><strong>his</strong></span> <span class='ocrx_word' id='word_1_128' title='bbox 2617 830 2868 885; x_wconf 89' lang='lat' dir='ltr'><strong>molitum</strong></span> <span class='ocrx_word' id='word_1_129' title='bbox 2892 844 3037 896; x_wconf 84' lang='lat' dir='ltr'><strong>esse,</strong></span> <span class='ocrx_word' id='word_1_130' title='bbox 3067 829 3214 899; x_wconf 89' lang='lat' dir='ltr'><strong>quod</strong></span> <span class='ocrx_word' id='word_1_131' title='bbox 3252 844 3360 882; x_wconf 92' lang='lat' dir='ltr'><strong>non</strong></span> 
     </span>
    </p>
   </div>
   <div class='ocr_carea' id='block_1_20' title="bbox 1783 919 3363 991">
    <p class='ocr_par' dir='ltr' id='par_1_20' title="bbox 1783 919 3363 991">
     <span class='ocr_line' id='line_1_20' title="bbox 1783 919 3363 991; baseline -0.001 -15"><span class='ocrx_word' id='word_1_132' title='bbox 1783 920 1907 977; x_wconf 88' lang='lat' dir='ltr'><strong>aliis</strong></span> <span class='ocrx_word' id='word_1_133' title='bbox 1939 920 2129 977; x_wconf 88' lang='lat' dir='ltr'><strong>eadem</strong></span> <span class='ocrx_word' id='word_1_134' title='bbox 2190 922 2555 976; x_wconf 84' lang='lat' dir='ltr'><strong>tractantibus</strong></span> <span class='ocrx_word' id='word_1_135' title='bbox 2608 920 2824 978; x_wconf 85' lang='lat' dir='ltr'><strong>veritati</strong></span> <span class='ocrx_word' id='word_1_136' title='bbox 2856 921 3093 976; x_wconf 81' lang='lat' dir='ltr'><strong>maxime</strong></span> <span class='ocrx_word' id='word_1_137' title='bbox 3132 919 3363 991; x_wconf 83' lang='lat' dir='ltr'><strong>apertis-</strong></span> 
     </span>
    </p>
   </div>
   <div class='ocr_carea' id='block_1_21' title="bbox 1783 1011 3361 1085">
    <p class='ocr_par' dir='ltr' id='par_1_21' title="bbox 1783 1011 3361 1085">
     <span class='ocr_line' id='line_1_21' title="bbox 1783 1011 3361 1085; baseline -0.003 -17"><span class='ocrx_word' id='word_1_138' title='bbox 1783 1012 2036 1085; x_wconf 84' lang='lat' dir='ltr'><strong>simeque</strong></span> <span class='ocrx_word' id='word_1_139' title='bbox 2082 1024 2517 1069; x_wconf 81' lang='lat' dir='ltr'><strong>consentaneum</strong></span> <span class='ocrx_word' id='word_1_140' title='bbox 2548 1014 2727 1084; x_wconf 87' lang='lat' dir='ltr'><strong>prima</strong></span> <span class='ocrx_word' id='word_1_141' title='bbox 2750 1013 2888 1073; x_wconf 83' lang='lat' dir='ltr'><strong>facie</strong></span> <span class='ocrx_word' id='word_1_142' title='bbox 2911 1013 3177 1069; x_wconf 90' lang='lat' dir='ltr'><strong>videatur.</strong></span> <span class='ocrx_word' id='word_1_143' title='bbox 3200 1011 3361 1080; x_wconf 85' lang='lat' dir='ltr'><strong>Quod</strong></span> 
     </span>
    </p>
   </div>
   <div class='ocr_carea' id='block_1_22' title="bbox 1779 1102 3361 1175">
    <p class='ocr_par' dir='ltr' id='par_1_22' title="bbox 1779 1102 3361 1175">
     <span class='ocr_line' id='line_1_22' title="bbox 1779 1102 3361 1175; baseline -0.001 -18"><span class='ocrx_word' id='word_1_144' title='bbox 1779 1102 1825 1157; x_wconf 86' lang='lat' dir='ltr'><strong>si</strong></span> <span class='ocrx_word' id='word_1_145' title='bbox 1882 1118 1944 1158; x_wconf 87' lang='lat' dir='ltr'><strong>ea</strong></span> <span class='ocrx_word' id='word_1_146' title='bbox 1994 1118 2117 1172; x_wconf 76' lang='lat' dir='ltr'><strong>quze</strong></span> <span class='ocrx_word' id='word_1_147' title='bbox 2169 1103 2347 1158; x_wconf 85' lang='lat' dir='ltr'><strong>obiter</strong></span> <span class='ocrx_word' id='word_1_148' title='bbox 2394 1105 2648 1171; x_wconf 86' lang='lat' dir='ltr'><strong>tractavi,</strong></span> <span class='ocrx_word' id='word_1_149' title='bbox 2696 1113 2752 1159; x_wconf 91' lang='lat' dir='ltr'><strong>et</strong></span> <span class='ocrx_word' id='word_1_150' title='bbox 2804 1104 2858 1158; x_wconf 90' lang='lat' dir='ltr'><strong>in</strong></span> <span class='ocrx_word' id='word_1_151' title='bbox 2901 1104 2978 1158; x_wconf 89' lang='lat' dir='ltr'><strong>tui</strong></span> <span class='ocrx_word' id='word_1_152' title='bbox 3012 1104 3361 1175; x_wconf 87' lang='lat' dir='ltr'><strong>potissimum</strong></span> 
     </span>
    </p>
   </div>
   <div class='ocr_carea' id='block_1_23' title="bbox 1777 1189 3359 1264">
    <p class='ocr_par' dir='ltr' id='par_1_23' title="bbox 1777 1189 3359 1264">
     <span class='ocr_line' id='line_1_23' title="bbox 1777 1189 3359 1264; baseline -0.004 -17"><span class='ocrx_word' id='word_1_153' title='bbox 1777 1193 2035 1264; x_wconf 75' lang='lat' dir='ltr'><strong>gratiam,</strong></span> <span class='ocrx_word' id='word_1_154' title='bbox 2074 1191 2272 1247; x_wconf 78' lang='lat' dir='ltr'><strong>Lector</strong></span> <span class='ocrx_word' id='word_1_155' title='bbox 2301 1193 2585 1259; x_wconf 83' lang='lat' dir='ltr'><strong>benevole,</strong></span> <span class='ocrx_word' id='word_1_156' title='bbox 2616 1192 3102 1247; x_wconf 85' lang='lat' dir='ltr'><strong>dissertationibus</strong></span> <span class='ocrx_word' id='word_1_157' title='bbox 3128 1189 3359 1251; x_wconf 84' lang='lat' dir='ltr'><strong>inserui,</strong></span> 
     </span>
    </p>
   </div>
   <div class='ocr_carea' id='block_1_24' title="bbox 1784 1278 3363 1356">
    <p class='ocr_par' dir='ltr' id='par_1_24' title="bbox 1784 1278 3363 1356">
     <span class='ocr_line' id='line_1_24' title="bbox 1784 1278 3363 1356; baseline -0.004 -17"><span class='ocrx_word' id='word_1_158' title='bbox 1784 1284 1993 1356; x_wconf 81' lang='lat' dir='ltr'><strong>(qualia</strong></span> <span class='ocrx_word' id='word_1_159' title='bbox 2042 1284 2186 1341; x_wconf 87' lang='lat' dir='ltr'><strong>haud</strong></span> <span class='ocrx_word' id='word_1_160' title='bbox 2222 1299 2400 1355; x_wconf 86' lang='lat' dir='ltr'><strong>pauca</strong></span> <span class='ocrx_word' id='word_1_161' title='bbox 2429 1282 2482 1337; x_wconf 88' lang='lat' dir='ltr'><strong>in</strong></span> <span class='ocrx_word' id='word_1_162' title='bbox 2523 1282 2729 1338; x_wconf 86' lang='lat' dir='ltr'><strong>nostris</strong></span> <span class='ocrx_word' id='word_1_163' title='bbox 2758 1278 3025 1350; x_wconf 79' lang='lat' dir='ltr'><strong>invenies)</strong></span> <span class='ocrx_word' id='word_1_164' title='bbox 3051 1288 3146 1334; x_wconf 92' lang='lat' dir='ltr'><strong>aut</strong></span> <span class='ocrx_word' id='word_1_165' title='bbox 3178 1278 3363 1333; x_wconf 91' lang='lat' dir='ltr'><strong>minus</strong></span> 
     </span>
    </p>
   </div>
   <div class='ocr_carea' id='block_1_25' title="bbox 1775 1368 3364 1440">
    <p class='ocr_par' dir='ltr' id='par_1_25' title="bbox 1775 1368 3364 1440">
     <span class='ocr_line' id='line_1_25' title="bbox 1775 1368 3364 1440; baseline -0.008 -9"><span class='ocrx_word' id='word_1_166' title='bbox 1775 1384 1925 1431; x_wconf 89' lang='lat' dir='ltr'><strong>recte</strong></span> <span class='ocrx_word' id='word_1_167' title='bbox 1969 1381 2066 1429; x_wconf 86' lang='lat' dir='ltr'><strong>aut</strong></span> <span class='ocrx_word' id='word_1_168' title='bbox 2119 1373 2301 1429; x_wconf 89' lang='lat' dir='ltr'><strong>minus</strong></span> <span class='ocrx_word' id='word_1_169' title='bbox 2352 1383 2609 1429; x_wconf 84' lang='lat' dir='ltr'><strong>accurate</strong></span> <span class='ocrx_word' id='word_1_170' title='bbox 2657 1372 2801 1427; x_wconf 89' lang='lat' dir='ltr'><strong>dicta</strong></span> <span class='ocrx_word' id='word_1_171' title='bbox 2852 1368 3218 1440; x_wconf 89' lang='lat' dir='ltr'><strong>judicaveris;</strong></span> <span class='ocrx_word' id='word_1_172' title='bbox 3262 1381 3364 1420; x_wconf 55' lang='lat' dir='ltr'><strong>no.</strong></span> 
     </span>
    </p>
   </div>
   <div class='ocr_carea' id='block_1_26' title="bbox 1776 1460 3358 1535">
    <p class='ocr_par' dir='ltr' id='par_1_26' title="bbox 1776 1460 3358 1535">
     <span class='ocr_line' id='line_1_26' title="bbox 1776 1460 3358 1535; baseline -0.007 -11"><span class='ocrx_word' id='word_1_173' title='bbox 1776 1468 1870 1525; x_wconf 87' lang='lat' dir='ltr'><strong>lim</strong></span> <span class='ocrx_word' id='word_1_174' title='bbox 1914 1482 1979 1523; x_wconf 88' lang='lat' dir='ltr'><strong>ea</strong></span> <span class='ocrx_word' id='word_1_175' title='bbox 2042 1481 2168 1522; x_wconf 89' lang='lat' dir='ltr'><strong>cum</strong></span> <span class='ocrx_word' id='word_1_176' title='bbox 2231 1481 2413 1522; x_wconf 72' lang='lat' dir='ltr'><strong>causa:</strong></span> <span class='ocrx_word' id='word_1_177' title='bbox 2460 1474 2730 1535; x_wconf 66' lang='lat' dir='ltr'><strong>susceptae</strong></span> <span class='ocrx_word' id='word_1_178' title='bbox 2776 1462 2978 1533; x_wconf 82' lang='lat' dir='ltr'><strong>injuria</strong></span> <span class='ocrx_word' id='word_1_179' title='bbox 3022 1460 3358 1530; x_wconf 79' lang='lat' dir='ltr'><strong>conjungas.</strong></span> 
     </span>
    </p>
   </div>
   <div class='ocr_carea' id='block_1_27' title="bbox 1777 1549 3359 1629">
    <p class='ocr_par' dir='ltr' id='par_1_27' title="bbox 1777 1549 3359 1629">
     <span class='ocr_line' id='line_1_27' title="bbox 1777 1549 3359 1629; baseline -0.01 -12"><span class='ocrx_word' id='word_1_180' title='bbox 1777 1559 1872 1617; x_wconf 87' lang='lat' dir='ltr'><strong>sed</strong></span> <span class='ocrx_word' id='word_1_181' title='bbox 1934 1557 2209 1614; x_wconf 82' lang='lat' dir='ltr'><strong>desiderio</strong></span> <span class='ocrx_word' id='word_1_182' title='bbox 2260 1557 2445 1629; x_wconf 86' lang='lat' dir='ltr'><strong>potius</strong></span> <span class='ocrx_word' id='word_1_183' title='bbox 2494 1556 2593 1613; x_wconf 88' lang='lat' dir='ltr'><strong>tibi</strong></span> <span class='ocrx_word' id='word_1_184' title='bbox 2628 1555 2875 1628; x_wconf 87' lang='lat' dir='ltr'><strong>placendi</strong></span> <span class='ocrx_word' id='word_1_185' title='bbox 2905 1553 3157 1624; x_wconf 79' lang='lat' dir='ltr'><strong>imputes.</strong></span> <span class='ocrx_word' id='word_1_186' title='bbox 3212 1549 3359 1604; x_wconf 26' lang='lat' dir='ltr'><strong>Vale.</strong></span> 
     </span>
    </p>
   </div>
   <div class='ocr_carea' id='block_1_28' title="bbox 143 1730 3330 1762">
    <p class='ocr_par' dir='ltr' id='par_1_28' title="bbox 143 1730 3330 1762">
     <span class='ocr_line' id='line_1_28' title="bbox 143 1730 3330 1762; baseline -0.004 -7"><span class='ocrx_word' id='word_1_187' title='bbox 143 1730 3330 1762; x_wconf 83' lang='lat'><strong>___________________________________._________—</strong></span> 
     </span>
    </p>
   </div>
   <div class='ocr_carea' id='block_1_29' title="bbox 902 1857 2563 1986">
    <p class='ocr_par' dir='ltr' id='par_1_29' title="bbox 902 1857 2563 1986">
     <span class='ocr_line' id='line_1_29' title="bbox 902 1857 2563 1986; baseline -0.01 -1"><span class='ocrx_word' id='word_1_188' title='bbox 902 1860 1624 1986; x_wconf 73' lang='lat' dir='ltr'><strong>VINDICUE</strong></span> <span class='ocrx_word' id='word_1_189' title='bbox 1704 1857 2563 1975; x_wconf 55' lang='lat' dir='ltr'><strong>IGNATIANXE</strong></span> 
     </span>
    </p>
   </div>
   <div class='ocr_carea' id='block_1_30' title="bbox 1394 2123 2079 2224">
    <p class='ocr_par' dir='ltr' id='par_1_30' title="bbox 1394 2123 2079 2224">
     <span class='ocr_line' id='line_1_30' title="bbox 1394 2123 2079 2224; baseline -0.012 -4"><span class='ocrx_word' id='word_1_190' title='bbox 1394 2123 2079 2224; x_wconf 70' lang='lat' dir='ltr'><strong>PROOEMIUM</strong></span> 
     </span>
    </p>
   </div>
   <div class='ocr_carea' id='block_1_31' title="bbox 801 2326 2694 2437">
    <p class='ocr_par' dir='ltr' id='par_1_31' title="bbox 801 2326 2694 2437">
     <span class='ocr_line' id='line_1_31' title="bbox 801 2326 2694 2437; baseline -0.008 -16"><span class='ocrx_word' id='word_1_191' title='bbox 801 2359 893 2421; x_wconf 90' lang='lat' dir='ltr'><strong>De</strong></span> <span class='ocrx_word' id='word_1_192' title='bbox 926 2364 1097 2433; x_wconf 88' lang='lat' dir='ltr'><strong>ortu,</strong></span> <span class='ocrx_word' id='word_1_193' title='bbox 1131 2326 1488 2437; x_wconf 78' lang='lat' dir='ltr'><strong>progressu</strong></span> <span class='ocrx_word' id='word_1_194' title='bbox 1517 2358 1581 2415; x_wconf 89' lang='lat' dir='ltr'><strong>et</strong></span> <span class='ocrx_word' id='word_1_195' title='bbox 1612 2352 1936 2415; x_wconf 87' lang='lat' dir='ltr'><strong>hodierno</strong></span> <span class='ocrx_word' id='word_1_196' title='bbox 1988 2356 2161 2412; x_wconf 70' lang='lat' dir='ltr'><strong>statu</strong></span> <span class='ocrx_word' id='word_1_197' title='bbox 2209 2354 2694 2410; x_wconf 73' lang='lat' dir='ltr'><strong>controversree.</strong></span> 
     </span>
    </p>
   </div>
   <div class='ocr_carea' id='block_1_32' title="bbox 596 2545 1160 2605">
    <p class='ocr_par' dir='ltr' id='par_1_32' title="bbox 596 2545 1160 2605">
     <span class='ocr_line' id='line_1_32' title="bbox 596 2545 1160 2605; baseline -0.004 0"><span class='ocrx_word' id='word_1_198' title='bbox 596 2546 828 2605; x_wconf 81' lang='lat' dir='ltr'><strong>CAPUT</strong></span> <span class='ocrx_word' id='word_1_199' title='bbox 866 2545 1160 2604; x_wconf 76' lang='lat' dir='ltr'><strong>PRIMUM.</strong></span> 
     </span>
    </p>
   </div>
   <div class='ocr_carea' id='block_1_33' title="bbox 267 2662 1496 2725">
    <p class='ocr_par' dir='ltr' id='par_1_33' title="bbox 267 2662 1496 2725">
     <span class='ocr_line' id='line_1_33' title="bbox 267 2662 1496 2725; baseline -0.006 0"><span class='ocrx_word' id='word_1_200' title='bbox 267 2665 478 2725; x_wconf 79' lang='lat' dir='ltr'><strong>Occasio</strong></span> <span class='ocrx_word' id='word_1_201' title='bbox 504 2666 776 2724; x_wconf 66' lang='lat' dir='ltr'><strong>scribendi</strong></span> <span class='ocrx_word' id='word_1_202' title='bbox 802 2676 853 2721; x_wconf 83' lang='lat' dir='ltr'><strong>et</strong></span> <span class='ocrx_word' id='word_1_203' title='bbox 882 2664 1137 2720; x_wconf 73' lang='lat' dir='ltr'><strong>Prouemii</strong></span> <span class='ocrx_word' id='word_1_204' title='bbox 1159 2662 1496 2721; x_wconf 76' lang='lat' dir='ltr'><strong>distributio.</strong></span> 
     </span>
    </p>
   </div>
   <div class='ocr_carea' id='block_1_34' title="bbox 183 2774 1670 2850">
    <p class='ocr_par' dir='ltr' id='par_1_34' title="bbox 183 2774 1670 2850">
     <span class='ocr_line' id='line_1_34' title="bbox 183 2774 1670 2850; baseline -0.004 -15"><span class='ocrx_word' id='word_1_205' title='bbox 183 2779 392 2837; x_wconf 72' lang='lat' dir='ltr'><strong>Celebris</strong></span> <span class='ocrx_word' id='word_1_206' title='bbox 433 2790 544 2847; x_wconf 88' lang='lat' dir='ltr'><strong>est,</strong></span> <span class='ocrx_word' id='word_1_207' title='bbox 580 2780 685 2836; x_wconf 85' lang='lat' dir='ltr'><strong>hoc</strong></span> <span class='ocrx_word' id='word_1_208' title='bbox 731 2778 1037 2850; x_wconf 67' lang='lat' dir='ltr'><strong>praesertim</strong></span> <span class='ocrx_word' id='word_1_209' title='bbox 1084 2776 1310 2844; x_wconf 80' lang='lat' dir='ltr'><strong>saeculo,</strong></span> <span class='ocrx_word' id='word_1_210' title='bbox 1356 2775 1425 2831; x_wconf 92' lang='lat' dir='ltr'><strong>de</strong></span> <span class='ocrx_word' id='word_1_211' title='bbox 1458 2774 1670 2830; x_wconf 83' lang='lat' dir='ltr'><strong>ordinis</strong></span> 
     </span>
    </p>
   </div>
   <div class='ocr_carea' id='block_1_35' title="bbox 128 2867 1667 2945">
    <p class='ocr_par' dir='ltr' id='par_1_35' title="bbox 128 2867 1667 2945">
     <span class='ocr_line' id='line_1_35' title="bbox 128 2867 1667 2945; baseline -0.001 -22"><span class='ocrx_word' id='word_1_212' title='bbox 128 2872 403 2943; x_wconf 76' lang='lat' dir='ltr'><strong>episcopalis</strong></span> <span class='ocrx_word' id='word_1_213' title='bbox 430 2890 460 2929; x_wconf 91' lang='lat' dir='ltr'><strong>a</strong></span> <span class='ocrx_word' id='word_1_214' title='bbox 494 2873 880 2945; x_wconf 88' lang='lat' dir='ltr'><strong>presbyteratu</strong></span> <span class='ocrx_word' id='word_1_215' title='bbox 916 2870 1297 2932; x_wconf 88' lang='lat' dir='ltr'><strong>distinctione,</strong></span> <span class='ocrx_word' id='word_1_216' title='bbox 1338 2868 1425 2923; x_wconf 89' lang='lat' dir='ltr'><strong>vel</strong></span> <span class='ocrx_word' id='word_1_217' title='bbox 1468 2867 1667 2923; x_wconf 86' lang='lat' dir='ltr'><strong>saltem</strong></span> 
     </span>
    </p>
   </div>
   <div class='ocr_carea' id='block_1_36' title="bbox 128 2962 1671 3036">
    <p class='ocr_par' dir='ltr' id='par_1_36' title="bbox 128 2962 1671 3036">
     <span class='ocr_line' id='line_1_36' title="bbox 128 2962 1671 3036; baseline -0.001 -21"><span class='ocrx_word' id='word_1_218' title='bbox 128 2964 438 3021; x_wconf 67' lang='lat' dir='ltr'><strong>distinctionis</strong></span> <span class='ocrx_word' id='word_1_219' title='bbox 468 2966 689 3036; x_wconf 75' lang='lat' dir='ltr'><strong>origine</strong></span> <span class='ocrx_word' id='word_1_220' title='bbox 714 2965 1115 3021; x_wconf 88' lang='lat' dir='ltr'><strong>controversia.</strong></span> <span class='ocrx_word' id='word_1_221' title='bbox 1144 2962 1205 3017; x_wconf 85' lang='lat' dir='ltr'><strong>In</strong></span> <span class='ocrx_word' id='word_1_222' title='bbox 1243 2976 1309 3017; x_wconf 91' lang='lat' dir='ltr'><strong>ea</strong></span> <span class='ocrx_word' id='word_1_223' title='bbox 1342 2969 1526 3016; x_wconf 90' lang='lat' dir='ltr'><strong>autem</strong></span> <span class='ocrx_word' id='word_1_224' title='bbox 1556 2972 1671 3015; x_wconf 83' lang='lat' dir='ltr'><strong>tra-</strong></span> 
     </span>
    </p>
   </div>
   <div class='ocr_carea' id='block_1_37' title="bbox 125 3050 1667 3127">
    <p class='ocr_par' dir='ltr' id='par_1_37' title="bbox 125 3050 1667 3127">
     <span class='ocr_line' id='line_1_37' title="bbox 125 3050 1667 3127; baseline -0.001 -21"><span class='ocrx_word' id='word_1_225' title='bbox 125 3056 283 3110; x_wconf 85' lang='lat' dir='ltr'><strong>ctanda</strong></span> <span class='ocrx_word' id='word_1_226' title='bbox 310 3057 482 3127; x_wconf 79' lang='lat' dir='ltr'><strong>magni</strong></span> <span class='ocrx_word' id='word_1_227' title='bbox 514 3056 781 3127; x_wconf 88' lang='lat' dir='ltr'><strong>ponderis</strong></span> <span class='ocrx_word' id='word_1_228' title='bbox 802 3057 1001 3112; x_wconf 88' lang='lat' dir='ltr'><strong>merito</strong></span> <span class='ocrx_word' id='word_1_229' title='bbox 1031 3054 1219 3111; x_wconf 89' lang='lat' dir='ltr'><strong>habita</strong></span> <span class='ocrx_word' id='word_1_230' title='bbox 1254 3062 1341 3110; x_wconf 85' lang='lat' dir='ltr'><strong>est</strong></span> <span class='ocrx_word' id='word_1_231' title='bbox 1375 3052 1435 3109; x_wconf 90' lang='lat' dir='ltr'><strong>S.</strong></span> <span class='ocrx_word' id='word_1_232' title='bbox 1468 3050 1667 3123; x_wconf 83' lang='lat' dir='ltr'><strong>lgnatii</strong></span> 
     </span>
    </p>
   </div>
   <div class='ocr_carea' id='block_1_38' title="bbox 126 3145 1665 3221">
    <p class='ocr_par' dir='ltr' id='par_1_38' title="bbox 126 3145 1665 3221">
     <span class='ocr_line' id='line_1_38' title="bbox 126 3145 1665 3221; baseline 0.002 -25"><span class='ocrx_word' id='word_1_233' title='bbox 126 3146 204 3199; x_wconf 74' lang='lat' dir='ltr'><strong>viri</strong></span> <span class='ocrx_word' id='word_1_234' title='bbox 230 3149 493 3217; x_wconf 87' lang='lat' dir='ltr'><strong>apostolici</strong></span> <span class='ocrx_word' id='word_1_235' title='bbox 534 3160 593 3205; x_wconf 78' lang='lat' dir='ltr'><strong>et</strong></span> <span class='ocrx_word' id='word_1_236' title='bbox 624 3148 885 3221; x_wconf 85' lang='lat' dir='ltr'><strong>martyris</strong></span> <span class='ocrx_word' id='word_1_237' title='bbox 916 3148 1221 3204; x_wconf 88' lang='lat' dir='ltr'><strong>auctoritas</strong></span> <span class='ocrx_word' id='word_1_238' title='bbox 1247 3166 1262 3216; x_wconf 92' lang='lat'><strong>;</strong></span> <span class='ocrx_word' id='word_1_239' title='bbox 1294 3146 1457 3218; x_wconf 89' lang='lat' dir='ltr'><strong>cujus</strong></span> <span class='ocrx_word' id='word_1_240' title='bbox 1483 3145 1665 3201; x_wconf 86' lang='lat' dir='ltr'><strong>diser-</strong></span> 
     </span>
    </p>
   </div>
   <div class='ocr_carea' id='block_1_39' title="bbox 128 3236 1667 3312">
    <p class='ocr_par' dir='ltr' id='par_1_39' title="bbox 128 3236 1667 3312">
     <span class='ocr_line' id='line_1_39' title="bbox 128 3236 1667 3312; baseline 0.003 -24"><span class='ocrx_word' id='word_1_241' title='bbox 128 3236 300 3294; x_wconf 86' lang='lat' dir='ltr'><strong>tissimo</strong></span> <span class='ocrx_word' id='word_1_242' title='bbox 329 3241 873 3312; x_wconf 88' lang='lat' dir='ltr'><strong>locupletissimoque</strong></span> <span class='ocrx_word' id='word_1_243' title='bbox 915 3241 1239 3297; x_wconf 89' lang='lat' dir='ltr'><strong>testimonio</strong></span> <span class='ocrx_word' id='word_1_244' title='bbox 1280 3254 1408 3296; x_wconf 86' lang='lat' dir='ltr'><strong>cum</strong></span> <span class='ocrx_word' id='word_1_245' title='bbox 1451 3237 1667 3307; x_wconf 83' lang='lat' dir='ltr'><strong>episco-</strong></span> 
     </span>
    </p>
   </div>
   <div class='ocr_carea' id='block_1_40' title="bbox 128 3328 1664 3404">
    <p class='ocr_par' dir='ltr' id='par_1_40' title="bbox 128 3328 1664 3404">
     <span class='ocr_line' id='line_1_40' title="bbox 128 3328 1664 3404; baseline -0.001 -21"><span class='ocrx_word' id='word_1_246' title='bbox 128 3330 231 3395; x_wconf 77' lang='lat' dir='ltr'><strong>palis</strong></span> <span class='ocrx_word' id='word_1_247' title='bbox 248 3346 395 3387; x_wconf 88' lang='lat' dir='ltr'><strong>causa</strong></span> <span class='ocrx_word' id='word_1_248' title='bbox 415 3333 702 3402; x_wconf 80' lang='lat' dir='ltr'><strong>fulciatur,</strong></span> <span class='ocrx_word' id='word_1_249' title='bbox 718 3340 773 3389; x_wconf 93' lang='lat' dir='ltr'><strong>et</strong></span> <span class='ocrx_word' id='word_1_250' title='bbox 794 3333 1057 3404; x_wconf 84' lang='lat' dir='ltr'><strong>paritatis.</strong></span> <span class='ocrx_word' id='word_1_251' title='bbox 1077 3332 1489 3404; x_wconf 77' lang='lat' dir='ltr'><strong>presbyteranze</strong></span> <span class='ocrx_word' id='word_1_252' title='bbox 1516 3328 1664 3383; x_wconf 85' lang='lat' dir='ltr'><strong>anti-</strong></span> 
     </span>
    </p>
   </div>
   <div class='ocr_carea' id='block_1_41' title="bbox 129 3420 1664 3499">
    <p class='ocr_par' dir='ltr' id='par_1_41' title="bbox 129 3420 1664 3499">
     <span class='ocr_line' id='line_1_41' title="bbox 129 3420 1664 3499; baseline 0.002 -25"><span class='ocrx_word' id='word_1_253' title='bbox 129 3420 268 3488; x_wconf 88' lang='lat' dir='ltr'><strong>quitas</strong></span> <span class='ocrx_word' id='word_1_254' title='bbox 306 3442 472 3498; x_wconf 91' lang='lat' dir='ltr'><strong>nuper</strong></span> <span class='ocrx_word' id='word_1_255' title='bbox 506 3427 827 3499; x_wconf 79' lang='lat' dir='ltr'><strong>excogitata</strong></span> <span class='ocrx_word' id='word_1_256' title='bbox 862 3427 1158 3492; x_wconf 82' lang='lat' dir='ltr'><strong>concidat;</strong></span> <span class='ocrx_word' id='word_1_257' title='bbox 1202 3441 1268 3481; x_wconf 91' lang='lat' dir='ltr'><strong>eo</strong></span> <span class='ocrx_word' id='word_1_258' title='bbox 1306 3425 1527 3480; x_wconf 86' lang='lat' dir='ltr'><strong>tandem</strong></span> <span class='ocrx_word' id='word_1_259' title='bbox 1562 3422 1664 3477; x_wconf 85' lang='lat' dir='ltr'><strong>de-</strong></span> 
     </span>
    </p>
   </div>
   <div class='ocr_carea' id='block_1_42' title="bbox 128 3514 1663 3590">
    <p class='ocr_par' dir='ltr' id='par_1_42' title="bbox 128 3514 1663 3590">
     <span class='ocr_line' id='line_1_42' title="bbox 128 3514 1663 3590; baseline 0.005 -27"><span class='ocrx_word' id='word_1_260' title='bbox 128 3524 302 3570; x_wconf 78' lang='lat' dir='ltr'><strong>ventum</strong></span> <span class='ocrx_word' id='word_1_261' title='bbox 343 3528 443 3583; x_wconf 89' lang='lat' dir='ltr'><strong>est,</strong></span> <span class='ocrx_word' id='word_1_262' title='bbox 489 3528 553 3574; x_wconf 89' lang='lat' dir='ltr'><strong>ut</strong></span> <span class='ocrx_word' id='word_1_263' title='bbox 599 3519 695 3590; x_wconf 88' lang='lat' dir='ltr'><strong>qui</strong></span> <span class='ocrx_word' id='word_1_264' title='bbox 738 3519 898 3575; x_wconf 86' lang='lat' dir='ltr'><strong>aliter</strong></span> <span class='ocrx_word' id='word_1_265' title='bbox 936 3519 1270 3574; x_wconf 88' lang='lat' dir='ltr'><strong>sententiam</strong></span> <span class='ocrx_word' id='word_1_266' title='bbox 1319 3514 1663 3587; x_wconf 78' lang='lat' dir='ltr'><strong>episcopatui</strong></span> 
     </span>
    </p>
   </div>
   <div class='ocr_carea' id='block_1_43' title="bbox 129 3604 1662 3680">
    <p class='ocr_par' dir='ltr' id='par_1_43' title="bbox 129 3604 1662 3680">
     <span class='ocr_line' id='line_1_43' title="bbox 129 3604 1662 3680; baseline 0.004 -21"><span class='ocrx_word' id='word_1_267' title='bbox 129 3604 403 3676; x_wconf 77' lang='lat' dir='ltr'><strong>iniquiorem</strong></span> <span class='ocrx_word' id='word_1_268' title='bbox 432 3612 574 3666; x_wconf 88' lang='lat' dir='ltr'><strong>tueri</strong></span> <span class='ocrx_word' id='word_1_269' title='bbox 600 3611 951 3666; x_wconf 26' lang='lat' dir='ltr'><strong>nullovmodo</strong></span> <span class='ocrx_word' id='word_1_270' title='bbox 976 3618 1228 3680; x_wconf 87' lang='lat' dir='ltr'><strong>possent,</strong></span> <span class='ocrx_word' id='word_1_271' title='bbox 1253 3624 1445 3665; x_wconf 87' lang='lat' dir='ltr'><strong>omnes</strong></span> <span class='ocrx_word' id='word_1_272' title='bbox 1468 3608 1662 3679; x_wconf 74' lang='lat' dir='ltr'><strong>lgnatii</strong></span> 
     </span>
    </p>
   </div>
   <div class='ocr_carea' id='block_1_44' title="bbox 127 3698 1663 3774">
    <p class='ocr_par' dir='ltr' id='par_1_44' title="bbox 127 3698 1663 3774">
     <span class='ocr_line' id='line_1_44' title="bbox 127 3698 1663 3774; baseline 0 -20"><span class='ocrx_word' id='word_1_273' title='bbox 127 3698 337 3765; x_wconf 74' lang='lat' dir='ltr'><strong>epistolas</strong></span> <span class='ocrx_word' id='word_1_274' title='bbox 361 3705 755 3770; x_wconf 72' lang='lat' dir='ltr'><strong>convellerent,</strong></span> <span class='ocrx_word' id='word_1_275' title='bbox 796 3718 827 3758; x_wconf 89' lang='lat' dir='ltr'><strong>a</strong></span> <span class='ocrx_word' id='word_1_276' title='bbox 865 3702 925 3758; x_wconf 90' lang='lat' dir='ltr'><strong>S.</strong></span> <span class='ocrx_word' id='word_1_277' title='bbox 954 3711 1199 3774; x_wconf 87' lang='lat' dir='ltr'><strong>martyre</strong></span> <span class='ocrx_word' id='word_1_278' title='bbox 1232 3701 1467 3771; x_wconf 86' lang='lat' dir='ltr'><strong>scriptas</strong></span> <span class='ocrx_word' id='word_1_279' title='bbox 1496 3714 1663 3772; x_wconf 74' lang='lat' dir='ltr'><strong>nega-</strong></span> 
     </span>
    </p>
   </div>
   <div class='ocr_carea' id='block_1_45' title="bbox 128 3792 1376 3866">
    <p class='ocr_par' dir='ltr' id='par_1_45' title="bbox 128 3792 1376 3866">
     <span class='ocr_line' id='line_1_45' title="bbox 128 3792 1376 3866; baseline 0.002 -20"><span class='ocrx_word' id='word_1_280' title='bbox 128 3798 231 3855; x_wconf 82' lang='lat' dir='ltr'><strong>rent,</strong></span> <span class='ocrx_word' id='word_1_281' title='bbox 264 3792 404 3851; x_wconf 73' lang='lat' dir='ltr'><strong>fictas</strong></span> <span class='ocrx_word' id='word_1_282' title='bbox 432 3809 486 3850; x_wconf 90' lang='lat' dir='ltr'><strong>et</strong></span> <span class='ocrx_word' id='word_1_283' title='bbox 516 3796 901 3866; x_wconf 81' lang='lat' dir='ltr'><strong>supposititias</strong></span> <span class='ocrx_word' id='word_1_284' title='bbox 933 3796 1376 3866; x_wconf 84' lang='lat' dir='ltr'><strong>pronuntiarent.</strong></span> 
     </span>
    </p>
   </div>
   <div class='ocr_carea' id='block_1_46' title="bbox 1708 2529 3361 2613">
    <p class='ocr_par' dir='ltr' id='par_1_46' title="bbox 1708 2529 3361 2613">
     <span class='ocr_line' id='line_1_46' title="bbox 1708 2529 3361 2613; baseline -0.007 -15"><span class='ocrx_word' id='word_1_285' title='bbox 1708 2549 1752 2604; x_wconf 78' lang='grc' dir='ltr'><strong>Β</strong></span> <span class='ocrx_word' id='word_1_286' title='bbox 1780 2557 1930 2609; x_wconf 91' lang='lat' dir='ltr'><strong>nere,</strong></span> <span class='ocrx_word' id='word_1_287' title='bbox 1967 2555 2091 2613; x_wconf 71' lang='lat' dir='ltr'><strong>qua:</strong></span> <span class='ocrx_word' id='word_1_288' title='bbox 2120 2536 2454 2594; x_wconf 80' lang='lat' dir='ltr'><strong>labefactare</strong></span> <span class='ocrx_word' id='word_1_289' title='bbox 2487 2536 2797 2600; x_wconf 88' lang='lat' dir='ltr'><strong>videantur,</strong></span> <span class='ocrx_word' id='word_1_290' title='bbox 2834 2532 3080 2587; x_wconf 78' lang='lat' dir='ltr'><strong>refellere</strong></span> <span class='ocrx_word' id='word_1_291' title='bbox 3113 2541 3169 2587; x_wconf 86' lang='lat' dir='ltr'><strong>et</strong></span> <span class='ocrx_word' id='word_1_292' title='bbox 3214 2529 3361 2587; x_wconf 77' lang='lat' dir='ltr'><strong>refu-</strong></span> 
     </span>
    </p>
   </div>
   <div class='ocr_carea' id='block_1_47' title="bbox 1774 2644 1911 2687">
    <p class='ocr_par' dir='ltr' id='par_1_47' title="bbox 1774 2644 1911 2687">
     <span class='ocr_line' id='line_1_47' title="bbox 1774 2644 1911 2687; baseline 0 0"><span class='ocrx_word' id='word_1_293' title='bbox 1774 2644 1911 2687; x_wconf 88' lang='lat' dir='ltr'><strong>tare.</strong></span> 
     </span>
    </p>
   </div>
   <div class='ocr_carea' id='block_1_48' title="bbox 1842 2702 3363 2799">
    <p class='ocr_par' dir='ltr' id='par_1_48' title="bbox 1842 2702 3363 2799">
     <span class='ocr_line' id='line_1_48' title="bbox 1842 2702 3363 2799; baseline -0.005 -23"><span class='ocrx_word' id='word_1_294' title='bbox 1842 2720 1982 2799; x_wconf 85' lang='lat' dir='ltr'><strong>Cum</strong></span> <span class='ocrx_word' id='word_1_295' title='bbox 2015 2728 2200 2775; x_wconf 88' lang='lat' dir='ltr'><strong>autem</strong></span> <span class='ocrx_word' id='word_1_296' title='bbox 2233 2720 2348 2773; x_wconf 58' lang='lat' dir='ltr'><strong>haec</strong></span> <span class='ocrx_word' id='word_1_297' title='bbox 2388 2717 2624 2787; x_wconf 59' lang='lat' dir='ltr'><strong>quaestio</strong></span> <span class='ocrx_word' id='word_1_298' title='bbox 2661 2715 2850 2772; x_wconf 89' lang='lat' dir='ltr'><strong>multis</strong></span> <span class='ocrx_word' id='word_1_299' title='bbox 2877 2730 2992 2786; x_wconf 79' lang='lat' dir='ltr'><strong>jam</strong></span> <span class='ocrx_word' id='word_1_300' title='bbox 3038 2712 3219 2770; x_wconf 91' lang='lat' dir='ltr'><strong>modis</strong></span> <span class='ocrx_word' id='word_1_301' title='bbox 3258 2702 3363 2769; x_wconf 58' lang='lat' dir='ltr'><strong>i13-</strong></span> 
     </span>
    </p>
   </div>
   <div class='ocr_carea' id='block_1_49' title="bbox 1770 2804 3364 2886">
    <p class='ocr_par' dir='ltr' id='par_1_49' title="bbox 1770 2804 3364 2886">
     <span class='ocr_line' id='line_1_49' title="bbox 1770 2804 3364 2886; baseline -0.007 -17"><span class='ocrx_word' id='word_1_302' title='bbox 1770 2815 1969 2886; x_wconf 88' lang='lat' dir='ltr'><strong>plicata</strong></span> <span class='ocrx_word' id='word_1_303' title='bbox 2001 2822 2057 2868; x_wconf 91' lang='lat' dir='ltr'><strong>et</strong></span> <span class='ocrx_word' id='word_1_304' title='bbox 2091 2812 2361 2876; x_wconf 89' lang='lat' dir='ltr'><strong>involuta,</strong></span> <span class='ocrx_word' id='word_1_305' title='bbox 2395 2809 2682 2880; x_wconf 87' lang='lat' dir='ltr'><strong>doctisque</strong></span> <span class='ocrx_word' id='word_1_306' title='bbox 2706 2808 3071 2878; x_wconf 90' lang='lat' dir='ltr'><strong>plurimorum</strong></span> <span class='ocrx_word' id='word_1_307' title='bbox 3100 2804 3364 2860; x_wconf 87' lang='lat' dir='ltr'><strong>lucubra-</strong></span> 
     </span>
    </p>
   </div>
   <div class='ocr_carea' id='block_1_50' title="bbox 1770 2901 3363 2971">
    <p class='ocr_par' dir='ltr' id='par_1_50' title="bbox 1770 2901 3363 2971">
     <span class='ocr_line' id='line_1_50' title="bbox 1770 2901 3363 2971; baseline -0.007 -6"><span class='ocrx_word' id='word_1_308' title='bbox 1770 2909 2015 2965; x_wconf 88' lang='lat' dir='ltr'><strong>tionibus</strong></span> <span class='ocrx_word' id='word_1_309' title='bbox 2047 2906 2191 2961; x_wconf 82' lang='lat' dir='ltr'><strong>facta</strong></span> <span class='ocrx_word' id='word_1_310' title='bbox 2219 2906 2291 2960; x_wconf 88' lang='lat' dir='ltr'><strong>sit</strong></span> <span class='ocrx_word' id='word_1_311' title='bbox 2322 2904 2652 2971; x_wconf 87' lang='lat' dir='ltr'><strong>obscurior;</strong></span> <span class='ocrx_word' id='word_1_312' title='bbox 2685 2912 2747 2957; x_wconf 89' lang='lat' dir='ltr'><strong>ut</strong></span> <span class='ocrx_word' id='word_1_313' title='bbox 2771 2917 2834 2957; x_wconf 88' lang='lat' dir='ltr'><strong>ea</strong></span> <span class='ocrx_word' id='word_1_314' title='bbox 2864 2916 2988 2971; x_wconf 70' lang='lat' dir='ltr'><strong>qua:</strong></span> <span class='ocrx_word' id='word_1_315' title='bbox 3021 2901 3231 2957; x_wconf 31' lang='lat' dir='ltr'><strong>dicturi.</strong></span> <span class='ocrx_word' id='word_1_316' title='bbox 3268 2916 3363 2955; x_wconf 87' lang='lat' dir='ltr'><strong>su-</strong></span> 
     </span>
    </p>
   </div>
   <div class='ocr_carea' id='block_1_51' title="bbox 1772 2990 3362 3064">
    <p class='ocr_par' dir='ltr' id='par_1_51' title="bbox 1772 2990 3362 3064">
     <span class='ocr_line' id='line_1_51' title="bbox 1772 2990 3362 3064; baseline -0.009 -7"><span class='ocrx_word' id='word_1_317' title='bbox 1772 3014 1898 3057; x_wconf 80' lang='lat' dir='ltr'><strong>mus</strong></span> <span class='ocrx_word' id='word_1_318' title='bbox 1946 2995 2188 3053; x_wconf 83' lang='lat' dir='ltr'><strong>dilucide</strong></span> <span class='ocrx_word' id='word_1_319' title='bbox 2234 2993 2638 3064; x_wconf 85' lang='lat' dir='ltr'><strong>perspicueque</strong></span> <span class='ocrx_word' id='word_1_320' title='bbox 2690 2992 3010 3058; x_wconf 84' lang='lat' dir='ltr'><strong>tradantur,</strong></span> <span class='ocrx_word' id='word_1_321' title='bbox 3055 2990 3233 3044; x_wconf 90' lang='lat' dir='ltr'><strong>visum</strong></span> <span class='ocrx_word' id='word_1_322' title='bbox 3276 2999 3362 3044; x_wconf 89' lang='lat' dir='ltr'><strong>est</strong></span> 
     </span>
    </p>
   </div>
   <div class='ocr_carea' id='block_1_52' title="bbox 1776 3080 3362 3159">
    <p class='ocr_par' dir='ltr' id='par_1_52' title="bbox 1776 3080 3362 3159">
     <span class='ocr_line' id='line_1_52' title="bbox 1776 3080 3362 3159; baseline -0.008 -15"><span class='ocrx_word' id='word_1_323' title='bbox 1776 3088 2049 3159; x_wconf 89' lang='lat' dir='ltr'><strong>imprimis</strong></span> <span class='ocrx_word' id='word_1_324' title='bbox 2079 3086 2480 3148; x_wconf 90' lang='lat' dir='ltr'><strong>necessarium,</strong></span> <span class='ocrx_word' id='word_1_325' title='bbox 2534 3085 2627 3140; x_wconf 88' lang='lat' dir='ltr'><strong>illa</strong></span> <span class='ocrx_word' id='word_1_326' title='bbox 2671 3083 3026 3153; x_wconf 63' lang='lat' dir='ltr'><strong>praemittere,</strong></span> <span class='ocrx_word' id='word_1_327' title='bbox 3065 3095 3192 3151; x_wconf 68' lang='lat' dir='ltr'><strong>quae</strong></span> <span class='ocrx_word' id='word_1_328' title='bbox 3220 3080 3362 3134; x_wconf 79' lang='lat' dir='ltr'><strong>ditii-</strong></span> 
     </span>
    </p>
   </div>
   <div class='ocr_carea' id='block_1_53' title="bbox 1766 3174 3361 3249">
    <p class='ocr_par' dir='ltr' id='par_1_53' title="bbox 1766 3174 3361 3249">
     <span class='ocr_line' id='line_1_53' title="bbox 1766 3174 3361 3249; baseline -0.008 -10"><span class='ocrx_word' id='word_1_329' title='bbox 1766 3181 1991 3239; x_wconf 85' lang='lat' dir='ltr'><strong>cultatis</strong></span> <span class='ocrx_word' id='word_1_330' title='bbox 2023 3181 2267 3236; x_wconf 88' lang='lat' dir='ltr'><strong>rationes</strong></span> <span class='ocrx_word' id='word_1_331' title='bbox 2296 3177 2612 3249; x_wconf 81' lang='lat' dir='ltr'><strong>expediant,</strong></span> <span class='ocrx_word' id='word_1_332' title='bbox 2636 3192 2758 3247; x_wconf 65' lang='lat' dir='ltr'><strong>quae</strong></span> <span class='ocrx_word' id='word_1_333' title='bbox 2782 3174 3082 3231; x_wconf 89' lang='lat' dir='ltr'><strong>sententias</strong></span> <span class='ocrx_word' id='word_1_334' title='bbox 3110 3174 3361 3227; x_wconf 88' lang='lat' dir='ltr'><strong>virorum</strong></span> 
     </span>
    </p>
   </div>
   <div class='ocr_carea' id='block_1_54' title="bbox 1765 3271 3362 3341">
    <p class='ocr_par' dir='ltr' id='par_1_54' title="bbox 1765 3271 3362 3341">
     <span class='ocr_line' id='line_1_54' title="bbox 1765 3271 3362 3341; baseline -0.006 -12"><span class='ocrx_word' id='word_1_335' title='bbox 1765 3274 2055 3329; x_wconf 90' lang='lat' dir='ltr'><strong>doctorum</strong></span> <span class='ocrx_word' id='word_1_336' title='bbox 2100 3271 2398 3341; x_wconf 81' lang='lat' dir='ltr'><strong>explicent,</strong></span> <span class='ocrx_word' id='word_1_337' title='bbox 2452 3284 2576 3339; x_wconf 59' lang='lat' dir='ltr'><strong>qua:</strong></span> <span class='ocrx_word' id='word_1_338' title='bbox 2626 3276 2833 3333; x_wconf 90' lang='lat' dir='ltr'><strong>ortum,</strong></span> <span class='ocrx_word' id='word_1_339' title='bbox 2875 3281 3254 3337; x_wconf 82' lang='lat' dir='ltr'><strong>progressum,</strong></span> <span class='ocrx_word' id='word_1_340' title='bbox 3304 3275 3362 3319; x_wconf 82' lang='lat' dir='ltr'><strong>c:</strong></span> 
     </span>
    </p>
   </div>
   <div class='ocr_carea' id='block_1_55' title="bbox 1766 3354 3361 3435">
    <p class='ocr_par' dir='ltr' id='par_1_55' title="bbox 1766 3354 3361 3435">
     <span class='ocr_line' id='line_1_55' title="bbox 1766 3354 3361 3435; baseline -0.007 -17"><span class='ocrx_word' id='word_1_341' title='bbox 1766 3372 2091 3435; x_wconf 67' lang='lat' dir='ltr'><strong>praesentem</strong></span> <span class='ocrx_word' id='word_1_342' title='bbox 2112 3361 2508 3417; x_wconf 69' lang='lat' dir='ltr'><strong>controversiae</strong></span> <span class='ocrx_word' id='word_1_343' title='bbox 2532 3368 2737 3413; x_wconf 86' lang='lat' dir='ltr'><strong>statum</strong></span> <span class='ocrx_word' id='word_1_344' title='bbox 2766 3367 3067 3421; x_wconf 83' lang='lat' dir='ltr'><strong>enarrent,.</strong></span> <span class='ocrx_word' id='word_1_345' title='bbox 3090 3366 3146 3412; x_wconf 91' lang='lat' dir='ltr'><strong>et</strong></span> <span class='ocrx_word' id='word_1_346' title='bbox 3178 3354 3361 3410; x_wconf 89' lang='lat' dir='ltr'><strong>inutili</strong></span> 
     </span>
    </p>
   </div>
   <div class='ocr_carea' id='block_1_56' title="bbox 1767 3446 3361 3522">
    <p class='ocr_par' dir='ltr' id='par_1_56' title="bbox 1767 3446 3361 3522">
     <span class='ocr_line' id='line_1_56' title="bbox 1767 3446 3361 3522; baseline -0.006 -13"><span class='ocrx_word' id='word_1_347' title='bbox 1767 3454 2123 3509; x_wconf 87' lang='lat' dir='ltr'><strong>altercatione</strong></span> <span class='ocrx_word' id='word_1_348' title='bbox 2155 3453 2405 3522; x_wconf 62' lang='lat' dir='ltr'><strong>praecisa,</strong></span> <span class='ocrx_word' id='word_1_349' title='bbox 2439 3452 2507 3506; x_wconf 90' lang='lat' dir='ltr'><strong>ad</strong></span> <span class='ocrx_word' id='word_1_350' title='bbox 2539 3450 2783 3505; x_wconf 80' lang='lat' dir='ltr'><strong>futuram</strong></span> <span class='ocrx_word' id='word_1_351' title='bbox 2815 3449 3244 3519; x_wconf 86' lang='lat' dir='ltr'><strong>disputationem</strong></span> <span class='ocrx_word' id='word_1_352' title='bbox 3278 3446 3361 3500; x_wconf 82' lang='lat' dir='ltr'><strong>fa-</strong></span> 
     </span>
    </p>
   </div>
   <div class='ocr_carea' id='block_1_57' title="bbox 1766 3541 2637 3610">
    <p class='ocr_par' dir='ltr' id='par_1_57' title="bbox 1766 3541 2637 3610">
     <span class='ocr_line' id='line_1_57' title="bbox 1766 3541 2637 3610; baseline -0.002 -10"><span class='ocrx_word' id='word_1_353' title='bbox 1766 3544 2011 3600; x_wconf 87' lang='lat' dir='ltr'><strong>ciliorem</strong></span> <span class='ocrx_word' id='word_1_354' title='bbox 2044 3542 2252 3597; x_wconf 88' lang='lat' dir='ltr'><strong>aditum</strong></span> <span class='ocrx_word' id='word_1_355' title='bbox 2282 3541 2637 3610; x_wconf 82' lang='lat' dir='ltr'><strong>patefaciant.</strong></span> 
     </span>
    </p>
   </div>
   <div class='ocr_carea' id='block_1_58' title="bbox 1770 3652 3356 3727">
    <p class='ocr_par' dir='ltr' id='par_1_58' title="bbox 1770 3652 3356 3727">
     <span class='ocr_line' id='line_1_58' title="bbox 1770 3652 3356 3727; baseline -0.004 -16"><span class='ocrx_word' id='word_1_356' title='bbox 1770 3690 1773 3693; x_wconf 56' lang='grc' dir='ltr'><strong><em>ν</em></strong></span> <span class='ocrx_word' id='word_1_357' title='bbox 1839 3656 2108 3727; x_wconf 81' lang='lat' dir='ltr'><strong>lgnatium</strong></span> <span class='ocrx_word' id='word_1_358' title='bbox 2140 3654 2311 3709; x_wconf 80' lang='lat' dir='ltr'><strong>luisse</strong></span> <span class='ocrx_word' id='word_1_359' title='bbox 2340 3654 2701 3709; x_wconf 68' lang='lat' dir='ltr'><strong>Antiochenm</strong></span> <span class='ocrx_word' id='word_1_360' title='bbox 2726 3652 2988 3708; x_wconf 67' lang='lat' dir='ltr'><strong>Ecclesiae</strong></span> <span class='ocrx_word' id='word_1_361' title='bbox 3008 3652 3356 3721; x_wconf 81' lang='lat' dir='ltr'><strong>episcopum,</strong></span> 
     </span>
    </p>
   </div>
   <div class='ocr_carea' id='block_1_59' title="bbox 1766 3743 3356 3820">
    <p class='ocr_par' dir='ltr' id='par_1_59' title="bbox 1766 3743 3356 3820">
     <span class='ocr_line' id='line_1_59' title="bbox 1766 3743 3356 3820; baseline -0.005 -17"><span class='ocrx_word' id='word_1_362' title='bbox 1766 3757 2109 3820; x_wconf 69' lang='lat' dir='ltr'><strong>agnoverunt</strong></span> <span class='ocrx_word' id='word_1_363' title='bbox 2138 3754 2411 3817; x_wconf 85' lang='lat' dir='ltr'><strong>quotquot</strong></span> <span class='ocrx_word' id='word_1_364' title='bbox 2451 3747 2600 3803; x_wconf 85' lang='lat' dir='ltr'><strong>illius</strong></span> <span class='ocrx_word' id='word_1_365' title='bbox 2646 3746 2982 3801; x_wconf 87' lang='lat' dir='ltr'><strong>mentionem</strong></span> <span class='ocrx_word' id='word_1_366' title='bbox 3015 3743 3193 3798; x_wconf 75' lang='lat' dir='ltr'><strong>iecere</strong></span> <span class='ocrx_word' id='word_1_367' title='bbox 3231 3761 3243 3795; x_wconf 94' lang='lat'>:</span> <span class='ocrx_word' id='word_1_368' title='bbox 3286 3744 3356 3796; x_wconf 86' lang='lat' dir='ltr'><strong>ab</strong></span> 
     </span>
    </p>
   </div>
   <div class='ocr_carea' id='block_1_60' title="bbox 1767 3836 3359 3913">
    <p class='ocr_par' dir='ltr' id='par_1_60' title="bbox 1767 3836 3359 3913">
     <span class='ocr_line' id='line_1_60' title="bbox 1767 3836 3359 3913; baseline -0.008 -15"><span class='ocrx_word' id='word_1_369' title='bbox 1767 3842 2034 3913; x_wconf 79' lang='lat' dir='ltr'><strong>apostolis</strong></span> <span class='ocrx_word' id='word_1_370' title='bbox 2066 3841 2382 3896; x_wconf 79' lang='lat' dir='ltr'><strong>ordinatum</strong></span> <span class='ocrx_word' id='word_1_371' title='bbox 2425 3841 2631 3897; x_wconf 87' lang='lat' dir='ltr'><strong>diserte</strong></span> <span class='ocrx_word' id='word_1_372' title='bbox 2675 3839 3020 3894; x_wconf 90' lang='lat' dir='ltr'><strong>tradiderunt</strong></span> <span class='ocrx_word' id='word_1_373' title='bbox 3070 3836 3129 3891; x_wconf 90' lang='lat' dir='ltr'><strong>S.</strong></span> <span class='ocrx_word' id='word_1_374' title='bbox 3178 3836 3359 3905; x_wconf 83' lang='lat' dir='ltr'><strong>Chry-</strong></span> 
     </span>
    </p>
   </div>
   <div class='ocr_carea' id='block_1_61' title="bbox 176 3895 1664 4002">
    <p class='ocr_par' dir='ltr' id='par_1_61' title="bbox 176 3900 1662 3974">
     <span class='ocr_line' id='line_1_61' title="bbox 176 3900 1662 3974; baseline 0.005 -19"><span class='ocrx_word' id='word_1_375' title='bbox 176 3900 293 3958; x_wconf 85' lang='lat' dir='ltr'><strong>lnter</strong></span> <span class='ocrx_word' id='word_1_376' title='bbox 326 3907 419 3962; x_wconf 91' lang='lat' dir='ltr'><strong>hos</strong></span> <span class='ocrx_word' id='word_1_377' title='bbox 462 3908 550 3962; x_wconf 90' lang='lat' dir='ltr'><strong>vir</strong></span> <span class='ocrx_word' id='word_1_378' title='bbox 594 3908 977 3973; x_wconf 87' lang='lat' dir='ltr'><strong>doctissimus,</strong></span> <span class='ocrx_word' id='word_1_379' title='bbox 1007 3907 1253 3965; x_wconf 81' lang='lat' dir='ltr'><strong>Joannes</strong></span> <span class='ocrx_word' id='word_1_380' title='bbox 1295 3908 1552 3974; x_wconf 67' lang='lat' dir='ltr'><strong>Dallazus,</strong></span> <span class='ocrx_word' id='word_1_381' title='bbox 1603 3908 1662 3962; x_wconf 91' lang='lat' dir='ltr'><strong>in</strong></span> 
     </span>
    </p>
   </div>
   <div class='ocr_carea' id='block_1_62' title="bbox 1836 3895 3356 4002">
    <p class='ocr_par' dir='ltr' id='par_1_62' title="bbox 1836 3929 3356 4002">
     <span class='ocr_line' id='line_1_62' title="bbox 1836 3929 3356 4002; baseline -0.006 -11"><span class='ocrx_word' id='word_1_382' title='bbox 1836 3945 2048 3993; x_wconf 90' lang='lat' dir='ltr'><strong>stomus</strong></span> <span class='ocrx_word' id='word_1_383' title='bbox 2070 3946 2125 3991; x_wconf 89' lang='lat' dir='ltr'><strong>et</strong></span> <span class='ocrx_word' id='word_1_384' title='bbox 2143 3936 2547 3990; x_wconf 82' lang='lat' dir='ltr'><strong>Theodorctus.</strong></span> <span class='ocrx_word' id='word_1_385' title='bbox 2576 3932 2734 3988; x_wconf 83' lang='lat' dir='ltr'><strong>Hunc</strong></span> <span class='ocrx_word' id='word_1_386' title='bbox 2763 3932 3126 4002; x_wconf 88' lang='lat' dir='ltr'><strong>apostolicum</strong></span> <span class='ocrx_word' id='word_1_387' title='bbox 3153 3929 3356 3993; x_wconf 82' lang='lat' dir='ltr'><strong>virum,</strong></span> 
     </span>
    </p>
   </div>
   <div class='ocr_carea' id='block_1_63' title="bbox 126 3987 1658 4070">
    <p class='ocr_par' dir='ltr' id='par_1_63' title="bbox 126 3987 1658 4070">
     <span class='ocr_line' id='line_1_63' title="bbox 126 3987 1658 4070; baseline 0.004 -24"><span class='ocrx_word' id='word_1_388' title='bbox 126 3987 203 4046; x_wconf 84' lang='lat' dir='ltr'><strong>SS.</strong></span> <span class='ocrx_word' id='word_1_389' title='bbox 243 3994 445 4053; x_wconf 86' lang='lat' dir='ltr'><strong>Patrum</strong></span> <span class='ocrx_word' id='word_1_390' title='bbox 494 4001 876 4056; x_wconf 88' lang='lat' dir='ltr'><strong>monumentis</strong></span> <span class='ocrx_word' id='word_1_391' title='bbox 932 4000 1228 4070; x_wconf 82' lang='lat' dir='ltr'><strong>diligenter</strong></span> <span class='ocrx_word' id='word_1_392' title='bbox 1272 4007 1554 4063; x_wconf 89' lang='lat' dir='ltr'><strong>versatus,</strong></span> <span class='ocrx_word' id='word_1_393' title='bbox 1603 3998 1658 4052; x_wconf 92' lang='lat' dir='ltr'><strong>in</strong></span> 
     </span>
    </p>
   </div>
   <div class='ocr_carea' id='block_1_64' title="bbox 125 4080 1656 4161">
    <p class='ocr_par' dir='ltr' id='par_1_64' title="bbox 125 4080 1656 4161">
     <span class='ocr_line' id='line_1_64' title="bbox 125 4080 1656 4161; baseline 0.003 -22"><span class='ocrx_word' id='word_1_394' title='bbox 125 4080 442 4145; x_wconf 82' lang='lat' dir='ltr'><strong>discernendis</strong></span> <span class='ocrx_word' id='word_1_395' title='bbox 495 4091 763 4161; x_wconf 84' lang='lat' dir='ltr'><strong>operibus</strong></span> <span class='ocrx_word' id='word_1_396' title='bbox 818 4092 1023 4161; x_wconf 92' lang='lat' dir='ltr'><strong>spuriis</strong></span> <span class='ocrx_word' id='word_1_397' title='bbox 1076 4091 1377 4146; x_wconf 87' lang='lat' dir='ltr'><strong>admodum</strong></span> <span class='ocrx_word' id='word_1_398' title='bbox 1437 4100 1656 4154; x_wconf 88' lang='lat' dir='ltr'><strong>acutus,</strong></span> 
     </span>
    </p>
   </div>
   <div class='ocr_carea' id='block_1_65' title="bbox 123 4181 1658 4255">
    <p class='ocr_par' dir='ltr' id='par_1_65' title="bbox 123 4181 1658 4255">
     <span class='ocr_line' id='line_1_65' title="bbox 123 4181 1658 4255; baseline 0.004 -25"><span class='ocrx_word' id='word_1_399' title='bbox 123 4186 219 4241; x_wconf 72' lang='lat' dir='ltr'><strong>post</strong></span> <span class='ocrx_word' id='word_1_400' title='bbox 242 4181 568 4240; x_wconf 87' lang='lat' dir='ltr'><strong>velitationes</strong></span> <span class='ocrx_word' id='word_1_401' title='bbox 606 4183 889 4250; x_wconf 88' lang='lat' dir='ltr'><strong>Salmasii,</strong></span> <span class='ocrx_word' id='word_1_402' title='bbox 928 4194 1094 4255; x_wconf 85' lang='lat' dir='ltr'><strong>atque</strong></span> <span class='ocrx_word' id='word_1_403' title='bbox 1136 4183 1428 4249; x_wconf 87' lang='lat' dir='ltr'><strong>Blondelli,</strong></span> <span class='ocrx_word' id='word_1_404' title='bbox 1458 4183 1658 4238; x_wconf 87' lang='lat' dir='ltr'><strong>librum</strong></span> 
     </span>
    </p>
   </div>
   <div class='ocr_carea' id='block_1_66' title="bbox 125 4274 1661 4348">
    <p class='ocr_par' dir='ltr' id='par_1_66' title="bbox 125 4274 1661 4348">
     <span class='ocr_line' id='line_1_66' title="bbox 125 4274 1661 4348; baseline 0.011 -31"><span class='ocrx_word' id='word_1_405' title='bbox 125 4274 384 4337; x_wconf 82' lang='lat' dir='ltr'><strong>nuperrime</strong></span> <span class='ocrx_word' id='word_1_406' title='bbox 402 4276 575 4332; x_wconf 83' lang='lat' dir='ltr'><strong>edidit</strong></span> <span class='ocrx_word' id='word_1_407' title='bbox 596 4276 733 4331; x_wconf 86' lang='lat' dir='ltr'><strong>satis</strong></span> <span class='ocrx_word' id='word_1_408' title='bbox 753 4278 1050 4348; x_wconf 78' lang='lat' dir='ltr'><strong>prolixum,</strong></span> <span class='ocrx_word' id='word_1_409' title='bbox 1071 4293 1183 4347; x_wconf 92' lang='lat' dir='ltr'><strong>quo</strong></span> <span class='ocrx_word' id='word_1_410' title='bbox 1203 4276 1479 4347; x_wconf 84' lang='lat' dir='ltr'><strong>Epistolas</strong></span> <span class='ocrx_word' id='word_1_411' title='bbox 1500 4278 1661 4347; x_wconf 83' lang='lat' dir='ltr'><strong>lgna-</strong></span> 
     </span>
    </p>
   </div>
   <div class='ocr_carea' id='block_1_67' title="bbox 126 4358 1658 4439">
    <p class='ocr_par' dir='ltr' id='par_1_67' title="bbox 126 4358 1658 4439">
     <span class='ocr_line' id='line_1_67' title="bbox 126 4358 1658 4439; baseline 0.005 -25"><span class='ocrx_word' id='word_1_412' title='bbox 126 4358 167 4410; x_wconf 79' lang='grc' dir='ltr'><strong>ιῐῑ</strong></span> <span class='ocrx_word' id='word_1_413' title='bbox 187 4362 321 4418; x_wconf 88' lang='lat' dir='ltr'><strong>etiam</strong></span> <span class='ocrx_word' id='word_1_414' title='bbox 347 4368 774 4439; x_wconf 84' lang='lat' dir='ltr'><strong>purgatissimas</strong></span> <span class='ocrx_word' id='word_1_415' title='bbox 797 4368 1151 4438; x_wconf 79' lang='lat' dir='ltr'><strong>maximeque</strong></span> <span class='ocrx_word' id='word_1_416' title='bbox 1181 4368 1449 4434; x_wconf 89' lang='lat' dir='ltr'><strong>sinceras,</strong></span> <span class='ocrx_word' id='word_1_417' title='bbox 1483 4378 1537 4422; x_wconf 89' lang='lat' dir='ltr'><strong>et</strong></span> <span class='ocrx_word' id='word_1_418' title='bbox 1561 4383 1658 4422; x_wconf 87' lang='lat' dir='ltr'><strong>ve-</strong></span> 
     </span>
    </p>
   </div>
   <div class='ocr_carea' id='block_1_68' title="bbox 124 4460 1659 4531">
    <p class='ocr_par' dir='ltr' id='par_1_68' title="bbox 124 4460 1659 4531">
     <span class='ocr_line' id='line_1_68' title="bbox 124 4460 1659 4531; baseline 0.01 -31"><span class='ocrx_word' id='word_1_419' title='bbox 124 4460 264 4508; x_wconf 73' lang='lat' dir='ltr'><strong>[rrum</strong></span> <span class='ocrx_word' id='word_1_420' title='bbox 304 4461 629 4515; x_wconf 88' lang='lat' dir='ltr'><strong>auctoritate</strong></span> <span class='ocrx_word' id='word_1_421' title='bbox 680 4462 924 4517; x_wconf 86' lang='lat' dir='ltr'><strong>munitas</strong></span> <span class='ocrx_word' id='word_1_422' title='bbox 962 4470 1017 4517; x_wconf 92' lang='lat' dir='ltr'><strong>et</strong></span> <span class='ocrx_word' id='word_1_423' title='bbox 1065 4460 1291 4531; x_wconf 89' lang='lat' dir='ltr'><strong>propria</strong></span> <span class='ocrx_word' id='word_1_424' title='bbox 1336 4460 1659 4531; x_wconf 74' lang='lat' dir='ltr'><strong>prmstantia</strong></span> 
     </span>
    </p>
   </div>
   <div class='ocr_carea' id='block_1_69' title="bbox 124 4546 1656 4623">
    <p class='ocr_par' dir='ltr' id='par_1_69' title="bbox 124 4546 1656 4623">
     <span class='ocr_line' id='line_1_69' title="bbox 124 4546 1656 4623; baseline 0.005 -25"><span class='ocrx_word' id='word_1_425' title='bbox 124 4546 420 4618; x_wconf 78' lang='lat' dir='ltr'><strong>conspicuas,</strong></span> <span class='ocrx_word' id='word_1_426' title='bbox 458 4552 885 4622; x_wconf 84' lang='lat' dir='ltr'><strong>quamplurimis</strong></span> <span class='ocrx_word' id='word_1_427' title='bbox 913 4553 1254 4623; x_wconf 80' lang='lat' dir='ltr'><strong>argumentis</strong></span> <span class='ocrx_word' id='word_1_428' title='bbox 1279 4553 1497 4608; x_wconf 92' lang='lat' dir='ltr'><strong>videtur</strong></span> <span class='ocrx_word' id='word_1_429' title='bbox 1526 4552 1656 4621; x_wconf 88' lang='lat' dir='ltr'><strong>sibi,</strong></span> 
     </span>
    </p>
   </div>
   <div class='ocr_carea' id='block_1_70' title="bbox 124 4636 1657 4715">
    <p class='ocr_par' dir='ltr' id='par_1_70' title="bbox 124 4636 1657 4715">
     <span class='ocr_line' id='line_1_70' title="bbox 124 4636 1657 4715; baseline 0.004 -20"><span class='ocrx_word' id='word_1_430' title='bbox 124 4636 404 4707; x_wconf 70' lang='lat' dir='ltr'><strong>suisque,.ut</strong></span> <span class='ocrx_word' id='word_1_431' title='bbox 429 4645 651 4714; x_wconf 89' lang='lat' dir='ltr'><strong>opinor,</strong></span> <span class='ocrx_word' id='word_1_432' title='bbox 680 4644 1022 4699; x_wconf 89' lang='lat' dir='ltr'><strong>adulterinas</strong></span> <span class='ocrx_word' id='word_1_433' title='bbox 1050 4645 1335 4715; x_wconf 90' lang='lat' dir='ltr'><strong>probasse,</strong></span> <span class='ocrx_word' id='word_1_434' title='bbox 1365 4655 1421 4701; x_wconf 93' lang='lat' dir='ltr'><strong>et</strong></span> <span class='ocrx_word' id='word_1_435' title='bbox 1445 4646 1657 4701; x_wconf 89' lang='lat' dir='ltr'><strong>doctis-</strong></span> 
     </span>
    </p>
   </div>
   <div class='ocr_carea' id='block_1_71' title="bbox 123 4728 1655 4809">
    <p class='ocr_par' dir='ltr' id='par_1_71' title="bbox 123 4728 1655 4809">
     <span class='ocr_line' id='line_1_71' title="bbox 123 4728 1655 4809; baseline 0.01 -31"><span class='ocrx_word' id='word_1_436' title='bbox 123 4728 337 4789; x_wconf 80' lang='lat' dir='ltr'><strong>simorum</strong></span> <span class='ocrx_word' id='word_1_437' title='bbox 356 4738 627 4804; x_wconf 89' lang='lat' dir='ltr'><strong>virorum,</strong></span> <span class='ocrx_word' id='word_1_438' title='bbox 667 4738 1067 4809; x_wconf 89' lang='lat' dir='ltr'><strong>archiepiscopi</strong></span> <span class='ocrx_word' id='word_1_439' title='bbox 1101 4738 1457 4807; x_wconf 78' lang='lat' dir='ltr'><strong>Armachani,</strong></span> <span class='ocrx_word' id='word_1_440' title='bbox 1481 4738 1655 4795; x_wconf 86' lang='lat' dir='ltr'><strong>lsaaci</strong></span> 
     </span>
    </p>
   </div>
   <div class='ocr_carea' id='block_1_72' title="bbox 123 4816 1657 4899">
    <p class='ocr_par' dir='ltr' id='par_1_72' title="bbox 123 4816 1657 4899">
     <span class='ocr_line' id='line_1_72' title="bbox 123 4816 1657 4899; baseline 0.007 -22"><span class='ocrx_word' id='word_1_441' title='bbox 123 4816 282 4888; x_wconf 72' lang='lat' dir='ltr'><strong>Vossii,</strong></span> <span class='ocrx_word' id='word_1_442' title='bbox 302 4837 351 4881; x_wconf 88' lang='lat' dir='ltr'><strong>et</strong></span> <span class='ocrx_word' id='word_1_443' title='bbox 373 4829 623 4886; x_wconf 89' lang='lat' dir='ltr'><strong>doctoris</strong></span> <span class='ocrx_word' id='word_1_444' title='bbox 648 4828 977 4886; x_wconf 82' lang='lat' dir='ltr'><strong>Hammondi</strong></span> <span class='ocrx_word' id='word_1_445' title='bbox 1003 4832 1249 4887; x_wconf 84' lang='lat' dir='ltr'><strong>rationes</strong></span> <span class='ocrx_word' id='word_1_446' title='bbox 1276 4846 1493 4899; x_wconf 90' lang='lat' dir='ltr'><strong>omnes,</strong></span> <span class='ocrx_word' id='word_1_447' title='bbox 1523 4845 1657 4887; x_wconf 84' lang='lat' dir='ltr'><strong>sane</strong></span> 
     </span>
    </p>
   </div>
   <div class='ocr_carea' id='block_1_73' title="bbox 123 4909 732 4987">
    <p class='ocr_par' dir='ltr' id='par_1_73' title="bbox 123 4909 732 4987">
     <span class='ocr_line' id='line_1_73' title="bbox 123 4909 732 4987; baseline 0.026 -26"><span class='ocrx_word' id='word_1_448' title='bbox 123 4909 437 4987; x_wconf 82' lang='lat' dir='ltr'><strong>ﬁrmissimas,</strong></span> <span class='ocrx_word' id='word_1_449' title='bbox 478 4921 732 4977; x_wconf 85' lang='lat' dir='ltr'><strong>diluisse.</strong></span> 
     </span>
    </p>
   </div>
   <div class='ocr_carea' id='block_1_74' title="bbox 173 5024 1655 5107">
    <p class='ocr_par' dir='ltr' id='par_1_74' title="bbox 173 5024 1655 5107">
     <span class='ocr_line' id='line_1_74' title="bbox 173 5024 1655 5107; baseline 0.003 -20"><span class='ocrx_word' id='word_1_450' title='bbox 173 5024 318 5098; x_wconf 74' lang='lat' dir='ltr'><strong>“Ilius</strong></span> <span class='ocrx_word' id='word_1_451' title='bbox 369 5035 471 5092; x_wconf 86' lang='lat' dir='ltr'><strong>viri</strong></span> <span class='ocrx_word' id='word_1_452' title='bbox 520 5035 965 5105; x_wconf 58' lang='lat' dir='ltr'><strong>praestantissimi</strong></span> <span class='ocrx_word' id='word_1_453' title='bbox 1018 5036 1301 5107; x_wconf 70' lang='lat' dir='ltr'><strong>stupendae</strong></span> <span class='ocrx_word' id='word_1_454' title='bbox 1358 5035 1655 5107; x_wconf 67' lang='lat' dir='ltr'><strong>diligentia</strong></span> 
     </span>
    </p>
   </div>
   <div class='ocr_carea' id='block_1_75' title="bbox 120 5125 1649 5202">
    <p class='ocr_par' dir='ltr' id='par_1_75' title="bbox 120 5125 1649 5202">
     <span class='ocr_line' id='line_1_75' title="bbox 120 5125 1649 5202; baseline 0.006 -26"><span class='ocrx_word' id='word_1_455' title='bbox 120 5130 215 5171; x_wconf 74' lang='lat' dir='ltr'><strong>cum</strong></span> <span class='ocrx_word' id='word_1_456' title='bbox 241 5133 287 5178; x_wconf 89' lang='lat' dir='ltr'><strong>et</strong></span> <span class='ocrx_word' id='word_1_457' title='bbox 314 5125 509 5197; x_wconf 80' lang='lat' dir='ltr'><strong>lgnatii</strong></span> <span class='ocrx_word' id='word_1_458' title='bbox 539 5129 831 5196; x_wconf 86' lang='lat' dir='ltr'><strong>sanctitas,</strong></span> <span class='ocrx_word' id='word_1_459' title='bbox 863 5140 918 5187; x_wconf 91' lang='lat' dir='ltr'><strong>et</strong></span> <span class='ocrx_word' id='word_1_460' title='bbox 952 5132 1305 5202; x_wconf 87' lang='lat' dir='ltr'><strong>episcopatus</strong></span> <span class='ocrx_word' id='word_1_461' title='bbox 1336 5132 1649 5187; x_wconf 87' lang='lat' dir='ltr'><strong>necessaria</strong></span> 
     </span>
    </p>
   </div>
   <div class='ocr_carea' id='block_1_76' title="bbox 1764 4024 3358 4089">
    <p class='ocr_par' dir='ltr' id='par_1_76' title="bbox 1764 4024 3358 4089">
     <span class='ocr_line' id='line_1_76' title="bbox 1764 4024 3358 4089; baseline -0.004 -5"><span class='ocrx_word' id='word_1_462' title='bbox 1764 4030 1833 4084; x_wconf 90' lang='lat' dir='ltr'><strong>ab</strong></span> <span class='ocrx_word' id='word_1_463' title='bbox 1863 4029 2153 4084; x_wconf 74' lang='lat' dir='ltr'><strong>Antiochia</strong></span> <span class='ocrx_word' id='word_1_464' title='bbox 2192 4028 2424 4082; x_wconf 75' lang='lat' dir='ltr'><strong>Romam</strong></span> <span class='ocrx_word' id='word_1_465' title='bbox 2458 4034 2720 4085; x_wconf 87' lang='lat' dir='ltr'><strong>tractum.</strong></span> <span class='ocrx_word' id='word_1_466' title='bbox 2755 4024 2947 4080; x_wconf 87' lang='lat' dir='ltr'><strong>bestiis</strong></span> <span class='ocrx_word' id='word_1_467' title='bbox 2983 4024 3252 4089; x_wconf 89' lang='lat' dir='ltr'><strong>oblatum,</strong></span> <span class='ocrx_word' id='word_1_468' title='bbox 3292 4037 3358 4077; x_wconf 90' lang='lat' dir='ltr'><strong>ac</strong></span> 
     </span>
    </p>
   </div>
   <div class='ocr_carea' id='block_1_77' title="bbox 1763 4115 3358 4192">
    <p class='ocr_par' dir='ltr' id='par_1_77' title="bbox 1763 4115 3358 4192">
     <span class='ocr_line' id='line_1_77' title="bbox 1763 4115 3358 4192; baseline -0.005 -17"><span class='ocrx_word' id='word_1_469' title='bbox 1763 4122 2030 4192; x_wconf 85' lang='lat' dir='ltr'><strong>martyrio</strong></span> <span class='ocrx_word' id='word_1_470' title='bbox 2089 4130 2417 4176; x_wconf 89' lang='lat' dir='ltr'><strong>coronatum</strong></span> <span class='ocrx_word' id='word_1_471' title='bbox 2475 4128 2746 4173; x_wconf 89' lang='lat' dir='ltr'><strong>testantur</strong></span> <span class='ocrx_word' id='word_1_472' title='bbox 2793 4125 3044 4183; x_wconf 85' lang='lat' dir='ltr'><strong>veteres;</strong></span> <span class='ocrx_word' id='word_1_473' title='bbox 3094 4115 3358 4185; x_wconf 80' lang='lat' dir='ltr'><strong>epistolas</strong></span> 
     </span>
    </p>
   </div>
   <div class='ocr_carea' id='block_1_78' title="bbox 1764 4209 3356 4284">
    <p class='ocr_par' dir='ltr' id='par_1_78' title="bbox 1764 4209 3356 4284">
     <span class='ocr_line' id='line_1_78' title="bbox 1764 4209 3356 4284; baseline -0.007 -14"><span class='ocrx_word' id='word_1_474' title='bbox 1764 4214 2056 4284; x_wconf 87' lang='lat' dir='ltr'><strong>scripsisse</strong></span> <span class='ocrx_word' id='word_1_475' title='bbox 2089 4212 2158 4267; x_wconf 87' lang='lat' dir='ltr'><strong>ad</strong></span> <span class='ocrx_word' id='word_1_476' title='bbox 2198 4212 2478 4267; x_wconf 81' lang='lat' dir='ltr'><strong>Ecclesias</strong></span> <span class='ocrx_word' id='word_1_477' title='bbox 2520 4210 2825 4281; x_wconf 76' lang='lat' dir='ltr'><strong>praesertim</strong></span> <span class='ocrx_word' id='word_1_478' title='bbox 2863 4209 2919 4263; x_wconf 89' lang='lat' dir='ltr'><strong>in</strong></span> <span class='ocrx_word' id='word_1_479' title='bbox 2957 4209 3177 4273; x_wconf 87' lang='lat' dir='ltr'><strong>itinere,</strong></span> <span class='ocrx_word' id='word_1_480' title='bbox 3228 4223 3356 4276; x_wconf 86' lang='lat' dir='ltr'><strong>pro-</strong></span> 
     </span>
    </p>
   </div>
   <div class='ocr_carea' id='block_1_79' title="bbox 1761 4300 3356 4377">
    <p class='ocr_par' dir='ltr' id='par_1_79' title="bbox 1761 4300 3356 4377">
     <span class='ocr_line' id='line_1_79' title="bbox 1761 4300 3356 4377; baseline -0.007 -13"><span class='ocrx_word' id='word_1_481' title='bbox 1761 4310 1900 4365; x_wconf 89' lang='lat' dir='ltr'><strong>dunt</strong></span> <span class='ocrx_word' id='word_1_482' title='bbox 1926 4308 2283 4377; x_wconf 82' lang='lat' dir='ltr'><strong>antiquorum</strong></span> <span class='ocrx_word' id='word_1_483' title='bbox 2316 4304 2562 4374; x_wconf 87' lang='lat' dir='ltr'><strong>plurimi,</strong></span> <span class='ocrx_word' id='word_1_484' title='bbox 2605 4302 2823 4374; x_wconf 81' lang='lat' dir='ltr'><strong>negavit</strong></span> <span class='ocrx_word' id='word_1_485' title='bbox 2856 4312 2953 4356; x_wconf 91' lang='lat' dir='ltr'><strong>aut</strong></span> <span class='ocrx_word' id='word_1_486' title='bbox 2982 4300 3267 4355; x_wconf 87' lang='lat' dir='ltr'><strong>dubitasse</strong></span> <span class='ocrx_word' id='word_1_487' title='bbox 3295 4315 3356 4353; x_wconf 85' lang='lat' dir='ltr'><strong>se</strong></span> 
     </span>
    </p>
   </div>
   <div class='ocr_carea' id='block_1_80' title="bbox 1761 4391 3355 4463">
    <p class='ocr_par' dir='ltr' id='par_1_80' title="bbox 1761 4391 3355 4463">
     <span class='ocr_line' id='line_1_80' title="bbox 1761 4391 3355 4463; baseline -0.008 -8"><span class='ocrx_word' id='word_1_488' title='bbox 1761 4400 1900 4455; x_wconf 74' lang='lat' dir='ltr'><strong>dixit</strong></span> <span class='ocrx_word' id='word_1_489' title='bbox 1930 4415 2121 4455; x_wconf 89' lang='lat' dir='ltr'><strong>eorum</strong></span> <span class='ocrx_word' id='word_1_490' title='bbox 2156 4413 2338 4452; x_wconf 87' lang='lat' dir='ltr'><strong>nemo.</strong></span> <span class='ocrx_word' id='word_1_491' title='bbox 2368 4396 2433 4451; x_wconf 81' lang='lat' dir='ltr'><strong>Et</strong></span> <span class='ocrx_word' id='word_1_492' title='bbox 2470 4394 2809 4450; x_wconf 86' lang='lat' dir='ltr'><strong>sanctissimi</strong></span> <span class='ocrx_word' id='word_1_493' title='bbox 2838 4394 3059 4463; x_wconf 83' lang='lat' dir='ltr'><strong>quidem</strong></span> <span class='ocrx_word' id='word_1_494' title='bbox 3093 4391 3355 4461; x_wconf 83' lang='lat' dir='ltr'><strong>martyris</strong></span> 
     </span>
    </p>
   </div>
   <div class='ocr_carea' id='block_1_81' title="bbox 1757 4483 3356 4563">
    <p class='ocr_par' dir='ltr' id='par_1_81' title="bbox 1757 4483 3356 4563">
     <span class='ocr_line' id='line_1_81' title="bbox 1757 4483 3356 4563; baseline -0.006 -17"><span class='ocrx_word' id='word_1_495' title='bbox 1757 4492 2073 4563; x_wconf 83' lang='lat' dir='ltr'><strong>justissima</strong></span> <span class='ocrx_word' id='word_1_496' title='bbox 2115 4489 2454 4544; x_wconf 70' lang='lat' dir='ltr'><strong>existimatio</strong></span> <span class='ocrx_word' id='word_1_497' title='bbox 2504 4488 2673 4543; x_wconf 89' lang='lat' dir='ltr'><strong>etiam</strong></span> <span class='ocrx_word' id='word_1_498' title='bbox 2728 4488 2997 4540; x_wconf 89' lang='lat' dir='ltr'><strong>hactenus</strong></span> <span class='ocrx_word' id='word_1_499' title='bbox 3047 4483 3258 4537; x_wconf 89' lang='lat' dir='ltr'><strong>illibata</strong></span> <span class='ocrx_word' id='word_1_500' title='bbox 3300 4491 3356 4537; x_wconf 80' lang='lat' dir='ltr'><strong>et</strong></span> 
     </span>
    </p>
   </div>
   <div class='ocr_carea' id='block_1_82' title="bbox 1763 4576 3355 4649">
    <p class='ocr_par' dir='ltr' id='par_1_82' title="bbox 1763 4576 3355 4649">
     <span class='ocr_line' id='line_1_82' title="bbox 1763 4576 3355 4649; baseline -0.005 -12"><span class='ocrx_word' id='word_1_501' title='bbox 1763 4583 2089 4637; x_wconf 87' lang='lat' dir='ltr'><strong>intemerata</strong></span> <span class='ocrx_word' id='word_1_502' title='bbox 2139 4579 2485 4649; x_wconf 86' lang='lat' dir='ltr'><strong>permansit;</strong></span> <span class='ocrx_word' id='word_1_503' title='bbox 2533 4578 2602 4633; x_wconf 90' lang='lat' dir='ltr'><strong>de</strong></span> <span class='ocrx_word' id='word_1_504' title='bbox 2642 4576 2890 4647; x_wconf 89' lang='lat' dir='ltr'><strong>epistolis</strong></span> <span class='ocrx_word' id='word_1_505' title='bbox 2934 4584 3186 4641; x_wconf 84' lang='lat' dir='ltr'><strong>tantum,</strong></span> <span class='ocrx_word' id='word_1_506' title='bbox 3231 4589 3355 4644; x_wconf 66' lang='lat' dir='ltr'><strong>quae</strong></span> 
     </span>
    </p>
   </div>
   <div class='ocr_carea' id='block_1_83' title="bbox 1760 4667 3354 4742">
    <p class='ocr_par' dir='ltr' id='par_1_83' title="bbox 1760 4667 3354 4742">
     <span class='ocr_line' id='line_1_83' title="bbox 1760 4667 3354 4742; baseline -0.005 -14"><span class='ocrx_word' id='word_1_507' title='bbox 1760 4673 1865 4729; x_wconf 87' lang='lat' dir='ltr'><strong>sub</strong></span> <span class='ocrx_word' id='word_1_508' title='bbox 1889 4672 2041 4727; x_wconf 82' lang='lat' dir='ltr'><strong>illius</strong></span> <span class='ocrx_word' id='word_1_509' title='bbox 2075 4671 2681 4742; x_wconf 84' lang='lat' dir='ltr'><strong>nomine&#39;prodierunt,</strong></span> <span class='ocrx_word' id='word_1_510' title='bbox 2708 4677 2762 4722; x_wconf 91' lang='lat' dir='ltr'><strong>ct</strong></span> <span class='ocrx_word' id='word_1_511' title='bbox 2792 4667 2861 4722; x_wconf 91' lang='lat' dir='ltr'><strong>ad</strong></span> <span class='ocrx_word' id='word_1_512' title='bbox 2894 4675 3143 4723; x_wconf 89' lang='lat' dir='ltr'><strong>nostram</strong></span> <span class='ocrx_word' id='word_1_513' title='bbox 3177 4682 3354 4737; x_wconf 90' lang='lat' dir='ltr'><strong>usque</strong></span> 
     </span>
    </p>
   </div>
   <div class='ocr_carea' id='block_1_84' title="bbox 1759 4759 3352 4835">
    <p class='ocr_par' dir='ltr' id='par_1_84' title="bbox 1759 4759 3352 4835">
     <span class='ocr_line' id='line_1_84' title="bbox 1759 4759 3352 4835; baseline -0.005 -15"><span class='ocrx_word' id='word_1_514' title='bbox 1759 4774 1976 4820; x_wconf 58' lang='lat' dir='ltr'><strong>aetatem</strong></span> <span class='ocrx_word' id='word_1_515' title='bbox 2016 4764 2482 4835; x_wconf 76' lang='lat' dir='ltr'><strong>perduraverunt,</strong></span> <span class='ocrx_word' id='word_1_516' title='bbox 2524 4762 2592 4817; x_wconf 92' lang='lat' dir='ltr'><strong>lis</strong></span> <span class='ocrx_word' id='word_1_517' title='bbox 2634 4769 2740 4815; x_wconf 90' lang='lat' dir='ltr'><strong>est.</strong></span> <span class='ocrx_word' id='word_1_518' title='bbox 2792 4759 2984 4830; x_wconf 87' lang='lat' dir='ltr'><strong>Neque</strong></span> <span class='ocrx_word' id='word_1_519' title='bbox 3030 4761 3098 4815; x_wconf 92' lang='lat' dir='ltr'><strong>de</strong></span> <span class='ocrx_word' id='word_1_520' title='bbox 3131 4760 3352 4814; x_wconf 86' lang='lat' dir='ltr'><strong>illarum</strong></span> 
     </span>
    </p>
   </div>
   <div class='ocr_carea' id='block_1_85' title="bbox 1760 4852 3353 4926">
    <p class='ocr_par' dir='ltr' id='par_1_85' title="bbox 1760 4852 3353 4926">
     <span class='ocr_line' id='line_1_85' title="bbox 1760 4852 3353 4926; baseline -0.005 -13"><span class='ocrx_word' id='word_1_521' title='bbox 1760 4856 2112 4921; x_wconf 87' lang='lat' dir='ltr'><strong>auctoritate,</strong></span> <span class='ocrx_word' id='word_1_522' title='bbox 2150 4856 2198 4911; x_wconf 91' lang='lat' dir='ltr'><strong>si</strong></span> <span class='ocrx_word' id='word_1_523' title='bbox 2240 4854 2539 4926; x_wconf 73' lang='lat' dir='ltr'><strong>ignatiana:</strong></span> <span class='ocrx_word' id='word_1_524' title='bbox 2575 4854 2750 4915; x_wconf 79' lang='lat' dir='ltr'><strong>fuisse</strong></span> <span class='ocrx_word' id='word_1_525' title='bbox 2790 4864 3113 4923; x_wconf 86' lang='lat' dir='ltr'><strong>appareant,</strong></span> <span class='ocrx_word' id='word_1_526' title='bbox 3158 4852 3353 4921; x_wconf 82' lang='lat' dir='ltr'><strong>dispu-</strong></span> 
     </span>
    </p>
   </div>
   <div class='ocr_carea' id='block_1_86' title="bbox 1757 4945 3350 5019">
    <p class='ocr_par' dir='ltr' id='par_1_86' title="bbox 1757 4945 3350 5019">
     <span class='ocr_line' id='line_1_86' title="bbox 1757 4945 3350 5019; baseline -0.004 -14"><span class='ocrx_word' id='word_1_527' title='bbox 1757 4957 1908 5005; x_wconf 86' lang='lat' dir='ltr'><strong>tatur</strong></span> <span class='ocrx_word' id='word_1_528' title='bbox 1953 4968 1966 5005; x_wconf 90' lang='lat'><strong>:</strong></span> <span class='ocrx_word' id='word_1_529' title='bbox 2012 4949 2107 5006; x_wconf 92' lang='lat' dir='ltr'><strong>sed</strong></span> <span class='ocrx_word' id='word_1_530' title='bbox 2154 4964 2225 5004; x_wconf 89' lang='lat' dir='ltr'><strong>an</strong></span> <span class='ocrx_word' id='word_1_531' title='bbox 2272 4964 2465 5004; x_wconf 82' lang='lat' dir='ltr'><strong>revera</strong></span> <span class='ocrx_word' id='word_1_532' title='bbox 2511 4948 2688 5018; x_wconf 88' lang='lat' dir='ltr'><strong>ipsius</strong></span> <span class='ocrx_word' id='word_1_533' title='bbox 2726 4945 2921 5019; x_wconf 82' lang='lat' dir='ltr'><strong>lgnatii</strong></span> <span class='ocrx_word' id='word_1_534' title='bbox 2958 4946 3163 5002; x_wconf 78' lang='lat' dir='ltr'><strong>fuerint</strong></span> <span class='ocrx_word' id='word_1_535' title='bbox 3198 4959 3350 5014; x_wconf 84' lang='lat' dir='ltr'><strong>quae-</strong></span> 
     </span>
    </p>
   </div>
   <div class='ocr_carea' id='block_1_87' title="bbox 1758 5043 1919 5097">
    <p class='ocr_par' dir='ltr' id='par_1_87' title="bbox 1758 5043 1919 5097">
     <span class='ocr_line' id='line_1_87' title="bbox 1758 5043 1919 5097; baseline 0.006 -1"><span class='ocrx_word' id='word_1_536' title='bbox 1758 5043 1919 5097; x_wconf 88' lang='lat' dir='ltr'><strong>ritur.</strong></span> 
     </span>
    </p>
   </div>
   <div class='ocr_carea' id='block_1_88' title="bbox 1831 5127 3345 5204">
    <p class='ocr_par' dir='ltr' id='par_1_88' title="bbox 1831 5127 3345 5204">
     <span class='ocr_line' id='line_1_88' title="bbox 1831 5127 3345 5204; baseline -0.004 -16"><span class='ocrx_word' id='word_1_537' title='bbox 1831 5132 1903 5188; x_wconf 75' lang='lat' dir='ltr'><strong>Ut</strong></span> <span class='ocrx_word' id='word_1_538' title='bbox 1934 5143 2117 5196; x_wconf 88' lang='lat' dir='ltr'><strong>autem</strong></span> <span class='ocrx_word' id='word_1_539' title='bbox 2142 5133 2321 5204; x_wconf 77' lang='lat' dir='ltr'><strong>origo,</strong></span> <span class='ocrx_word' id='word_1_540' title='bbox 2346 5148 2695 5203; x_wconf 82' lang='lat' dir='ltr'><strong>progressus,</strong></span> <span class='ocrx_word' id='word_1_541' title='bbox 2719 5141 2774 5187; x_wconf 90' lang='lat' dir='ltr'><strong>et</strong></span> <span class='ocrx_word' id='word_1_542' title='bbox 2802 5145 3042 5202; x_wconf 71' lang='lat' dir='ltr'><strong>prmscns</strong></span> <span class='ocrx_word' id='word_1_543' title='bbox 3065 5127 3345 5183; x_wconf 76' lang='lat' dir='ltr'><strong>hodierna:</strong></span> 
     </span>
    </p>
   </div>
   <div class='ocr_carea' id='block_1_89' title="bbox 121 5211 3343 5293">
    <p class='ocr_par' dir='ltr' id='par_1_89' title="bbox 121 5211 3343 5293">
     <span class='ocr_line' id='line_1_89' title="bbox 121 5211 3343 5293; baseline -0.002 -15"><span class='ocrx_word' id='word_1_544' title='bbox 121 5211 388 5277; x_wconf 61' lang='grc' dir='ltr'><strong>λυειοτίιδεν</strong></span> <span class='ocrx_word' id='word_1_545' title='bbox 420 5224 476 5269; x_wconf 71' lang='lat' dir='ltr'><strong>et</strong></span> <span class='ocrx_word' id='word_1_546' title='bbox 524 5216 623 5273; x_wconf 81' lang='lat' dir='ltr'><strong>bis-</strong></span> <span class='ocrx_word' id='word_1_547' title='bbox 656 5218 896 5272; x_wconf 76' lang='lat' dir='ltr'><strong>maxime</strong></span> <span class='ocrx_word' id='word_1_548' title='bbox 930 5219 1121 5290; x_wconf 89' lang='lat' dir='ltr'><strong>iniqua</strong></span> <span class='ocrx_word' id='word_1_549' title='bbox 1168 5221 1472 5275; x_wconf 86' lang='lat' dir='ltr'><strong>adversarii</strong></span> <span class='ocrx_word' id='word_1_550' title='bbox 1506 5220 1652 5275; x_wconf 78' lang='lat' dir='ltr'><strong>fama</strong></span> <span class='ocrx_word' id='word_1_551' title='bbox 1686 5227 1732 5287; x_wconf 84' lang='grc' dir='ltr'><strong>ο</strong></span> <span class='ocrx_word' id='word_1_552' title='bbox 1758 5225 2152 5281; x_wconf 62' lang='lat' dir='ltr'><strong>controversiae</strong></span> <span class='ocrx_word' id='word_1_553' title='bbox 2186 5233 2387 5289; x_wconf 89' lang='lat' dir='ltr'><strong>status,</strong></span> <span class='ocrx_word' id='word_1_554' title='bbox 2436 5227 2600 5279; x_wconf 87' lang='lat' dir='ltr'><strong>etiam</strong></span> <span class='ocrx_word' id='word_1_555' title='bbox 2653 5224 2725 5279; x_wconf 88' lang='lat' dir='ltr'><strong>iis</strong></span> <span class='ocrx_word' id='word_1_556' title='bbox 2768 5224 2863 5293; x_wconf 90' lang='lat' dir='ltr'><strong>qui</strong></span> <span class='ocrx_word' id='word_1_557' title='bbox 2912 5222 3179 5275; x_wconf 89' lang='lat' dir='ltr'><strong>hactenus</strong></span> <span class='ocrx_word' id='word_1_558' title='bbox 3222 5234 3343 5274; x_wconf 88' lang='lat' dir='ltr'><strong>eam</strong></span> 
     </span>
    </p>
   </div>
   <div class='ocr_carea' id='block_1_90' title="bbox 121 5304 1645 5384">
    <p class='ocr_par' dir='ltr' id='par_1_90' title="bbox 121 5304 1645 5384">
     <span class='ocr_line' id='line_1_90' title="bbox 121 5304 1645 5384; baseline 0.008 -29"><span class='ocrx_word' id='word_1_559' title='bbox 121 5304 247 5366; x_wconf 66' lang='lat' dir='ltr'><strong>atque</strong></span> <span class='ocrx_word' id='word_1_560' title='bbox 283 5305 569 5363; x_wconf 87' lang='lat' dir='ltr'><strong>celebritas</strong></span> <span class='ocrx_word' id='word_1_561' title='bbox 615 5317 675 5364; x_wconf 87' lang='lat' dir='ltr'><strong>ut</strong></span> <span class='ocrx_word' id='word_1_562' title='bbox 717 5309 926 5381; x_wconf 87' lang='lat' dir='ltr'><strong>aliquid</strong></span> <span class='ocrx_word' id='word_1_563' title='bbox 977 5321 1277 5381; x_wconf 84' lang='lat' dir='ltr'><strong>reponatur</strong></span> <span class='ocrx_word' id='word_1_564' title='bbox 1316 5312 1645 5384; x_wconf 81' lang='lat' dir='ltr'><strong>eﬂlagitcnt;</strong></span> 
     </span>
    </p>
   </div>
   <div class='ocr_carea' id='block_1_91' title="bbox 120 5400 1649 5476">
    <p class='ocr_par' dir='ltr' id='par_1_91' title="bbox 120 5400 1649 5476">
     <span class='ocr_line' id='line_1_91' title="bbox 120 5400 1649 5476; baseline 0.005 -20"><span class='ocrx_word' id='word_1_565' title='bbox 120 5402 259 5456; x_wconf 65' lang='lat' dir='ltr'><strong>Operae</strong></span> <span class='ocrx_word' id='word_1_566' title='bbox 280 5400 505 5465; x_wconf 86' lang='lat' dir='ltr'><strong>pretium</strong></span> <span class='ocrx_word' id='word_1_567' title='bbox 536 5417 660 5457; x_wconf 90' lang='lat' dir='ltr'><strong>esse</strong></span> <span class='ocrx_word' id='word_1_568' title='bbox 689 5403 953 5461; x_wconf 77' lang='lat' dir='ltr'><strong>duximus</strong></span> <span class='ocrx_word' id='word_1_569' title='bbox 975 5406 1421 5463; x_wconf 87' lang='lat' dir='ltr'><strong>dissertationem</strong></span> <span class='ocrx_word' id='word_1_570' title='bbox 1452 5417 1649 5476; x_wconf 89' lang='lat' dir='ltr'><strong>totam,</strong></span> 
     </span>
    </p>
   </div>
   <div class='ocr_carea' id='block_1_92' title="bbox 121 5494 1652 5568">
    <p class='ocr_par' dir='ltr' id='par_1_92' title="bbox 121 5494 1652 5568">
     <span class='ocr_line' id='line_1_92' title="bbox 121 5494 1652 5568; baseline 0.007 -20"><span class='ocrx_word' id='word_1_571' title='bbox 121 5494 280 5548; x_wconf 71' lang='lat' dir='ltr'><strong>Quanta</strong></span> <span class='ocrx_word' id='word_1_572' title='bbox 306 5501 505 5560; x_wconf 87' lang='lat' dir='ltr'><strong>quanta</strong></span> <span class='ocrx_word' id='word_1_573' title='bbox 534 5504 645 5562; x_wconf 87' lang='lat' dir='ltr'><strong>est,</strong></span> <span class='ocrx_word' id='word_1_574' title='bbox 659 5497 727 5551; x_wconf 91' lang='lat' dir='ltr'><strong>ad</strong></span> <span class='ocrx_word' id='word_1_575' title='bbox 756 5512 987 5554; x_wconf 87' lang='lat' dir='ltr'><strong>examen</strong></span> <span class='ocrx_word' id='word_1_576' title='bbox 1020 5515 1241 5568; x_wconf 84' lang='lat' dir='ltr'><strong>vocare,</strong></span> <span class='ocrx_word' id='word_1_577' title='bbox 1261 5502 1505 5559; x_wconf 90' lang='lat' dir='ltr'><strong>rationes</strong></span> <span class='ocrx_word' id='word_1_578' title='bbox 1532 5519 1652 5559; x_wconf 81' lang='lat' dir='ltr'><strong>mo-</strong></span> 
     </span>
    </p>
   </div>
   <div class='ocr_carea' id='block_1_93' title="bbox 122 5586 1651 5664">
    <p class='ocr_par' dir='ltr' id='par_1_93' title="bbox 122 5586 1651 5664">
     <span class='ocr_line' id='line_1_93' title="bbox 122 5586 1651 5664; baseline 0.018 -38"><span class='ocrx_word' id='word_1_579' title='bbox 122 5588 264 5664; x_wconf 79' lang='lat' dir='ltr'><strong>ruente</strong></span> <span class='ocrx_word' id='word_1_580' title='bbox 286 5598 375 5639; x_wconf 90' lang='lat' dir='ltr'><strong>suo</strong></span> <span class='ocrx_word' id='word_1_581' title='bbox 414 5586 739 5657; x_wconf 88' lang='lat' dir='ltr'><strong>ponderare,</strong></span> <span class='ocrx_word' id='word_1_582' title='bbox 776 5590 992 5663; x_wconf 80' lang='lat' dir='ltr'><strong>singula</strong></span> <span class='ocrx_word' id='word_1_583' title='bbox 1031 5609 1158 5664; x_wconf 65' lang='lat' dir='ltr'><strong>quae</strong></span> <span class='ocrx_word' id='word_1_584' title='bbox 1180 5603 1355 5650; x_wconf 91' lang='lat' dir='ltr'><strong>noset</strong></span> <span class='ocrx_word' id='word_1_585' title='bbox 1388 5594 1651 5653; x_wconf 65' lang='lat' dir='ltr'><strong>Ecclesia</strong></span> 
     </span>
    </p>
   </div>
   <div class='ocr_carea' id='block_1_94' title="bbox 126 5662 1651 5762">
    <p class='ocr_par' dir='ltr' id='par_1_94' title="bbox 126 5662 1651 5762">
     <span class='ocr_line' id='line_1_94' title="bbox 126 5662 1651 5762; baseline 0.021 -47"><span class='ocrx_word' id='word_1_586' title='bbox 126 5662 202 5719; x_wconf 77' lang='lat' dir='ltr'><strong>SS.</strong></span> <span class='ocrx_word' id='word_1_587' title='bbox 222 5668 389 5731; x_wconf 77' lang='lat' dir='ltr'><strong>Patres</strong></span> <span class='ocrx_word' id='word_1_588' title='bbox 418 5678 531 5735; x_wconf 89' lang='lat' dir='ltr'><strong>ullo</strong></span> <span class='ocrx_word' id='word_1_589' title='bbox 552 5681 717 5738; x_wconf 89' lang='lat' dir='ltr'><strong>modo</strong></span> <span class='ocrx_word' id='word_1_590' title='bbox 736 5662 1285 5758; x_wconf 53' lang='lat' dir='ltr'><strong>spectantescutere,</strong></span> <span class='ocrx_word' id='word_1_591' title='bbox 1304 5690 1490 5746; x_wconf 89' lang='lat' dir='ltr'><strong>omnia</strong></span> <span class='ocrx_word' id='word_1_592' title='bbox 1526 5707 1651 5762; x_wconf 65' lang='lat' dir='ltr'><strong>quae</strong></span> 
     </span>
    </p>
   </div>
   <div class='ocr_carea' id='block_1_95' title="bbox 126 5765 1710 5855">
    <p class='ocr_par' dir='ltr' id='par_1_95' title="bbox 126 5765 1710 5855">
     <span class='ocr_line' id='line_1_95' title="bbox 126 5765 1710 5855; baseline 0.02 -43"><span class='ocrx_word' id='word_1_593' title='bbox 126 5765 454 5825; x_wconf 80' lang='lat' dir='ltr'><strong>auctoritatem</strong></span> <span class='ocrx_word' id='word_1_594' title='bbox 513 5771 575 5829; x_wconf 92' lang='lat' dir='ltr'><strong>S.</strong></span> <span class='ocrx_word' id='word_1_595' title='bbox 622 5772 813 5847; x_wconf 74' lang='lat' dir='ltr'><strong>lgnatii</strong></span> <span class='ocrx_word' id='word_1_596' title='bbox 851 5779 1183 5838; x_wconf 82' lang='lat' dir='ltr'><strong>conﬁrmare</strong></span> <span class='ocrx_word' id='word_1_597' title='bbox 1217 5783 1432 5852; x_wconf 86' lang='lat' dir='ltr'><strong>possint</strong></span> <span class='ocrx_word' id='word_1_598' title='bbox 1481 5799 1649 5855; x_wconf 74' lang='lat' dir='ltr'><strong>cxpo-</strong></span> <span class='ocrx_word' id='word_1_599' title='bbox 1677 5800 1710 5844; x_wconf 73' lang='grc' dir='ltr'><strong>ο.</strong></span> 
     </span>
    </p>
   </div>
   <div class='ocr_carea' id='block_1_96' title="bbox 1760 5316 3344 5383">
    <p class='ocr_par' dir='ltr' id='par_1_96' title="bbox 1760 5316 3344 5383">
     <span class='ocr_line' id='line_1_96' title="bbox 1760 5316 3344 5383; baseline -0.006 -10"><span class='ocrx_word' id='word_1_600' title='bbox 1760 5318 1946 5373; x_wconf 87' lang='lat' dir='ltr'><strong>minus</strong></span> <span class='ocrx_word' id='word_1_601' title='bbox 1976 5324 2183 5372; x_wconf 89' lang='lat' dir='ltr'><strong>attente</strong></span> <span class='ocrx_word' id='word_1_602' title='bbox 2210 5317 2656 5383; x_wconf 77' lang='lat' dir='ltr'><strong>considerarent,</strong></span> <span class='ocrx_word' id='word_1_603' title='bbox 2690 5316 3036 5377; x_wconf 87' lang='lat' dir='ltr'><strong>innotescat;</strong></span> <span class='ocrx_word' id='word_1_604' title='bbox 3075 5326 3190 5365; x_wconf 89' lang='lat' dir='ltr'><strong>rem</strong></span> <span class='ocrx_word' id='word_1_605' title='bbox 3226 5327 3344 5365; x_wconf 90' lang='lat' dir='ltr'><strong>om-</strong></span> 
     </span>
    </p>
   </div>
   <div class='ocr_carea' id='block_1_97' title="bbox 1758 5403 3355 5480">
    <p class='ocr_par' dir='ltr' id='par_1_97' title="bbox 1758 5403 3355 5480">
     <span class='ocr_line' id='line_1_97' title="bbox 1758 5403 3355 5480; baseline -0.003 -15"><span class='ocrx_word' id='word_1_606' title='bbox 1758 5426 1884 5465; x_wconf 88' lang='lat' dir='ltr'><strong>nem</strong></span> <span class='ocrx_word' id='word_1_607' title='bbox 1909 5408 2082 5480; x_wconf 91' lang='lat' dir='ltr'><strong>(quod</strong></span> <span class='ocrx_word' id='word_1_608' title='bbox 2107 5422 2137 5462; x_wconf 90' lang='lat' dir='ltr'><strong>a</strong></span> <span class='ocrx_word' id='word_1_609' title='bbox 2161 5409 2383 5464; x_wconf 89' lang='lat' dir='ltr'><strong>nemine</strong></span> <span class='ocrx_word' id='word_1_610' title='bbox 2407 5407 2590 5463; x_wconf 90' lang='lat' dir='ltr'><strong>adhuc</strong></span> <span class='ocrx_word' id='word_1_611' title='bbox 2619 5406 2822 5461; x_wconf 79' lang='lat' dir='ltr'><strong>factum</strong></span> <span class='ocrx_word' id='word_1_612' title='bbox 2847 5418 2972 5459; x_wconf 90' lang='lat' dir='ltr'><strong>esse</strong></span> <span class='ocrx_word' id='word_1_613' title='bbox 2994 5404 3173 5473; x_wconf 85' lang='lat' dir='ltr'><strong>video)</strong></span> <span class='ocrx_word' id='word_1_614' title='bbox 3197 5403 3355 5461; x_wconf 72' lang='lat' dir='ltr'><strong>clare,</strong></span> 
     </span>
    </p>
   </div>
   <div class='ocr_carea' id='block_1_98' title="bbox 1754 5498 3341 5575">
    <p class='ocr_par' dir='ltr' id='par_1_98' title="bbox 1754 5498 3341 5575">
     <span class='ocr_line' id='line_1_98' title="bbox 1754 5498 3341 5575; baseline -0.005 -15"><span class='ocrx_word' id='word_1_615' title='bbox 1754 5515 1811 5560; x_wconf 88' lang='lat' dir='ltr'><strong>et</strong></span> <span class='ocrx_word' id='word_1_616' title='bbox 1849 5504 2086 5561; x_wconf 84' lang='lat' dir='ltr'><strong>ﬁdeliter</strong></span> <span class='ocrx_word' id='word_1_617' title='bbox 2129 5519 2459 5575; x_wconf 91' lang='lat' dir='ltr'><strong>proponam.</strong></span> <span class='ocrx_word' id='word_1_618' title='bbox 2514 5502 2826 5559; x_wconf 87' lang='lat' dir='ltr'><strong>Sententias</strong></span> <span class='ocrx_word' id='word_1_619' title='bbox 2860 5498 3151 5555; x_wconf 90' lang='lat' dir='ltr'><strong>doctorum</strong></span> <span class='ocrx_word' id='word_1_620' title='bbox 3194 5499 3341 5553; x_wconf 76' lang='lat' dir='ltr'><strong>viro-</strong></span> 
     </span>
    </p>
   </div>
   <div class='ocr_carea' id='block_1_99' title="bbox 1756 5590 3341 5668">
    <p class='ocr_par' dir='ltr' id='par_1_99' title="bbox 1756 5590 3341 5668">
     <span class='ocr_line' id='line_1_99' title="bbox 1756 5590 3341 5668; baseline -0.006 -13"><span class='ocrx_word' id='word_1_621' title='bbox 1756 5613 1906 5665; x_wconf 87' lang='lat' dir='ltr'><strong>rum,</strong></span> <span class='ocrx_word' id='word_1_622' title='bbox 1931 5598 2316 5668; x_wconf 89' lang='lat' dir='ltr'><strong>cujuscunque</strong></span> <span class='ocrx_word' id='word_1_623' title='bbox 2345 5594 2623 5666; x_wconf 90' lang='lat' dir='ltr'><strong>opinionis</strong></span> <span class='ocrx_word' id='word_1_624' title='bbox 2652 5592 2879 5661; x_wconf 84' lang='lat' dir='ltr'><strong>fuerint,</strong></span> <span class='ocrx_word' id='word_1_625' title='bbox 2906 5609 2974 5650; x_wconf 92' lang='lat' dir='ltr'><strong>co</strong></span> <span class='ocrx_word' id='word_1_626' title='bbox 3004 5593 3125 5663; x_wconf 92' lang='lat' dir='ltr'><strong>ipso</strong></span> <span class='ocrx_word' id='word_1_627' title='bbox 3145 5590 3341 5647; x_wconf 85' lang='lat' dir='ltr'><strong>ordine</strong></span> 
     </span>
    </p>
   </div>
   <div class='ocr_carea' id='block_1_100' title="bbox 1759 5687 3339 5761">
    <p class='ocr_par' dir='ltr' id='par_1_100' title="bbox 1759 5687 3339 5761">
     <span class='ocr_line' id='line_1_100' title="bbox 1759 5687 3339 5761; baseline -0.006 -15"><span class='ocrx_word' id='word_1_628' title='bbox 1759 5707 1871 5761; x_wconf 89' lang='lat' dir='ltr'><strong>quo</strong></span> <span class='ocrx_word' id='word_1_629' title='bbox 1908 5690 2252 5761; x_wconf 90' lang='lat' dir='ltr'><strong>scripserunt</strong></span> <span class='ocrx_word' id='word_1_630' title='bbox 2294 5689 2551 5755; x_wconf 82' lang='lat' dir='ltr'><strong>referam,</strong></span> <span class='ocrx_word' id='word_1_631' title='bbox 2604 5687 2877 5744; x_wconf 86' lang='lat' dir='ltr'><strong>editiones</strong></span> <span class='ocrx_word' id='word_1_632' title='bbox 2903 5687 3274 5757; x_wconf 77' lang='lat' dir='ltr'><strong>Epistolarum</strong></span> <span class='ocrx_word' id='word_1_633' title='bbox 3312 5698 3339 5736; x_wconf 63' lang='grc' dir='ltr'><strong>θ</strong></span> 
     </span>
    </p>
   </div>
   <div class='ocr_carea' id='block_1_101' title="bbox 1761 5780 3338 5853">
    <p class='ocr_par' dir='ltr' id='par_1_101' title="bbox 1761 5780 3338 5853">
     <span class='ocr_line' id='line_1_101' title="bbox 1761 5780 3338 5853; baseline -0.004 -14"><span class='ocrx_word' id='word_1_634' title='bbox 1761 5799 1896 5839; x_wconf 91' lang='lat' dir='ltr'><strong>mss.</strong></span> <span class='ocrx_word' id='word_1_635' title='bbox 1933 5792 2219 5839; x_wconf 71' lang='lat' dir='ltr'><strong>crutarsm</strong></span> <span class='ocrx_word' id='word_1_636' title='bbox 2250 5782 2456 5851; x_wconf 87' lang='lat' dir='ltr'><strong>varias,</strong></span> <span class='ocrx_word' id='word_1_637' title='bbox 2480 5792 2534 5839; x_wconf 90' lang='lat' dir='ltr'><strong>et</strong></span> <span class='ocrx_word' id='word_1_638' title='bbox 2560 5798 2589 5838; x_wconf 89' lang='lat' dir='ltr'><strong>a</strong></span> <span class='ocrx_word' id='word_1_639' title='bbox 2615 5799 2673 5841; x_wconf 89' lang='lat' dir='ltr'><strong>se</strong></span> <span class='ocrx_word' id='word_1_640' title='bbox 2701 5798 2926 5853; x_wconf 88' lang='lat' dir='ltr'><strong>quoquo</strong></span> <span class='ocrx_word' id='word_1_641' title='bbox 2950 5780 3114 5838; x_wconf 84' lang='lat' dir='ltr'><strong>modo</strong></span> <span class='ocrx_word' id='word_1_642' title='bbox 3134 5780 3338 5835; x_wconf 83' lang='lat' dir='ltr'><strong>discre-</strong></span> 
     </span>
    </p>
   </div>
  </div>
