3786 6298
110 322 177 380 53
812 314 862 371 Ι.
906 310 1275 368 PEARSONll
1316 303 1636 364 VINDlCUE

1850 304 2112 362 ΤΙΑΝᾹΞ.
2139 340 2207 349 -
2244 307 2667 366 ΡΒΟαΞΜΙΗΜ.
3304 312 3374 370 54

107 457 226 510 gns.
259 437 525 495 Martinus
552 436 922 501 Cbemnitius,
948 435 1004 490 in
1041 433 1307 489 Examine
1323 428 1543 486 concilii
1565 422 1688 477 Tri-
1715 424 1763 482 A
1862 425 2086 481 Interim
2116 432 2448 485 reverendus
2493 428 2789 484 admodum
2833 426 3156 498 Whitgil’tus
3184 427 3237 481 in
3273 426 3375 482 Ec-

106 534 333 599 tlentini,
352 533 545 587 harum
573 530 943 601 Epistolarum
967 526 1297 584 testimoniis
1320 538 1464 593 saepe
1489 520 1681 585 utitur,

103 628 291 696 eisque
325 626 561 678 multum
596 622 811 677 tribuit.
851 620 1098 691 Ignatius
1127 635 1268 681 vero,
1296 615 1495 686 inquit,
1527 612 1683 665 audi-

103 730 185 772 εσυ
213 715 465 779 Joannis,
497 718 553 769 in
584 713 825 784 Epistola
872 713 941 766 ad
980 710 1449 778 Philadelphenses
1484 705 1549 761 de
1582 722 1683 759 ete-

102 809 266 862 liba'u
302 816 352 862 et
387 806 634 878 conjugio
661 822 806 861 more
839 820 1061 875 prorsus
1095 802 1386 871 apostolico
1423 798 1678 869 loquitur.

103 899 163 955 Et
190 901 319 955 alibi
349 916 461 955 non
493 901 613 956 sine
656 917 893 957 censura
932 901 1138 956 laudat.
1174 900 1377 971 Ignatii
1414 897 1680 967 Epistolas

98 995 359 1048 exstitisse
393 1009 496 1048 non
538 1002 749 1048 tantum
793 993 1029 1061 Eusebii,
1063 1010 1245 1049 verum
1288 993 1447 1047 etiam
1492 989 1682 1043 Hiero-

99 1087 238 1155 nymi
272 1095 523 1155 tempore,
568 1096 769 1140 certum
819 1096 917 1141 est.
962 1084 1237 1140 Feruntur
1278 1101 1416 1138 nunc
1448 1081 1680 1136 Latine:

96 1187 210 1230 sunt
243 1179 404 1232 editae
429 1182 593 1233 etiam
621 1178 805 1235 Greece
838 1196 857 1235 :
894 1188 945 1233 et
979 1178 1178 1233 multas
1205 1176 1395 1232 habent
1424 1192 1528 1230 non
1554 1191 1681 1229 con-

96 1271 399 1324 temnendas
431 1272 740 1339 sententias,
777 1272 1075 1342 prtesertim
1104 1270 1244 1325 sicut
1278 1266 1461 1325 erce
1498 1269 1679 1339 legun-

96 1376 195 1419 tur.
250 1366 501 1420 Admista
554 1379 729 1421 tamen
773 1377 895 1423 sunt
941 1377 993 1422 et
1044 1368 1156 1422 alia
1188 1383 1293 1422 non
1336 1382 1527 1435 pauca,
1562 1381 1680 1436 quas

92 1460 321 1528 profecto
382 1477 488 1514 non
541 1462 776 1528 referunt
823 1462 1138 1532 gravitatem
1188 1461 1558 1531 apostolicam.
1614 1458 1680 1513 Et

92 1570 283 1609 rursus
325 1573 340 1609 :
384 1555 459 1609 De
496 1555 754 1625 Epistolis
791 1556 956 1627 igitur
985 1556 1097 1610 illis
1142 1555 1349 1627 Ignatii
1376 1571 1496 1627 qute
1541 1570 1679 1609 nunc

91 1647 195 1714 ejus
244 1647 408 1701 titulo
457 1649 729 1718 feruntur,
781 1650 971 1703 merito
1012 1649 1319 1703 dubitamus
1352 1663 1373 1702 :
1410 1648 1681 1717 transfor-

88 1749 238 1793 matte
265 1742 412 1794 enim
440 1740 682 1796 videntur
720 1743 774 1795 in
809 1741 992 1795 multis
1026 1741 1159 1795 locis
1195 1740 1674 1795 ad‘stabiliendum

87 1841 279 1885 statum
309 1834 459 1904 regni
488 1834 751 1903 pontificii
780 1850 801 1888 :
833 1832 904 1887 Et
944 1835 1201 1889 divinitus
1237 1834 1414 1897 iudico
1445 1850 1560 1889 esse
1581 1833 1671 1902 fa-

87 1931 242 1985 ctum,
286 1924 433 1994 quod
486 1926 793 1981 adulterina
842 1926 1089 1997 qutvdam
1127 1939 1435 1982 assumenta
1483 1942 1582 1981 suo
1619 1943 1676 1981 se

86 2015 281 2069 indicio
310 2018 561 2084 prodant.
591 2017 813 2075 Primus
844 2020 1016 2087 enim,
1069 2028 1131 2074 ut
1159 2020 1377 2091 opinor,
1412 2021 1676 2076 observa-

88 2106 178 2171 vit,
223 2108 416 2162 locum
456 2124 524 2164 ex
576 2109 819 2181 Epistula
872 2112 942 2166 ad
1006 2114 1324 2185 Smyrnzeos
1367 2113 1594 2168 citatum
1643 2129 1674 2168 a

88 2198 451 2267 Theodoreto,
492 2218 596 2257 nec
616 2205 671 2258 in
702 2204 910 2260 Graecis
931 2206 1217 2261 codicibus
1244 2221 1343 2261 nec
1375 2207 1428 2260 in
1464 2206 1675 2260 Latinis

86 2293 332 2362 reperiri,
390 2295 645 2366 quamvis
676 2312 707 2351 a
770 2297 1038 2353 Gulielmo
1081 2297 1417 2354 Widel’ordo.
1471 2299 1675 2369 pariter

86 2384 278 2442 citatus
310 2387 418 2453 sit;
447 2398 503 2443 et
542 2392 662 2445 loca
707 2390 944 2460 plurima
982 2408 1049 2445 ex
1086 2392 1419 2462 Apostolicis
1466 2394 1669 2449 consti-

89 2481 391 2538 tutionibus
424 2481 687 2552 Epistolis
716 2482 912 2554 lgnatii
941 2500 1064 2540 esse
1089 2494 1299 2541 assuta.
1328 2485 1463 2542 Post.
1504 2501 1671 2556 quem

84 2570 271 2627 Petrus
303 2572 590 2639 Canisius,
627 2574 711 2628 vir
752 2575 1030 2638 eruditus,
1080 2576 1149 2630 ad
1186 2575 1670 2631 conﬁrmationem

85 2665 398 2719 catecliismi
432 2666 755 2721 testimonio
795 2664 990 2737 lgnatii
1036 2681 1105 2722 ex
1147 2668 1317 2724 veteri
1374 2669 1673 2740 interprete

85 2758 411 2812 creberrime
450 2757 646 2813 utitur.

147 2850 567 2907 Centuriatores
607 2860 661 2907 et
703 2851 1016 2919 Calvinum,
1055 2853 1203 2924 quod
1251 2853 1519 2924 lgnatium
1559 2863 1669 2909 tam

84 2944 224 3009 parvi
255 2945 585 3012 penderent,
624 2946 945 3017 perstringit
973 2963 1080 3001 una
1114 2948 1383 3003 sententia
1409 2946 1670 3016 Campia-

85 3048 198 3096 nus,
238 3034 456 3090 ratione
486 3036 698 3106 quinta.
724 3036 1123 3094 Centuriatores
1154 3040 1480 3095 vehementer
1498 3040 1668 3107 offen-

1790 515 1969 571 clesia:
1998 528 2209 574 nostra:
2238 522 2629 576 controversiis
2655 519 2863 591 Ignatio
2895 521 3125 575 multum
3166 521 3374 577 tribue-

1790 606 1911 674 bat;
1942 621 1994 664 et
2025 611 2505 665 schismaticorum
2552 612 2874 683 coryphtcus
2924 610 3168 667 Thomas
3214 611 3373 666 Cart-

1789 700 2059 770 wriglttus
2098 703 2343 772 ejusdem
2383 705 2766 757 auctoritatem
2793 702 3127 773 defugiebat,
3170 711 3225 757 et
3249 703 3373 757 Cal-

1786 795 1977 849 vinum
2017 797 2173 867 sequi
2205 797 2510 863 professus,
2535 798 2752 868 aliaque
2781 808 3105 868 argumenta
3142 813 3208 852 ex
3239 813 3369 867 pro-

1787 888 1905 957 prio
1928 904 2069 958 penu
2105 889 2461 959 suppeditans
2504 890 2737 960 negabat
2778 897 3055 944 auctorem
3092 888 3369 958 Epistola—

1786 994 1909 1033 rum
1944 978 2115 1035 l‘uisse
2143 981 2295 1034 illum
2320 982 2699 1050 apostolorum
2729 981 3096 1051 discipulum;
3145 983 3290 1053 quod
3315 991 3372 1037 et

1783 1070 1904 1141 ejus
1929 1086 2193 1141 sequaces
2224 1071 2422 1136 fecere,
2456 1073 2674 1142 quoties
2700 1072 2906 1143 aliquid
2933 1075 3067 1142 ipsis
3091 1075 3368 1145 objectum

1783 1173 1888 1227 est,
1924 1163 2013 1219 cui
2042 1165 2378 1239 respondere
2410 1166 2569 1221 aliter
2615 1180 2723 1219 non
2773 1175 3103 1235 potuerunt:
3150 1167 3370 1237 quoties

1783 1271 1963 1323 autem
1990 1262 2057 1316 ad
2078 1261 2476 1333 presbyterium
2497 1260 2931 1315 conﬁrmandum
2959 1259 3166 1329 aliquid
3191 1259 3373 1315 facere

1782 1352 2090 1417 videbatur,
2123 1353 2243 1422 ejus
2291 1354 2617 1408 auctoritate
2661 1351 2894 1407 libenter
2945 1350 3372 1421 frequenterque

1782 1444 2097 1501 utebantur.
2149 1444 2226 1499 De
2270 1445 2473 1516 quibus
2498 1446 2734 1515 graviter
2786 1445 3141 1514 conqueritur
3182 1444 3366 1500 Lous:

1783 1541 2057 1613 Epistolas
2085 1544 2582 1608 tuas,sanctissime
2616 1541 2798 1613 Ignoti
2826 1583 2841 1608 ,
2886 1540 3216 1594 adulterinas
3258 1554 3371 1592 esse

1782 1637 2130 1691 contendunt.
2162 1634 2227 1696 In
2276 1636 2333 1689 id
2362 1637 2503 1689 enim
2544 1634 2886 1705 impudentia:
2924 1632 3295 1686 diverticulum
3321 1632 3369 1684 si

1782 1748 1883 1785 non
1915 1747 1969 1784 se
2001 1731 2309 1799 receperint,
2343 1729 2650 1783 adulterata
2681 1729 2887 1799 penitus
2938 1736 2987 1780 et
3043 1724 3369 1795 turpissimis

1779 1821 2027 1877 sordibus
2054 1838 2272 1892 aspersa
2308 1837 2492 1875 eorum
2524 1821 2771 1874 doctrina
2816 1818 3108 1871 habeatur:
3155 1826 3209 1869 ct
3247 1832 3373 1887 gra-

1777 1920 2039 1975 vissimus
2072 1916 2648 1987 prudentissimusque
2682 1912 3031 1978 Baucroltus,
3064 1911 3145 1963 Ad
3173 1926 3370 1964 morem

1779 2013 2161 2071 Geneveusiunt
2186 2009 2437 2081 Ignatius
2466 2008 2616 2079 loqui
2649 2006 2799 2060 debet
2826 2021 2843 2069 ;
2871 2013 2963 2057 aut
2987 2004 3033 2057 si
3067 2003 3184 2073 plus
3210 2018 3372 2072 quam

1779 2110 1939 2165 velint
1967 2124 2160 2179 urgeas
2186 2147 2202 2171 ,
2240 2103 2602 2175 pauperculus
2642 2102 2892 2171 antiquus
2924 2098 3092 2152 Pater
3120 2099 3217 2152 iste
3244 2106 3367 2151 tan-

1775 2218 1937 2274 quam
1964 2201 2188 2271 ﬁctilius
2216 2207 2266 2252 et
2286 2198 2441 2251 homo
2469 2211 2635 2251 vanus
2657 2193 2782 2262 jure
2804 2192 3063 2263 rejicitur.

1849 2294 1990 2350 Tum
2021 2309 2154 2347 vero
2189 2287 2618 2347 eminentissimi
2669 2285 2780 2341 duo
2818 2285 3126 2340 cardinales
3147 2325 3162 2351 ,
3193 2282 3366 2337 Baro-

1778 2389 1904 2444 nius
1927 2397 2093 2457 atque
2138 2386 2526 2451 Bellarminus,
2576 2384 2652 2439 ita
2698 2382 3039 2455 judicabant.
3097 2376 3368 2432 Baronius

1776 2490 1936 2537 caute
1976 2479 2525 2551 primumdistinguit
2551 2480 2697 2534 inter
2729 2477 2988 2547 epistolas
3024 2474 3217 2528 Latine
3247 2480 3369 2526 tan-

1777 2585 1892 2631 tum
1915 2582 2218 2639 exstantes,
2248 2581 2304 2628 et
2332 2587 2427 2627 eas
2448 2588 2570 2642 qua:
2594 2571 2783 2627 Graece
2808 2570 2974 2625 etiam
3000 2565 3322 2637 prodierant
3349 2581 3366 2631 ;

1775 2667 1991 2738 priores
2020 2666 2228 2721 nullius
2265 2664 2614 2721 auctoritatis
2641 2678 2762 2719 esse
2783 2661 3000 2728 innuit;
3034 2657 3369 2730 posteriores

1776 2776 1970 2817 omnes
1997 2761 2155 2816 avide
2201 2759 2590 2831 amplectitur,
2636 2757 2989 2825 incorruptas
3018 2761 3073 2808 et
3124 2753 3368 2821 integras

1773 2869 1897 2911 esse
1925 2853 2269 2925 pronuntiat,
2293 2866 2499 2923 easque
2533 2850 2689 2905 miris
2719 2849 2875 2905 etl‘ert
2916 2845 3196 2902 laudibus.
3244 2840 3367 2897 Non

1773 2949 1921 3001 enim
1952 2956 2158 3016 septem
2191 2953 2402 3000 tantum
2430 2943 2668 2999 Eusebio
2686 2942 2961 3013 cognitas,
2998 2940 3093 2995 sed
3116 2946 3169 2993 et
3201 2936 3368 3007 quin-

1773 3055 1881 3111 que
1910 3039 2153 3110 reliquas
2199 3037 2405 3110 Ignatii
2432 3054 2544 3093 esse
2569 3053 2874 3108 germanas,
2916 3034 3231 3101 easdemque
3254 3030 3368 3083 sin-

84 3126 153 3178 dit
184 3124 473 3197 Ignatius;
509 3128 731 3198 offendit
778 3140 828 3185 et
870 3130 1176 3195 Calvinum,
1211 3141 1268 3185 ut
1303 3133 1358 3186 in
1381 3132 1496 3203 ejus
1535 3131 1667 3201 Epi—
1690 3131 1738 3191 α
1770 3133 2095 3197 carissimas,
2115 3147 2265 3185 nemo
2277 3130 2422 3200 jure,
2449 3129 2648 3199 inquit,
2667 3127 2861 3197 poterit
2885 3118 3149 3179 dubitare.
3173 3122 3370 3180 Bellan-

84 3221 223 3273 stolis
254 3222 520 3290 deformes
545 3239 720 3279 ntevos
781 3233 832 3278 et
868 3224 1086 3294 putidas
1142 3226 1347 3280 rtwnias
1391 3226 1668 3279 hominum

85 3313 381 3382 quisquilia:
403 3317 666 3372 notarint.
702 3316 952 3371 Defendit
983 3316 1164 3372 statim
1190 3318 1477 3373 Calvinum
1506 3317 1669 3373 κνω-

90 3401 320 3470 takerus,
354 3406 503 3476 quod
546 3406 815 3477 lgnatium
870 3408 934 3461 ab
981 3410 1248 3463 hazreticis
1300 3410 1668 3464 introductum

87 3504 329 3565 tanquam
372 3498 628 3567 improba:
652 3509 703 3554 et
729 3501 1059 3556 detestandte
1076 3503 1353 3556 sententia:
1382 3511 1667 3572 patronum

87 3586 360 3653 repalerit;
387 3588 506 3657 ipse
531 3588 805 3659 Epistolas
836 3595 1077 3647 obscura:
1094 3593 1372 3662 dubiaeque
1395 3595 1524 3664 ﬁdei
1550 3611 1671 3652 esse

87 3687 247 3744 notat,
282 3682 425 3749 quod
450 3680 629 3751 plures
664 3682 1035 3754 Ignationunc
1070 3686 1436 3752 ascriban'tur,
1466 3689 1531 3743 de
1550 3690 1669 3759 qui-

87 3768 172 3822 bis
192 3770 448 3828 Eusebius
470 3785 519 3829 et
554 3775 911 3848 Hieronymus
935 3795 1037 3833 non
1056 3781 1427 3849 meminerunt,
1456 3792 1505 3837 et
1530 3783 1670 3854 quod

86 3868 192 3934 ejus
221 3871 493 3939 quoddam
543 3872 745 3925 dictum
780 3875 965 3928 recitet
995 3874 1359 3945 Hieronymus
1420 3878 1673 3947 aliudque

92 3957 460 4027 Theodoretus,
495 3963 635 4032 quod
666 3966 722 4017 in
756 3965 874 4018 istis
900 3983 1018 4036 qua:
1053 3969 1509 4035 circumferuntur
1536 3968 1672 4038 Epi-

88 4053 225 4105 stolis
250 4070 517 4123 nusquam
541 4056 822 4123 reperitur.
850 4055 917 4110 Et
945 4057 1014 4112 de
1029 4058 1321 4127 posteriori
1347 4042 1672 4128 argumento

89 4157 116 4194 a
148 4142 333 4199 Duraao
356 4145 690 4202 sollicitatus
723 4165 736 4201 :
768 4146 853 4201 Ex
878 4165 960 4216 eo,
998 4150 1197 4219 inquit,
1238 4149 1445 4221 Ignatii
1469 4152 1674 4221 scripta

89 4254 263 4303 parum
286 4240 497 4310 integra
520 4257 791 4310 superesse
826 4254 1057 4300 constat.
1086 4245 1164 4300 Ac
1181 4261 1310 4301 mox
1340 4245 1675 4302 Bellarmiuo

90 4331 412 4397 respondens
446 4372 463 4397 ,
514 4347 583 4386 ex
611 4332 904 4389 duodecim
952 4334 1147 4406 lgnatii
1191 4337 1441 4407 epistolis
1488 4337 1675 4393 Graece

92 4422 423 4477 exstantibus
455 4432 663 4493 septem
712 4434 925 4480 tantum
970 4438 1304 4484 memoratas
1348 4411 1589 4517 Eusebio
1621 4438 1673 4485 et

94 4508 411 4587 Hieronymo
434 4517 841 4580 animadvertit,
867 4520 932 4573 de
957 4520 1171 4591 quibus,
1192 4523 1391 4593 inquit,
1409 4508 1538 4594 quid
1566 4534 1675 4578 sta-

95 4610 318 4673 tuamus,
348 4624 479 4661 num
512 4609 619 4663 sint
656 4609 884 4681 Ignatii,
940 4631 1009 4667 an
1054 4615 1277 4670 alterius
1337 4618 1670 4688 cujusquam,

95 4707 182 4746 non
211 4698 342 4751 satis
393 4708 647 4763 constat;
680 4712 890 4756 constat
921 4714 1099 4758 autem
1142 4707 1374 4777 quinque
1412 4725 1524 4764 esse
1560 4710 1673 4764 sine

96 4784 240 4840 dubio
268 4791 485 4858 spurius
508 4801 558 4843 et
593 4792 948 4848 adulterinas.
989 4796 1179 4852 Eidem
1232 4798 1545 4868 Campiano
1586 4818 1673 4857 re-

98 4885 350 4952 spondens
373 4886 710 4943 Laurentius
757 4889 1110 4959 lluml‘redus,
1160 4904 1314 4950 notat
1347 4894 1672 4967 Magdebur-

96 4990 257 5043 gentes
319 4978 757 5035 moderatissima
810 4984 1052 5038 oratione
1096 4986 1509 5053 prudentissime
1553 5003 1671 5041 mo-

99 5068 274 5133 nuisse,
307 5069 759 5140 haberi'qua'dam
786 5073 840 5126 in
863 5073 1007 5127 hisce
1028 5071 1286 5144 Epistolis
1306 5076 1528 5147 Ignatii,
1553 5097 1672 5149 qua:

96 5158 156 5208 ad
178 5160 436 5229 deformes
470 5178 647 5216 ntevos
683 5164 955 5218 declinare
1000 5167 1276 5233 videntur;
1328 5179 1383 5225 et
1423 5172 1669 5240 quaedam

96 5250 366 5320 Obrepsisse
409 5254 471 5307 in
521 5253 724 5325 Ignatii
749 5257 964 5325 scriptis
993 5259 1295 5314 adulterina
1325 5277 1429 5316 non
1452 5264 1669 5333 ferenda

99 5345 301 5413 asserit;
324 5363 446 5417 quia
484 5347 728 5418 sijrejicit
757 5349 1035 5418 Calvinus,
1070 5369 1173 5406 non
1208 5356 1393 5409 statim
1414 5358 1669 5413 dicendus

97 5443 163 5485 est
208 5446 299 5490 aut
334 5438 551 5508 iniquus
582 5455 768 5494 censor
800 5439 1038 5509 Ignatii,
1097 5454 1192 5499 aut
1248 5464 1411 5516 opera
1467 5450 1670 5521 Ignatii

98 5529 258 5581 omnia
286 5540 545 5601 tanquam
574 5532 790 5601 putidas
822 5534 1025 5588 manias
1070 5537 1394 5605 reprobare;
1425 5541 1668 5609 quando-

99 5620 287 5683 quidem
312 5639 373 5676 ea
408 5623 583 5677 solum
626 5640 744 5694 qua:
769 5624 1038 5693 culpanda
1065 5639 1187 5681 sunt
1238 5630 1293 5681 in
1331 5632 1670 5699 supposititio

100 5706 298 5778 Ignatio
326 5716 591 5780 pervellit.
623 5715 741 5785 lpse
768 5727 951 5771 autem
975 5718 1183 5787 aliquid
1231 5719 1490 5790 Epistolis
1523 5739 1666 5782 rese-

98 5812 251 5872 ctum,
281 5809 493 5880 aliquid
527 5819 777 5865 assutum
805 5825 930 5866 esse
963 5820 1236 5867 autumat.

1774 3225 1959 3281 minus
1980 3224 2370 3280 notatLatinas
2386 3234 2518 3287 tres,
2538 3222 2858 3294 gravitatem
2871 3218 3068 3290 eloquii
3083 3216 3141 3272 S.
3164 3215 3367 3287 lgnatii

1772 3320 1987 3375 omnino
2016 3335 2119 3373 non
2150 3316 2427 3381 redolere;
2477 3316 2724 3386 quinque
2774 3312 3015 3367 Eusebio
3057 3310 3369 3379 incognitas

1773 3412 1835 3464 ob
1858 3412 1985 3482 styli
2001 3411 2411 3466 similitudinem
2435 3420 2483 3464 et
2509 3410 2762 3479 spiritum
2788 3422 2905 3461 vere
2924 3402 3299 3475 apostolicum,
3334 3418 3369 3454 a

1773 3504 1901 3557 viris
1922 3503 2093 3557 doctis
2118 3502 2334 3556 omnino
2363 3501 2560 3570 recipi;
2594 3514 2699 3552 non
2747 3513 2859 3551 esse
2911 3510 3158 3565 magnam
3205 3494 3367 3562 ﬁdem

1773 3594 2069 3650 habendam
2090 3594 2362 3648 codicibus
2383 3592 2608 3658 ercis,
2624 3591 2714 3661 qui
2737 3603 2875 3642 nunc
2896 3595 3128 3650 exstant,
3152 3582 3367 3655 quando

1773 3689 2073 3756 discrepant
2098 3704 2141 3740 a.
2164 3684 2577 3754 Latinis;sa'pe
2598 3683 2738 3736 enim
2783 3680 3170 3740 emendatiores
3223 3677 3368 3733 iuver

1776 3780 1881 3833 uiri
1910 3778 2115 3832 codices
2141 3776 2364 3831 Latinos
2389 3792 2549 3846 quam
2581 3773 2826 3838 Grazcos;
2861 3771 3000 3842 quod
3051 3785 3253 3835 verum,
3283 3767 3368 3822 iu-

1774 3871 1913 3942 quit,
1947 3888 2058 3925 esse
2088 3869 2369 3940 intelliget,
2401 3867 2493 3938 qui
2542 3866 2773 3935 conferet
2806 3863 3114 3919 testimonia
3157 3877 3277 3931 quae
3303 3875 3369 3915 ex

1775 3960 1990 4033 Ignatio
2016 3961 2185 4014 citant
2217 3958 2276 4015 S.
2325 3959 2654 4013 Athanasius
2702 3966 2751 4011 et
2810 3954 3165 4013 Theodoretus
3191 3992 3205 4013 ,
3246 3968 3370 4013 cum

1776 4053 1945 4108 verbis
1985 4051 2225 4122 ejusdem
2256 4051 2484 4120 lgnatii,
2517 4066 2633 4120 qua:
2663 4064 2805 4102 nunc.
2852 4047 3104 4102 habemus
3136 4046 3192 4099 in
3221 4045 3369 4101 codi-

1776 4146 1920 4200 cibus
1951 4144 2161 4199 Latinis
2191 4155 2240 4198 et
2266 4143 2488 4199 ercis.

1851 4238 1927 4295 De
1951 4238 2194 4310 Epistola
2225 4239 2295 4292 ad
2318 4236 2620 4293 Tarsenses
2660 4236 2840 4305 primo
2871 4234 3087 4289 dubitat
3130 4230 3370 4289 Faustus

1780 4333 2041 4399 Socinus,
2077 4333 2163 4388 his
2181 4332 2387 4398 verbis,
2412 4330 2777 4401 responsione
2801 4328 2869 4383 ad
2888 4326 3170 4382 Wiekum:
3202 4326 3370 4393 Atque

1779 4427 1877 4479 hoc
1903 4427 2018 4495 ipso
2052 4434 2362 4497 argumento
2386 4424 2456 4479 ad
2479 4425 2577 4478 hoc
2603 4424 2777 4493 ipsum
2805 4421 3140 4491 probandum
3167 4416 3368 4470 videtur

1779 4520 1859 4572 uti
1892 4518 2163 4589 Ignatius,
2190 4529 2283 4572 aut
2314 4518 2553 4589 quisquis
2595 4518 2697 4585 fuit
2724 4525 2914 4569 auctor
2951 4512 3099 4566 illius
3131 4509 3373 4578 epistola:
3448 4554 3456 4563 .

1776 4622 1896 4678 qua:
1918 4606 2013 4660 sub
2043 4607 2159 4677 ejus
2183 4608 2393 4661 nomine
2445 4607 2515 4660 ad
2570 4605 2852 4659 Tarsenses
2911 4600 3224 4656 inscribitur
3250 4617 3269 4655 :
3317 4609 3372 4653 et

1776 4703 2105 4759 sententiam
2134 4717 2292 4758 suam
2328 4700 2554 4755 liberius
2579 4700 2647 4754 de
2680 4699 2937 4753 ominibus
2961 4695 3169 4766 profert
3191 4695 3372 4750 anim-

1776 4797 2101 4853 adversione
2158 4796 2225 4849 ad
2278 4794 2639 4851 assertionem
2699 4791 2991 4862 septimam
3050 4789 3385 4844 Posnaneu-'

1777 4892 1942 4947 sium.
1974 4888 2176 4960 Ignatii
2206 4889 2407 4957 scripta
2442 4888 2641 4957 partim
2669 4884 2998 4950 adulterina,
3047 4885 3245 4955 partim
3271 4882 3372 4934 ad-

1776 4986 1991 5040 modum
2016 4993 2271 5054 corrupta
2294 4992 2343 5037 et
2370 4982 2760 5037 additamentis
2786 4980 3107 5051 quibusdam
3138 4975 3372 5045 coinqui-

1777 5089 1936 5141 nata;
1973 5077 2105 5130 adeo
2128 5087 2184 5130 ut
2211 5090 2394 5130 eorum
2421 5090 2625 5145 quoque
2642 5074 2696 5125 in
2719 5072 2849 5141 ipsis
2881 5073 2976 5141 ﬁat
3010 5068 3225 5133 mentio,
3250 5082 3369 5135 quia

1775 5183 1880 5219 non
1932 5166 2036 5219 nisi
2067 5174 2186 5235 post
2221 5165 2428 5236 aliquot
2482 5163 2680 5217 saecula
2734 5164 3078 5217 exstiterunt.
3130 5157 3198 5211 Et
3243 5157 3372 5213 licet

1774 5258 2031 5312 Latinum
2058 5257 2251 5329 lgnatii
2274 5259 2558 5327 exemplar
2582 5254 2966 5313 tantummodo
2998 5261 3129 5305 tunc
3159 5258 3371 5320 tempo-

1772 5352 1851 5409 ris
1879 5350 2129 5414 vidisset,
2161 5359 2216 5405 et
2246 5352 2533 5405 missarum
2576 5364 2709 5405 voce
2733 5348 2977 5403 oﬂensus
3007 5344 3112 5399 ista
3161 5343 3369 5399 scribe-

1772 5454 1885 5512 ret;
1920 5454 2119 5501 nactus
2179 5453 2359 5501 tamen
2398 5454 2585 5515 postea
2642 5441 2890 5497 Graecum
2942 5437 3209 5504 codicem,
3275 5435 3366 5491 ubi

1771 5553 1896 5592 eum
1931 5538 2112 5592 locum
2139 5538 2297 5591 aliter
2324 5553 2382 5591 se
2410 5537 2610 5589 habere
2631 5531 2859 5597 invenit,
2897 5531 3222 5585 sententiam
3260 5542 3366 5583 non

1774 5633 2029 5685 mutavit.
2077 5628 2200 5683 Non
2236 5631 2426 5684 desunt
2457 5638 2656 5693 tamen,
2688 5626 2891 5695 inquit,
2934 5626 2991 5678 in
3035 5626 3148 5693 ipso
3185 5622 3368 5677 Greece

1773 5721 2065 5792 exemplari
2090 5722 2359 5790 quazdam,
2397 5734 2513 5789 qua:
2562 5735 2666 5772 non
2722 5735 2845 5772 cum
2902 5717 3107 5788 lgnatii
3149 5714 3365 5779 sarculo,

1769 5818 1859 5873 sed
1921 5834 2036 5870 eum
2074 5813 2470 5870 succedentibus
2526 5814 2868 5879 conveniant,
2917 5822 2971 5868 ct
3032 5811 3250 5865 tandem
3305 5811 3359 5861 in
