3786 6286
449 320 523 376 155
1523 320 1577 375 S.
1620 317 1967 376 lGNATlUS.
2008 349 2077 358 ——
2112 319 2621 377 PROLEGOMENA
3645 327 3706 384 ὣ

452 438 601 490 liunc
653 434 877 489 modum
912 434 1222 491 concludit:
1261 432 1422 500 Fuit,
1455 436 1734 499 nimirum,
1766 435 1900 489 liber
1933 435 2032 488 iste
2059 435 2107 491 A
2132 434 2343 490 litteras
2369 437 2713 505 conscripsit.
2753 434 3009 505 Epistolas
3058 436 3224 507 igitur
3252 437 3574 509 lgnatiante,
3619 443 3706 511 ju-

450 525 819 596 Epistolarum
844 525 1057 597 lgnatii,
1077 526 1495 596 quandocumque
1526 525 1587 579 id
1616 526 1818 596 factum
1847 526 2030 595 fuerit,

448 623 513 675 ab
541 622 607 676 iis
636 624 837 692 partim
875 623 1219 692 deprauatus,
1248 622 1448 692 partim
1481 625 1646 676 etiam
1685 622 2031 676 consarcina-

448 723 555 773 tus.
598 715 689 783 qui
730 715 1063 785 tyrannidem
1090 715 1477 783 episcoporum,
1502 729 1605 767 non
1648 714 1703 768 in
1733 712 2033 767 Ecclesiam

420 790 680 868 otantum,
704 808 794 862 sed
813 808 868 859 in
894 806 1270 877 rempublicam
1303 823 1527 878 quoque,
1559 816 1744 861 contra
1772 823 1925 860 omne
1934 806 2029 875 jus

448 897 654 966 fasque,
681 899 1289 971 invectam‘vehementer
1311 899 1611 971 probabant
1638 940 1655 966 ,
1704 914 1769 953 ac
1788 898 2032 953 stabilire

446 989 707 1047 volebant.
740 990 818 1047 ita
849 993 941 1049 ille
988 992 1045 1049 in
1070 992 1395 1051 defensione
1422 994 1626 1065 prioris
1676 994 2027 1050 animadver-

444 1081 635 1137 stonis.

514 1172 685 1232 Paulo
738 1186 863 1247 post
918 1178 1240 1249 Rodolphus
1290 1178 1663 1251 Hospinianus
1728 1181 2027 1253 Tigurinus

444 1267 707 1329 Historia:
726 1274 1165 1329 sacramentarirc
1188 1273 1226 1328 ι.
1246 1289 1305 1339 ιι,
1325 1290 1376 1329 c.
1405 1275 1457 1339 l,
1478 1274 1743 1345 lgnatium
1774 1286 2024 1332 nostrum

442 1372 705 1433 tanquam
727 1373 923 1420 testem
953 1365 1448 1436 locupletissimum
1486 1367 1692 1423 laudat.
1747 1365 1879 1421 Cum
1908 1378 2026 1438 post

439 1454 803 1522 apostolorum
840 1465 1073 1526 tempora
1101 1458 1336 1513 Iaeretici
1372 1459 1650 1512 turmatim
1672 1468 2022 1528 erumperent,

437 1554 489 1597 et
514 1544 733 1600 sincera:
747 1546 1109 1614 apostolorum
1138 1547 1401 1601 doctrina
1444 1547 1777 1617 impudenter
1807 1557 2024 1601 contra-

438 1634 693 1704 dicerent,
726 1634 993 1707 Ignatius,
1012 1654 1151 1691 unus
1166 1654 1231 1692 es:
1256 1637 1573 1705 senioribus,
1597 1654 1717 1692 cum
1740 1637 2024 1692 Antiochia

439 1722 661 1777 Romam
692 1727 934 1796 captivus
956 1730 1274 1792 traheretur,
1314 1728 1492 1782 bestiis
1515 1726 1866 1798 objiciendus,
1891 1727 2023 1797 ﬁde-

2134 525 2256 580 dice
2283 524 2528 593 Bilsono,
2571 534 2626 580 et
2651 526 2769 596 ipso
2794 527 2939 591 vivo,
2967 534 3023 581 et
3049 528 3118 581 ab
3148 528 3266 597 ipso
3292 540 3421 585 sunt
3464 533 3705 587 conscri-

2134 626 2259 686 ptm.
2287 616 2392 683 Qui
2418 616 2667 686 ejusdem
2708 618 2893 685 oneris
2922 620 3102 688 capite
3134 620 3200 673 l4
3245 635 3437 675 carum
3469 622 3706 691 antiqui-

2136 716 2299 762 tatem
2320 708 2524 763 diserte
2552 708 2784 763 asserit:
2813 724 2941 764 eum
2966 710 3112 764 enim
3141 708 3568 779 Tertullianum,
3608 713 3704 784 Cy-

2133 799 2384 870 prianum
2414 809 2468 855 et
2488 800 2884 872 Hieronymum
2909 802 3251 859 nominasset
3281 823 3297 859 :
3323 803 3481 870 Silii,
3503 806 3699 876 inquit.

2130 892 2265 945 satis
2301 892 2510 962 antiqui
2550 891 2630 947 uel
2660 894 2855 947 sinceri
2884 894 3028 948 vobis
3070 904 3224 951 testes
3262 912 3366 950 non
3403 898 3702 961 videantur,

2132 983 2316 1039 audite
2347 984 2475 1055 quid
2509 983 2784 1056 Ignatius,
2829 986 3129 1042 Antiochia:
3146 988 3444 1057 episcopus,
3497 987 3702 1043 Joanne

2132 1075 2373 1145 apostolo
2399 1076 2690 1131 etiamdum
2719 1077 2778 1131 in
2800 1078 2911 1132 vita
2942 1089 3208 1146 manente,
3228 1078 3446 1149 ejusque
3473 1079 3703 1149 discipu-

2129 1168 2235 1236 lus,
2258 1178 2374 1238 post
2408 1184 2563 1241 quem
2580 1178 2701 1224 octo
2713 1170 2825 1241 fere
2852 1173 3010 1227 annis
3034 1174 3294 1242 martyrio
3336 1174 3567 1242 aﬂ’cctus
3610 1186 3700 1237 est,

2129 1262 2200 1317 ad
2220 1260 2458 1316 diversas
2480 1260 2750 1317 Ecclesias
2764 1263 2826 1317 de
2840 1264 3205 1334 episcoporum
3225 1266 3552 1320 auctoritate
3576 1266 3701 1319 scri-

2130 1354 2240 1410 bat.
2293 1352 2369 1408 lta
2396 1352 2653 1409 Bilsonus
2687 1356 2825 1411 locis
2869 1357 3290 1426 quaiuplurimis
3320 1357 3382 1412 S.
3411 1356 3699 1428 ignatium.

2130 1452 2191 1498 ut
2218 1444 2665 1513 antiquissimum
2688 1455 2744 1500 et
2772 1446 3206 1502 sincerissimum
3241 1457 3433 1504 testem
3461 1448 3699 1504 adducit.

2198 1534 2544 1590 Abrahamus
2567 1534 2864 1603 Scultetus,
2912 1539 2968 1592 in
3021 1538 3259 1593 Medulla
3288 1540 3543 1607 Patrum,
3579 1558 3701 1612 pro-

2127 1626 2322 1697 positis
2346 1642 2414 1681 ει
2445 1635 2678 1698 utraque
2698 1638 2853 1697 parte
2890 1628 3199 1686 rationibus
3221 1672 3239 1700 ,
3292 1641 3348 1686 ct
3389 1647 3587 1689 eorum
3614 1636 3700 1704 qui

2127 1717 2337 1789 lgnatio
2374 1716 2476 1772 has
2517 1719 2785 1788 epistolas
2813 1720 3147 1789 tribuebant,
3176 1730 3232 1776 et
3262 1738 3459 1778 eorum
3509 1726 3606 1794 qui
3638 1742 3700 1779 an

436 1812 504 1864 lis
540 1829 603 1866 ac
626 1791 847 1868 solliciti
862 1818 1094 1884 pastoris
1121 1791 1299 1886 ofﬁcio
1326 1791 2019 1888 {ungens,vinitinerermul-
2050 1791 2095 1846 Β
2124 1820 2270 1866 reCle
2292 1811 2344 1867 ei
2370 1794 2741 1870 ltibuerenlur
2761 1813 3109 1881 dubitabant,
3128 1816 3347 1872 tandem
3367 1817 3442 1872 ita
3469 1791 3701 1888 pronun-

436 1910 519 1955 tas
540 1899 808 1959 Ecclesias
840 1916 950 1960 tam
976 1908 1087 1961 viva
1111 1924 1252 1972 voce,
1280 1926 1440 1979 quam
1467 1910 1705 1980 epistolis
1727 1912 2017 1980 conﬁrma-

435 1994 505 2046 vit
520 2010 539 2057 ;
572 1994 952 2069 admonuitque
979 2008 1036 2053 ut
1058 1999 1122 2054 ab
1143 2003 1407 2057 hazreticis
1426 2012 1476 2058 et
1500 2003 1847 2058 clandestinis
1866 2005 2022 2059 sedu-

431 2086 668 2143 ctoribus
706 2101 986 2158 caverent;
1014 2092 1108 2162 qui
1156 2092 1318 2160 clam,
1352 2095 1538 2150 insciis
1586 2097 1868 2167 episcopis,
1905 2113 2019 2152 sese

429 2174 783 2245 insinuantes,
810 2182 1103 2250 simplicem
1125 2183 1453 2252 plebeculam
1474 2184 1813 2252 seducebant,
1838 2195 1888 2240 et
1910 2186 2019 2256 pri-

431 2276 552 2321 vata
612 2272 868 2341 cogebant
917 2275 1304 2330 conventicula.
1373 2276 1527 2331 Inter
1584 2287 1776 2331 caetera
1834 2290 2014 2333 autem

430 2358 773 2430 Smyrnenses
805 2380 1010 2434 quoque
1048 2367 1385 2425 adhortatus.
1440 2366 1564 2422 Non
1617 2368 1767 2435 licet,
1818 2370 2011 2441 inquit,

428 2449 547 2503 sine
572 2451 854 2521 episcopo,
886 2470 1065 2526 neque
1096 2457 1315 2524 olferre,
1343 2474 1521 2529 neque
1551 2461 1881 2517 sacrilicium
1910 2463 2015 2517 im-

426 2541 673 2609 molare,
734 2559 910 2614 neque
963 2547 1186 2618 aliquod
1229 2551 1377 2604 aliud
1433 2551 1711 2621 publicum
1769 2553 2007 2609 ofﬁcium

426 2634 600 2690 obire.
639 2635 789 2692 Etin
826 2638 1072 2710 Epistola
1129 2644 1200 2697 ad
1254 2642 1560 2701 Trallianos
1618 2648 1751 2702 dicit
1804 2648 2012 2718 infideli

426 2726 738 2783 deteriorem
764 2748 896 2799 esse,
924 2733 1015 2804 qui
1041 2735 1237 2789 audeat
1271 2736 1477 2808 aliquid
1501 2740 1646 2793 circa
1674 2740 1866 2795 altaris
1902 2743 2009 2795 mi-

426 2817 704 2874 nisterium
731 2823 928 2892 facere,
963 2828 1067 2881 nisi
1087 2832 1380 2898 episcopus,
1405 2840 1498 2883 aut
1524 2833 1794 2902 presbyter
1824 2834 2006 2904 fuerit.

426 2907 490 2962 I'It
512 2910 676 2979 paulo
698 2924 819 2982 post
855 2916 1035 2971 locum
1072 2922 1140 2974 de
1170 2922 1368 2989 poculo
1394 2921 1761 2979 eucliaristico
1788 2925 2010 2980 univer-

422 3000 499 3055 sis
527 3001 825 3062 distributo
854 3022 920 3063 ex
950 3008 1192 3079 Epistola
1218 3014 1283 3066 ad
1317 3011 1802 3085 Pliiladelplicuses
1833 3017 2007 3072 addu-

420 3101 571 3181 eluiu
622 3098 857 3165 appellat
909 3113 1153 3170 apertum
1202 3107 1565 3161 testimonium
1620 3108 1857 3178 Ignatii,
1912 3111 2005 3181 qui

419 3180 648 3238 Joannis
683 3186 1038 3261 Evangelist
1075 3194 1371 3265 discipulus
1399 3199 1524 3267 fuit.

490 3275 805 3337 Peikinsius
831 3293 1012 3339 autem
1044 3296 1263 3344 nostras
1287 3289 1670 3347 Whitakerum
1700 3293 1916 3349 interim
1948 3297 2004 3351 in

419 3366 567 3423 hunc
595 3370 819 3426 modum
868 3377 1161 3444 sequitur:
1215 3377 1475 3436 Eusebius
1522 3399 1641 3435 cum
1683 3383 2005 3455 Hieronymo

416 3469 609 3526 septem
635 3461 839 3533 [gnatii
860 3483 957 3534 pro
986 3472 1119 3524 veris
1148 3475 1445 3527 numeravit
1471 3475 1725 3542 epistolas
1742 3495 1762 3532 :
1792 3492 1847 3531 at
1864 3497 2003 3535 nunc

415 3556 508 3607 sub
531 3555 679 3609 illius
698 3561 908 3614 nomine
945 3562 1210 3617 habentur
1243 3565 1545 3634 duodecim,
1585 3586 1814 3639 quarunt
1847 3574 2003 3643 quin-

411 3659 510 3707 que
564 3650 761 3713 spuria!
824 3663 967 3705 sunt.
1002 3650 1187 3706 Etiam
1220 3653 1466 3725 Epistol'a
1502 3661 1572 3713 ad
1620 3659 1875 3728 Ephesios
1905 3674 2002 3717 aut

410 3736 598 3801 spuria
638 3747 737 3803 est,
778 3752 871 3793 aut
900 3743 1087 3795 saltem
1119 3757 1403 3815 corrupta;
1437 3751 1567 3818 quia
1595 3753 1744 3806 locus
1775 3770 1808 3806 a
1836 3753 2001 3808 Theo-

410 3827 593 3879 oloreto
618 3838 667 3880 et
694 3827 907 3884 Gelasio
945 3848 1010 3885 ea:
1037 3833 1134 3888 illa
1164 3835 1362 3893 citatus
1394 3840 1449 3893 in
1500 3843 1695 3897 nostris
1724 3847 1998 3915 exempla.

411 3916 558 3968 ribus
588 3933 689 3972 non
718 3920 1000 3977 invenitur.

483 4008 725 4067 Thomas
749 4013 1004 4072 Bilsonus
1044 4028 1282 4085 nostras,
1312 4022 1397 4075 vir
1421 4026 1607 4096 magni
1657 4027 1709 4082 in
1749 4028 1994 4088 Ecclesia

412 4100 670 4166 ninninis,
700 4103 767 4158 de
790 4117 1051 4176 perpetua
1096 4112 1494 4180 gubernatione
1538 4115 1798 4174 Ecclesiae
1850 4124 1992 4177 scri~

407 4190 518 4256 psit
553 4191 673 4247 fuse
725 4203 890 4264 atque
922 4200 1169 4268 erudite;
1197 4201 1257 4256 S.
1301 4202 1570 4275 lgnatiuin
1620 4218 1802 4264 autem
1835 4212 1888 4266 in
1924 4230 1992 4269 eo

406 4294 573 4373 opere
604 4292 664 4336 ut
692 4283 1063 4344 indubitatum
1114 4302 1396 4349 auctorem
1431 4297 1749 4367 frequenter
1777 4302 1986 4373 laudat,

403 4379 458 4423 et
501 4370 634 4426 dum
690 4373 746 4428 in
794 4377 933 4431 vivis
979 4389 1146 4445 esset,
1196 4397 1291 4438 cas
1324 4384 1473 4453 ipsas
1511 4388 1793 4456 epistulas,
1848 4370 1988 4462 quas

2125 1906 2225 1959 tiat
2254 1922 2266 1959 :
2300 1904 2613 1960 Rationibus
2638 1922 2695 1959 tn
2720 1921 2927 1962 omnem
2957 1915 3162 1975 partem
3191 1909 3351 1976 probe
3393 1909 3699 1979 diligenter-

2121 2014 2222 2067 que
2248 1999 2517 2061 excussis.
2542 1998 2841 2067 in.tertiam
2862 1997 3106 2053 nonnulli
3134 2010 3465 2056 secesserunt
3499 2013 3698 2057 senten-

2123 2094 2297 2160 tiam,
2350 2103 2752 2164 statueruntque
2809 2112 2920 2151 esse
2971 2097 3183 2167 quidem
3232 2100 3491 2166 epistolas
3550 2101 3696 2154 hasce

2122 2182 2348 2253 Ignatii,
2385 2185 2478 2239 sed
2523 2185 2886 2251 adulterares,
2913 2187 3004 2242 sed
3051 2186 3425 2257 interpolatae.
3462 2190 3694 2255 Quorum

2118 2275 2175 2328 in
2192 2276 2401 2345 judicio
2424 2287 2473 2331 et
2499 2293 2593 2331 nos
2616 2278 3021 2347 acquiescimus.

2188 2366 2523 2425 Possevinus
2570 2377 2755 2423 autem
2782 2370 3069 2428 adhaerens
3105 2369 3342 2427 Baronio
3377 2386 3392 2424 :
3424 2371 3576 2427 Licet
3636 2370 3690 2427 8.

2119 2459 2501 2529 Hieronymus,
2537 2461 2737 2530 inquit,
2762 2471 2972 2515 tantum
3020 2463 3320 2518 meminerit
3354 2474 3552 2532 septem
3590 2466 3692 2533 cpi-

2114 2550 2399 2615 stolarum,
2430 2550 2710 2605 duodecim
2742 2560 2921 2605 tamen
2963 2551 3109 2605 haud
3148 2552 3327 2606 dubia:
3378 2552 3509 2621 fidei
3540 2553 3689 2606 habe-

2115 2658 2252 2696 mus.
2276 2640 2411 2707 θυαε
2437 2658 2559 2701 vero
2586 2650 2691 2695 tres
2714 2642 2841 2698 alia:
2862 2642 3129 2712 feruntur,
3149 2643 3252 2697 etsi
3274 2659 3375 2697 non
3401 2654 3517 2697 tam
3544 2654 3691 2699 certat

2112 2734 2239 2803 ﬁdei
2270 2742 2416 2799 sunt,
2443 2736 2679 2788 citantur
2698 2744 2873 2787 tamen
2898 2750 2930 2787 a
2958 2733 3017 2789 S.
3042 2734 3349 2799 Bernardo;
3374 2752 3468 2789 nec
3489 2736 3689 2803 defuere

2111 2835 2229 2893 post
2260 2824 2417 2879 illum
2445 2825 2547 2879 uiri
2580 2826 2745 2891 docti,
2770 2826 2863 2895 qui
2921 2827 3161 2896 ipsarum
3208 2826 3584 2880 meminerunt.
3630 2824 3689 2877 Et

2110 2916 2351 2973 Jacobus
2382 2912 2896 2974 Gretserus'eadem
2942 2934 3129 2989 presse
3179 2918 3431 2988 sequitur
3469 2916 3687 2986 vestigia

2109 3009 2177 3064 de
2198 3009 2489 3065 duodecim
2534 3010 2785 3079 epistolis
2833 3010 3119 3080 genuinis;
3149 3025 3387 3079 quarum
3422 3007 3687 3064 Vindicias

2108 3100 2178 3155 ab
2231 3101 2423 3155 eodem
2480 3100 2714 3170 scriptas
2736 3101 2937 3156 alicubi
2970 3101 3139 3156 latere
3181 3110 3415 3157 testatur
3445 3116 3506 3158 se
3534 3102 3685 3156 audi-

2030 3169 2073 3227 (ἶ
2108 3191 2252 3245 visse
2280 3191 2564 3261 Philippus
2594 3169 2884 3247 Labbaaus.

2182 3281 2323 3337 Tum
2361 3298 2490 3337 vero
2514 3282 2781 3338 Martialis
2813 3281 3130 3346 Mestneus,
3183 3283 3382 3338 doctor
3410 3281 3681 3336 Parisien-

2107 3376 2184 3432 sis
2229 3375 2323 3446 qui
2352 3373 2619 3444 lgnatium
2652 3376 2830 3444 ipsum
2856 3374 3027 3429 edidit
3069 3383 3125 3429 et
3165 3375 3316 3430 notis
3369 3372 3679 3431 illustravit.

2108 3480 2219 3524 tres
2246 3468 2472 3523 Latinas
2500 3468 2556 3521 in
2585 3465 3105 3523 Commentationum
3131 3466 3561 3536 apocrypharnm
3583 3481 3679 3519 uu-

2105 3577 2261 3617 mero
2296 3562 2532 3617 collocat
2555 3576 2569 3625 ;
2592 3559 2830 3629 reliquas
2868 3558 3158 3614 duodecim
3183 3575 3468 3631 germanas
3496 3569 3545 3611 et
3576 3572 3681 3610 rere

2103 3671 2297 3709 aureas
2327 3652 2529 3723 Ignatii
2563 3651 2837 3721 Epistolas
2884 3651 3162 3720 praedicat,
3207 3651 3303 3705 sed
3332 3652 3397 3704 ab
3427 3648 3678 3706 ha'reticis

2100 3758 2149 3802 et
2186 3766 2219 3801 a
2266 3745 2525 3802 erculis
2582 3744 2964 3816 posterioribus
3014 3743 3213 3798 alicubi
3256 3745 3602 3812 interpolatas
3631 3755 3676 3796 ct

2098 3841 2420 3909 depravatas
2455 3837 2675 3894 fatetur.

2171 3932 2439 4001 Georgius
2487 3930 2807 3987 Dounamus
2858 3941 3118 3996 nostras,
3170 3928 3254 3983 vir
3307 3928 3673 3991 doctissimus,

2099 4040 2243 4094 stupe
2283 4024 2664 4079 scliismaticos
2689 4034 2744 4079 et
2776 4026 2862 4080 sui
2892 4034 2967 4095 et
2996 4023 3193 4094 prioris
3221 4022 3406 4077 saeculi
3437 4030 3671 4079 accusat,

2096 4116 2247 4185 quod
2292 4132 2439 4170 nunc
2464 4116 2662 4185 ignatii
2715 4117 3028 4173 testimonia
3056 4116 3110 4169 in
3138 4130 3238 4170 sua
3269 4130 3439 4170 causa
3467 4124 3669 4184 urgent,

2096 4226 2245 4266 nunc
2294 4209 2556 4279 epistolas
2586 4208 2707 4277 ejus
2738 4216 2999 4277 tauquam
3044 4206 3262 4276 spurias
3304 4206 3595 4274 rejiciunt;
3623 4214 3671 4259 et

2093 4316 2298 4374 septem
2332 4304 2455 4359 illas
2481 4304 2551 4357 ab
2578 4302 2815 4358 Eusebio
2853 4308 3185 4356 memoratas
3215 4300 3409 4354 doctas
3455 4309 3511 4354 et
3562 4299 3669 4368 pias

2093 4397 2358 4466 appellat;
2384 4412 2523 4465 quas
2545 4396 2629 4450 vel
2660 4395 2780 4449 ideo
2804 4393 2958 4465 rejici
2987 4408 3095 4449 non
3118 4407 3281 4462 posse
3306 4392 3405 4458 ait,
3438 4392 3586 4461 quod
3607 4391 3668 4444 ab

404 4461 555 4527 citat,
583 4465 877 4535 scripsisse
910 4472 1324 4529 sanctissimum
1350 4476 1505 4533 illuni
1554 4490 1848 4553 martyrem
1874 4461 1983 4538 ai—
2018 4505 2062 4559 ι)
2094 4461 2329 4544 Eusebio
2357 4461 2754 4543 memorentur.

404 4557 605 4615 lii-mat.
639 4560 797 4619 liunc
817 4577 1000 4623 tamen
1018 4567 1294 4626 Pariserus
1320 4583 1381 4628 ut
1407 4575 1747 4634 dubitantem
1777 4581 1982 4640 frustra

401 4646 621 4738 t-t‘l‘also
655 4656 929 4723 producit,
977 4659 1477 4735 doetissimumque
1530 4672 1816 4738 praasulem
1848 4674 1985 4730 mire

401 4735 792 4798 calumniatur.
825 4744 1073 4816 Tharrias,
1110 4750 1307 4821 inquit,
1335 4755 1590 4813 Bilsonus
1620 4761 1673 4815 in
1690 4763 1981 4821 canonibus

399 4831 763 4895 apostolorum
799 4839 1051 4905 ﬁdentior
1076 4854 1155 4897 est
1197 4862 1357 4914 quam
1396 4849 1450 4903 in
1484 4849 1719 4920 [gnatio.
1749 4855 1981 4914 Observa

396 4925 633 4978 eamdem
661 4938 842 4982 notam
892 4934 1148 4990 inussisse
1180 4937 1425 5007 Ignatio,
1455 4960 1615 5010 quam
1666 4950 1977 5017 canonibus,

394 5014 611 5071 laudem
648 5036 765 5074 vero
796 5028 1070 5080 vetustatis
1117 5030 1425 5085 attribuisse
1454 5036 1768 5103 canonibus,
1817 5014 1977 5107 quam

397 5107 600 5178 Ignatii
626 5115 866 5183 epistolis
900 5135 999 5173 non
1046 5124 1326 5192 attribuit,
1358 5143 1478 5181 cum
1513 5131 1683 5190 dicit:
1724 5132 1977 5191 Canoncs

391 5201 487 5267 qui
506 5202 768 5261 dicuntur
790 5212 1193 5279 apostolorum,
1217 5228 1396 5285 aperte
1422 5220 1593 5275 innuit
1622 5239 1711 5277 eos
1738 5225 1974 5293 ipsorum

391 5298 758 5360 apostolorum
789 5303 1007 5359 minime
1030 5308 1173 5374 esse',
1206 5310 1367 5364 sicuti
1416 5313 1547 5368 alibi
1578 5328 1759 5384 aperte
1797 5318 1970 5384 docet,

387 5386 511 5476 pari
563 5391 811 5461 ratione,
854 5412 974 5450 cum
1016 5398 1185 5453 dicit:
1239 5400 1496 5471 Epistolae
1545 5422 1667 5476 qua:
1722 5408 1973 5466 feruntur

389 5473 605 5545 lgnatii,
646 5498 737 5536 eas
772 5483 978 5554 lgnatii
1030 5505 1135 5543 non
1165 5508 1277 5547 esse
1332 5473 1691 5553 subinsinuat.
1738 5501 1806 5556 At
1856 5503 1970 5559 haec

386 5588 538 5626 mera
561 5584 647 5629 est
667 5578 963 5646 calumnia,
1003 5598 1125 5652 quae
1165 5586 1433 5653 proximis
1487 5591 1729 5662 episcopi
1790 5599 1969 5655 verbis

385 5663 692 5757 clarissime
744 5668 1031 5728 refutatur.
1065 5674 1261 5733 Statim
1291 5680 1437 5737 enim
1496 5684 1676 5740 addit:
1720 5685 1964 5757 lgnatius

387 5752 575 5823 quippe
600 5801 613 5826 ,
656 5774 838 5816 eorum
885 5765 1179 5836 episcopus,
1204 5770 1373 5825 adhuc
1424 5773 1565 5829 vivus
1591 5787 1725 5845 erat,
1754 5752 1821 5833 vet
1876 5799 1963 5837 eas

2162 4581 2305 4636 Inter
2322 4580 2649 4635 Socinianos
2672 4578 3040 4649 Hieronymus
3058 4575 3441 4633 Moscorovius
3463 4574 3533 4631 de
3548 4587 3662 4629 vera

2088 4675 2286 4728 harum
2323 4673 2681 4743 epistolarum
2712 4673 3040 4741 antiquitate
3076 4670 3362 4724 dubitasse
3416 4667 3562 4722 haud
3593 4666 3661 4719 vi-

2084 4768 2269 4831 detur,
2294 4783 2418 4821 cum
2447 4767 2500 4821 in
2529 4767 2861 4821 refutatione
2887 4763 3223 4833 Appendicis
3251 4760 3474 4816 Martini
3530 4758 3658 4813 Sunio

2084 4858 2241 4928 glecii
2269 4860 2385 4914 haec
2413 4860 2609 4914 habent
2633 4880 2644 4911 :
2685 4857 2876 4911 Verum
2903 4874 2963 4909 ne
2983 4858 3080 4910 hoc
3102 4858 3314 4927 quidem
3348 4873 3530 4909 verum
3558 4866 3648 4915 est;

2083 4954 2375 5021 primorum
2406 4952 2723 5006 saeculorum
2761 4950 2944 5004 Patres
2993 4966 3132 5016 eam,
3160 4966 3321 5021 quam
3346 4950 3452 5019 ipsi
3506 4947 3656 5019 proﬁ-

2083 5054 2318 5111 teantur,
2342 5045 2658 5097 sententiain
2689 5044 3010 5113 prodidisse.
3041 5041 3185 5095 Nam
3236 5041 3483 5111 lgnatius
3508 5080 3523 5106 ,
3560 5038 3653 5091 l’a-

2081 5146 2223 5188 trum
2260 5135 2403 5205 apud
2437 5134 2679 5199 Latinos,
2703 5150 2928 5203 quorum
2954 5133 3166 5200 quidem
3196 5132 3399 5200 scripta
3429 5139 3648 5190 exstant,

2080 5227 2505 5291 vetustissimus,
2554 5226 2890 5294 apertissime
2944 5226 3145 5293 fatetur
3188 5226 3239 5277 in
3294 5222 3540 5292 Epistula
3590 5220 3649 5275 ad

2080 5320 2383 5384 Tarsenses,
2419 5319 2559 5390 quod
2589 5318 2834 5373 Christus
2865 5334 2967 5371 non
3023 5317 3094 5370 sit
3140 5317 3230 5372 ille
3271 5317 3366 5387 qui
3393 5328 3474 5373 est
3506 5330 3650 5383 super

2074 5415 2255 5467 omnia
2287 5413 2445 5476 Deus,
2472 5414 2561 5466 sed
2588 5410 2766 5465 Filias
2792 5411 2981 5479 ipsius.

2145 5506 2314 5561 lsaaci
2343 5516 2488 5560 certe
2513 5505 2849 5567 Casauboni,
2882 5513 3125 5557 veterum
3161 5502 3494 5572 scriptorum
3514 5504 3644 5574 peri-

2071 5599 2269 5653 tissimi
2303 5600 2528 5667 judicis,
2562 5599 2833 5655 sententia
2868 5598 2921 5651 in
2953 5598 3055 5652 liae
3101 5596 3267 5651 etiam
3317 5612 3489 5652 causa
3540 5613 3644 5651 ina-

2070 5693 2217 5749 xime
2242 5694 2502 5748 notanda.
2536 5694 2719 5759 Quare
2750 5691 3023 5747 Parltcras
3067 5692 3211 5745 hunc
3239 5692 3383 5745 inter
3424 5705 3519 5747 eos
3550 5706 3638 5745 nu-

2070 5795 2261 5852 merat,
2286 5803 2423 5855 quos
2444 5804 2636 5845 omnes
2660 5783 3127 5858 lgnatiicpistolas
3154 5783 3373 5859 lictitias
3398 5784 3637 5842 docuisse
