3786 6304
158 342 211 398 57
814 333 865 418 3.
902 332 1266 390 PEARSONII
1303 331 1624 390 VINDICUE

1834 332 2080 390 τυλΝιΕ.
2134 366 2199 375 —
2238 333 2656 392 PROG‘JMIUM.
3301 331 3371 389 58

155 465 245 517 vult
268 480 280 518 :
304 460 385 515 sed
416 459 517 513 hoc
541 464 591 511 et
624 456 869 515 sublesta
914 457 1021 513 ﬁde
1069 457 1275 524 tradit,
1314 467 1367 513 et
1404 456 1685 513 levissimo
1714 461 1759 518 Α
1788 456 1867 511 vel
1892 458 2279 527 snpposititius,
2308 456 2386 512 vel
2421 457 2555 527 [inde
2587 466 2865 525 corruptas
2899 452 3113 523 probari
3170 454 3363 521 possit.

152 561 425 624 argumento
463 549 689 605 suadere
712 558 964 616 conatur,
990 550 1139 620 quod
1186 548 1557 605 Casaubonus
1609 549 1678 605 de

152 649 296 717 prisca
322 642 565 698 Ecclesia:
596 642 890 712 disciplina
907 643 1125 700 locutus
1146 685 1164 710 ,
1207 643 1545 715 Cyprianum
1598 652 1679 698 te-

148 748 261 793 stem
285 735 538 799 adhibuit,
568 733 835 803 lgnatium
892 750 1003 790 non
1052 736 1387 793 nominavit:
1441 752 1567 791 eum
1620 735 1677 790 in

147 827 588 884 Exercitationibus
620 824 947 882 Baronianis
983 826 1041 881 S.
1073 826 1348 901 lgnatium
1381 844 1530 898 saepe
1557 829 1678 883 lau-

143 918 233 981 det,
261 925 307 970 et
329 916 704 972 nonnullarum
729 919 851 987 ejus
875 917 1246 988 Epistolarum
1291 921 1674 991 antiquitatem

144 1010 272 1064 novis
290 1008 575 1064 rationibus
600 1024 660 1064 se
683 1009 949 1065 tuiturum
965 1010 1297 1081 polliceatur
1320 1027 1336 1079 ;
1372 1029 1511 1081 quas
1539 1028 1678 1083 prte-

144 1111 321 1157 matura
345 1101 439 1156 viri
470 1101 694 1158 maximi
720 1111 898 1159 morte
923 1113 1143 1174 ereptas
1186 1103 1347 1161 nobis
1385 1104 1557 1160 luisse
1575 1104 1677 1160 do-

141 1193 303 1248 lemus.

196 1281 283 1336 Sed
308 1299 433 1336 unus
461 1284 676 1353 quidam
708 1285 808 1351 vir,
840 1295 1033 1341 cetera
1076 1285 1443 1354 doctissimus,
1483 1299 1541 1342 ut
1593 1296 1676 1343 ιε’

139 1384 281 1427 statur
304 1374 565 1443 Vedelius,
594 1386 747 1429 extra
784 1394 937 1432 omne
985 1377 1204 1431 dubium
1240 1379 1390 1449 ponit
1432 1378 1674 1449 supposi-

140 1465 293 1516 tionem
325 1466 503 1518 harum
529 1468 923 1536 epistularum:
969 1470 1077 1522 imo
1110 1469 1285 1524 dicere
1330 1488 1438 1525 non
1473 1480 1679 1524 veretur

138 1552 364 1622 lgnatfam
394 1554 570 1610 nullas
598 1574 836 1627 unquam
864 1559 1119 1629 epistolas
1145 1561 1440 1629 scripsisse.
1468 1557 1543 1616 De
1570 1560 1675 1616 hoc

137 1644 227 1696 τῆνο
246 1643 548 1701 doctissimo
575 1647 918 1703 altercamur
967 1648 1227 1706 doctores
1247 1650 1357 1705 duo
1380 1691 1397 1717 ,
1434 1648 1674 1708 Owenus

131 1745 173 1789 et
195 1734 569 1801 llammondus;
604 1754 767 1809 quem
796 1740 956 1812 quasi
998 1756 1097 1797 nec
1128 1742 1351 1798 nomine
1398 1758 1499 1798 nec
1533 1742 1673 1799 scri-

1783 546 1848 603 Et
1868 565 2097 605 rursus:
2130 548 2342 616 Verum,
2371 559 2430 603 ut
2452 548 2761 603 concludant
2780 547 2988 616 paucis,
3004 554 3149 599 certo
3165 546 3363 599 certius

1780 649 1879 706 est,
1905 641 2001 695 has
2025 641 2279 710 epistolas
2303 641 2382 694 vel
2410 640 2782 710 supposititias
2814 655 2948 702 esse,
2980 638 3080 699 vel,
3105 637 3245 706 quod
3267 654 3363 689 su-

1779 746 1879 801 pra
1913 730 2274 801 monui,{mde
2297 741 2595 799 corruptas.
2638 729 3004 797 Quotcunque
3054 728 3220 798 igitur
3273 736 3367 780 aut

1781 836 2128 891 quaecunque
2178 821 2335 877 lirma
2400 822 2686 875 sententia:
2735 835 2848 875 sua:
2872 820 3165 889 probanda:
3198 835 3366 888 argu—

1781 922 1966 968 menta
1987 915 2169 969 attulit
2192 897 2395 981 Cocus,
2420 915 2473 969 id
2499 922 2709 968 tantum
2748 928 2939 967 revera
2981 913 3215 983 probare
3246 929 3368 967 om-

1779 1006 1869 1059 nia
1898 1005 2129 1075 putavit,
2152 1006 2434 1075 Epistolas
2458 1004 2652 1076 lgnatii
2682 1013 2777 1059 aut
2804 1018 2929 1060 esse
2955 1004 3365 1075 supposititias,

1779 1103 1877 1149 aut
1900 1105 2213 1165 corruptas.

1844 1186 1983 1243 Cum
2027 1189 2144 1245 haec
2187 1192 2262 1244 ita
2316 1204 2377 1246 se
2416 1190 2721 1257 haberent,
2764 1189 3024 1248 Nicolaus
3079 1189 3365 1254 Vedclius,

1773 1278 2058 1349 professor
2086 1278 2447 1343 Genevensis,
2476 1296 2590 1335 rem
2632 1288 2803 1335 totam
2836 1281 2904 1335 ad
2940 1296 3173 1338 examen
3206 1298 3366 1338 revo-

1772 1369 1956 1437 cavit;
2000 1370 2307 1440 apologiam
2342 1386 2441 1441 pro
2474 1370 2687 1442 lgnatio
2720 1371 2979 1441 scripsit,
3021 1387 3219 1427 novam
3248 1373 3365 1427 edi-

1774 1460 1977 1515 tionem
2030 1462 2369 1529 adornavit,
2422 1464 2912 1521 exercitationibus
2959 1474 3014 1520 et
3066 1466 3367 1536 appendice

1772 1552 2047 1624 Epistolas
2071 1554 2387 1610 illustravit.
2412 1554 2550 1612 Tres
2579 1556 2747 1626 igitur
2770 1556 2863 1611 ille
2885 1554 3113 1610 Latinas
3136 1557 3365 1610 omnino

1773 1644 2003 1715 reiecit,
2053 1646 2202 1715 quod
2254 1647 2413 1700 nimis
2444 1657 2631 1715 aperta
2680 1646 2922 1717 ipsarum
2966 1649 3261 1717 suppositio
3311 1650 3361 1704 ei

1774 1736 2073 1793 videretur.
2104 1736 2367 1809 Reliquas
2390 1739 2683 1794 duodecim
2713 1740 2769 1793 in
2801 1740 2942 1795 duos
2974 1741 3146 1795 libros
3167 1741 3365 1795 distin-

132 1836 201 1894 pto
223 1838 384 1882 notum
411 1830 743 1899 producunt,
764 1840 818 1886 et
836 1848 1002 1902 quem
1035 1833 1373 1904 Anonymum
1404 1836 1665 1890 ineditum
1698 1817 1743 1872 Β
1770 1829 1868 1895 xit,
1898 1844 2136 1899 quorum
2169 1831 2320 1900 prior
2356 1831 2605 1887 continet
2647 1831 2914 1900 epistolas
2943 1830 3233 1902 genuinas,
3264 1845 3361 1900 po-

132 1916 455 1977 llammondus
487 1931 674 1977 vocat.
712 1921 789 1977 Ne
816 1923 985 1994 igitur
1008 1940 1279 1980 numerus
1329 1925 1521 1997 [gnatii
1563 1926 1664 1981 ho.
1766 1921 1971 1975 sterior
2021 1922 2430 1991 supposititias.
2506 1920 2794 1977 Genuinas
2841 1930 3055 1976 tantum
3112 1921 3365 1992 agnoscit

130 2011 260 2064 stium
278 2022 553 2083 augeatur,
579 2024 633 2070 et
671 2025 871 2086 praeter
908 2032 1008 2073 eos
1047 2033 1285 2089 quorum
1325 2020 1530 2090 scripta
1564 2035 1668 2075 no—
1768 2024 1976 2085 septem
1994 2014 2117 2071 illas
2136 2015 2205 2069 ab
2222 2014 2459 2070 Eusebio
2480 2015 3364 2086 memoratas;reliquasquinque

128 2102 287 2169 vimus,
314 2104 447 2160 alius
476 2106 709 2177 aliquis,
749 2106 908 2179 isque
954 2108 1318 2166 doctissimus
1340 2152 1355 2177 ,
1402 2110 1669 2182 epistolas

129 2191 256 2246 hasce
279 2194 482 2262 penitus
515 2195 843 2267 repudiasse
864 2206 1182 2266 censeatur,
1214 2198 1482 2255 ineditum
1510 2200 1666 2255 illum

127 2280 169 2335 in
190 2282 337 2339 lucem
372 2288 829 2357 protrahendum,
863 2297 920 2345 et
947 2306 1109 2347 suum
1155 2306 1434 2364 anonymo
1464 2306 1665 2348 nomen

126 2374 402 2431 reddendum
424 2393 552 2435 esse
573 2380 857 2437 duximus.
882 2381 983 2438 Est
1004 2392 1187 2438 autem
1212 2382 1304 2439 ille
1318 2392 1473 2439 extra
1500 2399 1668 2442 omne

125 2462 305 2520 dubium
355 2466 633 2526 Robertus
658 2471 960 2539 Parkerus,
990 2474 1384 2532 schismaticns
1428 2474 1661 2547 Anglus.

125 2552 282 2610 Oinnia
300 2560 435 2615 enim
456 2550 586 2631 qua
616 2561 876 2619 Vedelius
908 2581 941 2620 a
971 2566 1095 2623 viro
1123 2566 1217 2621 illo
1240 2577 1435 2621 cetera
1462 2568 1663 2623 doctis~

122 2645 227 2699 sima
244 2648 372 2705 dicta
402 2652 635 2723 profert,
665 2655 722 2710 in
743 2637 969 2714 Parkeii
1003 2658 1145 2713 libro
1170 2661 1414 2716 secundo
1444 2660 1522 2715 De
1568 2678 1666 2733 po-

122 2734 241 2790 litica
261 2742 618 2799 ecclesiastica
646 2748 826 2824 capite
846 2748 1064 2807 decimo
1094 2753 1256 2809 tertio
1290 2755 1662 2824 reperiuntur.

123 2824 210 2897 Ego
242 2846 350 2887 vero
376 2822 896 2911 Epistolas'lgnatii
926 2858 959 2895 α
1004 2844 1210 2899 nemine
1254 2822 1489 2917 unquam
1540 2857 1666 2901 ante

121 2921 357 2977 concilium
382 2924 672 2983 Nicaemtm
717 2932 919 2989 citatas
953 2934 1096 3003 dico,
1130 2936 1313 3009 inquit
1343 2937 1661 3008 Parkerus;

121 3022 215 3075 qua:
236 3014 384 3069 verba
405 3018 525 3075 viro
564 3036 668 3078 suo
700 3014 1024 3081 doctissimo
1059 3028 1251 3083 tribuit
1282 3027 1573 3099 Ve‘delius;
1605 3040 1661 3087 et

1768 2114 1863 2158 aut
1888 2120 2162 2173 perperam
2185 2105 2497 2174 inscriptas,
2523 2116 2618 2159 aut
2647 2107 2804 2176 plane
2843 2107 3211 2177 supposititias
3235 2122 3361 2163 esse

1767 2195 1978 2251 statuit.
2034 2194 2305 2253 Przeterea
2356 2198 2410 2252 in
2462 2198 2613 2269 ipsas
2661 2208 2869 2269 septem
2925 2201 3193 2271 genuinas
3248 2216 3359 2256 non

1764 2301 1941 2358 pauca
1964 2287 2256 2358 irrepsisse
2275 2289 2591 2345 stellionum
2612 2292 3108 2348 audacissimorum
3129 2292 3359 2361 vestigia

1766 2387 2161 2450 testatur,qua:
2186 2388 2247 2437 ut
2276 2395 2306 2435 a
2333 2381 2589 2453 genuinis
2612 2392 2922 2439 secerneret
2942 2398 3130 2439 curam
3147 2383 3359 2449 habuit,

1765 2479 1821 2526 et
1862 2471 2071 2528 notulis
2116 2473 2475 2544 quibusdam,
2508 2475 2563 2529 in
2600 2475 2850 2548 margine
2882 2476 3101 2547 positis,
3138 2492 3263 2547 quae
3290 2492 3360 2531 es

1766 2565 2084 2636 conjectura
2132 2568 2390 2639 genuinis
2435 2569 2687 2639 epistolis
2727 2570 2798 2626 ab
2845 2569 3238 2641 interpolatore
3273 2570 3360 2626 iu-

1765 2666 1911 2713 serta
1939 2658 2191 2726 credidit,
2215 2660 2517 2731 iugulavit.

1833 2749 2019 2817 Quare
2064 2751 2318 2809 Andreas
2349 2754 2609 2822 Rivetus,
2637 2753 2768 2810 licet
2806 2755 2862 2811 in
2904 2755 3065 2811 tertia
3094 2756 3357 2819 editione,

1764 2841 1955 2898 Critici
1984 2843 2129 2897 sacri
2167 2843 2406 2899 Censura
2441 2844 2665 2901 Roberti
2688 2844 2822 2901 Coei
2859 2845 2932 2901 sit
2961 2846 3204 2916 adjutus,
3242 2862 3358 2899 mo-

1762 2936 2173 2994 deratissimam
2206 2948 2391 2994 tamen
2438 2940 2770 2995 sententiam
2804 2940 3057 3009 amplecti
3090 2955 3147 2993 se
3185 2940 3358 3009 proti-

1765 3039 1928 3095 tetur,
1968 3031 2202 3097 scilicet,
2230 3048 2344 3086 esse
2372 3032 2652 3102 plerasque
2700 3030 2955 3103 epistolas
3013 3030 3236 3100 lguatii,
3286 3031 3356 3084 ad

120 3102 317 3209 fmml‘is
343 3121 583 3209 ορηοιιθμ
641 3114 1017 3172 testimonium
1064 3116 1254 3174 lrenazi
1288 3137 1303 3174 :
1348 3118 1655 3191 Excipitur,
1686 3151 1729 3209 ο
1762 3124 2042 3178 minimum
2075 3133 2302 3195 septem;
2343 3128 2434 3181 sed
2481 3128 2578 3181 hoc
2620 3137 2849 3197 tempore
2878 3144 2983 3181 non
3021 3126 3203 3180 haberi
3251 3126 3357 3179 nisi

122 3195 279 3265 inquit,
322 3217 353 3252 a
390 3203 504 3257 viro
533 3205 849 3261 doctissimo
884 3210 1098 3278 primo,
1132 3211 1197 3264 ab
1230 3210 1438 3267 [remeo
1493 3216 1659 3270 etiam

124 3285 292 3343 Hermas
315 3290 600 3351 Pastorem
635 3298 830 3367 citari,
864 3317 1020 3372 quem
1070 3312 1247 3357 tamen
1287 3304 1385 3357 sub
1434 3322 1659 3375 persona

123 3378 292 3436 llerma
306 3384 483 3453 ﬁctum
507 3402 803 3459 agnoscunt
826 3409 1029 3448 omnes.
1050 3392 1229 3450 Verba
1258 3406 1383 3452 sunt
1417 3396 1655 3456 Parkeri.

122 3474 313 3532 Secundo
338 3484 553 3552 excipit,
592 3484 773 3555 inquit
805 3484 1081 3556 Vedelius,
1106 3486 1374 3543 Irenwum
1396 3507 1499 3544 non
1524 3491 1659 3546 alle-

120 3580 214 3631 gare
237 3571 501 3636 epistolam
524 3574 769 3649 aliquam
808 3576 1037 3648 lgnatii,
1062 3578 1155 3633 sed
1208 3587 1417 3634 tantum
1455 3582 1657 3636 dictum

118 3660 331 3724 quoddam
352 3666 521 3734 illius,
540 3664 685 3738 quod
711 3677 822 3722 tum
852 3670 1352 3742 circumferebatur.
1375 3671 1447 3727 Et
1461 3674 1517 3727 id
1536 3675 1659 3730 inde

120 3750 285 3820 Ρτοδσι,
336 3758 459 3827 quia
504 3775 613 3813 non
669 3760 845 3814 utitur
892 3777 1037 3829 voce,
1094 3763 1341 3834 scripsit,
1371 3766 1464 3819 sed
1514 3783 1655 3836 voce,

118 3846 241 3905 dixit.
264 3852 395 3909 Sunt
422 3865 610 3911 autem
643 3867 700 3912 et
728 3859 846 3916 haec
898 3858 1147 3917 Parkeri.
1209 3860 1389 3917 Tertio
1410 3902 1426 3928 ,
1458 3862 1537 3916 ait
1578 3879 1659 3916 vir

118 3940 427 4016 doctissimus,
458 3951 586 4005 inde
616 3961 799 4019 patere
828 3952 1089 4022 epistolas
1141 3953 1239 4009 has
1264 3963 1377 4011 tum
1405 3958 1658 4026 temporis

118 4046 196 4085 non
225 4037 498 4105 exstitisse,
538 4040 683 4111 quod
731 4040 946 4106 Patres,
974 4050 1027 4097 et
1060 4044 1382 4099 nominatim
1412 4043 1658 4115 Epipha-

118 4123 577 4191 nius,adoersentur
614 4128 855 4201 Ignatio,
888 4142 1094 4202 tempus
1152 4133 1406 4204 baptismi
1453 4135 1659 4191 Christi

114 4225 204 4276 post
243 4222 813 4293 annumitrigesimum
869 4225 1138 4294 expletum
1163 4226 1469 4283 collocanti.
1529 4225 1658 4285 Haec

117 4300 325 4365 Vedelius
369 4327 435 4366 ex
474 4311 738 4369 Parkero.
785 4314 1031 4387 Denique
1060 4318 1241 4373 virum
1271 4319 1659 4378 doctissimum

115 4408 267 4463 putare
288 4400 359 4457 ait
384 4402 783 4460 Casaubonum
809 4421 1004 4463 omnes
1034 4407 1230 4479 lgnatii
1262 4410 1526 4481 epistolas
1568 4429 1659 4470 re-

1762 3214 2123 3285 adulteratas,
2158 3227 2208 3271 et
2253 3219 2436 3272 multis
2466 3220 2523 3272 in
2567 3219 2698 3273 locis
2738 3220 3109 3289 interpolatas.
3167 3216 3355 3283 Ilanc,

1764 3306 2030 3377 inquam,
2081 3311 2401 3364 sententiam
2448 3310 2791 3381 amplectitur
2844 3311 3013 3380 frctus
3056 3309 3355 3364 rationibus

1761 3413 1880 3466 quae
1932 3399 2056 3452 huic
2102 3400 2387 3469 ﬁrmanda:
2433 3417 2498 3455 ex
2539 3402 2667 3471 ipsis
2698 3402 2938 3471 epistolis
2978 3404 3352 3456 desumuutur.

1760 3487 1828 3543 Et
1852 3489 2043 3545 Daniel
2072 3492 2407 3547 Cliamierus
2430 3534 2445 3559 ,
2496 3493 2551 3546 in
2588 3494 3042 3562 responsionibus
3080 3495 3147 3547 ad
3178 3491 3357 3547 Testi-

1760 3584 1947 3635 monia
1982 3596 2013 3635 a
2043 3580 2376 3636 Dellarmtno
2428 3582 2663 3637 adducta
2688 3626 2702 3649 ,
2738 3584 3119 3638 auctoritatem
3162 3582 3355 3653 lgnatii

1762 3686 2043 3741 nunquam
2074 3670 2331 3726 declinat.
2389 3670 2570 3726 Semel
2602 3681 2815 3726 tantum
2848 3672 2927 3727 ait
2960 3690 2973 3727 :
3010 3671 3254 3741 Epistula
3284 3670 3357 3726 ad

1760 3761 2135 3815 Antiochenses
2183 3761 2313 3815 viris
2348 3760 2521 3815 doctis
2566 3778 2667 3816 non
2706 3762 2915 3816 videtur
2944 3762 3204 3833 legitima,
3228 3762 3357 3831 quia

1762 3855 1828 3907 ab
1856 3851 2181 3923 Hieronymo
2207 3869 2310 3907 non
2336 3854 2595 3907 adnotata
2626 3854 2682 3907 in
2705 3869 2862 3907 censu
2889 3870 3106 3924 operum
3130 3852 3353 3924 Ignatii,

1760 3945 1996 4016 ipsisque
2029 3945 2163 3999 adeo
2194 3944 2451 3999 veteribus
2480 3945 2551 3999 sit
2580 3944 2871 4015 incognita.

1836 4038 2028 4113 Daniel
2077 4036 2338 4094 Heinsius
2385 4038 2455 4095 ad
2501 4036 2718 4093 Novum
2775 4037 3191 4093 Testamentum
3238 4038 3355 4108 epi-

1760 4131 1936 4187 stolas
1967 4129 2241 4201 quasdam
2273 4145 2463 4186 earum
2500 4146 2625 4200 quae
2666 4130 2828 4184 edita:
2860 4138 3011 4195 sunt,
3038 4128 3232 4200 Ignatii
3268 4145 3356 4182 re-

1759 4235 1891 4275 vera
1918 4218 2089 4276 fuisse
2116 4218 2343 4286 indicat,
2370 4219 2509 4275 alias
2524 4235 2635 4274 non
2653 4219 2901 4274 item.Ad
2929 4217 2949 4271 ι
2977 4218 3107 4274 Cor.
3128 4234 3219 4285 xv,
3246 4217 3316 4272 lo
3335 4258 3351 4273 .

1760 4312 1927 4369 Pauli
1960 4312 2191 4384 apostoli
2223 4327 2415 4382 parum
2442 4311 2674 4381 prudens
2705 4311 2970 4374 imitator,
2996 4310 3147 4379 cujus
3175 4325 3354 4363 omnes

1761 4405 2001 4477 epistola!
2023 4404 2119 4461 sub
2142 4404 2353 4477 Ignatii
2374 4405 2624 4477 leguntur
2646 4406 2881 4471 nomine,
2908 4420 3026 4458 cum
3049 4413 3097 4457 et
3121 4403 3355 4456 aliorum

112 4481 287 4553 iecisse,
307 4495 449 4561 quod
475 4493 744 4561 Parkcro,
764 4511 940 4567 neque
959 4497 1051 4552 alii
1070 4499 1352 4570 cuiquam,
1372 4502 1657 4574 tribdipo-
1683 4496 1731 4555 D
1758 4500 1889 4556 sint.
1934 4498 2014 4555 ita
2058 4498 2151 4555 ille
2198 4496 2625 4554 subobscurius.
2666 4494 2775 4551 Sed
2822 4495 2892 4551 ad
2927 4496 2944 4549 I
2974 4495 3119 4549 Tim.
3157 4510 3229 4560 iv,
3260 4492 3352 4559 l6,

116 4585 208 4665 test.
224 4578 329 4637 Non
344 4593 426 4639 est
442 4586 613 4657 igitur
628 4587 772 4643 alius
794 4586 995 4643 Vedelii
1017 4589 1100 4644 vir
1126 4590 1479 4649 doctissimus
1493 4610 1660 4665 quam

116 4663 343 4727 Robertus
369 4674 645 4731 Parkerus
679 4686 901 4732 nostras
925 4718 943 4744 ,
975 4679 1458 4737 scliismaticorum
1500 4663 1663 4756 cory-

113 4755 296 4828 phaeus;
321 4780 480 4834 quem
520 4765 784 4823 Vcdelius
816 4784 942 4823 cum
970 4769 1212 4826 refutare
1238 4772 1420 4841 vellet,
1464 4783 1520 4829 et
1552 4755 1660 4832 Ge-

115 4854 326 4909 uevensis
366 4857 676 4927 disciplina:
707 4874 985 4914 summum
1016 4871 1310 4931 patronum
1350 4864 1525 4921 fuisse
1552 4882 1658 4923 no-

113 4952 272 5008 sceret,
314 4948 543 5004 honoris
574 4964 743 5005 eausa
775 4952 1059 5007 nominare
1092 4954 1289 5010 noluit.
1324 4954 1425 5011 llic
1471 4966 1657 5014 autem

113 5024 340 5090 Parkerus
368 5038 631 5093 tredecim
656 5038 963 5095 rationibus
988 5041 1252 5109 epistolas
1296 5043 1489 5111 Ignatii
1516 5043 1658 5099 licti-

114 5119 195 5175 tias
208 5139 314 5180 esse
335 5129 569 5197 probare
597 5138 862 5184 conatur:
894 5131 1057 5201 cujus
1112 5132 1446 5204 coniecturis
1470 5134 1656 5190 Dalltei

113 5212 383 5276 dissertatio
411 5222 655 5307 maxime
693 5224 1023 5294 locupletata
1051 5235 1157 5280 est.

169 5304 278 5363 Post
316 5311 460 5367 hunc
514 5304 789 5369 Robertus
816 5314 998 5370 Cocus
1018 5316 1185 5370 etiam
1237 5327 1457 5374 nostras
1482 5318 1655 5376 edidit

116 5394 359 5456 Censuram
408 5405 764 5473 quorumdam
809 5408 1134 5478 scriptorum
1188 5420 1439 5475 veterum,
1485 5427 1652 5482 quem

116 5503 204 5543 sum
222 5493 280 5548 de
300 5492 508 5565 lgnatio
531 5513 778 5552 censum
802 5499 948 5553 hunc
974 5500 1191 5556 titulum
1224 5504 1647 5572 praescripsisse,

120 5576 533 5655 lgnatiiepistola:
566 5599 687 5641 sunt
716 5594 1098 5660 supposititiw,
1118 5595 1375 5649 observat
1394 5594 1647 5651 Dallmus.

119 5667 253 5726 illita
283 5678 497 5746 quidem
525 5680 763 5761 Titulus,
796 5685 890 5738 sed
938 5684 1187 5739 Censura
1218 5687 1335 5755 ipsa
1376 5686 1545 5743 aliter,
1567 5689 1647 5743 lo-

118 5766 287 5831 quitur.
319 5768 434 5826 Non
453 5773 640 5829 desunt
669 5786 982 5846 argumenta
1006 5776 1205 5847 valida,
1237 5779 1423 5849 quibus
1448 5797 1647 5851 omnes,

1760 4592 1927 4664 paulo
1953 4590 2192 4648 clarius:
2223 4591 2360 4656 Quae
2387 4605 2489 4645 vox
2521 4588 2760 4659 (scilicet
2790 4588 3192 4659 βεϐαρημένον)
3220 4587 3357 4639 inter

1759 4702 1873 4753 eas,
1901 4701 2036 4756 quas
2068 4684 2331 4754 expressit
2367 4683 2458 4754 qui
2486 4680 2741 4752 epistolas
2772 4679 3001 4750 Ignatii,
3033 4689 3190 4749 atque
3218 4679 3357 4731 inter

1756 4792 1847 4832 eas
1872 4775 2149 4847 :quasdam
2178 4789 2284 4828 non
2328 4772 2503 4837 illius,
2536 4770 2748 4825 nomine
2780 4769 2919 4839 ejus,
2949 4784 3114 4839 neque
3160 4768 3351 4838 dignas

1753 4884 1818 4923 eo
1848 4866 2018 4922 dedit.
2049 4862 2588 4922 Gerardusloannes
2614 4861 2871 4926 Vossius,
2918 4860 2995 4916 De
3020 4860 3192 4915 natali
3213 4877 3352 4913 anno

1758 4956 1991 5024 Christi,
2026 4964 2161 5013 sect.
2192 4955 2301 5011 ιιι
2339 4952 2451 5009 Alii
2497 4953 2811 5023 respondent
2854 4950 3059 5023 lgnatii
3096 4950 3351 5019 epistolas

1755 5064 1868 5103 esse
1891 5048 2287 5119 supposititias,
2321 5063 2414 5101 nec
2457 5044 2557 5099 ulli
2588 5053 2711 5099 ante
2749 5043 3035 5099 Nicwnum
3063 5040 3350 5097 concilium

1755 5147 2100 5196 memoratas.
2129 5138 2287 5193 Itane
2316 5154 2435 5193 vero
2453 5137 2480 5192 ?
2504 5138 2675 5202 Quasi
2699 5153 2802 5191 non
2836 5134 3133 5190 meminerit
3165 5148 3348 5184 earum

1758 5227 1999 5284 Irenwus
2025 5228 2119 5284 lib.
2150 5245 2205 5297 ν,
2235 5246 2353 5300 cap.
2377 5229 2471 5297 28,
2518 5239 2569 5283 et
2613 5245 2673 5285 eo
2698 5229 2973 5298 antiquior
3002 5225 3206 5294 ipsique
3250 5240 3350 5292 par

1756 5318 1977 5390 Ignatio
2000 5320 2355 5391 Polycarpus,
2396 5321 2540 5391 apud
2564 5319 2851 5377 Eusebium
2880 5316 2977 5371 lib.
3014 5331 3097 5381 ιιι,
3125 5332 3243 5377 cap.
3261 5313 3340 5377 λς.

1757 5410 1828 5466 Ut
1873 5412 1941 5467 de
1988 5411 2215 5482 Origene
2252 5420 2495 5478 taceam,
2537 5413 2627 5483 qui
2653 5410 2911 5481 quiddam
2938 5408 3061 5462 inde
3093 5408 3337 5471 adducit,

1754 5501 1939 5556 homil.
1966 5502 2000 5557 6
2026 5504 2083 5556 in
2106 5501 2332 5558 Lucam.

1825 5593 2021 5649 Petrus
2051 5604 2233 5650 autem
2262 5596 2499 5659 Halloix,
2520 5592 2752 5658 lcsuita,
2771 5608 2881 5648 non
2914 5601 3127 5649 tantum
3147 5608 3340 5648 omnes

1755 5686 1976 5741 Grzccas
2000 5688 2271 5759 genuinas
2297 5697 2351 5743 ct
2375 5701 2666 5757 germanas
2696 5701 2820 5742 esse
2846 5701 3081 5756 operose
3109 5694 3337 5740 conten-

1754 5770 1867 5847 dit‘,
1920 5781 2015 5837 sed
2067 5789 2122 5841 et
2178 5782 2243 5837 de
2287 5780 2465 5872 tripus
2516 5778 2729 5840 Latinis
2776 5780 3143 5852 itajudiciutu
3170 5790 3331 5833 somn
