3786 6290
422 297 493 354 59
1482 292 1541 347 s.
1580 260 1930 349 lGNATlUS.
1969 316 2039 328 —
2076 278 2611 340 PROLEGOMENA.
3634 265 3693 322 eo

418 408 629 481 profert
658 424 673 464 :
727 408 842 465 Nec
882 409 964 463 ita
1000 413 1160 463 certa:
1182 413 1329 472 sunt,
1361 412 1417 459 ut
1462 403 1826 457 indubitata»:
1855 399 2015 469 ﬁdem
2044 401 2089 457 Α
2113 401 2267 460 sunt,
2297 401 2461 461 atque
2485 389 2608 444 ideo
2635 386 2761 457 jure
2814 385 2899 441 vel
2929 384 2982 439 in
3016 381 3244 439 dubium
3280 381 3588 443 vocantur,
3630 378 3692 429 vel

417 502 561 571 apud
606 518 785 557 omnes
834 510 1157 565 mereantur,
1199 515 1291 553 nec
1341 498 1420 551 ita
1462 498 1678 551 incerta:
1710 505 1767 548 ut
1802 508 2007 547 omnem

417 593 668 663 perdant.
686 592 859 647 Aliter
881 600 1064 645 tamen
1090 587 1387 659 Dionysius
1408 584 1687 650 Petavius,
1712 583 1839 637 licet
1866 580 2009 650 ejus—

416 684 542 739 dem
563 683 810 739 ordinis:
831 683 1076 748 Constat,
1101 680 1302 750 inquit,
1327 694 1505 732 omnes
1533 675 1734 747 Ignatii
1756 672 2006 744 epistolas

417 774 768 844 interpolatas
821 774 1005 843 fuisse.
1043 769 1190 825 Nam
1236 769 1487 840 pleraque
1528 782 1594 822 ea:
1621 767 1733 821 illis
1776 765 1896 819 loca
1940 761 2005 819 ab

418 869 655 939 antiquis
693 866 921 920 laudata
952 864 1033 919 vel
1069 864 1128 918 in
1161 864 1239 919 eis
1284 863 1500 917 minime
1540 861 1901 931 reperiuntur,
1930 855 2008 915 uel

417 960 572 1029 longe
600 958 761 1011 aliter
792 965 1068 1026 concepta.

487 1052 553 1108 Et
587 1052 828 1122 denique
855 1049 1018 1105 Walo
1049 1048 1383 1106 Messalinus
1412 1066 1429 1104 :
1464 1048 1618 1118 Apud
1672 1063 1753 1101 me
1798 1054 2009 1101 constat

414 1159 593 1199 omnes
624 1143 751 1198 illas
783 1141 989 1214 Ignatii
1013 1141 1266 1212 epistolas
1311 1141 1682 1211 supposititias
1725 1156 1839 1194 esse
1859 1180 1875 1206 ,
1929 1137 2007 1192 vel

414 1243 557 1289 certe
575 1233 760 1287 multis
785 1234 916 1287 locis
944 1232 1317 1303 interpolatas,
1343 1240 1399 1286 ct
1426 1232 1610 1301 aliqua
1641 1230 1859 1300 recitat,
1885 1244 2010 1300 qua

414 1324 548 1377 satis
577 1324 847 1389 evincunt,
879 1323 1076 1393 inquit,
1104 1339 1208 1379 non
1252 1339 1404 1393 posse
1447 1322 1586 1377 illud
1627 1337 1758 1391 opus
1798 1323 2008 1376 uuctori

415 1429 571 1484 quem
613 1416 901 1470 ementitur
944 1414 1163 1470 ascribi.
1191 1412 1273 1468 Ac
1302 1430 1537 1470 rursus:
1590 1412 1853 1483 Epistolaa
1897 1411 2009 1468 illa:

416 1514 564 1562 nam
579 1518 629 1562 et
654 1509 947 1577 supposite
965 1508 1215 1563 videntur
1229 1508 1376 1562 circa
1396 1507 1635 1572 initium,
1654 1514 1747 1558 aut
1773 1505 2008 1559 medium

416 1600 636 1653 secundi
664 1601 874 1668 saeculi,
903 1616 1006 1671 quo
1056 1611 1290 1669 tempore
1319 1600 1525 1669 primus
1566 1597 1860 1668 singularis
1895 1598 2009 1669 cpi-

416 1698 664 1757 scopatus
692 1706 855 1759 supra
887 1689 1308 1760 presbyteratum
1340 1689 1676 1745 introductus
1707 1697 1805 1743 est.

1030 1847 1263 1904 CAPUT
1302 1847 1393 1906 1V.

419 1955 702 2015 Strictum:
731 1961 977 2031 quendam
1012 1962 1270 2017 auctoris.
1299 1961 1442 2028 Quid
1464 1964 1529 2018 de
1549 1963 1712 2018 variis
1734 1938 2005 2018 hominum

860 2032 1080 2115 iudiciis
1109 2033 1439 2088 sentiendum
1461 2035 1552 2089 sit.

486 2141 784 2214 [lucusque
815 2146 1061 2202 virorum
1094 2148 1383 2204 doctorum
1421 2149 1635 2220 judicia
1656 2189 1675 2219 ,
1713 2149 1831 2205 sive
1871 2162 2006 2206 con-

409 2232 637 2301 jectura:
692 2237 872 2305 potius
915 2254 1222 2309 progressa:
1271 2250 1431 2308 sunt,
1478 2242 1609 2297 dum
1658 2242 1858 2310 editio,
1894 2257 2005 2297 una

420 2322 633 2389 Graeca,
669 2326 796 2381 licet
828 2342 895 2381 ex
924 2327 1143 2386 duobus
1180 2345 1316 2387 mss.
1351 2332 1786 2401 exemplaribus,
1817 2342 1871 2388 et
1896 2348 2006 2389 una

414 2417 580 2470 etiam
624 2416 1005 2488 interpretatio
1030 2419 1231 2477 Latina
1261 2432 1441 2492 vetus,
1473 2424 1552 2479 illi
1588 2426 1725 2481 satis
1756 2436 1879 2495 apte
1920 2441 2008 2482 re-

415 2508 715 2576 spondens,
755 2519 852 2564 aut
881 2511 949 2566 ab
981 2512 1104 2569 aliis
1145 2515 1214 2570 ad
1252 2515 1474 2573 Graecos
1516 2518 1640 2574 illos
1673 2518 1892 2574 codices
1920 2533 2008 2574 re-

413 2593 671 2662 formata,
702 2608 977 2669 exstaret;
1027 2603 1096 2658 de
1143 2605 1349 2674 quibus
1402 2607 1773 2677 conjecturis,
1823 2609 2008 2678 prius-

414 2703 579 2757 quam
609 2691 1309 2766 ulteriusprogrediamur,
1327 2700 1595 2755 nonnulla
1620 2701 1783 2758 nobis
1815 2711 2005 2758 notatu

414 2792 525 2832 non
552 2779 774 2851 indigna
801 2783 982 2840 visum
1004 2796 1088 2842 est
1117 2788 1433 2845 observare.

484 2868 689 2973 i’rimo,
723 2877 991 2933 sententia
1022 2880 1329 2936 decretoria
1374 2882 1600 2939 Parkeri
1632 2893 1686 2940 et
1725 2883 2005 2953 Salmasii,

412 2972 507 3032 qui
561 2972 813 3023 statuunt
860 2984 1055 3027 omnes
1099 2973 1362 3042 epistolas
1410 2976 1515 3031 sub
1561 2978 1787 3032 nomine
1811 2977 2004 3048 lgnatii

414 3054 777 3122 editas,esse
824 3062 987 3131 plane
1037 3066 1453 3135 supposititias,
1496 3070 1727 3124 minime
1778 3069 2005 3126 ferenda

412 3154 530 3201 est:
566 3156 683 3203 tum
722 3151 869 3221 quod
913 3168 1106 3209 eorum
1136 3170 1459 3227 argumenta
1498 3160 1635 3215 nihil
1664 3162 1812 3219 aliud
1851 3164 2004 3218 evin-

414 3250 548 3295 cunt
574 3258 739 3311 quam
776 3247 922 3315 quod
953 3263 984 3303 a
1012 3251 1224 3307 cmteris
1264 3253 1548 3321 statuitur,
1578 3271 1774 3326 nempe
1812 3273 2004 3316 omnes

413 3342 509 3386 aut
552 3337 931 3404 supposititias
977 3355 1118 3408 esse,
1148 3351 1243 3397 aut
1284 3343 1641 3416 interpolatas
1672 3350 1818 3417 (cum
1855 3351 2002 3406 enim

412 3424 594 3480 adhuc
638 3429 916 3485 nescirent
950 3433 1131 3502 qualis
1178 3450 1369 3491 revera
1418 3437 1767 3510 interpolatio
1814 3441 2001 3513 fuerit,

411 3517 680 3587 quidquid
729 3520 837 3577 illis
878 3522 1177 3594 displicuit,
1208 3529 1386 3597 potuit
1437 3529 1507 3585 ad
1550 3532 2003 3604 interpolationes

411 3610 718 3682 pertinere)
770 3622 885 3669 tum
925 3618 1071 3686 quod
1120 3616 1395 3676 Parkerus
1442 3630 1670 3690 statuat,
1724 3625 2002 3681 neminem

412 3708 543 3756 ante
598 3705 893 3759 concilium
928 3706 1209 3763 Niczenum
1238 3726 1433 3767 earum
1476 3715 1820 3780 meminisse,
1854 3715 2003 3785 quod

412 3792 756 3859 apertissime
790 3794 989 3851 falsum
1021 3807 1126 3853 est.

488 3881 767 3951 Secundo,
798 3885 992 3956 ingens
1035 3889 1335 3946 discrimen
1375 3892 1519 3948 inter
1560 3902 1671 3950 tres
1699 3893 1925 3952 Latinas
1950 3906 2006 3952 ct

410 3972 701 4031 duodecim
744 3977 964 4035 Graecas
1001 3980 1264 4051 epistolas
1310 3993 1458 4039 recte
1489 3985 1841 4042 observatum
1888 4000 2001 4056 est;

410 4072 467 4118 et
492 4063 701 4123 Latina:
725 4068 966 4138 primum
994 4072 1214 4128 emissa:
1252 4074 1322 4129 ab
1352 4075 1627 4133 universis
1662 4075 1776 4133 fere
1806 4080 2004 4134 merito

412 4163 542 4211 sunt
590 4159 835 4231 rejects;
890 4172 1006 4219 tum
1062 4167 1211 4235 quod
1267 4166 1474 4225 Graecis
1505 4170 1765 4226 omnibus
1796 4170 2004 4228 fuerint

412 4249 723 4321 incognitae,
758 4270 936 4325 neque
967 4256 1332 4314 Graecismum
1357 4261 1583 4317 omnino
1608 4262 1910 4330 redoleant,
1944 4274 2003 4320 ut

411 4355 523 4395 non
559 4344 628 4398 ab
668 4345 988 4417 interprete,
1028 4351 1124 4405 sed
1173 4364 1402 4408 auctore
1453 4353 1653 4423 Latino
1711 4357 2001 4413 vidcantur

411 4435 707 4505 profectae;
745 4448 860 4494 tum
893 4444 1039 4511 quod
1084 4444 1139 4498 in
1176 4446 1566 4503 vetustissimis
1602 4446 1846 4518 Vulgatm
1876 4468 2000 4506 ver-

412 4525 587 4582 sionis
623 4545 757 4586 mss.
788 4532 1073 4591 codicibus
1125 4553 1233 4591 non
1285 4538 1661 4607 inveniantur,
1687 4551 1740 4596 ct
1766 4545 1999 4599 seorsim

414 4618 711 4687 aliquando
738 4625 957 4694 scriptae
980 4629 1110 4693 sint,
1140 4638 1194 4685 et
1227 4628 1368 4685 inter
1394 4629 1624 4687 Latinos
1654 4647 1686 4687 a
1721 4631 2000 4690 Bernardo

412 4708 964 4773 autPscudo-Dextro
987 4722 1224 4789 primum
1256 4733 1604 4792 memoratae;
1633 4734 1746 4779 tum
1765 4725 2002 4798 denique

413 4802 559 4871 quod
590 4803 679 4857 vix
723 4808 923 4863 rationi
977 4821 1287 4882 temporum
1333 4816 1626 4872 videantur
1664 4819 1999 4888 consentire,

411 4900 509 4946 aut
552 4909 677 4949 cum
714 4898 982 4956 institutis
1012 4902 1205 4973 lguatii
1237 4907 1536 4978 quidquam
1570 4924 1863 4966 commune
1902 4911 2002 4966 ba-

413 4984 541 5041 bere
570 5004 583 5040 :
626 5005 723 5058 pro
757 4993 946 5061 quibus
982 4996 1188 5065 frustra
1223 5001 1464 5054 nonnulli
1499 5018 1734 5072 pugnare
1766 5004 1999 5074 aggressi

410 5091 536 5135 sunt
558 5093 681 5139 ante
709 5084 917 5159 aliquot
937 5106 1103 5144 annos
1121 5132 1137 5159 ,
1163 5102 1223 5147 ut
1252 5105 1401 5150 recte
1418 5094 1689 5164 judicavit
1710 5095 1999 5168 Philippus

412 5171 703 5235 Labbzeus.
1303 5244 1311 5251 _

484 5266 693 5339 Tertio,
727 5288 798 5329 ne
827 5274 960 5346 ipsa:
1001 5277 1223 5348 quidem
1253 5277 1457 5337 Graeca:
1480 5279 1769 5337 duodecim
1810 5297 2000 5352 parem

412 5361 795 5419 auctoritatem
833 5367 938 5422 sibi
967 5369 1288 5435 vindicant;
1314 5381 1368 5425 et
1397 5381 1546 5445 recte
1570 5373 1751 5442 posita
1784 5376 2001 5430 videtur

411 5451 692 5509 distinctio
730 5457 870 5515 inter
908 5471 1114 5531 septem
1147 5464 1433 5532 epistolas,
1466 5480 1590 5533 qua:
1629 5475 1758 5520 sunt
1784 5468 1854 5522 ab
1891 5467 2003 5522 Eu-

412 5544 567 5599 sebio
592 5560 927 5618 memoratui,
952 5554 1293 5625 reliquisque
1316 5555 1720 5625 antiquissimis
1744 5556 2001 5616 Patribus

412 5632 725 5707 lrequenler
754 5638 1020 5711 laudata,
1076 5655 1131 5700 et
1159 5646 1403 5717 quinque
1429 5647 1589 5713 alias,
1625 5665 1747 5718 quae
1779 5653 2000 5708 nonnisi

413 5735 537 5797 post
566 5729 777 5801 aliquot
806 5735 1005 5791 swcula
1036 5739 1104 5795 ab
1138 5740 1249 5796 ullo
1283 5740 1470 5798 Grzcco
1501 5743 1769 5815 scriptore
1802 5746 2002 5816 agnita

2112 484 2276 539 etiam
2332 482 2492 552 plane
2552 478 2908 549 rejiciuntur:
2946 476 3109 546 idque
3140 487 3248 527 non
3294 480 3535 534 tantum,
3574 470 3693 537 quia

2111 574 2412 631 verisimile
2440 588 2550 627 non
2583 578 2687 633 est,
2718 584 2813 624 eas
2842 567 3160 633 Eusebium,
3178 564 3223 619 si
3249 562 3368 633 ejus
3394 576 3516 617 arvo
3539 568 3694 615 esse-

2113 668 2334 732 tissent,
2373 667 2544 720 latere
2588 662 2857 733 potuisse,
2896 668 2990 715 aut
3018 659 3088 714 ab
3114 657 3329 722 eodem,
3361 655 3409 711 si
3445 654 3558 725 ipsi
3606 668 3692 708 co-

2113 758 2279 829 gnitae
2306 764 2511 822 essent,
2541 752 2847 825 prmteriri;
2884 750 2979 805 sed
3010 751 3173 805 etiam
3203 748 3332 818 quia
3366 747 3452 801 vel
3478 745 3558 800 ob
3581 759 3691 798 mo-

2110 851 2241 906 dum
2270 848 2553 920 loquendi,
2586 847 2657 901 ab
2698 844 3024 900 Eusebianis
3053 842 3285 896 multum
3324 839 3693 908 discrepantes

2112 952 2409 1016 apparent,
2444 942 2531 997 vel
2563 940 2633 995 ob
2667 938 2977 1003 materiam,
3005 935 3273 991 doctrina:
3296 976 3312 1000 ,
3345 932 3622 986 institutis
3646 939 3693 984 et

2110 1037 2361 1092 moribus
2403 1031 2729 1105 posterioris
2779 1028 3039 1084 Ecclesiae
3091 1025 3269 1096 magis
3318 1039 3605 1087 consone,
3646 1029 3693 1075 et

2110 1128 2409 1198 lgnatianis
2425 1123 2664 1180 Eusebio
2682 1120 3001 1178 memoratis
3028 1117 3143 1175 sola
3164 1116 3496 1181 imitatione,
3526 1128 3692 1184 eaque

2112 1221 2280 1276 nimis
2312 1217 2590 1282 affectata,
2622 1213 2853 1272 similes.

2108 1341 2131 1359 ι-
2183 1314 2413 1382 Quarto,
2440 1318 2588 1366 recte
2617 1306 3065 1363 animadversum
3090 1311 3175 1359 est
3202 1317 3233 1357 a
3267 1298 3692 1371 quamplurimis

2110 1396 2275 1464 etiam
2304 1405 2428 1460 illas
2458 1408 2667 1473 septem
2701 1396 3124 1474 antiquissimus
3157 1402 3211 1449 et
3236 1391 3477 1447 maxime
3505 1388 3692 1459 genui-

2111 1518 2214 1558 nas
2240 1497 2503 1571 epistolas
2531 1495 2585 1550 in
2618 1491 2859 1549 editione
2893 1489 3081 1545 Grmca
3111 1495 3242 1541 tunc
3272 1481 3543 1553 temporis
3578 1480 3690 1535 vnl-

2111 1604 2269 1668 gata,
2318 1588 2678 1660 interpolatas
2712 1593 2769 1640 et
2790 1593 3078 1652 corruptas
3125 1579 3333 1645 fuisse;
3376 1576 3548 1646 idque
3575 1589 3691 1630 cum

2110 1665 2232 1742 loca
2262 1700 2291 1740 a
2323 1682 2604 1739 veteribus
2636 1676 2893 1733 Patribus
2925 1672 3182 1738 adducta,
3212 1685 3337 1742 qua:
3374 1668 3432 1722 in
3471 1681 3541 1722 ea
3586 1665 3690 1720 edi-

2035 1749 2080 1806 Β
2110 1780 2257 1834 tione
2285 1784 2381 1831 aut
2425 1790 2533 1829 non
2582 1778 2918 1840 comparent,
2944 1774 3040 1821 aut
3074 1780 3185 1819 non
3217 1771 3363 1818 recte
3389 1774 3691 1831 ΙὮΡΓΒΞΕΠ·

2108 1879 2317 1937 tantur,
2350 1877 2463 1922 tum
2492 1865 2600 1920 alia
2632 1863 2798 1917 etiam
2832 1876 2941 1915 non
2968 1873 3165 1930 pauca,
3190 1872 3314 1926 qua:
3342 1868 3527 1923 neque
3556 1850 3691 1905 anti-

2106 1961 2327 2034 quitati,
2347 1973 2524 2029 neque
2547 1954 2831 2014 sententiae
2860 1950 3130 2021 S.lgnatii
3159 1954 3499 2017 congruunt,
3525 1956 3693 2012 neque

2105 2054 2283 2109 tenori
2338 2051 2697 2123 epistolarum
2750 2046 2887 2104 satis
2927 2043 3317 2101 convenienter
3349 2040 3687 2099 inseruntur,

2105 2146 2332 2217 planum
2359 2143 2589 2200 faciunt.

2178 2235 2411 2304 Quinto,
2433 2232 2707 2291 industria
2751 2228 2983 2296 Vcdelii,
3016 2242 3183 2300 quam
3235 2225 3303 2281 ad
3346 2224 3468 2280 loca
3504 2222 3561 2277 in
3588 2218 3693 2290 epi-

2106 2329 2264 2388 stolis
2311 2327 2553 2385 Eusebio
2592 2321 2915 2381 memoratis
2961 2328 3218 2391 corrupta
3270 2326 3325 2373 et
3374 2314 3688 2384 interpolata

2108 2420 2437 2489 indicanda,
2479 2431 2535 2476 et
2586 2434 2616 2477 a
2669 2417 2928 2490 genuinis
2969 2411 3305 2471 secernenda
3344 2409 3617 2470 adhibuit,
3648 2408 3691 2461 si

2107 2527 2366 2573 conatum
2422 2520 2765 2584 spectemus,
2810 2505 3107 2573 laudanda,
3162 2505 3207 2560 si
3266 2510 3555 2565 eventum,
3585 2499 3692 2553 sive

2108 2620 2449 2671 successum,
2473 2602 2627 2672 parvi
2649 2599 2870 2678 quidem
2895 2594 3215 2654 aestimanda
3237 2593 3508 2648 videatur.
3524 2588 3692 2643 Tanta

2107 2698 2254 2752 enim
2300 2695 2583 2767 diligentia
2633 2695 2741 2748 hoc
2796 2684 3023 2749 tandem
3078 2686 3333 2743 ell'ectum
3385 2693 3492 2752 est,
3522 2693 3582 2739 ut
3629 2696 3692 2737 ex

2108 2803 2218 2842 una
2267 2794 2422 2856 parte
2468 2787 2675 2847 inserta
2704 2791 2759 2840 et
2801 2780 3130 2852 interpolata
3161 2778 3426 2849 pleraque
3471 2784 3692 2846 prater—

2107 2879 2419 2945 mittantur,
2454 2892 2519 2933 ac
2570 2891 2670 2948 pro
2701 2874 2974 2948 ,genuinis
3024 2871 3398 2936 retineantur;
3428 2884 3495 2923 ex
3528 2868 3692 2922 altera

2107 2985 2267 3035 vero,
2295 2985 2554 3040 germana
2585 2979 2750 3038 atque
2797 2965 3035 3038 genuina
3065 2961 3393 3033 smpiuscule
3424 2975 3526 3029 pro
3554 2957 3695 3013 asci-

2110 3060 2248 3119 titiis
2272 3069 2532 3115 notentur
2562 3069 2615 3114 ct
2644 3057 2985 3127 rejiciantur.
3014 3051 3278 3121 Quamvis
3308 3052 3477 3122 igitur
3507 3065 3691 3121 quam-

2112 3152 2333 3224 plurimi
2379 3152 2616 3222 optimas
2666 3148 2860 3221 lgnatii
2914 3147 3180 3218 epistolas
3237 3152 3534 3216 corruptas
3577 3157 3692 3197 esse

2101 3247 2438 3319 judicarcnt,
2468 3245 2737 3300 hactenus
2783 3253 2966 3298 tamen
2999 3241 3069 3297 ad
3103 3239 3373 3313 genuinas
3421 3253 3452 3293 a
3507 3251 3692 3291 corm-

2107 3340 2266 3412 ptelis
2304 3349 2455 3394 certo
2489 3337 2677 3406 aliquo
2719 3334 2943 3390 criterio
2974 3330 3336 3388 vindicandas
3376 3345 3574 3399 parum
3603 3336 3691 3380 aut

2107 3431 2245 3486 nihil
2275 3438 2358 3486 est
2386 3429 2664 3484 effectum.
2707 3426 2779 3481 Ut
2826 3440 3019 3481 verum
3054 3423 3188 3478 illud
3222 3423 3293 3477 sit
3323 3425 3471 3491 quod
3506 3436 3534 3473 a
3569 3418 3690 3471 Dal-

2105 3525 2207 3580 lzeo
2242 3524 2606 3579 observatur:
2660 3519 2786 3575 Nisi
2824 3519 3085 3573 sincerius
3130 3515 3406 3584 exemplar
3453 3511 3689 3567 Usserius

2105 3628 2155 3673 et
2196 3618 2416 3672 Vossius
2460 3616 2608 3671 nacti
2649 3613 2843 3678 essent,
2870 3610 3022 3666 nulla
3050 3610 3222 3680 fplane
3255 3624 3370 3677 spes
3409 3612 3689 3675 superesset

2106 3708 2509 3778 interpolatoris
2553 3705 2729 3761 aliena
2759 3721 2791 3758 a
2816 3704 2952 3758 veris
2996 3702 3273 3770 scriptoris
3307 3694 3690 3752 internoscendi

2107 3809 2157 3859 et
2189 3798 2517 3857 secernendi.

2732 3884 2961 3943 CAPUT
3005 3884 3071 3941 V.

2106 3983 2240 4042 Alia
2278 3992 2422 4037 vetus
2452 3976 2662 4036 Latina
2695 3983 2867 4036 versio
2903 3980 2967 4033 ab
3009 3978 3349 4033 Armachano
3391 3975 3687 4044 publicata,

2175 4072 2280 4124 qua
2324 4054 2759 4122 interpolationes
2794 4053 3012 4124 detecta?
3047 4060 3193 4104 sunt.
3215 4049 3428 4124 _er_m'
3462 4044 3691 4124 epistola:

2177 4116 2206 4177 ὲ
2245 4116 2478 4177 Μεάίεεό
2534 4124 2716 4176 codice
2761 4139 2853 4190 per
2896 4121 3151 4175 lsaacum
3215 4119 3459 4173 Vossium
3490 4116 3686 4190 peditus.

2178 4195 2320 4259 Quid
2353 4196 2453 4249 viri
2494 4194 2641 4250 docti
2667 4197 2731 4247 de
2762 4187 3001 4262 epistolis
3048 4193 3125 4244 ita
3151 4191 3397 4260 purgatis
3436 4187 3690 4255 editisque

2176 4267 2456 4319 senserint.

2177 4356 2359 4423 Quare
2389 4355 2631 4413 Jacobus
2666 4355 2957 4421 Usserius,
2991 4352 3440 4423 archiepiscopus
3493 4350 3685 4407 Arma-

2035 4477 2079 4531 ι)
2105 4452 2339 4517 chanus,
2372 4449 2645 4505 Hibernia:
2677 4450 2907 4519 primas,
2938 4448 3022 4502 vir
3068 4448 3222 4501 mirae
3270 4446 3323 4499 in
3375 4444 3465 4498 his
3528 4442 3685 4496 rebus

2105 4543 2460 4614 perspicaciae
2489 4543 2746 4611 ﬁdeique,
2778 4556 2902 4596 cum
2932 4539 3143 4594 videret
3179 4538 3379 4592 talibus
3411 4535 3688 4605 conjectu-

2107 4638 2186 4693 ris
2237 4637 2374 4691 nihil
2430 4634 2590 4702 cllici,
2636 4634 3205 4701 animadverteretque
3255 4639 3364 4684 tres
3418 4629 3474 4682 in
3506 4626 3688 4698 Anglia

2106 4739 2292 4785 nostra
2345 4729 2626 4799 theologos
2658 4728 2787 4782 olim
2817 4728 2999 4780 locum
3043 4724 3337 4796 quemdam
3366 4738 3435 4777 ex
3464 4718 3687 4791 epistola

2106 4821 2298 4892 lgnatii
2328 4838 2360 4875 a
2386 4820 2736 4876 Theodoreto
2763 4821 3011 4884 citatum,
3045 4834 3147 4873 nec
3172 4817 3228 4870 in
3253 4816 3493 4872 editione
3508 4813 3685 4870 Graeca

2106 4925 2204 4971 aut
2239 4914 2470 4987 Vulgata
2514 4915 2769 4971 versione
2801 4923 2932 4969 tunc
2980 4923 3279 4982 repertum,
3312 4910 3505 4965 eodem
3540 4910 3689 4979 plane

2107 5009 2293 5076 modo,
2314 5023 2424 5078 quo
2444 5024 2474 5061 a
2492 5007 2837 5063 Theodoreto
2860 5006 3159 5077 productus
3184 5002 3385 5067 fuerat,
3409 5001 3685 5063 laudasse;

2107 5102 2535 5172 circumspicere
2565 5100 2754 5170 coepit,
2789 5115 2920 5155 num
2949 5098 3088 5153 forte
3112 5097 3165 5151 in
3192 5095 3386 5165 Anglia
3414 5092 3688 5163 exemplar

2109 5192 2333 5263 aliquod
2364 5191 2622 5248 Latinum
2648 5193 2831 5248 adhuc
2855 5191 3187 5247 delitescens
3219 5188 3448 5260 reperiri
3484 5192 3684 5256 posset,

2106 5302 2175 5342 ex
2205 5302 2316 5357 quo
2346 5303 2447 5343 sua
2477 5296 2587 5345 tres
2621 5288 2700 5343 illi
2737 5288 2974 5359 theologi
3008 5288 3332 5350 hauserunt,
3363 5294 3416 5339 et
3448 5284 3571 5340 loca
3606 5296 3685 5337 re-

2107 5379 2255 5449 liqua
2305 5394 2334 5434 a
2377 5378 2726 5436 Theodoreto
2778 5381 3011 5448 aliisque
3048 5378 3290 5447 antiquis
3329 5376 3589 5431 Patribus
3616 5373 3687 5427 ci-

2106 5479 2243 5539 tata,
2278 5474 2491 5545 integra
2532 5480 2935 5543 comparerent.
2963 5470 3125 5535 Cum,
3155 5484 3305 5535 ecce,
3342 5469 3518 5523 libros
3554 5468 3684 5523 duos

2106 5581 2240 5620 mss.
2284 5575 2479 5621 nactus
2510 5574 2614 5631 est,
2641 5580 2670 5619 e
2699 5566 2917 5635 publica
2968 5563 3181 5633 collegii
3231 5561 3474 5617 Gunvilli
3497 5571 3551 5616 et
3574 5556 3682 5613 Caii

2107 5655 2252 5726 apud
2297 5657 2780 5731 Cantabrigienses
2829 5662 3052 5711 nostros
3093 5670 3287 5721 unum,
3317 5670 3350 5710 e
3380 5654 3592 5724 privata
3623 5649 3677 5702 D.

2108 5746 2328 5805 Ricardi
2367 5739 2689 5806 ﬂontacutii
2722 5748 3076 5806 Norvicensis
3114 5764 3287 5820 nuper
3324 5748 3569 5817 episcopi
3606 5743 3679 5799 bi-
