3786 6304
110 320 155 373 Μ
748 318 794 374 J.
837 317 1209 375 PEARSONII
1247 319 1573 380 VINDICUE
1612 321 2040 380 IGNA'I‘IANIE.
2080 324 2145 368 —+
2185 326 2603 385 PROGJMIUM.
3242 332 3311 388 6%

107 436 332 491 bliotheca
369 433 627 499 alterum,
665 434 772 503 'qui
824 432 1426 509 lgnatiiEpistolarum
1462 441 1701 506 inter-A
1734 441 2050 510 distinguit,
2098 451 2158 498 ut
2224 444 2279 498 in
2338 444 2580 499 editione
2634 441 2814 501 Vossii
2876 444 3308 518 distinguuntur.

106 528 410 599 pretationem
431 526 691 597 aVulgata
711 526 906 584 Latina
926 531 1359 587 diversissimam
1379 534 1631 589 contine-

106 624 224 675 bant.
248 619 305 673 Et
327 620 500 674 statim
527 620 820 675 collatione
854 621 1020 689 facta,
1054 624 1376 679 testimonia
1402 624 1628 680 Patrum

105 713 306 767 omnium
349 712 437 781 qui
481 712 622 765 intra
643 712 909 783 quinque,
936 722 999 767 ut
1027 714 1137 780 ait,
1170 722 1297 784 post
1344 714 1628 771 Christum

102 808 263 862 stt-cuia
312 806 623 871 ﬂoruerunt,
662 820 692 860 a
726 805 936 862 Graecis
968 804 1292 878 Latinisque
1336 808 1629 864 codicibus

102 898 405 961 dissidentia,
437 913 560 952 cum
614 899 718 952 hac
768 899 1026 955 versione
1071 901 1277 971 optime
1308 901 1627 969 convenire,

99 1002 139 1047 et
165 992 309 1044 multa
339 1005 367 1044 a
393 988 657 1045 Graeculis
685 990 1091 1060 posterioribus
1136 992 1345 1047 inserta
1374 1000 1430 1047 et
1460 978 1630 1047 inter-

100 1096 215 1141 texta
240 1085 300 1139 ab
324 1083 506 1138 eadem
544 1083 750 1154 pariter
778 1084 979 1140 abesse
1007 1084 1314 1155 conspexit.
1343 1083 1464 1139 Jam
1498 1100 1629 1140 vero

100 1195 183 1232 non
223 1193 280 1232 ex
315 1176 517 1231 levibus
571 1174 926 1246 coniecturis,
963 1183 1060 1230 aut
1084 1191 1153 1231 ex
1191 1177 1463 1232 sententia
1503 1190 1626 1242 sua,

99 1280 145 1323 ut
181 1268 430 1335 Vedelius,
460 1269 557 1324 sed
605 1284 673 1324 ex
708 1269 912 1327 veteris
956 1269 1230 1325 versionis
1265 1268 1371 1325 llde
1409 1269 1630 1324 Graecas

98 1361 252 1433 lgnatii
292 1360 544 1431 epistolas
575 1360 930 1431 recognovit,
964 1369 1284 1417 assumenta
1309 1361 1629 1417 stellionum

99 1471 121 1506 a
144 1453 360 1522 genuinis
390 1452 550 1508 facile
572 1462 626 1509 et
654 1460 842 1521 aperte
872 1454 1135 1521 secrevit;
1169 1454 1628 1526 Polycarpianam

95 1548 270 1602 illarum
303 1546 552 1618 Syllogen
588 1546 663 1602 ita
692 1547 1074 1604 excutiendam
1102 1548 1341 1610 curavit,
1371 1557 1433 1602 ut
1455 1548 1630 1604 minio

97 1639 137 1692 in
162 1647 285 1693 textu
312 1639 494 1695 Graeco
525 1639 745 1695 lacinia:
772 1640 880 1695 illa:
905 1641 1283 1710 signarentur,
1313 1656 1455 1710 quas
1487 1656 1516 1695 a
1545 1657 1630 1697 re.

96 1732 279 1815 ccntiori
316 1732 706 1804 interpolatore
734 1743 957 1789 assutas
982 1731 1180 1799 fuisse,
1215 1733 1416 1788 veteris
1446 1731 1625 1788 Latini

1730 542 1756 599 ξ,
1806 534 2117 590 Salmasius
2171 551 2322 603 vero,
2353 536 2593 592 editione
2646 535 2857 591 Usserii
2908 545 3214 607 perspecta,
3260 546 3315 591 et

1731 629 1921 685 codice
1955 628 2220 695 Mediceo,
2245 639 2537 700 antequam
2568 630 2843 698 ederetur,
2875 631 2992 687 viso
3017 672 3032 697 ,
3068 630 3313 685 auctori-
3394 616 3397 619 λ

1731 722 1828 777 tati
1860 720 2054 792 lgnatii
2088 722 2329 793 iniquior
2355 721 2536 778 factus
2561 732 2662 779 est.
2691 722 2831 779 Ecce
2854 724 3001 778 enim
3045 723 3101 777 in
3132 721 3316 791 Appa-

1731 823 1852 869 ratu
1882 814 1950 869 ad
1996 814 2168 869 libros
2205 813 2285 867 De
2314 814 2553 882 primatu
2604 813 2803 886 Papae:
2846 813 3063 881 Varias,
3112 812 3313 883 inquit,

1731 899 1929 955 diversi
1963 902 2212 970 temporis
2235 902 2351 972 ejus
2375 903 2546 972 operis
2582 903 3015 974 interpolationes
3073 919 3185 957 esse
3232 902 3317 970 fa-

1731 1000 1846 1043 ctas
1878 990 2061 1044 multis
2106 992 2339 1045 ostendit
2365 993 2827 1047 reuerendissimus
2875 1004 2923 1047 et
2975 992 3317 1046 doctissimus

1729 1083 1811 1138 vir
1833 1080 2068 1136 Iacobus
2101 1082 2349 1137 Usserius
2373 1083 2767 1139 Armacltanus.
2819 1083 2990 1149 Quale
3022 1093 3197 1140 autem
3248 1082 3315 1136 ab

1731 1185 1948 1229 auctore
1977 1177 2206 1243 primum
2232 1174 2456 1245 prodiit,
2508 1192 2570 1230 ne
2597 1176 2881 1246 genuinum
2914 1176 3123 1246 quidem
3148 1174 3316 1245 Igna-

1733 1268 1797 1321 tii
1826 1284 1961 1335 esse,
1988 1284 2203 1337 possum
2231 1270 2376 1322 omni
2412 1269 2798 1324 asseveratione
2831 1264 3166 1339 conﬁrmare.
3191 1266 3319 1322 Haec

1731 1362 1900 1434 paulo
1931 1362 2195 1418 sedatius.
2220 1362 2356 1430 Quae
2378 1378 2488 1418 non
2516 1363 2676 1436 longe
2697 1372 2820 1435 post
2844 1371 3171 1434 sequuntur,
3197 1361 3321 1417 Sal-

1730 1456 1968 1511 masium
2005 1456 2182 1525 magis
2236 1457 2480 1526 sapiunt.
2529 1458 2651 1522 Qua
2704 1467 2881 1511 autem
2922 1466 3078 1511 (etate
3129 1455 3320 1510 vixerit

1730 1546 1817 1599 hic
1838 1547 2118 1616 impostor,
2142 1548 2232 1617 qui
2258 1563 2442 1602 nomen
2475 1546 2678 1619 lgnatii
2699 1549 2984 1603 ementitus
3011 1556 3088 1601 est
3112 1549 3169 1601 in
3198 1546 3320 1601 istis

1729 1640 1968 1711 epistolis
1996 1640 2409 1709 conscribendis,
2434 1641 2811 1712 inquirendum
2841 1651 2942 1696 est.
2973 1639 3118 1695 Nam
3151 1640 3321 1712 lgna-

1732 1735 1865 1787 tium
1893 1748 1996 1787 non
2011 1748 2123 1787 esse
2142 1749 2326 1786 earum
2352 1742 2620 1787 auctorem
2648 1742 2759 1787 tam
2790 1742 2988 1786 certum
3010 1740 3137 1803 puto
3161 1750 3319 1803 quam

98 1826 378 1894 interpretis,
411 1834 544 1881 tunc
573 1826 815 1896 primum
858 1824 928 1879 ab
956 1824 1076 1894 ipso
1105 1824 1259 1887 editi,
1292 1824 1500 1880 indicio
1530 1825 1628 1879 de—
1660 1819 1704 1875 Β
1733 1846 1813 1883 me
1850 1829 1963 1883 hac
1990 1828 2237 1882 scribere.
2268 1824 2369 1883 Hic
2394 1843 2527 1883 sane
2543 1844 2742 1899 purum
2770 1837 2961 1898 putum
2986 1826 3321 1883 Salmasium

96 1918 420 1987 prehendemt.
449 1916 604 1972 Felix
635 1918 741 1973 hoc
773 1916 994 1988 quidem
1030 1917 1311 1987 inceptum
1337 1932 1447 1986 quo
1475 1931 1630 1971 reve-

96 2012 256 2067 rendus
282 2029 459 2079 senex,
489 2028 617 2068 cum
655 2012 882 2084 ingenii,
910 2012 1099 2084 iudicii
1133 2020 1187 2067 et
1212 2012 1479 2067 doctrinae
1505 2027 1631 2081 spe-

94 2103 229 2157 cimen
251 2102 513 2174 singulare
536 2103 808 2167 exhibuit,
835 2112 949 2157 tum
978 2102 1240 2158 Ecclesia:
1268 2102 1627 2157 utilissimam

94 2202 133 2246 et
152 2194 275 2249 hisce
294 2194 629 2265 temporibus
652 2194 893 2249 maxime
924 2194 1223 2249 salutarem
1249 2207 1473 2263 operam
1488 2208 1628 2262 pra:-

95 2286 215 2342 stitit.

146 2379 190 2433 Id
216 2395 326 2435 vero
357 2381 420 2436 ad
449 2380 737 2437 cumulum
775 2378 1029 2442 accessit,
1063 2377 1211 2449 quod
1240 2377 1327 2433 vir
1356 2387 1627 2449 praastan-

93 2472 292 2529 tissimus
315 2484 364 2530 et
389 2475 543 2530 omni
584 2460 849 2528 doctrina:
876 2486 1075 2543 genere
1104 2470 1404 2526 admodum
1435 2469 1628 2524 excul-

92 2573 175 2627 tus,
202 2563 396 2621 Isaacus
424 2564 665 2621 Vossius
689 2565 944 2620 Graecum
978 2562 1258 2633 exemplar
1289 2561 1483 2631 (quod,
1508 2560 1630 2631 opi-

92 2673 184 2723 nor,
208 2659 411 2714 inlinita:
436 2660 697 2716 lectionis
737 2640 1043 2713 Turrianus
1072 2665 1293 2712 centum
1328 2654 1439 2710 lere
1468 2656 1628 2708 annis

92 2759 186 2802 ante
212 2749 417 2817 viderat,
442 2759 496 2805 et
521 2750 969 2805 vetustissimum
1001 2745 1628 2815 emendatissimumque

92 2854 177 2894 ess:
201 2849 407 2897 testatus
436 2841 548 2912 est)
597 2857 629 2897 e
656 2840 897 2896 Medicea
924 2836 1262 2894 Bibliotheca
1287 2837 1625 2908 exscriptum

93 2930 376 2997 produceret,
411 2933 553 2988 viris
575 2931 914 2988 doctissimis
941 2930 1282 2985 amicissime
1312 2927 1627 2983 communi-

92 3033 226 3089 caret,
254 3034 302 3079 et
337 3026 604 3095 quoniam
640 3023 850 3079 Latinae
877 3023 1119 3080 versioni
1160 3024 1231 3078 ab
1269 3021 1497 3078 Usserio
1527 3037 1628 3090 pu-

92 3115 254 3171 blicatae
299 3118 549 3189 apprime
591 3132 899 3172 consonum
951 3116 1360 3182 animadvertit,
1392 3130 1521 3170 cum
1563 3129 1628 3167 ea

92 3208 216 3263 simul
243 3211 664 3281 imprimendum
698 3226 763 3264 ac
793 3208 937 3264 notis
970 3206 1361 3264 illustrandum
1388 3214 1626 3262 curaret.

92 3296 189 3361 Quzr
221 3316 330 3354 cum
379 3310 487 3355 tam
544 3300 723 3354 amice
754 3300 1159 3369 conspirarent,
1192 3313 1300 3351 non
1350 3296 1625 3351 dubitavit

94 3405 289 3447 asserere
328 3394 623 3449 doctorum
664 3393 911 3448 virorum
945 3406 1065 3460 par,
1103 3390 1323 3446 easdem
1355 3389 1631 3459 Epistolas

94 3485 263 3538 tandem
287 3502 382 3540 nos
412 3487 641 3549 habere,
688 3500 832 3555 quas
866 3484 1081 3550 ,habuit
1132 3481 1405 3538 Eusebius
1426 3525 1440 3549 ,
1492 3496 1631 3551 quas

94 3575 221 3630 edidit
243 3575 592 3648 Polycarpus,
631 3594 769 3647 quas
803 3576 1027 3647 scripsit
1054 3576 1321 3655 Ignatius.

144 3665 287 3733 Quam
314 3671 442 3725 viris
469 3669 708 3725 eruditis
731 3676 882 3741 grata
912 3667 1077 3723 fuerit
1103 3668 1217 3722 haec
1232 3666 1411 3722 Vossii
1438 3665 1627 3734 editio,

95 3759 155 3811 vel
191 3762 296 3816 inde
339 3772 506 3833 patet,
547 3763 702 3833 quod
744 3761 1009 3817 Claudius
1058 3759 1375 3827 Sarravius,
1407 3767 1630 3814 senator

94 3848 383 3921 Parisiensis,
413 3858 482 3909 ah
512 3837 646 3926 ipso.
676 3855 731 3908 in
762 3855 908 3911 notis
936 3855 1113 3909 obiter
1143 3853 1420 3918 laudatus,
1442 3851 1491 3906 ei
1514 3852 1630 3906 hzec

95 3946 407 4016 rescripserit:
460 3949 577 4020 Ago
629 3949 808 4019 itaque
856 3948 1087 4018 gratias,
1134 3962 1232 4015 ago
1278 3946 1485 4014 gratias
1516 3943 1631 3997 ‘tibi

95 4042 387 4107 sunimasmti
426 4039 623 4107 Vossi,‘
656 4052 905 4095 alternum
939 4040 1079 4093 enim
1104 4054 1184 4090 me
1216 4038 1311 4090 tibi
1341 4035 1629 4090 devinxisti

95 4137 207 4181 tanta
235 4144 277 4186 et
317 4142 420 4187 tam
447 4134 714 4204 prmclaro
752 4150 880 4203 erga
906 4133 1266 4186 immerentem
1298 4130 1624 4182 testimonio.

104 4218 226 4276 Video
243 4227 371 4279 enim
394 4228 467 4281 ibi
493 4227 701 4297 famam
727 4241 898 4279 meam
924 4224 1214 4279 wternitati
1245 4230 1627 4288 consecratam,

94 4331 137 4367 eo
172 4330 513 4387 monumento,
571 4318 714 4389 quod
750 4333 885 4372 saxa
927 4326 976 4372 et
1024 4332 1297 4370 marmora
1348 4315 1631 4369 durattone

96 4425 246 4469 necat.

1732 1920 2021 1975 habemus.
2052 1919 2135 1974 Ad
2162 1928 2380 1990 tempus
2404 1929 2589 1975 autem
2613 1920 2761 1991 quod
2797 1920 3013 1986 attinet,
3047 1920 3320 1990 imposto-

1730 2025 1847 2065 rem
1873 2010 2067 2065 eodem
2096 2026 2224 2066 cum
2258 2011 2554 2067 Valentino
2597 2012 2805 2068 vixisse
2834 2013 3178 2083 suspicatur;
3219 2013 3321 2067 im-

1730 2111 1977 2172 perante,
2021 2103 2307 2168 nimirum,
2338 2105 2641 2171 Antonino,
2680 2115 2774 2160 aut
2801 2114 2947 2160 certe
2980 2106 3085 2160 sub
3134 2103 3321 2158 Marco

1729 2194 1976 2249 Aurelio.
2028 2194 2209 2266 Atque
2255 2195 2369 2250 haec
2417 2205 2502 2251 est
2543 2210 2756 2250 summa
2787 2195 3073 2250 sententia:
3101 2193 3320 2247 Salma-

1730 2285 1924 2343 siaute.
1960 2286 2077 2358 Ipse
2110 2295 2292 2342 autem
2322 2302 2447 2342 cum
2492 2287 2611 2341 haec
2637 2288 2690 2342 in
2720 2288 3000 2357 Apparatu
3042 2296 3153 2341 tam
3182 2295 3322 2340 stre-

1730 2394 1841 2434 nue
1867 2381 2221 2447 asseruisset,
2266 2380 2322 2434 in
2358 2379 2480 2450 ipso
2514 2395 2681 2450 opere
2726 2379 3059 2435 auctoritate
3118 2378 3319 2449 lgnatii

1730 2472 2057 2542 saepiuscule
2087 2473 2280 2528 utitur.
2313 2468 2446 2539 Quae
2477 2487 2604 2527 cum
2634 2471 2863 2528 vidisset
2901 2470 3166 2526 Claudius
3193 2469 3325 2525 Sar-

1730 2564 1938 2631 ravius,
1976 2579 2166 2619 aurem
2228 2562 2502 2618 Salmasio
2554 2562 2703 2618 vellit
2737 2574 2791 2618 et
2834 2562 3161 2617 admonuit:
3199 2559 3326 2615 Non

1730 2656 1903 2727 placet
1933 2698 1949 2720 ,
2009 2656 2148 2726 quod
2178 2673 2239 2710 ea
2270 2656 2325 2709 in
2376 2656 2656 2727 Apparatu
2722 2655 2923 2725 culpes,
2959 2670 3078 2725 quae
3116 2655 3173 2707 in
3203 2654 3321 2723 ipso

1731 2763 1882 2818 apere
1908 2748 2120 2803 laudas.
2151 2748 2227 2803 De
2269 2747 2574 2820 Ignatianis
2597 2748 2859 2818 Epistolis
2893 2748 3155 2818 intelligo,
3190 2763 3323 2816 quas

1731 2845 1788 2898 in
1808 2844 2109 2915 Apparatu,
2140 2844 2232 2914 qui
2265 2846 2416 2915 prior
2466 2843 2663 2915 legitur
2688 2885 2703 2909 ,
2759 2844 2949 2897 merito
2980 2844 3080 2914 τῆς
3112 2840 3325 2903 νοθείας

1732 2938 1985 2992 reuincis.
2020 2946 2070 2991 et
2105 2945 2283 2991 tamen
2313 2953 2499 2991 earum
2527 2937 2851 2989 auctoritate
2885 2944 3069 3005 postea
3098 2932 3325 3003 sapius-

1732 3031 1848 3086 cule
1886 3031 2074 3097 uteris,
2109 3030 2264 3099 quasi
2297 3041 2467 3083 essent
2497 3029 2771 3099 legitimaz,
2804 3042 2895 3081 nec
2920 3026 3107 3080 titulus
3140 3032 3325 3078 aucto-

1736 3140 1844 3177 rem
1870 3124 2203 3177 mentiretur.
2250 3121 2453 3176 Saltem
2487 3122 2553 3175 de
2592 3124 2702 3177 ista
2730 3133 2821 3175 tua
2849 3120 3122 3174 sententia:
3147 3128 3324 3170 muta-

1736 3215 1878 3270 tione
1902 3214 2109 3287 aliquid
2137 3216 2519 3287 signiﬁcasses.
2556 3215 2733 3285 Epist.
2771 3231 2825 3285 p.
2860 3213 2991 3268 181.
3027 3211 3173 3279 Haec,
3200 3212 3324 3281 Cpi-

1735 3325 1859 3375 nor,
1890 3308 1945 3362 in
1986 3307 2246 3362 Sarravio
2270 3349 2285 3375 ,
2323 3307 2569 3362 maximo
2608 3306 2864 3363 Salmasii
2915 3304 3323 3379 hyperaspista,

1734 3401 1900 3455 etiam
1933 3400 2009 3454 illi
2036 3399 2179 3454 ferre
2214 3408 2469 3470 possunt,
2508 3400 2605 3471 qui
2633 3399 2827 3454 eadem
2885 3400 2939 3452 in
2977 3394 3323 3451 llammondo

1733 3507 1842 3546 non
1886 3491 2088 3546 ferunt.

1804 3583 1973 3637 David
2024 3585 2190 3639 etiam
2241 3583 2581 3649 Blondcllus,
2616 3591 2678 3638 ut
2729 3582 2846 3653 ipse
2895 3581 2949 3635 in
2997 3579 3324 3634 Praefationc

1730 3675 2008 3746 Apologia:
2041 3675 2265 3742 fatetur,
2296 3676 2711 3747 quamprimum
2758 3674 3121 3745 cpistolarum
3173 3672 3325 3741 prio-

1731 3784 1855 3823 rum
1896 3784 1991 3823 sex
2041 3767 2262 3824 lsaacus
2294 3767 2526 3825 Vossius
2561 3768 2776 3838 copiam
2814 3766 2964 3831 fecit,
3007 3780 3103 3821 eas
3144 3764 3323 3819 avidis

1732 3861 1908 3917 oculis
1939 3862 2144 3929 hausit,
2177 3878 2345 3916 manu
2378 3861 2603 3932 propria
2634 3859 2943 3929 descripsit,
2972 3874 3100 3913 cum
3140 3856 3324 3913 citatis

1733 3966 1764 4004 a
1793 3950 2066 4005 veteribus
2115 3950 2251 4005 locis
2303 3950 2547 4005 studiose
2587 3946 2840 4012 contulit,
2882 3945 3085 4002 saeculo
3130 3956 3323 3999 nostro

1731 4043 2057 4115 gratulatus,
2102 4042 2251 4113 quod
2300 4042 2433 4098 illud
2482 4042 2663 4113 ipsum
2709 4039 3010 4110 exemplar,
3044 4054 3153 4108 quo
3198 4047 3325 4090 ante

1732 4136 1873 4189 1500
1900 4151 2076 4190 annos
2104 4151 2241 4191 usus
2267 4146 2386 4189 erat
2428 4133 2722 4198 Eusebius,
2756 4147 2955 4186 novam
2992 4130 3094 4200 ipsi
3125 4144 3325 4199 prope-

1730 4226 1873 4281 diem
1906 4227 2224 4282 all‘ulsuram
2258 4227 2436 4281 lucem
2466 4225 2779 4295 sponderet.
2798 4221 2903 4278 Sed
2925 4232 3216 4293 postquam
3242 4228 3323 4273 at-

1733 4321 1963 4374 tentiore
1994 4320 2179 4374 animo
2220 4318 2562 4387 singularum
2595 4325 2650 4371 et
2677 4317 2903 4387 phrasin
2949 4323 3003 4370 ct
3034 4312 3319 4367 materiam

1730 4420 1784 4467 et
1824 4412 2074 4467 ordinem
2111 4412 2388 4481 expendit,
2417 4409 2759 4465 blandientes
2790 4417 2952 4463 antea
2999 4421 3123 4476 spes
3164 4403 3325 4473 pudi-

147 4508 298 4574 Quare
319 4513 503 4569 statim
533 4527 603 4567 ex
636 4508 1073 4581 protestantibus
1097 4504 1346 4559 Andreas
1371 4501 1622 4567 Rivctus,
1656 4511 1703 4567 Ῑ)
1730 4502 1951 4558 bundus
1995 4502 2232 4572 abjicere
2261 4510 2508 4569 coactus,
2538 4501 2697 4556 bona:
2725 4498 2949 4553 Patrum
2980 4496 3104 4551 tidei
3137 4495 3320 4564 impu-

95 4618 187 4657 cnm
215 4606 255 4660 ei
292 4606 546 4663 Usserius
579 4620 779 4660 novam
812 4601 1004 4673 Ignatii
1037 4616 1105 4655 ex
1136 4600 1308 4653 veteri
1344 4598 1485 4652 libro
1515 4596 1633 4651 edi—

98 4695 252 4751 tionem
279 4700 778 4761 communicasset,
824 4696 878 4749 in
912 4693 1104 4749 ultima
1148 4690 1340 4746 Critici
1375 4690 1459 4744 sui
1490 4687 1631 4743 sacri

97 4791 408 4859 recognitione
442 4792 594 4846 illius
620 4788 887 4860 judicium
933 4794 1156 4842 secutus
1183 4792 1305 4838 est:
1359 4789 1413 4835 et
1445 4796 1509 4835 ex
1542 4777 1633 4833 Je—

98 4884 222 4938 suitis
256 4884 539 4950 Petavius,
596 4881 802 4937 Graecis
846 4876 1030 4932 Vossii
1078 4884 1132 4930 et
1179 4874 1389 4929 Latinis
1422 4870 1631 4928 Usserii

98 4979 352 5045 conspectis
385 4997 400 5035 :
440 4978 598 5040 llazc,
618 4976 815 5045 inquit,
848 4975 1080 5043 prudens
1123 4981 1171 5025 et
1216 4970 1369 5039 justa
1397 4967 1630 5036 suspicio

98 5075 169 5129 est,
198 5068 305 5122 illas
346 5086 456 5123 esse
487 5068 746 5139 genuinas
777 5064 983 5136 Ignatii
1014 5062 1322 5133 Epistolas,
1350 5075 1482 5131 quas
1532 5075 1631 5111 an-

99 5156 313 5223 tiquarum
342 5175 628 5214 consensus
658 5157 958 5212 illustribus
1005 5153 1324 5209 testimoniis
1360 5166 1630 5205 commen-

98 5246 216 5300 datus
240 5260 284 5302 et
322 5251 643 5320 approbatas
682 5248 918 5319 reliquit.
966 5244 1114 5301 Idem
1163 5245 1327 5299 etiam
1360 5241 1630 5313 judicium

98 5343 261 5401 Μωὴί
302 5347 523 5403 Fabroti
582 5344 705 5407 fuit,
735 5352 794 5399 ut
844 5342 1142 5399 ostendunt
1197 5348 1342 5395 notae
1387 5336 1510 5407 ejus
1561 5336 1631 5391 ad

98 5437 413 5495 Anastasium.
479 5438 541 5493 S.
603 5435 886 5507 Ignatius,
946 5431 1195 5504 Epistola
1246 5431 1316 5484 ad
1376 5429 1630 5499 Ephesios

101 5526 247 5585 {edidit
260 5531 492 5584 eruditus
516 5528 599 5583 vir
614 5526 839 5580 Isaacus
865 5524 1106 5596 Vossius)
1125 5531 1179 5578 et
1196 5522 1382 5577 statim
1402 5519 1634 5573 Pseudo-

101 5626 299 5683 lgnmtus
327 5624 379 5675 in
409 5620 639 5691 epistola
680 5619 749 5673 ad
780 5616 1158 5683 Antiochenos,
1184 5624 1243 5670 et
1285 5614 1438 5680 alibi,
1475 5611 1631 5666 Vetus

100 5706 308 5781 interpres
338 5709 599 5781 Epistolis
644 5711 713 5765 ad
741 5709 1128 5780 Philippenses,
1163 5722 1279 5777 quae
1322 5704 1384 5762 S.
1417 5704 1635 5789 Ignotio

103 5805 357 5860 ascribitur.
378 5806 454 5862 lta
481 5808 575 5861 ille
605 5806 869 5876 genuinas
893 5801 1168 5874 Epistolas
1196 5814 1226 5855 a
1260 5798 1461 5870 spuriis
1491 5812 1633 5868 saepe

1732 4594 1923 4650 denter
1950 4593 2171 4647 illusum
2201 4593 2397 4661 doluit,
2446 4599 2501 4647 et
2548 4590 2889 4662 argumentis
2920 4588 3251 4659 quibusdam
3287 4602 3321 4641 a

1732 4687 1927 4760 priori,
1943 4703 2107 4758 quam
2124 4688 2191 4742 de
2214 4685 2511 4757 lgnatianis
2527 4685 2777 4756 epistolis
2794 4682 3323 4752 imbiberat,opinio—

1733 4795 1803 4835 ne
1845 4779 2128 4849 depulsus,
2158 4794 2253 4834 eas
2299 4793 2492 4833 omnes
2537 4777 2917 4848 supposititias
2961 4776 3184 4831 credere
3228 4790 3325 4829 co-

1733 4882 1888 4929 actus
1936 4882 2039 4928 est.
2090 4871 2275 4943 Ipsum
2324 4880 2509 4927 autem
2562 4871 2943 4942 impostorem,
2980 4870 3075 4941 qui
3127 4869 3319 4941 Ignatii

1734 4966 1991 5036 martyris
2039 4980 2241 5019 nomen
2277 4972 2505 5034 septem,
2534 4962 2793 5029 Eusebio,
2826 4960 3150 5027 Athanasio,
3191 4957 3320 5011 llie-

1733 5066 1968 5124 ronymo
1999 5052 2259 5117 laudatis,
2293 5050 2553 5122 Epistolis
2581 5051 2852 5123 appinxit,
2872 5052 3032 5122 longe
3061 5056 3186 5120 post
3217 5062 3319 5100 an-

1734 5160 1866 5199 num
1915 5144 2277 5200 centesimum
2323 5144 2807 5216 quadragesimum
2838 5151 3115 5213 quartum,
3152 5138 3318 5192 adeo-

1736 5251 1843 5307 que
1877 5247 1998 5306 post
2028 5235 2332 5292 Clementis
2356 5236 2736 5304 Alexandrini,
2774 5242 2886 5290 toto
2924 5233 3035 5287 fere
3057 5239 3317 5288 centena-

1734 5328 1818 5384 rio
1853 5329 2062 5399 lgnatio
2086 5329 2431 5402 posterioris,
2462 5329 2694 5395 obitum,
2728 5324 2997 5397 prodiisse
3023 5324 3207 5378 tradit.

1764 5470 1769 5473 .
1805 5422 2113 5491 Antequam
2146 5421 2263 5477 haec
2290 5436 2322 5476 a
2351 5420 2632 5476 Blondello
2666 5419 2979 5481 ederentur,
3024 5425 3318 5487 postquam

1736 5529 1867 5570 vero
1896 5514 1965 5569 ab
1990 5513 2271 5584 opinione,
2320 5528 2485 5583 quam
2517 5527 2548 5566 e
2578 5509 2819 5565 Medicco
2859 5508 3046 5564 codice
3075 5509 3316 5579 primum

1736 5606 2048 5673 imbiberat,
2076 5606 2338 5677 depulsus
2362 5612 2466 5670 est,
2496 5602 2767 5659 sententia
2792 5602 2912 5674 ejus
2938 5601 3153 5673 llugoni
3179 5599 3317 5656 Gro-

1737 5701 1835 5767 tio,
1861 5699 1979 5755 viro
2006 5699 2269 5765 maximo,
2298 5695 2558 5762 innotuit,
2580 5695 2697 5765 qui,
2726 5696 2855 5766 quid
2887 5696 2953 5751 dc
2980 5712 3041 5750 ca
3068 5695 3315 5757 sentiret.

1739 5795 1791 5850 in
1820 5792 2051 5863 epistola
2081 5791 2145 5847 ad
2170 5788 2472 5847 Gorardum
2506 5788 2760 5846 Vossium
2794 5790 2916 5846 data
2949 5799 3206 5859 protenus
3232 5788 3310 5843 si-
