3814 6198
477 278 553 336 63
1541 278 1603 334 S.
1639 275 1986 335 lGNA'l‘lUS.
2025 304 2096 318 -—
2132 274 2666 333 PROLEGOMENA.
3701 276 3740 328 (1

477 394 754 467 gniﬁcavnt
774 412 787 452 :
806 393 1138 461 Blondellus,
1168 407 1370 463 ntagntv
1394 392 1472 447 vir
1497 393 1805 463 diligentior,
1823 394 1911 448 sed
1937 408 2046 446 sum
2076 400 2123 455 Α
2150 391 2421 449 Salmasio
2438 400 2494 447 et
2512 390 2809 458 Blondello;
2826 388 3236 447 dissertationes
3249 400 3502 457 quatuor,
3524 388 3740 458 quibu

475 486 621 556 parti
666 502 823 557 super
864 500 1074 555 a'quum
1115 483 1383 550 addictus,
1433 484 1559 553 quid
1607 485 1672 539 de
1708 484 1965 552 episcopis
2000 493 2049 537 et

475 578 791 647 presbyteris
818 579 1035 642 sentiat,
1057 592 1122 630 ea:
1144 576 1355 644 scriptis
1379 576 1493 645 ejus
1514 576 1737 630 antehac
1765 575 1922 629 editis
1948 590 2061 629 non.

473 671 755 725 obscurum
796 680 894 725 est.
931 669 1268 739 lmprimitur
1298 684 1440 723 nunc
1467 669 1616 737 apud
1636 667 1882 722 Blavium
1918 666 2053 720 liber

471 761 586 830 ejus
616 761 918 830 specialiter
951 760 1015 813 de
1041 775 1102 815 eo
1145 770 1454 830 argumento
1477 775 1496 813 :
1526 758 1755 829 Cognovi
1783 769 1956 812 autem
1986 773 2051 813 ex

472 866 711 903 sermone
745 850 907 918 ipsius
936 850 1151 904 omnino
1174 866 1296 904 eum
1321 850 1419 904 bos
1464 866 1617 921 agere
1640 848 1788 913 velle,
1837 856 1894 900 ut
1947 846 2052 899 ali-

470 939 599 1003 quid
638 940 864 1009 reperiat
899 938 1034 993 unde
1059 939 1262 1008 [amant
1300 948 1542 1009 spargat,
1567 947 1615 992 te
1644 938 1699 992 in
1726 954 1787 991 ea
1814 953 1869 990 re
1896 936 2051 1005 plane

470 1048 644 1087 secum
684 1032 898 1086 sentire.
945 1029 1149 1101 lgnatii
1181 1029 1473 1100 Epistolas,
1502 1047 1635 1101 quas
1666 1028 1813 1099 filius
1839 1037 1960 1081 tuus
1984 1041 2051 1080 ea;

471 1121 638 1176 Italia
665 1122 849 1177 attulit
881 1139 1044 1191 puras
1068 1121 1132 1176 ab
1164 1121 1406 1177 omnibus
1434 1122 1523 1185 iis,
1549 1136 1668 1191 qua
1694 1119 1890 1173 eruditi
1918 1117 2050 1170 lutc-

469 1221 619 1265 tenus
642 1221 885 1281 suspecta
917 1212 1166 1279 habuere,
1194 1213 1310 1266 ideo
1336 1212 1618 1265 admittere
1639 1225 1743 1263 non
1767 1208 1897 1271 vult,
1927 1208 2052 1279 quia

468 1303 864 1373 episcopatuum
897 1304 1145 1359 vetustati
1178 1303 1386 1357 clarum
1410 1303 1641 1373 prmbent
1671 1301 2049 1358 testimonium.

471 1397 792 1466 Argumenta
819 1397 927 1450 alio
956 1412 1058 1450 non
1089 1397 1284 1460 utitur,
1330 1412 1489 1467 quant
1525 1396 1663 1468 quod
1685 1396 1742 1449 in
1766 1394 1874 1447 illis
1896 1392 2051 1449 verba

468 1488 713 1555 quaedam
730 1498 1023 1558 appareant
1047 1488 1372 1560 elegantiora
1390 1504 1549 1559 quam
1571 1486 1737 1542 solent
1761 1487 1813 1540 in
1839 1494 2051 1555 aposto-

470 1580 696 1632 licorum
745 1580 961 1649 scriptis
1007 1580 1263 1649 reperiri;
1302 1579 1487 1651 quales
1531 1587 1655 1632 sunt
1709 1576 2049 1641 ἁξιέπαινοι,

467 1670 971 1743 ἀξιομνημόνευτα,
998 1684 1048 1727 et
1077 1674 1299 1728 similia.
1339 1671 1471 1726 Dixi
1505 1687 1621 1741 ego,
1655 1670 1801 1739 paris
1832 1677 2053 1721 moneta:

470 1764 726 1817 vocabula
750 1781 853 1817 non
874 1781 1047 1834 pauca
1072 1780 1183 1819 esse
1207 1765 1263 1817 in
1289 1763 1572 1819 Clementis
1602 1759 1866 1831 Epistula,
1893 1774 2050 1829 quant
2083 1783 2125 1839 Β

468 1864 762 1924 suspectam
791 1872 894 1909 non
921 1856 1077 1910 habet
1106 1874 1125 1912 :
1156 1856 1440 1910 adhaesisse
1471 1853 1582 1907 lucc
1606 1853 1702 1907 diu
1732 1866 1796 1905 ex
1828 1848 2049 1904 lectione

470 1946 797 2014 Grecorum,
829 1949 922 2017 qui
943 1948 1168 2002 nitidius
1198 1948 1547 2019 scripserant.

536 2038 955 2109 Quamprimum
986 2049 1167 2094 autem
1199 2038 1571 2093 Blondelliana
1608 2036 1665 2090 in
1710 2035 1890 2089 lucem
1915 2046 2047 2104 pro-

466 2130 666 2192 dirent,
693 2138 746 2185 et
775 2129 996 2186 lsaacus
1015 2129 1245 2187 Vossius
1270 2130 1515 2186 codicem
1540 2127 1865 2193 Medieeum,
1883 2139 2047 2194 quem

464 2230 576 2281 tam
610 2222 840 2278 feliciter
863 2223 1129 2284 ediderat.
1154 2232 1265 2277 tam
1312 2222 1455 2277 male
1496 2226 1787 2276 tractatum
1814 2216 2046 2283 videret,

462 2314 651 2369 statim
680 2315 911 2386 epistola
940 2315 1009 2370 ad
1036 2313 1287 2368 Rivetum
1316 2313 1559 2368 rationes
1586 2308 1926 2381 perscripsit,
1947 2322 2049 2363 cur

461 2422 588 2465 cum
643 2422 755 2461 non
806 2407 1034 2462 omnino
1064 2419 1384 2476 permovere
1432 2401 1709 2472 potuerint
1737 2406 2048 2468 argumenta

460 2497 581 2566 illa,
605 2513 724 2568 qua:
763 2495 934 2551 David
979 2480 1291 2550 Blondellus
1317 2493 1386 2548 ad
1419 2490 1749 2547 evertendam
1776 2485 2048 2556 Epistola-

460 2605 582 2645 rum
607 2589 810 2662 Ignatii
831 2590 1102 2645 veritatem
1126 2587 1333 2643 attulit.
1362 2584 1500 2640 Huic
1528 2582 1770 2654 epistolae
1791 2579 2046 2635 Blondel-

460 2681 550 2737 lus
597 2682 856 2737 adnotata
905 2697 1006 2736 sua
1056 2679 1308 2751 aspersit,
1340 2686 1396 2733 et
1441 2684 1704 2746 praeterea
1758 2672 2046 2728 stricturas

458 2774 725 2843 quasdam
755 2771 823 2825 ad
855 2770 1037 2827 Vossii
1061 2768 1231 2826 Notas
1262 2776 1389 2823 ante
1410 2767 1614 2832 editas;
1643 2763 1844 2835 quibus
1874 2761 2044 2816 altera

458 2864 743 2933 prolixiori
766 2862 999 2933 epistola
1022 2862 1091 2917 ad
1119 2861 1372 2917 Rivetum
1395 2856 1601 2929 pariter
1624 2856 1792 2912 missa
1822 2852 2046 2908 lsaacus

457 2963 719 3009 accurate
756 2953 1059 3024 respondit.
1093 2950 1221 3007 Haec
1265 2958 1448 3006 autem
1500 2948 1686 3003 omnia
1730 2961 1855 3002 cum
1900 2941 2045 3017 apud

458 3043 639 3113 ipsum
668 3041 926 3099 Vossium
961 3043 1056 3098 diu
1096 3040 1434 3107 delituerint,
1470 3055 1570 3110 pro
1602 3052 1815 3093 summa
1848 3035 2046 3088 huma-

2150 484 2496 554 episcopatus
2531 484 2655 554 jura
2690 499 2754 538 es
2798 481 3003 538 sanctis
3036 480 3339 550 Scripturis
3377 488 3432 535 et
3467 482 3740 550 primaevi

2152 576 2474 647 antiquitate
2519 585 2864 638 astruuntur,
2894 573 3087 639 edidit,
3121 583 3177 628 et
3209 587 3398 628 earum
3429 571 3739 627 serundar

2151 667 2218 724 de
2250 667 2438 737 lgnatii
2470 666 2690 736 scriptis
2718 664 2974 721 instituit.
3006 662 3065 718 in
3108 664 3199 719 illa
3245 672 3426 717 autem
3466 661 3740 717 dissert:

2154 759 2300 815 tione
2328 758 2508 827 primo
2539 755 2806 827 quidquid
2847 755 2913 810 ad
2944 755 3046 810 has
3086 753 3297 823 lgnatio
3337 751 3740 822 abjudicanda

2151 848 2421 918 epistolas
2436 848 2640 903 dictum
2670 856 2776 914 est,
2809 846 3127 902 solemniter
3148 845 3213 900 ad
3243 859 3471 900 examen
3492 843 3740 899 vocavit

2152 940 2401 996 secundo:
2418 939 2665 1009 quaedam
2696 939 2926 1007 addidit,
2961 953 3086 1010 quae
3129 936 3445 994 earumdem
3490 932 3740 990 auctori

2151 1039 2319 1086 tatem
2346 1030 2655 1086 stabiliant.

2221 1121 2302 1176 Ad
2336 1121 2452 1176 haec
2478 1120 2811 1178 Hammondi
2845 1121 2983 1176 nihil
3014 1119 3341 1186 Salmasius,
3386 1116 3525 1174 nihil
3569 1116 3740 1170 Bion

2151 1212 2327 1268 delius
2372 1213 2634 1283 reposuit.
2682 1212 2843 1269 Domi
2892 1222 3075 1268 autem
3126 1211 3436 1281 theologus,
3486 1207 3740 1263 Joanne

2152 1298 2391 1358 Owenus
2454 1311 2673 1360 nostras
2719 1303 2774 1358 in
2830 1301 3162 1359 Praelatione
3212 1303 3450 1373 quadam
3506 1300 3740 1371 Anglic

2153 1391 2357 1461 scripta
2389 1392 2563 1448 multa
2611 1394 2667 1447 in
2714 1392 3161 1449 llammondiana,
3192 1391 3383 1466 lgnatii
3412 1390 3739 1448 defensiou-

2152 1482 2355 1552 culpat,
2380 1499 2504 1554 qua:
2545 1485 2807 1557 peculiari
2849 1486 3077 1558 scripto,
3108 1486 3293 1556 lingua
3336 1486 3502 1539 etiam
3546 1492 3739 1538 nostr

2153 1570 2530 1632 Hammondus
2570 1575 2832 1633 defendit.
2866 1574 2986 1631 Non
3037 1586 3217 1632 tamen
3264 1573 3501 1632 Owcnus
3542 1588 3740 1630 eorum

2153 1667 2480 1722 sententiam
2527 1668 2745 1737 probat,
2772 1669 2868 1738 qui
2895 1668 3160 1739 epistolas
3184 1682 3382 1723 omnes
3421 1665 3740 1738 lgnatiana

2154 1764 2423 1827 tanquam
2459 1759 2617 1814 ﬁctas
2659 1770 2715 1817 et
2756 1760 3137 1831 supposititias
3183 1758 3434 1816 absolute
3469 1758 3739 1814 eundem

2152 1857 2287 1904 nant
2312 1866 2327 1904 :
2360 1848 2471 1903 imo
2496 1852 2555 1905 in
2581 1865 2772 1906 earum
2796 1852 3071 1921 aliquibus
3102 1867 3314 1905 suavem
3341 1858 3391 1905 et
3419 1850 3740 1922 gratiosum

2152 1950 2216 1997 ut
2237 1951 2514 1999 nostrates
2542 1944 2861 2013 loquuntur,
2886 1946 3033 2015 ﬁdei,
3064 1944 3385 2009 dilectionis,
3408 1944 3740 1999 sanctitatis

2148 2042 2198 2089 et
2227 2034 2328 2089 zeli
2360 2034 2461 2089 Dei
2491 2036 2741 2105 spiritum
2788 2037 3076 2103 spirantem
3124 2046 3174 2091 et
3226 2044 3534 2105 operantem
3566 2049 3739 2103 agno

2150 2125 2275 2181 scit.
2308 2124 2544 2182 Ministri
2570 2128 2735 2183 etiam
2768 2127 3146 2183 Londinenses
3170 2143 3296 2183 cum
3325 2127 3607 2190 Sculteto,
3647 2125 3739 2180 Ve

2149 2216 2293 2271 dolio
2329 2226 2385 2271 et
2430 2217 2625 2273 Riveto
2671 2219 2902 2289 professi
2949 2230 3079 2275 sunt
3137 2234 3199 2275 se
3260 2219 3489 2274 minime
3548 2234 3739 2273 omne

2149 2308 2481 2377 reprobate;
2521 2310 2616 2365 sed
2647 2310 2727 2365 ita
2751 2311 2818 2366 de
2843 2310 3171 2381 corruptelis
3199 2310 3369 2367 locuti
3408 2318 3569 2374 sunt,
3603 2324 3682 2365 ac
3717 2325 3740 2364 s

2148 2397 2418 2454 editiones
2469 2396 2677 2457 Usserii
2734 2400 3027 2472 Vossiique
3077 2418 3363 2473 nunquam
3416 2400 3713 2458 vidissent

2148 2501 2293 2547 certe
2322 2493 2454 2563 quid
2485 2493 2554 2548 de
2583 2492 2845 2564 Epistolis
2877 2494 3152 2551 defaecatis
3190 2494 3479 2567 sentirent,
3512 2496 3740 2551 minimi

2148 2583 2482 2639 indicarunt.

2218 2672 2556 2747 Theophilus
2578 2685 2761 2732 autem
2785 2675 3120 2749 Raynaudus
3146 2676 3201 2732 in
3224 2674 3640 2735 Erotematibus
3660 2696 3740 2736 ne

2147 2775 2239 2837 gat
2256 2767 2544 2837 epistolam
2569 2770 2639 2824 ad
2662 2769 2893 2825 Mariam
2918 2768 3202 2839 Deiparam
3222 2785 3343 2827 esse
3370 2771 3734 2840 lgnatianam

2148 2854 2447 2927 Epistolam
2495 2868 2692 2927 tamen,
2736 2860 2935 2933 inquit,
2979 2862 3049 2915 ad
3097 2860 3331 2915 Mariam
3366 2859 3740 2916 Cassobolitei

2146 2963 2256 3003 esse
2282 2948 2339 3003 S.
2370 2948 2579 3021 Ignatii
2601 2952 2785 3020 [cetum
2812 2954 3118 3024 genuinum,
3142 2963 3295 3006 extra
3324 2953 3740 3007 controversian

2147 3054 2322 3107 pono;
2364 3042 2621 3112 quidquid
2673 3042 3001 3098 contrarium
3046 3043 3205 3113 pauci
3246 3041 3464 3113 quidam
3526 3042 3739 3097 secsari

457 3135 649 3201 nitate,
676 3145 729 3190 et
752 3135 927 3191 bonas
952 3135 1164 3190 litteras
1192 3133 1417 3204 iuvandi
1443 3130 1771 3198 studio,quo
1802 3143 1913 3197 prae
1942 3140 2047 3179 επ·
2074 3114 2119 3175 C
2148 3128 2492 3197 e/I'utiverint.

458 3226 593 3281 teris
646 3226 905 3282 omnibus
939 3226 1087 3292 ,viris
1136 3224 1312 3280 doctis
1364 3223 1599 3292 ﬂagrare
1643 3219 1881 3282 videtur,
1909 3215 2044 3270 mihi

457 3318 677 3373 tandem
714 3319 769 3372 in
802 3323 904 3374 hac
932 3333 1098 3373 arena
1127 3314 1413 3373 desudanti
1442 3312 1774 3369 amicissime
1796 3326 2047 3366 commu-

457 3410 683 3476 nicavit,
712 3417 766 3464 et
800 3410 1114 3481 elllagitanti
1148 3417 1211 3468 ut
1235 3398 1361 3465 cum
1388 3405 1593 3463 nostris
1631 3403 1943 3467 ederentur,
1977 3401 2046 3456 li-

454 3499 777 3557 bentissime
804 3501 1100 3556 concessit.

525 3590 836 3660 Quinetiam
870 3592 1318 3661 archiepiscopus
1340 3590 1725 3646 Armachanus
1748 3587 1803 3643 in
1826 3587 2044 3657 Appen-

452 3682 595 3749 dice,
622 3682 872 3753 proximo
901 3690 1025 3752 post
1057 3680 1321 3737 Blondelli
1350 3680 1669 3751 Apologiam
1702 3694 1849 3733 anno
1874 3677 2040 3745 edita,

454 3780 647 3834 mirari
692 3780 827 3834 satis
872 3793 934 3834 se
980 3793 1091 3833 non
1144 3776 1391 3847 potuisse
1421 3776 1727 3845 proﬁtetur.
1759 3775 1898 3829 duos
1940 3773 2041 3827 hos

455 3869 641 3939 magni
693 3868 936 3924 nominis
980 3867 1153 3932 viros,
1201 3866 1535 3920 Salmasium
1578 3872 1633 3919 et
1672 3862 2039 3927 Blondellum,

454 3960 790 4029 conjecturis
814 3959 932 4016 suis
961 3967 1175 4014 tantum
1200 3959 1486 4025 tribuisse,
1510 3972 1634 4012 cum
1666 3953 1944 4027 Polycarpi
1971 3953 2039 4007 ad

457 4051 835 4123 Philippeuses
863 4050 1094 4115 litteras,
1128 4050 1330 4121 quibus
1364 4048 1676 4121 lgnatiauas
1700 4062 1731 4101 a
1763 4061 1823 4101 se
1850 4044 2037 4114 subje-

458 4151 573 4197 ctas
598 4141 770 4197 fuisse
811 4142 928 4213 ipse
956 4141 1267 4207 contirmat,
1305 4156 1595 4211 germanas
1624 4140 1797 4195 fuisse
1826 4137 2039 4192 fatean-

458 4241 567 4295 tur,
600 4240 654 4286 et
700 4231 800 4286 has
844 4231 991 4300 ipsas
1024 4247 1145 4301 quae
1173 4230 1384 4302 Ignatio
1414 4232 1734 4286 tribuuntur
1763 4228 2038 4302 Epistolas

454 4328 514 4384 in
541 4328 785 4383 Mediceo
816 4322 1011 4381 codice
1034 4337 1064 4377 a
1089 4321 1311 4379 novitiis
1338 4326 1676 4379 assumentis
1704 4326 1927 4379 demum
1974 4329 2039 4381 li-

2218 3218 2540 3278 Edmundus
2567 3223 2732 3278 etiam
2762 3221 3078 3279 Albertinus
3111 3221 3318 3278 Usserii
3356 3223 3740 3294 responsioni

2145 3311 2249 3367 bus
2293 3322 2349 3368 et
2399 3312 2729 3371 Hammondi
2770 3316 3149 3375 dissertationi
3180 3310 3406 3370 minime
3433 3317 3740 3385 acquievit,

2149 3405 2247 3459 sed
2288 3405 2343 3459 in
2392 3406 2548 3461 libris
2600 3407 2677 3461 De
2720 3407 3043 3462 eucharistia
3083 3406 3277 3463 Latine
3301 3406 3463 3463 editis
3494 3408 3740 3464 decreto

2146 3497 2283 3551 riam
2343 3498 2669 3553 sententiam
2734 3498 2791 3555 in
2847 3498 2965 3554 haec
3020 3498 3187 3554 verba
3250 3498 3479 3568 protulit
3539 3518 3558 3555 :
3623 3498 3740 3553 Non

2145 3590 2438 3659 negaverim
2462 3589 2736 3660 Ignatium
2760 3591 3013 3661 epistolas
3037 3590 3244 3660 aliquas
3276 3590 3562 3655 scripsisse
3587 3608 3609 3644 :
3633 3594 3740 3654 sed,

2144 3680 2191 3734 si
2221 3698 2351 3750 quas
2380 3683 2616 3751 scripsit,
2656 3681 2768 3736 illa:
2807 3683 3075 3752 perierunt
3107 3697 3125 3735 :
3156 3692 3207 3736 et
3250 3682 3428 3751 plures
3473 3682 3614 3736 alite
3651 3684 3740 3735 sub

2142 3772 2291 3827 illius
2314 3775 2523 3827 nomine
2549 3775 2692 3828 circa
2717 3774 2948 3828 medium
2976 3774 3193 3828 secundi
3217 3773 3402 3829 swculi
3422 3776 3740 3843 composita

2141 3876 2288 3932 sunt,
2341 3882 2404 3919 ac
2446 3867 2659 3921 incaute
2708 3875 2759 3920 et
2793 3866 2989 3938 absque
3021 3866 3267 3920 examine
3296 3883 3329 3919 a
3355 3868 3632 3921 veteribus
3665 3884 3740 3921 re-

2142 3967 2322 4028 ceptae.
2355 3956 2420 4012 Et
2457 3957 2648 4013 eodem
2692 3973 2839 4013 anno
2883 3956 3125 4013 Joannes
3171 3956 3429 4023 Dallwus,
3475 3957 3640 4015 libro
3674 3958 3740 4014 De

2130 4049 2355 4119 jejuniis
2400 4060 2449 4105 et
2502 4051 2931 4121 Quadragesinta
2975 4049 3159 4116 tertio,
3196 4048 3386 4103 Totum
3436 4050 3548 4105 hoc
3600 4052 3740 4124 quod

2142 4140 2343 4213 Ignatii
2377 4144 2587 4197 nomine
2615 4143 2990 4213 circumfertur
3019 4141 3383 4212 Epistolarum
3426 4159 3573 4212 opus
3618 4162 3740 4212 sup<

2138 4235 2436 4303 posititium
2464 4250 2598 4300 esse,
2632 4236 3071 4306 sanctissimeque
3112 4233 3337 4304 martyri
3379 4250 3488 4287 non
3549 4238 3740 4305 paucis

2137 4336 2253 4396 post
2282 4327 2396 4396 ejus
2426 4337 2646 4381 mortem
2677 4328 2832 4382 annis
2864 4326 3003 4397 falso
3046 4337 3099 4380 et
3134 4344 3228 4394 per
3269 4326 3523 4396 fraudem
3571 4330 3740 4382 ascri-

456 4422 697 4481 beratas.
734 4434 845 4476 non
876 4417 1061 4474 minus
1083 4432 1249 4473 uuam
1284 4416 1566 4487 Polycarpi
1594 4417 1790 4489 ipsam,
1821 4420 2040 4478 Eusebii
2066 4451 2111 4506 Β
2139 4428 2287 4488 ptum
2338 4420 2503 4489 fuisse
2551 4428 2662 4473 tam
2712 4418 3038 4473 evidentibus
3073 4426 3216 4488 patet
3264 4417 3636 4486 documentis,
3684 4432 3740 4473 ut

456 4507 792 4577 temporibus
819 4508 874 4562 in
903 4508 1151 4562 omnium
1182 4509 1439 4564 manibus
1467 4507 1639 4565 fuisse
1671 4524 1781 4564 non
1798 4517 2033 4580 negent;

457 4612 508 4649 ιη
531 4597 683 4652 hisce
710 4606 892 4654 tamen
916 4598 1235 4670 cllingendis
1268 4600 1622 4670 impostorem
1659 4601 1898 4671 aliquem
1930 4617 2035 4654 no-

456 4701 580 4740 men
628 4686 823 4759 lgnatii
870 4690 1197 4745 ementitum
1232 4706 1374 4759 esse,
1406 4692 1875 4748 conﬁdentissime
1903 4706 2034 4762 pro-

453 4777 727 4834 nuntient.
756 4779 991 4851 Pupugit
1021 4781 1360 4839 Blondellum
1394 4798 1582 4838 severa
1614 4785 1730 4839 haec
1754 4782 2034 4839 mitissimi

453 4868 601 4924 senis
652 4871 1025 4941 reprehensio,
1077 4871 1401 4929 admirantis
1450 4882 1656 4929 tantam
1702 4891 1769 4931 ex
1822 4874 2036 4930 levibus

450 4958 783 5029 coniecturis
814 4962 1202 5019 conﬁdentiam
1237 4981 1251 5018 :
1285 4980 1457 5034 quare
1504 4965 1737 5037 epistola
1788 4967 1857 5021 ad
1905 4981 2033 5020 eum

448 5051 597 5117 data,
623 5060 678 5106 et
708 5061 948 5122 quatuor
973 5055 1259 5125 productis
1300 5061 1658 5127 argumentis,
1691 5073 1813 5129 quae
1851 5059 2030 5129 ipsum

449 5144 777 5203 sententiam
826 5155 1040 5202 mutare
1083 5157 1349 5217 vetarent,
1404 5150 1613 5205 haerere
1643 5164 1702 5205 se
1729 5150 2031 5204 etiamnum

450 5238 727 5305 professus
757 5246 861 5294 est.

520 5327 717 5384 Postea
768 5331 1000 5403 insignis
1047 5334 1341 5390 admodum
1393 5334 1709 5404 theologus,
1760 5332 2030 5390 Henricus

449 5418 847 5489 llammondus,
871 5440 998 5479 cum
1021 5426 1225 5481 videret
1248 5425 1583 5497 theologicas
1611 5426 1793 5479 theses
1821 5430 1875 5480 in
1903 5425 2031 5481 Gal-

449 5510 521 5564 lia
551 5514 879 5582 propositas,
905 5518 1324 5586 proclamantes,
1347 5518 1493 5574 litem
1518 5531 1571 5573 et
1597 5520 2027 5575 controversiam

450 5602 516 5654 de
539 5616 920 5672 episcoporum
963 5622 1129 5677 supra
1159 5609 1504 5679 presbyteros
1538 5612 1896 5680 prmrogativa
1928 5611 2027 5665 de-

451 5691 658 5749 ﬁnitam
684 5695 798 5767 jam
825 5695 992 5754 videri
1025 5715 1053 5753 a
1089 5699 1223 5754 viris
1253 5701 1413 5774 longe
1440 5701 1776 5761 doctissimis
1801 5704 2024 5765 domino

2140 4511 2334 4563 mirum
2376 4511 2469 4575 sit,
2512 4511 2649 4564 hanc
2693 4512 3038 4581 imposturam
3075 4509 3309 4563 homines
3331 4510 3737 4565 eruditissimos

2141 4602 2328 4657 tandiu
2373 4601 2540 4658 latere
2585 4605 2842 4673 potuisse,
2878 4612 2935 4658 et
2984 4602 3052 4657 de
3097 4618 3191 4658 sex
3226 4601 3355 4667 illis,
3382 4617 3534 4671 quas
3570 4603 3739 4659 Lsse-

2137 4696 2255 4750 rius
2298 4695 2471 4749 voluit
2505 4711 2626 4750 esse
2674 4711 2800 4751 vere
2830 4694 3140 4765 lgnatianas
3172 4712 3187 4749 :
3218 4693 3320 4750 Sed
3354 4696 3505 4764 quod,
3552 4699 3733 4767 magni

2137 4787 2238 4840 viri
2267 4803 2395 4856 pace
2423 4788 2626 4841 dictum
2651 4788 2744 4854 sit,
2774 4804 2835 4841 ne
2866 4788 2985 4842 ista:
3014 4787 3245 4858 quidem,
3269 4804 3398 4858 quas
3430 4787 3532 4843 ille
3558 4789 3739 4860 publi-

2136 4879 2299 4943 cavit,
2329 4894 2363 4931 a
2398 4878 2609 4935 meliori
2637 4895 2796 4949 quam
2820 4888 3025 4934 caetera:
3055 4896 3217 4933 manu
3242 4897 3353 4934 esse
3375 4881 3660 4939 videntur.

2208 4970 2431 5024 Interim
2467 4979 2645 5025 tamen
2679 4986 2791 5025 non
2842 4980 2925 5026 est
2969 4971 3354 5039 omittendum,
3384 4974 3643 5030 nobilem
3678 4976 3739 5031 in

2136 5062 2410 5134 theologia
2455 5062 2729 5129 criticum,
2770 5060 3039 5118 Joannem
3068 5061 3360 5126 Morinum,
3391 5066 3625 5124 collatis
3651 5070 3729 5123 di-

2134 5156 2310 5210 versis
2340 5156 2673 5210 editionibus
2709 5171 2774 5209 ex
2819 5154 3144 5225 Augustano
3175 5166 3227 5211 ct
3253 5156 3589 5218 Florentino
3634 5179 3727 5219 ce-

2132 5247 2348 5303 dicibus
2373 5248 2727 5317 depromptis,
2760 5247 2814 5300 in
2845 5247 3009 5301 aliam
3042 5249 3201 5318 plane
3232 5248 3512 5307 diversam
3545 5256 3724 5310 maxi-

2132 5354 2329 5409 meque
2354 5339 2656 5393 mirandam
2686 5339 3015 5394 sententiam
3044 5340 3319 5395 incidisse.
3338 5342 3613 5414 Antiqua,
3640 5348 3723 5400 in-

2130 5432 2291 5501 quit,
2333 5428 2745 5500 Ignatianarum
2788 5429 3157 5501 Epistolarum
3207 5434 3370 5486 editio
3421 5427 3740 5505 genuinum‘

2131 5530 2328 5574 textum
2355 5519 2501 5574 nobis
2524 5519 2749 5588 exhibet,
2783 5537 2916 5576 nova
2942 5537 3060 5576 vero
3085 5538 3327 5575 mancum
3349 5532 3399 5577 et
3421 5504 3736 5599 interpolae‘

2120 5624 2259 5671 tum.

2201 5706 2420 5765 Samuel
2450 5718 2631 5766 autem
2660 5708 2985 5777 Bocbartus,
3018 5709 3099 5764 vir
3127 5708 3512 5781 doctissimus,
3546 5722 3603 5770 in
3632 5715 3713 5769 iu»
