3786 6300
99 319 154 373 σς
740 308 788 365 J.
837 302 1203 363 PEARSONII
1242 299 1567 360 VINDICUE
1614 298 1647 355 lt

1821 295 2036 353 ἹᾹΝᾹῈ.
2077 328 2144 337 ——
2181 292 2581 352 PRlKEMIUM

98 433 214 503 genti
258 444 427 501 opere,
466 425 812 505 llierozoico,
862 422 1165 494 Epistolam
1212 420 1280 474 ad
1325 419 1629 485 Romanos,
1662 423 1705 479 Α
1736 429 1910 467 revera
1935 412 2233 481 scripsisse,
2257 412 2366 466 sive
2388 411 2458 464 ad
2483 408 2866 480 Polycarpum,
2890 409 2999 464 sive
3020 409 3090 462 ad
3119 407 3329 477 Philip-

97 525 293 582 Eusebio
335 523 523 587 visam,
577 520 891 591 probatam,
924 526 1091 587 atque
1142 513 1485 579 deﬂoratam,
1516 527 1627 567 non

97 630 197 674 ante
213 606 535 671 Constantini
562 611 914 682 imperatoris
940 623 1119 665 aevum
1147 607 1409 678 scriptam
1434 605 1627 673 fuisse,

96 723 301 767 asserere
327 722 431 763 non
461 704 754 763 dubitavit.

658 841 890 898 CAPUT
932 842 1025 898 VI.
1129 866 1139 881 ι

97 938 324 994 Sententia
378 935 589 1000 Dalltei,
640 935 849 1006 aliquas
889 935 1144 1004 epistolas
1189 933 1467 1006 Ignatium
1498 936 1634 989 scri-

152 1012 310 1079 psisse.
342 1006 625 1079 Epistolas,
650 1023 787 1079 quas
812 1007 1083 1079 hqbemus,
1113 1006 1320 1060 easdem
1349 1022 1633 1079 esse,quas

153 1075 309 1131 habuit
333 1077 606 1130 Eusebius.
638 1075 743 1131 Sea:
762 1079 827 1130 ab
855 1075 1082 1131 Eusebio
1098 1087 1442 1141 memoratas,
1469 1075 1635 1145 fuisse

148 1166 235 1204 non
257 1151 314 1202 ab
345 1147 553 1218 Ignatio
573 1151 821 1217 scriptas,
847 1148 937 1201 sed
960 1147 1024 1200 ab
1054 1150 1360 1218 impostore,
1393 1148 1635 1218 ducentis

150 1230 248 1287 post
270 1216 458 1288 lgnatii
488 1228 707 1271 mortem
738 1219 916 1288 annis,
943 1216 1216 1287 conﬁctas.
1245 1217 1539 1288 Epistolam
1566 1216 1635 1288 ad

154 1287 473 1359 l’olycarpum
520 1304 623 1359 non
669 1288 830 1357 fuisse
871 1287 1095 1359 Eusebio
1130 1290 1416 1358 cognitam,
1450 1287 1541 1342 sed
1571 1287 1635 1339 ab

148 1358 549 1427 alio'impostore,
578 1358 817 1412 ducentis
848 1371 963 1427 post
993 1358 1277 1412 Eusebium
1303 1360 1479 1423 annis,
1506 1374 1634 1426 ευρ,

154 1432 368 1497 positam.
393 1429 666 1483 bententia
690 1439 895 1482 nostra.
931 1428 1138 1498 Septem
1161 1429 1411 1497 epistolas
1436 1430 1500 1481 ab
1525 1428 1639 1481 En—

152 1501 269 1553 sebio
296 1501 614 1562 memorari;
652 1516 843 1568 easque
890 1516 1066 1552 omnes
1098 1499 1262 1561 fuisse
1306 1498 1371 1552 ab
1422 1499 1638 1570 Ignatio

153 1574 246 1639 ipso
272 1570 604 1624 sanctissimo
644 1582 878 1639 martyre
908 1572 1258 1640 conscriptas.

153 1683 363 1739 Tandem
388 1682 633 1739 Joannes
665 1682 923 1751 Dallseus,
958 1685 1247 1755 theologus
1276 1701 1307 1740 e
1338 1684 1514 1742 Gallia
1544 1701 1639 1741 cc-

1731 520 1940 574 penses,
1971 504 2080 557 sive
2108 502 2177 556 ad
2204 501 2341 557 alios
2367 502 2574 556 litteras
2597 502 2623 555 2
2648 501 2811 572 Atqui
2836 516 2938 555 non
2969 499 3107 554 illud
3133 499 3332 572 quieri-

1733 607 1841 663 tur,
1881 611 1953 648 an
1995 592 2245 664 Ignatius
2278 592 2533 663 epistolas
2563 584 2774 663 aliquas
2804 592 3076 661 scripserit
3134 591 3332 659 (incre-

1731 690 1893 746 dibile
1928 699 2037 756 est,
2074 688 2382 759 hujusmodi
2414 687 2583 741 virum
2610 683 2788 739 nullas
2824 684 3141 753 scripsisse;
3171 698 3332 744 neque

1732 784 2007 855 scripsisse
2033 781 2244 853 aliquas
2274 779 2556 851 quisquam
2579 779 2759 850 negat)
2784 781 3071 849 queritur,
3103 792 3175 831 an
3209 776 3327 837 has,

1732 893 1865 947 quas
1904 890 2046 929 nunc
2091 872 2366 936 habemus,
2390 870 2708 939 scripserit?
2735 867 2854 924 Non
2891 868 3058 938 igitur
3083 882 3227 938 opus
3252 873 3333 921 est

1737 978 1796 1022 ut
1836 967 2137 1039 probemus
2176 965 2395 1035 aliquas
2421 963 2489 1017 ab
2517 962 2640 1032 ipso
2667 960 2728 1016 S.
2755 960 2967 1032 lgnatio
2990 960 3335 1029 conscriptas

1737 1058 1910 1113 fuisse
1939 1055 2224 1127 epistolas,
2257 1053 2507 1122 adeoque
2550 1052 2832 1107 exstitisse
2877 1051 3179 1121 aliilnando
3229 1049 3333 1105 ali-

1736 1150 1862 1206 cubi
1898 1150 2116 1220 aliquas
2164 1146 2467 1218 genuinas;
2520 1144 2571 1199 id
2602 1144 2748 1200 enim
2779 1142 2905 1213 jure
2935 1156 3035 1212 pro
3064 1154 3335 1197 concesso

1738 1240 2033 1304 sumimus,
2057 1254 2183 1295 cum
2213 1235 2592 1293 adversarium
2624 1236 2976 1289 conﬁtentem
3005 1232 3330 1287 habeamus.

1811 1328 2067 1384 Secundo
2114 1327 2381 1397 epistolas
2432 1340 2548 1392 eas,
2588 1339 2729 1394 quas
2781 1339 2929 1378 nunc
2979 1322 3249 1377 habemus
3276 1319 3333 1373 in

1739 1419 2076 1478 editionibus
2109 1416 2319 1474 Usserii
2344 1426 2399 1472 et
2430 1415 2613 1472 Vossii
2652 1415 2724 1470 ah
2759 1414 3096 1469 assumentis
3137 1412 3338 1467 liberas

1739 1515 1961 1571 easdem
2019 1513 2250 1568 omnino
2304 1528 2451 1577 esse,
2484 1527 2625 1582 quas
2654 1510 2847 1565 habuit
2877 1509 3170 1574 Eusebius,
3209 1523 3336 1564 cum

1744 1605 2025 1661 Blondello
2054 1619 2157 1661 suo
2188 1603 2396 1659 fatetur
2422 1602 2683 1657 Dallseus.
2713 1600 2783 1656 In
2817 1617 2999 1657 eorum
3039 1600 3336 1664 codicibus,

1744 1697 1945 1767 inquit,
1973 1696 2058 1751 lue
2081 1696 2212 1765 ipsa:
2234 1693 2475 1764 epistola:
2494 1692 2775 1761 descripta:
2799 1700 2946 1756 sunt,
2970 1690 3128 1760 plane
3158 1688 3338 1759 quales

96 1778 396 1840 leherrimus,
425 1776 791 1847 plurimisque
836 1778 891 1832 in
940 1778 1046 1832 hoc
1085 1779 1391 1848 praesertim
1446 1795 1643 1849 genere
1677 1774 1716 1829 Β
1748 1789 1989 1856 Eusebii,
2012 1787 2319 1851 Athanasii,
2349 1796 2399 1839 et
2426 1796 2739 1838 cancrorum
2769 1799 2900 1853 quos
2926 1782 3165 1835 diximus
3195 1779 3340 1852 (llic-

98 1870 554 1936 controversiarum
600 1872 896 1928 elaboratis
950 1873 1210 1941 operibus
1264 1872 1590 1929 notissimus
1620 1913 1638 1937 ,

96 1978 183 2017 non
210 1973 480 2020 contentus
522 1964 591 2020 iis
619 1981 743 2035 quae
775 1965 843 2021 de
873 1964 1164 2021 manifesta
1194 1965 1498 2037 impostura
1523 1966 1643 2022 obi-

101 2064 178 2121 ter,
204 2054 328 2109 libro
354 2054 428 2110 De
447 2055 701 2125 jejuniis,
736 2067 1048 2125 monuerat,
1077 2067 1133 2114 et
1166 2057 1222 2112 in
1251 2074 1449 2114 novam
1484 2059 1644 2129 plane

98 2150 378 2205 sententiam
405 2150 474 2206 de
507 2159 670 2206 aetate
702 2150 1021 2220 impostoris
1063 2151 1344 2222 delapsus,
1392 2151 1644 2221 miraque

99 2256 188 2297 sua:
228 2242 552 2312 conjecturae
596 2243 888 2299 dulcedine
943 2251 1160 2314 captus,
1206 2244 1641 2301 controversiam

101 2337 213 2391 hanc
260 2351 450 2407 magna
507 2335 685 2391 animi
740 2335 1092 2391 contentione
1138 2335 1552 2405 redintegravit,
1590 2344 1647 2391 et

99 2429 253 2497 grandi
279 2429 557 2485 volumine
578 2429 848 2485 adversus
871 2444 1066 2485 omnes
1091 2443 1551 2499 quarumcunque
1582 2428 1638 2485 S.

99 2519 253 2591 lgnalii
276 2521 644 2593 Epistolarum
673 2520 995 2578 defensores
1041 2520 1150 2576 late
1173 2521 1495 2591 disputavit.
1530 2520 1647 2577 Sub

100 2614 192 2681 ejus
213 2614 342 2669 enim
372 2615 605 2670 nomine
633 2614 961 2685 prodierunt
1023 2613 1101 2668 De
1140 2614 1376 2683 scriptis,
1402 2630 1521 2684 quae
1547 2614 1646 2669 sub

100 2705 299 2778 Dionysii
323 2709 667 2778 Areopagitae
696 2714 747 2760 et
771 2704 979 2777 Ignatii
1006 2706 1323 2760 Antiocheni
1345 2704 1648 2759 nominibus

98 2799 517 2868 circumferuntur,
552 2800 680 2854 libri
709 2800 819 2854 duo
849 2814 869 2853 :
906 2800 1096 2869 quibus
1121 2799 1542 2865 demonstratur,
1571 2798 1649 2852 uti

98 2896 275 2959 praefert
299 2892 539 2959 Titulus,
568 2894 669 2948 illa
703 2893 987 2948 subdititia
1013 2905 1148 2958 esse,
1175 2892 1270 2945 diu
1303 2899 1421 2962 past
1448 2902 1651 2963 marty-

100 3000 210 3051 rum,
234 2986 413 3057 quibus
445 2987 597 3058 falso
625 2987 961 3051 tribuuntur,
983 2985 1185 3040 obitum
1215 2985 1367 3054 ﬁcta.

154 3078 207 3132 Et
234 3080 441 3149 quidem
468 3080 545 3136 de
570 3078 880 3135 indubitata
907 3077 1292 3148 suppositione
1322 3077 1649 3147 scriptorum

102 3168 298 3242 Dionysii
328 3174 691 3244 Areopagitae
722 3171 1123 3242 Dallaeoplane
1153 3171 1459 3237 assentior;
1492 3170 1655 3240 idque

98 3274 203 3331 pato
238 3275 354 3321 ante
399 3266 694 3331 Dallazum,
748 3264 1127 3331 Sirmondutn,
1165 3262 1471 3331 Petavium,
1508 3262 1655 3318 Lau-

104 3370 285 3424 uoyam,
314 3357 616 3423 Morinum,
647 3358 901 3427 aliosque
930 3359 1014 3412 vel
1042 3357 1177 3426 ipsis
1203 3356 1501 3427 pontiﬁciis
1532 3371 1655 3425 per-

101 3450 321 3505 suasisse.
370 3449 476 3508 Sed
506 3451 581 3506 de
610 3459 771 3505 attate
810 3450 1083 3517 auctoris,
1120 3450 1215 3521 qui
1246 3465 1310 3505 ea
1350 3450 1570 3520 scripsit
1599 3460 1655 3504 et

103 3539 393 3614 Areopagitae
440 3544 758 3615 supposuit,
790 3544 1109 3613 quicunque
1152 3542 1275 3606 fuit,
1304 3543 1376 3597 ab
1402 3558 1469 3597 eo
1497 3557 1654 3613 pror—

102 3646 175 3686 sus
195 3633 477 3703 dissentio;
506 3644 563 3691 et
592 3635 700 3691 erit
728 3635 889 3690 nobis
915 3633 970 3687 in
1002 3634 1107 3689 hoc
1136 3635 1257 3704 ipso
1286 3648 1452 3703 opere
1483 3634 1653 3688 ratio—

102 3738 179 3778 nes
199 3730 460 3783 sententiae
484 3737 696 3784 nostra:
718 3726 982 3783 aﬂerendi
1002 3727 1223 3783 occasio
1248 3741 1359 3781 non
1394 3727 1652 3797 inoppor-

103 3823 221 3870 tuna.

160 3910 218 3965 De
260 3911 459 3983 lgnatio
502 3913 781 3984 duplicem
834 3911 1068 3968 Dallteus
1110 3912 1369 3983 proponit
1392 3911 1651 3983 quaestio-

105 4014 219 4069 nem,
260 4019 481 4075 quarum
534 4006 716 4075 prima
750 4005 865 4059 haec
908 4012 1034 4060 est:
1065 4004 1148 4057 An
1188 4020 1366 4058 omnes
1388 4001 1648 4073 epistolis,

105 4104 194 4155 que
212 4101 295 4147 sub
318 4094 428 4158 eius
452 4098 667 4150 nomine
682 4096 1152 4165 circumferuntur,
1173 4095 1408 4165 ejusdem
1434 4095 1539 4149 sint
1552 4110 1650 4164 pa-

107 4185 269 4239 sentis?
286 4185 431 4243 Hanc
463 4197 669 4257 negat;
694 4204 869 4258 neque
889 4203 991 4259 ego
1013 4188 1248 4253 aﬂirmo,
1274 4196 1369 4242 aut
1395 4186 1463 4240 de
1488 4201 1551 4239 ea
1578 4186 1613 4238 li
1629 4213 1647 4225 -

106 4284 189 4329 tem
219 4294 413 4335 moveo.
447 4279 705 4336 Secunda
749 4282 983 4352 quaestio
1018 4290 1105 4336 est
1136 4299 1150 4335 :
1182 4280 1268 4334 An
1312 4296 1497 4334 earum
1531 4280 1646 4349 epi-

106 4369 335 4437 stolarurn,
387 4390 509 4443 quae
540 4383 667 4426 sunt
713 4373 780 4426 ab
830 4371 1059 4427 Eusebio
1098 4382 1148 4426 et
1185 4371 1510 4443 Hieronymo
1540 4385 1648 4422 me-

107 4470 304 4524 morata,
349 4478 463 4515 vere
507 4471 701 4515 auctor
739 4463 808 4515 sit
851 4463 932 4516 vir
965 4435 1653 4532 sanctissimus‘lgnatius,

106 4551 175 4613 qui
196 4567 316 4605 anno
344 4552 573 4623 Trajani
620 4555 897 4609 undecimo
926 4555 1245 4623 martyrium
1277 4553 1460 4608 Roma:
1485 4554 1608 4618 fecit
1632 4556 1657 4607 ?

108 4638 227 4698 lianc
257 4645 356 4701 ille.
375 4647 585 4717 pariter
612 4656 810 4718 negat;
843 4661 946 4717 ego
976 4639 1130 4701 nullo
1156 4646 1321 4701 modo
1349 4647 1653 4717 negandum

108 4743 226 4799 Ρυιο,
254 4747 303 4793 et
326 4741 475 4795 omni
508 4740 922 4796 asseveratione
959 4741 1141 4811 potius
1172 4740 1406 4794 allirmo.

162 4821 221 4879 Ut
242 4839 410 4884 autem
439 4834 738 4901 utriusque
759 4839 1013 4886 nostrum
1040 4832 1313 4887 sententia
1340 4831 1522 4886 adhuc
1545 4846 1658 4886 ma-

109 4916 316 4975 nifestius
360 4924 630 4991 pateﬁat,
688 4924 952 4977 nonnulla
1024 4922 1256 4978 ulterius
1310 4922 1655 4979 observanda

107 5008 343 5077 duximus,
375 5024 549 5085 atque
582 5014 715 5069 illud
762 5014 1032 5084 imprimis
1063 5033 1077 5070 :
1117 5013 1417 5085 Scripsisse
1442 5015 1656 5086 aliquas

111 5098 333 5171 lgnatium
382 5107 650 5177 epistolas
691 5121 803 5162 non
842 5116 1006 5178 negat
1047 5105 1315 5175 Dallazus;
1348 5118 1403 5164 et
1433 5124 1501 5165 ne
1531 5108 1655 5164 talis

110 5190 188 5260 ipsi
218 5197 495 5270 alingatur
525 5201 822 5267 sententia,
854 5211 1417 5271 summoperemavet.
1444 5202 1657 5268 Quceri«

110 5293 193 5349 tur,
215 5290 397 5361 inquit,
426 5309 538 5347 non
570 5310 638 5346 an
658 5293 911 5362 epistolas
940 5295 1212 5363 scripserit
1239 5293 1487 5363 Ignatius
1516 5297 1656 5367 (quis

110 5383 219 5435 enim
238 5396 337 5439 tam
361 5389 549 5456 fatuus
571 5396 669 5452 est,
690 5395 751 5441 ut
766 5388 1043 5457 scripsisse
1066 5404 1184 5441 eum
1199 5388 1412 5458 aliquas
1434 5390 1655 5459 negeti),

110 5475 197 5537 sed,
222 5494 283 5531 an
318 5481 433 5546 has,
468 5497 589 5551 qua:
617 5481 1092 5550 circumferuntur,
1117 5480 1437 5549 scripserit?
1465 5480 1527 5535 Et
1558 5481 1659 5535 ali-

112 5564 151 5617 bi
183 5586 195 5621 :
222 5569 378 5635 Quasi
410 5590 533 5629 vero
563 5575 840 5645 quisquam
865 5590 1030 5643 usque
1065 5574 1198 5629 adeo
1221 5574 1451 5628 stolidus
1475 5576 1567 5637 sit,
1598 5584 1657 5628 ut

113 5670 230 5728 neget
253 5660 591 5734 amplissimis
614 5668 845 5721 civitatis
868 5666 1192 5736 episcopum,
1218 5666 1288 5720 ad
1306 5666 1417 5721 hsec
1447 5677 1658 5736 aposto-

114 5750 251 5807 lorum
266 5758 604 5827 discipulum,
618 5759 758 5815 ullas
781 5758 859 5816 vel
878 5759 1107 5813 scribere
1122 5759 1375 5829 potuisse,
1398 5760 1475 5813 vel
1495 5760 1654 5815 etiam

1744 1879 1984 1951 ronymi,
2051 1878 2283 1941 scilicet.
2335 1876 2665 1931 Theodoreti
2714 1883 2881 1945 atque
2927 1872 3198 1942 Gelasii),
3233 1887 3341 1926 levo

1744 1972 2009 2027 exstitisse
2030 1969 2474 2024 oerisimillimum
2495 1976 2594 2023 est.
2650 1967 2815 2038 quue
2838 1966 3041 2034 liquido
3066 1980 3338 2034 apparere,

1745 2065 1924 2136 capite
1952 2063 2196 2119 secundo
2228 2062 2407 2116 tribus
2430 2061 2772 2131 argumentis
2803 2059 3019 2129 probat.
3045 2057 3128 2113 Ad
3159 2066 3344 2112 osten-

1745 2157 1981 2213 dendam
2013 2155 2181 2226 igitur
2205 2152 2617 2224 Ignatianorum
2648 2151 2937 2206 veritatem
2962 2164 3072 2203 non
3098 2163 3238 2218 opus
3260 2156 3344 2200 est

1747 2261 1808 2305 ut
1848 2249 2143 2319 probemus
2177 2246 2397 2301 easdem
2448 2260 2553 2301 nos
2600 2243 2865 2315 epistolas
2917 2242 3119 2296 habere
3145 2281 3159 2303 ,
3204 2255 3344 2310 quas

1750 2342 1941 2398 habuit
1976 2340 2280 2407 Eusebius;
2316 2340 2421 2394 hoc
2449 2338 2597 2393 enim
2637 2336 2799 2391 nobis
2824 2334 3056 2407 largitur
3086 2334 3345 2388 adversa—

1746 2435 1886 2491 ‘ius.
1913 2432 2027 2489 Hoc
2052 2441 2264 2488 tantum
2297 2430 2706 2487 observandum
2729 2437 2835 2494 est,
2865 2428 3069 2482 habere
3099 2441 3203 2481 nos
3230 2425 3346 2494 cpio

1748 2527 1921 2584 stolas
1948 2523 2173 2594 Eusebii
2204 2538 2323 2579 τενο
2368 2523 2642 2595 cognitas,
2673 2520 2769 2578 sed
2800 2535 2867 2575 eo
2894 2518 3061 2574 modo
3092 2533 3121 2572 a
3176 2517 3345 2571 libra-

1752 2620 1849 2675 riis
1878 2628 2167 2684 tractatas,
2198 2630 2313 2687 quo
2350 2615 2458 2670 alia
2489 2622 2735 2669 veterum
2767 2611 2972 2681 scripta
3006 2609 3077 2664 ab
3121 2609 3188 2664 iis
3238 2617 3349 2662 tra-

1747 2712 1888 2769 ctari
1921 2711 2121 2776 solent,
2151 2710 2257 2764 hoc
2285 2716 2392 2772 est,
2418 2705 2746 2776 saepiuscule
2772 2713 2869 2758 aut
2898 2704 3230 2766 litterarum,
3253 2710 3349 2754 ant

1749 2804 1917 2859 etiam
1966 2799 2368 2859 vocabulorum
2421 2795 2913 2868 permutationem,
2974 2792 3115 2849 forte
3181 2792 3346 2847 etiam

1751 2894 2211 2951 sententiolarum
2245 2890 2651 2945 mutilationem
2697 2886 2901 2943 alicubi
2942 2901 3158 2957 passas.
3189 2884 3346 2951 Quod

1717 2998 1880 3045 'cum
1927 2988 1983 3042 in
2032 2986 2269 3041 aliorum
2322 2983 2546 3053 scriptis
2573 2996 2679 3036 usu
2704 2980 2895 3035 venire
2923 2980 3117 3045 soleat,
3164 2994 3265 3033 cur
3293 2977 3347 3032 in

1679 3111 1723 3169 ο
1756 3079 1961 3137 nostris
1986 3080 2132 3134 idem
2166 3077 2374 3134 factum
2409 3075 2535 3147 quis
2568 3084 2752 3147 neget,
2791 3072 2935 3127 ratio
2955 3071 3107 3126 nulla
3136 3080 3255 3137 est;
3291 3079 3352 3126 ut

1756 3191 1823 3233 ea
1842 3175 1979 3231 locis
2000 3173 2188 3230 minus
2212 3172 2366 3229 sanis
2392 3170 2666 3226 medicina
2697 3167 2896 3223 merito
2920 3165 3233 3221 adhibenda
3255 3164 3349 3230 sit,

1756 3283 1881 3339 qua:
1910 3267 2037 3323 aliis
2063 3272 2312 3321 veterum
2346 3261 2570 3334 scriptis
2612 3260 2757 3315 male
2805 3256 3057 3315 tractatis
3103 3256 3353 3312 adhiberi

1755 3365 1920 3418 solet.

1826 3454 2017 3510 Tertio
2063 3453 2323 3525 epistolas
2365 3452 2511 3516 illas,
2545 3464 2685 3521 quas
2736 3448 2931 3503 habuit
2954 3445 3249 3510 Eusebius,
3280 3444 3351 3500 ab

1754 3545 1969 3619 lgnatio
1991 3547 2229 3616 scriptas
2265 3546 2438 3599 fuisse
2461 3551 2666 3612 negat;
2714 3541 2785 3595 ab
2825 3541 3130 3610 impostore
3162 3538 3351 3607 aliquo

1755 3639 1911 3694 ﬁctas
1938 3646 1994 3693 et
2022 3637 2340 3708 suppositas
2375 3635 2629 3690 allirmat.
2661 3632 3029 3703 Intpostorem
3057 3631 3209 3685 illum
3242 3644 3353 3683 non

1753 3734 1906 3788 circa
1937 3730 2179 3786 medium
2226 3728 2455 3784 secundi
2500 3725 2710 3792 ste-culi,
2740 3732 2803 3780 ut
2842 3722 3201 3787 Albertinus;
3242 3735 3352 3774 non

1752 3825 1857 3881 sub
1904 3821 2189 3877 Antonino
2241 3821 2329 3874 vel
2384 3818 2459 3874 Μ.
2492 3819 2744 3885 Aurelio,
2772 3825 2833 3871 ut
2867 3814 3211 3881 Salmasius;
3243 3828 3351 3867 non

1752 3914 1938 3970 statim
1992 3923 2117 3986 post
2169 3913 2469 3969 Clementis
2520 3911 2882 3967 Alexandrini
2934 3909 3351 3968 dormitionem.

1751 4010 1869 4064 sive
1896 4021 2116 4064 centum
2147 4009 2218 4063 ab
2246 4006 2443 4078 lgnatii
2472 4014 2649 4061 morte
2675 4005 2859 4070 annis,
2894 4013 2955 4058 ut
2989 4001 3349 4066 Blondellus;

1750 4101 1845 4156 sed
1875 4100 2144 4170 praecipiti
2177 4099 2342 4154 tertio
2380 4099 2585 4153 saeculo
2629 4096 2904 4168 Epistolas
2956 4096 3256 4160 eilinxisse,
3301 4103 3357 4149 et

1750 4209 1889 4264 opus
1935 4193 2171 4248 edictum
2214 4193 2271 4247 in
2319 4192 2497 4247 lucem
2546 4192 2752 4246 exiisse
2786 4191 2934 4246 circa
2975 4188 3121 4244 tertii
3168 4186 3353 4244 saeculi

1752 4284 1939 4350 tinem,
1966 4284 2052 4339 vel
2083 4282 2265 4354 quarti
2302 4282 2481 4349 initia,
2527 4281 2818 4337 ariolatur.
2853 4279 2989 4346 lmo,
3022 4289 3081 4334 ut
3113 4278 3242 4332 alibi
3274 4278 3356 4329 lo—

1751 4378 1963 4447 quitur,
1995 4377 2251 4432 ducentis
2279 4386 2402 4446 post
2435 4375 2707 4447 lgnatium
2758 4375 2921 4430 annis
2967 4374 3058 4428 hic
3085 4374 3357 4441 impostor

1686 4466 1732 4522 D
1764 4470 1918 4536 vixit,
1945 4468 2277 4538 scripsitque
2309 4478 2461 4535 tunc,
2492 4485 2612 4523 cum
2630 4468 2821 4538 aliqua
2848 4468 2961 4536 jam
2982 4474 3097 4520 erat
3115 4463 3179 4517 de
3209 4461 3353 4517 Con-

1757 4563 1945 4619 stantii
1975 4560 2055 4615 uel
2077 4561 2420 4615 Constantini
2442 4561 2557 4631 ejus
2581 4560 2684 4629 ﬁlii
2713 4559 2790 4613 vel
2814 4558 3248 4622 Christianismo,
3277 4556 3355 4612 vel

1756 4656 1827 4709 ad
1852 4654 2323 4709 Christianismum
2343 4655 2689 4724 propensione
2713 4668 2903 4722 sparsa
2926 4651 3075 4717 fama
3096 4666 3116 4707 :
3147 4660 3202 4703 ct
3232 4648 3354 4717 ejus

1756 4749 1909 4818 Operi
1950 4748 2007 4803 in
2041 4745 2221 4800 lucem
2264 4745 2575 4815 ernmpenti
2624 4744 2900 4799 Eusebius
2932 4759 2997 4799 a.
3034 4741 3100 4795 Ι).
3136 4741 3354 4796 circiter

1756 4841 1863 4897 350
1895 4840 2289 4897 obstetricatus
2332 4848 2436 4893 est.
2490 4837 2693 4907 Lepida
2725 4836 2891 4907 plane
2923 4837 3039 4891 hate
3065 4833 3275 4897 fabula,
3302 4846 3355 4886 et

1756 4941 1884 4987 ante
1926 4933 2074 4988 hunc
2101 4933 2246 4988 diem
2279 4930 2563 4997 inaudita;
2595 4930 2700 4984 nisi
2729 4932 2878 4999 quod
2910 4928 3077 4982 etiam
3110 4925 3345 4979 Bcchar-

1758 5032 1847 5079 tus
1889 5023 2179 5094 epistolam
2225 5022 2295 5077 ad
2344 5020 2629 5076 Romanos
2671 5019 2776 5075 sub
2805 5017 3169 5074 Constantino
3216 5012 3356 5067 scri-

1755 5123 1905 5188 ptam
1936 5114 2250 5170 somniavit.

1828 5208 1944 5280 Ego
1976 5217 2125 5264 certe
2153 5224 2185 5264 e
2213 5217 2430 5276 contra,
2460 5207 2555 5277 qui
2592 5206 2660 5262 de
2690 5206 2995 5275 impostore
3036 5198 3152 5264 illo,
3184 5210 3349 5266 quem

1756 5300 1850 5355 alii
1878 5300 2147 5364 secundo,
2180 5300 2273 5355 alii
2320 5300 2503 5364 tertio,
2534 5299 2626 5353 alii
2672 5304 2872 5367 quarto
2910 5290 3115 5347 saeculo
3143 5289 3352 5344 vixisse

1758 5402 2029 5460 statuunt,
2065 5392 2204 5447 nihil
2241 5407 2486 5462 unquam
2517 5406 2547 5445 a
2576 5388 2837 5461 quopiam
2886 5391 3013 5439 ante
3045 5382 3150 5437 hoc
3176 5397 3350 5438 saecu-

1761 5486 1872 5540 lum
1902 5487 2172 5557 scriptum
2204 5485 2407 5556 reperi,
2429 5484 2522 5553 qui
2556 5483 2624 5537 de
2652 5481 2954 5548 impostura
2986 5475 3098 5530 ulla
3133 5474 3187 5528 in
3219 5471 3349 5541 Epi-

1760 5578 1917 5635 stolis
1944 5577 2186 5633 Eusebio
2213 5577 2348 5632 visis
2378 5576 2585 5629 nullam
2613 5584 2858 5641 unquam
2885 5566 3256 5638 suspicionem
3291 5563 3344 5616 in

1761 5666 2003 5723 Ecclesia
2048 5668 2344 5723 excitatam
2391 5663 2539 5726 novi,
2590 5662 2686 5732 qui
2732 5660 3075 5731 ipsissimum
3101 5657 3159 5711 ὃ.
3192 5654 3346 5725 lgna-

1766 5759 1902 5814 tium
1941 5774 2131 5814 carum
2166 5768 2446 5814 auctorem
2471 5755 2620 5810 omni
2654 5754 2723 5810 ah
2754 5753 2924 5825 ipsius
2954 5759 3112 5807 aetate
3145 5744 3345 5802 seculo
