3786 6302
418 277 486 332 67
1492 274 1550 330 S.
1594 273 1943 333 lGNA'l'lUS.
1980 303 2049 317 -
2078 274 2621 333 PROLEGOMENA.
3622 284 3679 338 σε

415 401 661 472 agnitum
700 396 1089 465 animadverti,
1125 395 1221 467 qui
1269 410 1462 451 omnes
1491 396 1756 467 epistolas
1787 412 1817 450 a
1850 404 2004 450 tanto

2135 415 2183 468 ῳ
2204 400 2537 469 προσφωνεῖ,
2554 398 2695 467 apud
2721 394 3076 471 liesychium,
3106 410 3159 455 et
3180 401 3402 467 ἰδιάσαι,
3424 405 3682 461 aea-flata»

411 496 536 548 viro
582 494 815 560 scriptas
858 490 1043 544 statim
1094 489 1325 557 periisse
1370 489 1618 543 animum
1652 487 1915 543 inducere
1943 496 2004 542 ut

416 587 635 641 credam
666 582 894 636 minime
921 594 1184 649 possum;
1227 594 1336 633 non
1387 586 1602 632 tantum
1645 578 1860 646 aliquas
1888 576 2005 647 epi-

416 678 587 733 stolas
616 688 878 745 agnosco,
902 673 1001 727 sed
1028 680 1083 725 et
1112 671 1409 740 hasZipsas,
1428 671 1499 725 ab
1523 669 1760 725 Eusebio
1791 684 2006 723 memo-

417 778 588 832 ratas,
620 777 676 821 et
720 774 871 821 tanto
904 764 1024 816 viro
1066 777 1470 832 usquequaque
1515 761 1895 831 dignissimas,
1935 760 2005 815 ab

346 900 349 903 ‹
420 862 541 930 ipso
588 859 815 930 lgnatio,
873 855 1228 911 sanctissimo
1281 856 1375 909 illo
1441 863 1703 925 martyre,
1751 863 2004 908 exaratas

422 951 593 1007 fuisse
622 964 831 1005 assero.
999 1002 1011 1011 ,

488 1043 713 1109 Quarto,
739 1040 805 1095 de
838 1055 1069 1094 numero
1084 1038 1444 1109 epistolarum
1473 1053 1596 1106 qua:
1622 1036 1864 1093 Eusebio
1886 1052 2003 1091 me-

417 1144 644 1189 morata:
660 1143 809 1197 sunt,
840 1132 1136 1203 aliquando
1159 1132 1373 1185 dubitat
1395 1131 1650 1192 uallatus,
1680 1144 1884 1198 easque
1910 1145 2005 1183 sex

418 1237 693 1297 septemve
713 1242 857 1294 saepe
880 1224 1156 1291 nominat;
1180 1240 1246 1278 ex
1265 1223 1498 1293 vulgari,
1519 1222 1729 1277 scilicet
1747 1221 2006 1290 opinione

418 1327 648 1387 septem,
665 1334 732 1371 ex
753 1318 1015 1387 singulari
1037 1316 1245 1371 Usserii
1269 1315 1535 1370 sententia
1557 1330 1651 1369 sex
1673 1333 1685 1367 :
1709 1313 2005 1383 aliquando

418 1425 710 1464 numerum
745 1410 877 1465 satis
900 1409 1237 1464 conﬁdenter
1271 1408 1536 1477 assignat,
1572 1414 1627 1460 et
1657 1421 1751 1460 sex
1793 1412 2004 1459 tantum

418 1500 802 1566 asserit.Quod
831 1517 971 1565 vero,
1008 1500 1203 1570 inquit,
1223 1498 1376 1568 vulgo
1403 1507 1593 1568 putant
1626 1496 1915 1567 quamdam
1942 1494 2005 1548 ab

418 1592 651 1647 Eusebio
678 1595 961 1647 memorari
984 1609 1219 1646 seorsum
1255 1591 1323 1644 ad
1355 1582 1719 1661 Polgcarpum
1748 1591 2009 1659 scriptam

418 1686 756 1739 doctissimus
785 1684 1025 1739 Usserius
1053 1686 1190 1739 hanc
1222 1702 1322 1738 non
1346 1683 1735 1750 diversam,sed
1773 1698 1934 1735 unam
1956 1690 2007 1734 et

419 1777 658 1831 eamdem
688 1794 864 1832 revera
897 1794 1013 1830 cum
1044 1776 1270 1846 epistola
1308 1794 1425 1847 quia
1459 1786 1536 1830 est
1574 1774 1644 1829 ad
1672 1773 1998 1844 Smyrnaeos,

420 1869 487 1920 ab
527 1868 751 1922 Eusebio
774 1868 997 1938 intelligi
1019 1877 1067 1921 et
1099 1869 1405 1922 acutissime
1428 1868 1667 1937 conjicit,
1700 1877 1749 1920 et
1775 1881 1840 1919 ea:
1867 1865 1997 1918 Ilie-

422 1974 642 2027 ronymo
662 1959 1012 2012 demonstrat.
1047 1958 1118 2011 Et
1162 1942 1298 2012 hanc
1324 1960 1510 2013 merito
1540 1958 1605 2012 ab
1632 1956 2002 2027 Epistolarum

420 2048 485 2101 ab
519 2048 747 2103 Eusebio
798 2051 1071 2119 digtarum
1118 2066 1276 2104 censu
1312 2050 1715 2121 expungendam
1747 2049 2001 2119 colligit;

417 2153 761 2211 numeratque
784 2143 922 2196 inter
948 2160 1057 2209 eas,
1091 2160 1224 2214 quas
1259 2144 1494 2198 nondum
1535 2142 1752 2195 Eusebii
1783 2151 1834 2195 et
1868 2140 2004 2194 Hie-

417 2233 626 2301 ronymi
642 2235 962 2303 temporibus
977 2237 1245 2289 exstitisse
1267 2234 1593 2289 validissime
1614 2233 1825 2301 probat.
1852 2230 2005 2287 Hanc

420 2324 584 2394 igitur
609 2326 896 2393 epistolam
915 2328 982 2380 ad
999 2326 1363 2397 Polycarpum
1377 2327 1445 2380 ab
1460 2327 1569 2380 alio
1590 2326 1888 2395 impostore
1902 2325 2005 2379 sub

418 2418 615 2486 quinto
643 2418 846 2471 saeculo
871 2418 1050 2471 lictam
1080 2427 1253 2487 putat.

492 2506 604 2579 Ego
645 2522 775 2563 vero
828 2524 931 2563 nec
982 2510 1256 2579 priorem,
1305 2525 1405 2564 nec
1436 2509 1796 2579 posteriorem
1838 2508 2007 2578 talus

418 2600 664 2670 epistola:
697 2602 942 2656 lictorem
977 2618 1242 2671 agnosco,
1279 2612 1334 2657 et
1367 2604 1510 2657 inter
1536 2611 1742 2672 septem
1769 2600 2007 2657 Eusebio

420 2702 774 2753 memoratas.
805 2700 859 2745 et
883 2706 914 2745 a
944 2692 1105 2747 nobis
1136 2691 1508 2747 defendendas
1549 2693 1780 2747 omnino
1809 2706 2006 2746 nume-

419 2782 649 2835 randam
691 2798 913 2837 censeo.
952 2782 1140 2854 Neque
1166 2785 1312 2838 enim
1359 2784 1750 2857 llieronymum
1781 2786 1872 2840 hic
1902 2786 2008 2840 im-

419 2875 613 2943 primis
639 2876 996 2943 spectandum
1018 2891 1141 2931 esse
1173 2886 1306 2946 puto
1341 2896 1354 2932 :
1392 2893 1571 2947 neque
1603 2877 1908 2933 Eusebium
1941 2894 2009 2934 ex

421 2966 757 3036 Hieronymo
804 2968 1155 3036 interpretor,
1211 2970 1339 3035 sed,
1372 2970 1449 3024 uti
1481 2985 1581 3039 par
1608 2980 1713 3037 est,
1739 2969 2009 3043 Hierony-

2104 487 2384 558 ὁμιλῆσαι.
2419 487 2496 542 lla
2525 490 2668 557 apud
2697 487 3115 559 Xenophontem
3147 492 3455 559 Agesilaus,
3482 492 3555 549 de
3579 498 3682 565 epi-

2108 578 2247 633 stola
2283 595 2314 633 a
2363 578 2656 634 Persarum
2690 596 2817 650 rege
2846 582 2913 636 ad
2942 582 3121 651 ipsum
3155 583 3347 648 missa,
3392 599 3498 639 nec
3534 585 3601 639 ab
3629 602 3684 640 eo

2108 682 2349 740 recepta,
2392 670 2470 741 τῷ
2503 670 2726 742 φέροντι
2769 667 2924 725 εἶπεν
2970 673 3307 741 ἀπαγγεῖλαι
3349 673 3583 743 βασιλεῖ,
3622 676 3685 739 ὡς

2111 761 2217 833 ἰδίᾳ
2259 762 2358 833 μὲν
2390 762 2528 833 πρὸς
2571 762 2733 816 αὐτὸν
2767 762 2921 816 οὐδὲν
2957 763 3065 816 δέοι
3106 764 3399 829 ἐπιστολὰς
3440 766 3683 836 πέμπειν.

2110 852 2249 906 Eum
2280 871 2312 906 a
2336 870 2439 923 quo
2470 854 2639 907 allata
2662 864 2758 915 est.
2791 855 3095 908 renuntiare
3110 856 3276 923 jussit
3304 858 3439 925 regi,
3459 874 3567 909 non
3588 874 3683 912 esse

2107 946 2447 1017 quamobrem
2486 948 2741 1018 privatim
2783 948 2993 1001 litteras
3040 949 3108 1001 ad
3144 964 3198 1002 se
3243 950 3562 1003 missitaret.
3623 950 3683 1004 ita

2108 1040 2303 1111 Cyrus,
2323 1039 2467 1109 apud
2490 1041 2764 1107 eumdem,
2788 1041 2855 1095 ad
2886 1039 3220 1111 Cyaxarem:
3252 1041 3433 1105 Εὐθὺς
3455 1042 3685 1113 ἔπεμπες

2108 1134 2244 1203 πρός
2271 1150 2331 1185 τε
2346 1133 2405 1185 τὸ
2422 1132 2647 1204 Περσῶν
2677 1133 2877 1195 κοινὸν,
2904 1132 3227 1203 συμμάχους
3248 1133 3595 1203 αἰτούμενος,
3610 1136 3688 1189 καὶ

2108 1226 2244 1296 πρὸς
2273 1226 2375 1296 ἐμὲ
2417 1224 2543 1297 ἰδίᾳ,
2586 1224 2842 1295 δεόμενος
2881 1225 3177 1296 πειρᾶσθαι
3217 1227 3379 1279 αὐτόν
3415 1244 3483 1297 με
3531 1226 3686 1279 ἐλθεῖν

2107 1318 2431 1389 ἡγούμενον,
2464 1317 2672 1381 εἴτινες
2702 1318 2928 1389 Περσῶν
2962 1318 3109 1375 ἴοιεν.
3133 1318 3292 1372 Illico
3315 1329 3431 1372 tum
3463 1320 3539 1372 ad
3565 1337 3688 1372 com-

2109 1428 2265 1465 mune
2305 1411 2590 1464 Persarum
2624 1410 2840 1475 misisti,
2869 1409 3225 1463 subsidiarias
3246 1412 3428 1479 copias
3451 1428 3686 1479 poscens;

2111 1512 2223 1555 tum
2268 1502 2337 1554 ad
2375 1518 2454 1554 me
2498 1502 2770 1571 privatim,
2811 1517 3001 1571 rogans
3036 1512 3093 1554 ut
3124 1519 3336 1571 operam
3379 1503 3569 1556 darem
3603 1520 3687 1572 quo

2109 1591 2336 1644 venirem
2375 1592 2505 1658 ipse,
2538 1590 2913 1659 copiarumque
2950 1589 3313 1653 Persicorum,
3336 1593 3383 1644 si
3416 1609 3539 1662 quae
3561 1594 3626 1644 ad
3649 1604 3688 1645 te

2112 1684 2267 1747 irent,
2294 1682 2485 1735 ductor
2506 1697 2691 1735 essem.
2728 1680 2872 1735 Idem
2903 1683 3042 1736 valet
3074 1684 3240 1748 ἰδίως,
3277 1685 3424 1754 quod
3471 1696 3689 1755 usurpat

2038 1760 2074 1813 Β
2104 1774 2395 1829 Eusebius.
2432 1774 2667 1827 Suidas:
2713 1774 2900 1837 Ἰδίως,
2932 1776 3267 1845 καταμόνας.
3302 1776 3499 1847 χωρίς.
3533 1775 3596 1829 Et
3627 1777 3687 1830 ita

2103 1866 2252 1936 loqui
2291 1865 2562 1920 Eusebius
2587 1865 2728 1919 solet
2762 1884 2775 1919 :
2807 1874 2868 1919 ut
2895 1882 3019 1920 cum
3047 1867 3113 1920 de
3147 1865 3407 1921 Melitone
3448 1875 3505 1921 et
3534 1867 3687 1937 Apol-

2104 1957 2267 2011 linari
2321 1957 2469 2027 agit:
2501 1957 2563 2015 Οἳ
2612 1957 2901 2027 Ῥωμαίων
2939 1956 3148 2026 βασιλεί
3182 1957 3373 2026 λόγους
3410 1959 3557 2029 ὑπὲρ
3601 1960 3688 2029 τῆς

2104 2048 2343 2112 πίστεως
2403 2049 2546 2112 ἰδίως
2584 2048 2843 2120 ἑκάτερος
2884 2049 3184 2117 ἀπολογίας
3235 2050 3682 2123 προσεφώνησεν.

2107 2140 2347 2206 Quorum
2402 2151 2619 2210 uterque
2682 2142 2952 2196 orationes
3026 2158 3121 2210 pro
3173 2143 3278 2210 ﬁde
3339 2145 3685 2213 apologeticas

2106 2250 2341 2288 seorsum
2369 2234 2688 2304 nuncupavit
2724 2233 2887 2303 (Hist.
2912 2234 2949 2289 Ι.
2979 2250 3051 2300 Iv,
3078 2251 3128 2290 c.
3162 2235 3287 2305 26);
3315 2252 3440 2290 eum
3467 2237 3539 2292 de
3570 2237 3685 2292 Flo-

2108 2325 2229 2379 rino
2244 2334 2297 2379 et
2311 2324 2498 2379 Blasto
2517 2326 2788 2380 hiereticis
2814 2344 2826 2379 :
2856 2326 3094 2397 Θὰτερος
3120 2326 3263 2389 ἰδίως
3287 2328 3417 2397 περὶ
3441 2327 3542 2398 τὴν
3570 2328 3689 2397 ἀλήπ

2107 2418 2257 2472 θειαν
2288 2417 2632 2489 νεωτερίζειν
2666 2418 3027 2490 πειρώμενος.
3054 2419 3188 2473 Cum
3224 2429 3444 2490 uterque
3477 2423 3687 2474 seorsim

2108 2526 2299 2563 novam
2338 2510 2639 2563 doctrinam
2683 2511 2931 2564 adversus
2975 2512 3099 2578 ﬁdei
3148 2513 3421 2565 veritatem
3463 2513 3688 2565 invehere

2062 2586 2078 2599 ’
2109 2600 2375 2655 laboraret
2406 2601 2468 2665 (Ι.
2494 2618 2547 2667 v,
2581 2616 2630 2656 c.
2661 2602 2750 2671 15)
2772 2620 2786 2669 ;
2812 2618 2935 2657 cum
2968 2604 3035 2657 de
3060 2601 3330 2672 Origene:
3382 2603 3551 2666 ’ἰδίως
3598 2605 3687 2674 τὴν

2123 2692 2346 2746 Ἀκύλου
2366 2694 2460 2747 καί
2476 2694 2545 2746 Συ
2555 2712 2593 2764 μ
2599 2694 2795 2765 μάχου,
2812 2694 2906 2749 καὶ
2920 2694 3272 2758 Θεοδοτίωνος
3281 2695 3493 2749 ἔκδοσιν
3506 2697 3616 2765 ἃμα
3628 2699 3686 2766 τῇ

2108 2785 2217 2838 τῶν
2232 2785 2630 2857 Ἐὅδομήκοντα
2658 2788 2715 2839 ὲν
2752 2789 2865 2850 τοῖς
2896 2787 3220 2858 τετραπλοῖς
3254 2789 3687 2841 ἐπικατασχευά-

2114 2896 2231 2942 σας.
2262 2878 2565 2933 Editionem
2595 2881 2820 2950 Aquilus,
2843 2890 2891 2935 et
2923 2880 3229 2951 Symmachi
3250 2892 3297 2936 et
3328 2882 3688 2935 Theodotionis

2111 2985 2232 3024 cum
2250 2968 2348 3022 LX
2355 2969 2405 3023 Χ
2422 2968 2778 3039 Interpretum
2792 2973 3027 3025 versione
3038 2990 3271 3028 seorsum
3289 2975 3345 3026 in
3360 2975 3601 3044 tetraplis
3614 2976 3689 3027 di-

420 3076 571 3113 mum
603 3076 670 3114 ex
693 3059 951 3125 Eusebio,
981 3076 1012 3115 e
1032 3076 1144 3130 quo
1175 3078 1275 3117 sua
1297 3065 1594 3119 transtulit.
1615 3063 1803 3122 Primo
1823 3066 2007 3139 itaque
2035 3099 2081 3162 Ο
2112 3061 2273 3130 gessit
2295 3060 2445 3130 (Ι.νι,
2465 3062 2643 3131 c.l6).
2671 3061 2746 3117 Ita
2763 3063 2841 3117 illi
2866 3065 3139 3134 peculiare
3160 3066 3378 3135 aliquod
3407 3069 3687 3135 scriptum,

426 3151 725 3208 Eusebium
763 3170 952 3211 assero
982 3165 1191 3226 septem
1219 3157 1444 3213 omnino
1489 3160 1750 3229 epistolas
1777 3176 2007 3217 enume-

422 3259 596 3309 rasse,
622 3258 677 3301 et
701 3248 850 3303 illius
880 3250 948 3304 ad
980 3249 1343 3320 Polycarpum
1376 3259 1637 3321 tanquam
1668 3255 1737 3308 ab
1772 3270 1837 3309 ea
1886 3269 2009 3325 quae

421 3338 626 3406 scripta
657 3347 743 3393 est
766 3341 833 3393 ad
875 3340 1189 3413 Smyrnzeos
1214 3344 1375 3413 plane
1403 3344 1635 3399 diversa!
1666 3346 2005 3401 meminisse.

418 3426 556 3482 Nam
580 3439 819 3499 quatuor
847 3447 877 3486 e
908 3430 1140 3504 Smyrna
1197 3435 1417 3500 missas,
1468 3437 1679 3492 scilicet
1727 3438 1792 3491 ad
1831 3437 2011 3508 Ephe-

419 3522 554 3587 sios,
582 3524 649 3576 ad
680 3522 1091 3595 Maguesianos,
1124 3529 1192 3581 ad
1237 3527 1568 3595 Trallianos,
1615 3530 1682 3584 ad
1729 3528 2009 3587 Romanos

422 3622 682 3683 tanquam
715 3616 1010 3673 distinctas
1052 3618 1350 3674 Eusebium
1387 3636 1729 3676 memorasse
1767 3620 2009 3676 fatentur

420 3720 615 3761 omnes
656 3724 669 3759 :
706 3718 820 3765 tres
849 3721 1031 3765 autem
1063 3728 1094 3767 e
1120 3712 1336 3769 Troade
1372 3716 1574 3771 missas
1604 3718 1811 3786 pariter
1831 3718 2011 3772 diver-

422 3813 515 3851 sas
545 3808 710 3867 atque
738 3802 1033 3856 distinctas
1063 3803 1182 3858 haec
1209 3802 1431 3859 Eusebii
1465 3808 1633 3860 verba
1663 3822 1774 3861 non
1824 3808 2009 3863 minus

420 3900 572 3943 certo
604 3891 893 3947 evincunt:
916 3894 1057 3966 Ἤδη
1083 3894 1140 3947 δὲ
1171 3896 1430 3949 ἐπέκεινα
1443 3898 1543 3968 τῆς
1576 3898 1831 3971 Σμύρνης
1853 3901 2010 3969 γενό-

424 3997 605 4051 μενος,
641 3982 749 4036 ἀπὸ
774 3985 1028 4056 Τρωάδος
1051 3990 1164 4051 τοῖς
1193 4004 1252 4040 τε
1282 3990 1341 4041 ὲν
1370 3989 1723 4062 Φιλαδελφείᾳ
1749 3988 1904 4055 αὖθις
1923 3991 2011 4049 διὰ

420 4076 641 4146 γραφῆς
666 4077 866 4148 ὁμιλεῖ,
906 4080 1000 4132 καὶ
1031 4082 1100 4150 τῇ
1136 4081 1460 4152 Σμυρναίων
1503 4083 1824 4155 Ἐκκλησίᾳ,
1864 4084 2011 4149 ἰδίως

419 4181 481 4217 τε
511 4166 591 4237 τῷ
624 4168 827 4239 ταύτης
849 4173 1248 4245 προηγουμένῳ
1280 4176 1649 4247 Πολυκάρπῳ.
1681 4176 1813 4230 Cum
1832 4186 2007 4230 autem

420 4259 530 4325 iam
560 4260 703 4314 ultra
734 4260 1019 4331 Smyrnam
1045 4276 1200 4327 esset,
1225 4284 1251 4319 ε
1284 4265 1491 4320 Troade
1509 4284 1691 4321 rursus
1723 4279 1835 4323 tum
1856 4270 2009 4324 Phil-

420 4348 759 4417 adelphenos,
784 4360 895 4405 tum
913 4351 1308 4423 Smyrnworum
1326 4354 1640 4425 Ecclesium,
1656 4367 1766 4411 tum
1788 4366 2006 4414 seorsim

2113 3167 2261 3207 nunc
2278 3150 2381 3205 ἰδία
2398 3154 2603 3225 γραφή,
2624 3164 2719 3208 aut
2751 3155 2855 3208 ἰδία
2874 3155 3058 3228 σχολή,
3086 3172 3232 3211 nunc
3261 3156 3390 3209 ίδιον
3408 3155 3687 3227 σύγγραμ-

2115 3264 2212 3319 μα,
2265 3247 2351 3319 vel
2407 3246 2537 3300 ἴδιον
2591 3248 2913 3319 σηπούδασμα
2971 3250 3296 3319 appellatur.
3350 3248 3686 3303 Peculiarem

2114 3339 2279 3410 igitur
2300 3338 2590 3407 epistolam
2616 3342 2835 3408 (pra-ter
2848 3355 2967 3393 eam
2983 3341 3050 3393 ad
3080 3340 3394 3410 Sinyrnazos
3408 3340 3686 3408 scriptam)

2111 3439 2165 3483 et
2187 3428 2417 3484 seorsim
2448 3428 2754 3499 Polycarpo
2772 3440 3145 3499 nuncupatam
3173 3429 3398 3483 omnino
3432 3428 3689 3482 intellexit

2111 3519 2402 3577 Eusebius.

2180 3611 2368 3682 Neque
2404 3621 2616 3668 tantum
2652 3614 2846 3669 modus
2866 3614 2953 3670 hic
2973 3614 3254 3685 loquendi,
3283 3614 3375 3684 qui
3414 3615 3577 3669 aliter
3597 3630 3687 3668 ex-

2116 3705 2308 3772 plicari
2340 3720 2451 3758 non
2482 3716 2685 3775 potest,
2718 3707 2812 3761 sed
2837 3716 2891 3760 et
2918 3721 2982 3760 ea
3012 3720 3134 3775 qua:
3181 3714 3512 3773 sequuntur,
3550 3705 3683 3757 idem

2112 3796 2391 3851 evincunt.
2424 3796 2558 3850 Nam
2588 3813 2714 3851 cum
2752 3797 3020 3867 lgnatium
3063 3796 3293 3851 seorsim
3325 3795 3393 3849 ad
3440 3794 3690 3864 Polycar-

2114 3902 2241 3955 pum
2275 3886 2565 3955 scripsisse
2589 3897 2971 3949 memorasset,
2995 3886 3267 3940 rationem
3295 3884 3418 3955 ejus
3450 3886 3530 3939 rei
3560 3886 3690 3954 opti-

2112 3994 2259 4033 mam
2291 3979 2556 4048 assignat,
2589 3980 2942 4034 tenerrimam
2976 3993 3193 4048 nempe,
3227 3978 3408 4049 gregis
3447 3976 3534 4031 sui
3583 3976 3689 4027 An-

2111 4074 2553 4128 tiochenicuram
2578 4073 2653 4127 illi
2677 4073 3027 4143 potissimum
3052 4070 3437 4126 demandatam
3458 4089 3471 4124 :
3496 4071 3591 4122 ’Ov
3606 4063 3689 4121 οἶα

2108 4167 2167 4237 δὲ
2198 4166 2555 4220 ἀποστολικὺν
2596 4165 2766 4236 ἄνδρα
2798 4160 2856 4217 εὖ
2898 4164 3043 4235 μάλα
3084 4164 3387 4235 γνωρίζων,
3428 4164 3529 4233 τὴν
3575 4162 3689 4214 κατ’

2124 4260 2447 4330 Ἀντιόχειαν
2467 4259 2617 4329 αὑτῷ
2639 4258 2894 4329 ποίμνην,
2925 4258 3000 4320 ὡς
3028 4256 3094 4309 ἂν
3120 4260 3341 4327 γνήσιος
3369 4255 3467 4308 κιιί⁵
3492 4254 3690 4323 ἀγαθὸς

2110 4353 2315 4423 ποιμὴν
2356 4350 2735 4422 παρατίθεται,
2787 4350 2888 4420 τὴν
2930 4351 3058 4421 περὶ
3092 4349 3263 4419 αὐτῆς
3307 4347 3568 4419 φροντίδα
3610 4346 3689 4399 διὰ

420 4439 779 4511 Polycarpum
820 4445 979 4514 hujus
1013 4445 1268 4501 Ecclesia:
1297 4448 1603 4517 episcopum
1646 4452 1842 4520 scripto
1869 4453 2001 4506 allo-

2135 4446 2346 4518 τπουδῆς
2379 4445 2525 4516 ἔχειν
2551 4444 2713 4497 αὐτὸν
2746 4443 2936 4508 ἀξιῶν.
2996 4441 3159 4506 Quem
3192 4457 3313 4493 cum
3344 4439 3687 4508 apostolicum

419 4533 625 4601 quitur.
654 4532 752 4589 His
784 4536 968 4590 verbis
998 4545 1110 4590 tres
1140 4537 1385 4606 epistolae
1408 4553 1439 4591 e
1464 4536 1678 4593 Troade
1712 4542 1896 4594 missa:
1923 4540 2008 4595 di-

422 4634 567 4680 serte
606 4628 930 4695 traduntur;
964 4644 1142 4699 neque
1190 4630 1374 4685 minus
1405 4630 1498 4683 illa
1539 4630 1609 4684 ad
1644 4630 2004 4701 Polycarpum

420 4716 777 4786 distinguitur
806 4720 874 4773 ab
910 4720 1079 4774 altera
1120 4720 1189 4774 ad
1233 4718 1641 4791 Smyrnzeorum
1681 4720 2002 4785 Ecclesiam,

419 4823 585 4878 quam
620 4810 710 4863 illa
740 4811 806 4864 ad
823 4809 1135 4881 Smyrnaaos
1158 4812 1227 4866 ab
1245 4813 1414 4869 altera
1438 4813 1506 4868 ad
1527 4813 2001 4882 Philadelphenos.

420 4897 577 4954 Haud
626 4900 786 4954 aliter
838 4900 1142 4956 Eusebium
1186 4905 1503 4959 intellexere
1532 4903 1727 4959 Graeci.
1759 4902 1837 4958 lta
1872 4919 2005 4958 sane

419 4991 762 5060 Nicephorius
792 5009 805 5044 :
841 4994 952 5046 Καὶ
979 4994 1307 5064 Σμυρναίοις
1336 4995 1501 5065 ἄλλην
1517 4996 1889 5066 διαχαράττει,
1910 4996 2006 5049 καὶ

420 5083 571 5154 αὐτῷ
598 5084 655 5137 δὲ
684 5083 790 5155 ἰδίᾳ
811 5083 891 5154 τῷ
923 5085 1169 5156 προέδρῳ
1194 5088 1400 5159 ταύτης
1418 5086 1767 5158 Πολυκάρπφ
1806 5087 2002 5157 ἑτέραν

419 5177 729 5231 ἐπέστελλε.
759 5177 829 5231 Et
862 5180 931 5231 ad
964 5177 1266 5248 Smyrnwos
1307 5179 1471 5232 aliam
1500 5179 1776 5248 epistolam
1807 5196 2004 5233 exara-

422 5269 516 5332 vit,
560 5279 612 5322 et
658 5272 876 5323 seorsim
911 5270 980 5324 ad
1017 5271 1185 5338 ipsum
1215 5271 1373 5338 hujus
1428 5268 1677 5324 Ecclesia:
1706 5272 2003 5323 antistitem

423 5356 587 5409 aliam
620 5361 785 5413 misit.
819 5358 1007 5430 Neque
1033 5369 1090 5413 ut
1111 5360 1266 5414 aliter
1284 5359 1583 5414 Eusebium
1610 5361 2002 5429 intelligamus,

422 5458 536 5502 tum
574 5452 838 5511 particula
860 5453 1210 5522 conjunctiva
1246 5470 1306 5504 τε
1339 5463 1419 5506 ter
1450 5455 1705 5522 repetita,
1735 5468 1859 5506 cum
1896 5468 2003 5505 vox

424 5538 515 5591 illa
544 5538 711 5603 ἰδίως,
739 5543 982 5607 seorsim,
1015 5544 1131 5598 sive
1160 5544 1473 5611 separatim,
1505 5543 1807 5612 patiuntur.
1841 5541 2002 5598 Nice-

424 5633 631 5697 p'norus
658 5646 760 5701 pro
801 5632 967 5697 ἰδίως,
1001 5635 1109 5706 ἰδίᾳ
1148 5635 1305 5701 dixit,
1355 5645 1415 5689 ut
1440 5634 1612 5690 Graeci
1639 5635 2001 5705 elegantiores

424 5722 567 5793 loqui
595 5724 792 5780 solent.
809 5723 1035 5803 Suida_s:
1057 5724 1202 5797 Ἰδίᾳ,
1227 5728 1406 5799 χωρίς.
1428 5726 1581 5785 Unde
1601 5727 1881 5792 ίδιάζεται,
1904 5726 2001 5798 μό-

2112 4539 2281 4591 virum
2306 4553 2417 4591 esse
2454 4536 2610 4605 plane
2638 4545 2989 4605 cognosceret.
3020 4534 3123 4603 ipsi
3159 4545 3409 4601 tanquam
3454 4537 3620 4584 bonus
3644 4538 3688 4582 et

2108 4629 2282 4699 ﬁdelis
2310 4646 2494 4699 pastor
2526 4644 2729 4698 gregem
2753 4626 3095 4679 Antiocheam
3124 4622 3377 4677 Ecclesia:
3425 4639 3687 4676 commen-

2107 4720 2276 4783 davit,
2310 4734 2500 4787 rogans
2533 4727 2590 4770 ut
2633 4716 2778 4769 omni
2814 4731 2944 4767 cura
2971 4730 3032 4767 ac
3063 4712 3345 4783 diligentia
3375 4728 3492 4765 eam
3523 4712 3687 4781 fovere

2107 4812 2277 4867 vellet.
2304 4814 2374 4864 At
2404 4810 2457 4863 in
2486 4811 2589 4864 hac
2616 4809 2681 4863 ad
2717 4807 3080 4878 Polycarpum
3107 4805 3337 4875 epistola
3376 4804 3554 4873 ipsius
3596 4806 3679 4857 Po-

2108 4903 2314 4974 lycarpi
2351 4917 2500 4957 cura;
2540 4910 2704 4968 atque
2737 4897 3034 4969 diligentiae
3062 4897 3365 4951 Ecclesiam
3396 4897 3688 4951 Antioche—

2108 5010 2234 5049 nam
2264 4993 2637 5054 commendat,
2663 4990 2793 5045 alibi
2839 5004 3135 5058 nusquam.
3184 4986 3320 5041 Nam
3363 4988 3419 5040 in
3461 4986 3685 5055 epistola

2108 5089 2175 5141 ad
2202 5086 2583 5155 Smyrnenses,
2609 5081 2906 5136 Ecelcsiam
2941 5081 3087 5133 illam
3118 5089 3297 5149 rogat,
3343 5089 3402 5132 ut
3431 5082 3688 5149 Θεοπρεσ-

2108 5179 2306 5249 δευτήν
2341 5177 2731 5240 instituerent;
2774 5177 2868 5230 sed
2918 5173 3281 5245 Polycarpum
3314 5171 3547 5224 omnino
3586 5184 3683 5223 non

2107 5271 2429 5339 alloquitur,
2476 5284 2655 5339 neque
2687 5284 2812 5323 eum
2848 5267 2903 5320 in
2949 5276 3060 5321 tota
3097 5266 3189 5318 illa
3221 5263 3454 5333 epistola
3486 5264 3685 5317 diserte

2107 5362 2376 5423 nominat,
2415 5375 2577 5429 quem
2618 5362 2673 5413 in
2702 5357 2953 5428 epistolis
2988 5356 3056 5410 ad
3082 5355 3351 5425 Ephesios
3382 5364 3437 5409 et
3456 5357 3526 5410 ad
3576 5354 3684 5408 Ma-

2110 5451 2407 5524 gnesianos
2458 5451 2857 5504 nominaverat.
2908 5444 3081 5516 Cujus
3126 5447 3207 5499 rei
3254 5447 3348 5499 vix
3388 5447 3494 5500 alia
3552 5447 3685 5499 ratio

2106 5544 2373 5612 assignari
2395 5552 2594 5611 potest,
2615 5556 2779 5611 quam
2807 5540 2952 5609 quod
2976 5539 3163 5592 eodem
3188 5549 3433 5607 tempore
3458 5539 3681 5593 seorsim

2106 5636 2174 5689 ad
2219 5637 2398 5705 ipsum
2442 5635 2809 5706 Polycarpum
2833 5631 3136 5701 scripserit.
3177 5630 3237 5685 ln
3284 5631 3517 5701 epistola
3546 5640 3683 5687 certe

2108 5727 2173 5783 ad
2205 5744 2329 5784 eum
2362 5729 2714 5799 peculiariter
2758 5727 2909 5796 data,
2949 5731 3054 5784 hoc
3094 5724 3376 5797 negotium
3424 5726 3533 5795 ipsi
3561 5723 3681 5779 dili-
