3786 6306
131 288 186 343 89

130 402 401 474 gentissitne
429 397 793 465 commendat,
823 408 885 453 ut
914 401 1206 455 concilium
1242 401 1297 455 in
1328 416 1455 455 eum
1487 400 1647 455 linem
1681 403 1723 460 Α

128 502 351 550 convocet
392 494 660 559 hortatur,
705 504 766 547 ut
804 494 982 548 virum
1019 496 1185 564 eligat
1220 496 1505 567 ἀγαπητὸν
1536 496 1653 549 λίαν

126 592 200 643 καὶ
226 589 414 654 ἄοκνον,
446 587 694 642 dilectum
729 590 992 660 imprimis
1016 601 1170 660 atque
1200 591 1579 660 impigrum,ut
1600 590 1653 645 id

129 698 215 737 non
247 690 435 736 tantum
478 679 753 751 Smyrnae;
779 682 872 736 sed
898 692 953 736 et
982 682 1051 736 ab
1076 682 1199 737 aliis
1224 681 1485 738 Ecclesiis
1530 682 1650 737 ﬁeri

126 783 269 837 curet,
295 779 350 826 ut
377 771 443 826 ab
469 772 574 827 illis
598 772 763 827 etiam
790 774 971 827 nuntii
993 785 1047 829 et
1072 774 1320 844 epistolze
1354 775 1528 843 ipsius
1550 790 1652 845 ope

123 868 177 921 ad
209 866 554 921 Antiochenos
587 866 909 931 mittantur;
946 866 1090 921 unde
1113 876 1165 921 et
1201 867 1432 937 gratiam
1461 880 1654 936 preca-

123 971 209 1024 tur,
239 959 377 1013 etilli
406 959 496 1028 qui
527 959 858 1025 mitteretur,
890 970 946 1014 et
993 959 1095 1029 ipsi
1128 960 1221 1029 qui
1257 975 1382 1014 eum
1410 960 1652 1014 mitteret

122 1055 398 1126 Pnlyearpo.
446 1054 576 1121 Quze
608 1056 794 1109 omnia
842 1056 1016 1125 ipsius
1058 1055 1347 1126 Polycarpi
1390 1055 1649 1127 φροντίδα

118 1148 189 1202 διὰ
220 1148 451 1217 σπουδῆς,
482 1158 542 1203 ut
564 1149 807 1218 loquitur
830 1148 1124 1216 Eusebius,
1150 1166 1335 1203 curam
1358 1166 1477 1203 cum
1520 1148 1649 1202 dili-

120 1240 263 1309 gentia
288 1238 632 1307 conjunctam,
657 1240 797 1294 mire
819 1240 1113 1296 illustrant.

176 1332 453 1398 Quinetiam
478 1331 645 1388 verba
671 1349 796 1402 qua:
819 1345 1129 1402 sequuntur
1155 1350 1263 1387 non
1288 1334 1452 1388 aliam
1480 1333 1650 1388 fuisse

118 1425 298 1479 Eusebii
316 1437 545 1480 mentem
574 1434 758 1494 aperte
788 1425 1117 1480 ostendunt:
1146 1425 1203 1478 Ὀ
1225 1424 1268 1478 δ’
1285 1426 1447 1488 αὐτὸς
1469 1426 1650 1496 Σμυρ-

117 1521 251 1583 ναίοις
265 1520 497 1590 γράφων,
519 1517 621 1571 οὐκ
642 1513 944 1572 οἷδ’ὀπόθεν
967 1521 1151 1590 ῥητοῖς
1183 1518 1465 1590 κέχρηται.
1498 1516 1523 1570 1
1530 1520 1649 1572 dem

116 1611 501 1681 autemlgnatius
516 1613 588 1663 ad
616 1607 919 1680 Smyrmeos
949 1613 1205 1678 scribens,
1240 1612 1407 1665 verbis
1452 1611 1646 1676 utitur,

114 1723 206 1774 qua
233 1707 355 1761 unde
392 1709 673 1777 acceperit,
727 1708 934 1777 ignoro.
982 1704 1274 1774 Nunquam
1315 1705 1389 1760 ita
1431 1704 1647 1759 locutus

114 1800 271 1853 fuisset
297 1798 581 1866 Eusebius,
614 1808 676 1854 ut
701 1808 847 1854 recte
865 1801 1121 1853 observat
1143 1796 1366 1853 Isaacus
1392 1796 1644 1861 Vossius,

114 1892 149 1945 si
168 1907 221 1945 ex
244 1893 418 1946 eadem
445 1891 702 1961 epistola,
727 1890 794 1945 de
821 1906 929 1960 qua
952 1890 1220 1944 hactenus
1239 1888 1456 1944 locutus
1478 1899 1645 1954 esset,

115 1984 349 2052 sequentia
377 1982 887 2051 essentdesumpta.
918 1979 985 2034 Et
1012 1980 1352 2035 adversativa
1385 1980 1500 2034 hmo
1521 1996 1648 2035 sen-

113 2071 262 2135 tentia,
289 2087 405 2126 cum
431 2070 680 2140 epistolae
709 2070 1107 2134 nominatione,
1145 2086 1253 2124 nou
1285 2070 1447 2123 aliam
1478 2085 1645 2139 quam

113 2163 223 2217 hanc
248 2163 738 2234 interpretationem
788 2164 1035 2233 patitur:
1070 2164 1217 2217 Idem
1250 2162 1341 2216 ille
1376 2161 1643 2233 lgnatius,

113 2256 183 2324 qui
204 2256 407 2310 seorsim
436 2255 505 2309 ad
542 2256 911 2327 Polyearpum
943 2255 1181 2325 scripsit,
1215 2254 1447 2325 ejusque
1499 2270 1645 2309 cura:

112 2357 241 2413 atque
260 2346 541 2416 diligentia:
581 2345 889 2402 Ecclesiam
929 2346 1331 2400 Antiochenam
1362 2360 1645 2399 commen-

111 2438 243 2504 darit,
270 2438 317 2491 in
349 2440 513 2493 altera
542 2439 797 2508 epistola,
824 2454 991 2508 quam
1025 2438 1092 2493 ad
1121 2435 1491 2508 Smyrnenses
1513 2439 1646 2493 seri-

111 2530 208 2595 psit,
232 2531 385 2584 utitur
414 2529 739 2585 testimonio
779 2532 967 2585 nescio
1012 2531 1157 2585 unde
1199 2530 1511 2599 desumpte.
1573 2527 1647 2584 Ut

109 2620 137 2671 l’.
160 2635 216 2685 tv,
241 2626 287 2675 ο.
309 2622 361 2688 7,
410 2638 537 2677 cum
579 2621 651 2676 de
690 2620 947 2676 Melitone
992 2621 1236 2691 loquitur
1266 2640 1278 2675 :
1319 2622 1406 2674 'Ev
1438 2621 1495 2675 δὲ
1525 2625 1645 2686 ταῖς

108 2715 379 2782 γραφείσαις
409 2714 559 2785 αὐτῷ
589 2715 844 2782 ἐκλογαῖς
867 2714 895 2765 ὁ
928 2713 1091 2777 αὐτὸς
1112 2712 1253 2767 κατὰ
1274 2715 1335 2767 τὸ
1360 2715 1643 2786 προοίμιον

108 2808 371 2877 ἀρχόμενος.
387 2808 536 2862 Idem
553 2810 606 2861 in
628 2809 889 2877 excerptis
912 2808 976 2860 ab
1000 2808 1115 2877 ipso
1137 2809 1436 2877 compositis
1460 2811 1641 2863 statim

107 2902 148 2949 in
163 2901 391 2969 principio
413 2901 613 2969 operis,
657 2916 689 2953 a
724 2900 865 2954 libro
904 2899 1000 2970 qui
1036 2900 1295 2971 Apologia
1334 2901 1639 2968 dicebatur,

108 2992 157 3042 ad
186 2992 331 3047 alium
375 2994 627 3062 ejusdem
673 2994 940 3058 auctoris,
965 2993 1053 3047 eui
1098 2994 1371 3064 Ἐκλογαί
1400 3010 1495 3049 seu
1536 2993 1643 3046 Ex.

106 3096 245 3150 carpta
285 3088 468 3144 titulus
518 3088 664 3153 fuit,
719 3090 1015 3144 transiens.
1061 3087 1187 3145 Haec
1228 3088 1416 3143 omnia
1460 3089 1643 3142 minus
1672 3101 1713 3158 ο

107 3176 280 3243 quidem
310 3190 563 3236 accurate
593 3181 989 3250 interpretatus
1013 3189 1116 3243 est,
1133 3189 1279 3235 recte
1300 3192 1482 3235 tamen
1497 3180 1641 3249 cepit

107 3266 417 3342 Ruliinus,qui
438 3273 511 3327 ita
532 3274 718 3329 vertit:
738 3273 869 3329 Παει-
879 3283 927 3327 et
943 3272 1111 3327 multa
1129 3273 1241 3326 alia
1257 3274 1338 3326 his
1351 3272 1553 3327 similia
1569 3272 1637 3323 ad

107 3362 291 3417 diversas
307 3363 575 3420 Ecclesias
606 3368 827 3430 scribit;
850 3366 940 3419 sed
958 3375 1006 3419 et
1029 3366 1097 3419 ad
1115 3364 1473 3435 Polycarpum
1503 3364 1640 3417 velut

106 3454 592 3519 apostolicumvirum
625 3456 1415 3519 datislitteris,Antiochenam
1447 3454 1495 3507 ei
1531 3452 1639 3505 Ec-

106 3546 276 3598 rlesiam
290 3551 548 3619 pracipue
566 3549 1014 3603 commendat.Ad
1037 3548 1343 3619 Smyruwos
1364 3564 1490 3602 sane
1514 3546 1642 3599 scri-

105 3632 374 3698 bens,utitur
387 3639 554 3693 verbis
567 3639 887 3708 quibusdam
901 3640 1039 3693 unde
1052 3639 1341 3709 assumptis
1356 3639 1637 3691 nescimus.

158 3723 486 3799 Hieronymus
536 3732 707 3785 etiam
751 3731 864 3800 ipse
909 3746 1016 3783 non
1059 3731 1217 3784 aliter
1252 3729 1552 3798 capiendus
1584 3730 1640 3782 iu

106 3810 311 3887 Cutalogo
334 3819 657 3889 scriptorum
677 3821 1177 3882 ecclesiasticarum,
1206 3820 1295 3873 ubi
1328 3820 1406 3873 ait
1436 3834 1502 3874 ex
1533 3817 1641 3872 Eu-

106 3908 222 3963 sebio
243 3930 255 3964 :
280 3912 403 3967 Inde
422 3915 701 3984 egrediens
727 3915 943 3983 scripsit
968 3914 1037 3967 ad
1060 3911 1466 3983 Philadelphos,
1497 3921 1546 3965 et
1570 3912 1640 3964 ad

105 3996 377 4071 Sutymcos,
404 4016 454 4060 et
489 4007 707 4076 proprie
740 4006 809 4058 ad
843 4004 1224 4075 Polycarpum,
1264 4004 1639 4059 commendans

104 4090 166 4142 illi
198 4095 579 4150 Antiochensem
618 4095 937 4151 Ecclesium.
967 4096 1108 4161 Quid
1131 4096 1379 4151 clarius?
1414 4095 1640 4165 Proprie

104 4183 216 4239 enim
248 4186 326 4242 hic
366 4189 506 4243 nihil
551 4188 704 4242 aliud
744 4199 926 4255 sonat,
956 4204 1122 4259 quam
1160 4188 1476 4257 separatim,
1524 4188 1641 4243 sive

105 4280 295 4333 seorsint.
342 4280 417 4335 ita
462 4280 822 4352 Sophroaius
875 4282 1167 4352 interpres,
1232 4279 1438 4344 Ἰδικῶς
1502 4279 1640 4351 πρὸς

103 4366 423 4443 Πολύκαρπον.
466 4372 568 4428 Est
617 4384 796 4429 autem
850 4373 1053 4439 ἰδικῶς,
1102 4374 1397 4443 interprete
1447 4372 1636 4437 Suida,

104 4462 381 4529 καταμόνας.
416 4463 536 4533 ipse
572 4464 941 4534 Hieronymus
971 4468 1044 4518 ita
1079 4464 1209 4518 alibi
1244 4464 1395 4533 loqui
1440 4464 1493 4517 in
1536 4467 1640 4519 hoc

106 4551 196 4611 inse
230 4556 494 4627 Catalogo,
526 4558 831 4612 Clementis
862 4556 1218 4611 Alexandrini
1251 4572 1415 4627 opera
1446 4570 1639 4611 recen-

103 4658 217 4699 seas.
243 4647 311 4701 De
330 4649 623 4704 canonibus
654 4650 1048 4715 ecclesiasticis,
1078 4660 1127 4703 et
1148 4650 1399 4703 adversus
1414 4666 1523 4714 eos,
1548 4650 1639 4719 qui

104 4734 362 4795 ludcorum
396 4754 693 4814 sequuntur
721 4760 952 4798 errorem
986 4744 1119 4797 liber
1156 4759 1313 4808 unus,
1341 4760 1491 4814 quem
1515 4759 1639 4811 pro-

103 4829 187 4893 prie
228 4832 523 4889 Alexandro
580 4835 1075 4905 Hierosolymorum
1136 4836 1378 4904 episcopo
1434 4850 1638 4907 προσε-

107 4920 297 4989 φὼνηςε.
343 4924 405 4979 Et
453 4927 525 4979 de
567 4926 859 4994 Apollonio
900 4941 1108 4995 agens:
1152 4924 1514 4977 Tertullianus
1547 4940 1638 4977 sex

106 5013 399 5070 raluminibus
432 5020 692 5071 adversus
722 5016 1015 5070 Ecclesium
1044 5017 1223 5080 editis,
1256 5032 1375 5085 qua:
1425 5016 1635 5083 scripsit

106 5108 203 5174 περὶ
222 5108 538 5175 ἐκστάσεως,
585 5110 865 5177 septimum
888 5107 1098 5176 proprie
1127 5108 1379 5159 adversus
1419 5106 1639 5174 Apollo-

106 5197 217 5248 nium
231 5199 603 5263 elaboravit,iu
630 5214 732 5267 quo
760 5198 935 5250 omnia
959 5212 1075 5266 qua:
1092 5196 1181 5248 ille
1205 5194 1381 5264 arguit
1410 5202 1640 5245 conatur

106 5287 348 5355 defendere.
379 5290 687 5360 Utrobique
712 5290 945 5359 proprie,
971 5286 1241 5358 signiﬁcat
1275 5286 1638 5355 peculiariter,

106 5386 359 5438 avertitur
389 5401 421 5439 a
452 5383 770 5451 Soplironio
803 5381 1005 5445 ίδικῶς.
1031 5390 1093 5434 ut
1130 5381 1183 5433 in
1222 5380 1450 5451 lgnatio.
1484 5378 1640 5443 Quod

109 5482 251 5528 autem
282 5478 549 5546 sequitur,
584 5478 635 5530 in
662 5494 767 5547 qua
804 5484 855 5529 et
884 5476 949 5528 de
980 5473 1270 5543 Evangelia
1293 5471 1432 5543 quod
1475 5488 1641 5539 nuper

110 5580 131 5613 α
156 5584 217 5618 me
239 5570 546 5623 translatum
573 5579 649 5623 est
668 5611 685 5635 ,
716 5585 873 5637 super
899 5584 1120 5637 persona
1146 5566 1350 5621 Christi
1379 5568 1524 5635 ponit
1566 5576 1641 5618 te-

110 5662 388 5729 stinonium,
416 5664 553 5718 illud
592 5665 643 5716 in
675 5680 781 5732 qua
808 5678 930 5716 cum
955 5676 1275 5730 expressum
1308 5676 1416 5713 non
1446 5660 1641 5713 habeat

110 5753 387 5811 vocabulum
415 5758 763 5823 antecedens,
797 5756 864 5811 ad
897 5754 1043 5825 quod
1075 5752 1363 5821 referatur,
1386 5768 1639 5808 necessa-

1680 1754 1722 1808 Β

784 279 833 336 ι.
877 279 1245 337 PEARSONII
1286 279 1607 337 VlNDlCIz‘E

1747 280 2073 341 ῧΑΤΙᾹΝΛΕ.
2109 312 2176 327 -ι
2211 283 2632 345 ΡιιοωΜιυΜ.

2616 152 2643 179 ο

3270 295 3343 351 ’Μ

1754 401 1838 454 rio
1888 402 1963 455 ita
2018 403 2349 457 sumendum
2399 412 2517 470 est,
2572 412 2631 458 ut
2664 405 2693 457 6
2722 402 2767 455 δ’
2805 402 2967 467 αὐτὸς
3016 404 3341 476 Σμυρναίοις

1754 496 1982 566 γράφων
2035 496 2179 565 apud
2226 494 2548 564 Eusebium,
2580 512 2647 552 ex
2679 511 2793 567 quo
2827 514 2927 553 sua
2976 497 3343 571 Hieronymus

1754 588 2122 658 transcripsit.
2154 586 2213 643 Id
2238 597 2425 644 autem
2464 599 2526 644 ut
2548 589 2665 655 liat,
2706 590 2918 643 nullum
2951 606 3075 645 esse
3111 592 3340 647 dubium

1749 683 2079 754 jampridem
2128 684 2365 739 asseruit
2396 685 2623 741 isaacus
2654 684 3037 749 Casaubonus,
3074 687 3208 756 quin
3244 704 3343 757 pa-

1752 777 2073 832 rentheseos
2105 777 2250 833 notis
2280 777 2507 847 adjectis
2530 778 2619 832 hic
2643 777 2959 848 Hieronymi
2993 779 3146 834 locus
3169 780 3241 835 ita
3269 781 3342 836 sit

1752 870 2147 938 concipiendus
2177 889 2189 924 :
2226 869 2450 939 Scripsit
2477 870 2545 923 ad
2572 869 3037 939 Philadelphos,et
3058 871 3128 924 ad
3155 870 3340 941 Smyr-

1755 978 1919 1027 naos,
1951 970 2063 1015 tum
2099 964 2418 1031 parenthesi
2461 964 2705 1017 adhibita
2734 964 2805 1031 (et
2832 964 3042 1033 proprie
3079 965 3149 1016 ad
3179 964 3341 1034 Poly-

1753 1071 1972 1124 carpum
1995 1056 2366 1109 commendans
2390 1055 2473 1109 illi
2506 1056 2905 1112 Antiochensem
2930 1058 3247 1121 Ecclesium)
3283 1058 3338 1111 in

1751 1162 1879 1215 qua,
1909 1154 2015 1200 etc.
2048 1145 2440 1202 EtRicbardus
2473 1145 2847 1202 Montacutius
2879 1149 3170 1218 episcopus
3200 1147 3338 1203 NOI'r

1751 1238 2009 1302 vieensis,
2042 1238 2136 1308 qui
2168 1239 2365 1307 quavis
2396 1238 2508 1294 lere
2538 1240 2830 1294 occasione
2860 1249 3075 1309 arrepta
3128 1240 3338 1295 Casau»

1753 1330 1957 1384 bonum
1989 1331 2245 1385 vellicare
2281 1332 2441 1396 solet,
2480 1332 2569 1387 hic
2612 1332 2819 1386 laudat.
2854 1332 3015 1395 Bene,
3062 1334 3259 1402 inquit,
3284 1345 3334 1388 et

1749 1428 1903 1473 acute
1946 1420 2289 1476 doctissimus
2330 1422 2678 1475 Casaubonus
2702 1423 2973 1476 adnotarit
3004 1440 3113 1477 esse
3146 1441 3338 1492 paren-

1752 1512 1884 1565 thesi
1914 1513 2232 1567 includenda
2264 1514 2541 1583 interjecta
2568 1513 2721 1567 verba
2752 1516 2891 1568 inter
2919 1514 3252 1586 Smyrnwos,
3282 1523 3338 1569 et

1751 1603 1804 1657 in
1822 1618 1949 1673 qua.
1973 1607 2093 1672 ipse
2119 1604 2281 1658 etiam
2306 1603 2559 1659 Usserius
2590 1604 2981 1660 Casaubouum
3014 1614 3068 1660 et
3096 1606 3337 1659 Barouio

1750 1704 1806 1750 et
1855 1694 2131 1750 Halloixio
2161 1698 2463 1752 acutiorem
2495 1698 2656 1767 longe
2688 1700 2971 1768 agnoscit,
2998 1715 3122 1755 eum
3157 1711 3336 1754 tamen

1750 1789 1975 1855 deserit,
2035 1789 2152 1844 sola
2182 1789 2711 1859 Augustodunensis
2741 1789 2971 1845 Honorii
3010 1795 3339 1847 auctoritate

1750 1890 2051 1949 permotus,
2097 1882 2191 1951 qui
2245 1880 2545 1951 Epistolam
2584 1883 2656 1935 ad
2693 1881 3053 1953 Polycarpum
3090 1884 3144 1937 in
3179 1901 3337 1939 censu

1748 1973 2066 2041 scriptorum
2092 1972 2295 2044 Ignatii
2330 1973 2486 2039 plane
2517 1977 3025 2043 praetermittendam
3055 1993 3165 2030 esse
3184 1976 3339 2045 judi-

1748 2064 1908 2127 cavit,
1933 2065 2031 2130 ita,
2057 2065 2321 2131 videlicet,
2351 2067 2519 2119 verbis
2562 2066 2875 2137 Hieronymi
2913 2070 3166 2137 acceptis,
3195 2088 3257 2124 ac
3288 2070 3336 2123 si

1749 2156 1899 2209 nulla
1927 2157 2217 2226 peculiaris
2234 2159 2303 2211 ad
2322 2157 2687 2229 Polycarpum
2717 2161 2847 2213 data
2874 2160 2958 2214 hic
2980 2161 3044 2215 ab
3060 2179 3119 2215 eo
3147 2162 3335 2231 fuisset

1750 2250 2017 2319 Epistola.
2054 2250 2159 2305 Sed
2194 2252 2321 2320 quis
2357 2252 2531 2306 nescit
2575 2251 2880 2306 Honorium
2927 2252 3081 2307 illum
3135 2256 3336 2309 mentis

1749 2342 2064 2415 Hieronymi
2104 2345 2406 2414 pessimum
2450 2360 2572 2399 esse
2601 2345 2976 2414 interpretem,
3007 2354 3061 2399 et
3106 2362 3334 2415 operum

1746 2438 1817 2492 ab
1847 2452 1914 2492 eo
1946 2438 2359 2491 nominatorum
2403 2439 2807 2508 ineptissimum
2840 2448 3056 2505 testem,
3088 2440 3182 2509 qui
3225 2438 3336 2493 Ca-

1749 2530 1986 2599 talogum
2035 2545 2199 2599 quem
2261 2539 2487 2584 secutus
2522 2537 2636 2596 ‘est,
2694 2546 2837 2601 saepe
2884 2546 2994 2585 non
3039 2530 3335 2597 intellexit,

1747 2621 1949 2689 sapius
1981 2620 2327 2675 decurtavit?
2355 2619 2491 2686 Quis
2520 2620 2588 2674 de
2613 2621 2795 2675 verbis
2835 2619 3152 2692 Hieronymi
3185 2622 3336 2675 acei—

1746 2714 1963 2784 pieudis
1990 2714 2069 2768 illi
2104 2714 2343 2768 conﬁdet
2384 2713 2438 2766 in
2474 2712 2716 2781 lauatio,
2744 2714 2837 2783 qui
2870 2714 3057 2768 statim
3088 2714 3143 2766 in
3175 2713 3338 2783 Poly-

1745 2820 1935 2875 carpo,
1974 2804 2105 2860 dicit
2138 2821 2262 2859 eum
2299 2804 2592 2872 scripsisse
2641 2804 2710 2857 ad
2742 2804 3105 2874 Philippenses
3138 2806 3338 2873 episto-

1747 2898 1883 2964 lam,
1919 2908 1969 2951 et
2000 2898 2245 2967 quadam
2280 2898 2343 2951 de
2377 2899 2462 2951 die
2513 2898 2765 2961 Paschw,
2798 2913 2923 2952 cum
2964 2897 3335 2968 Hieronymus

1744 3004 1869 3044 eum
1906 2990 2288 3043 tantummodo
2316 3000 2530 3059 propter
2556 2993 2817 3048 quasdam
2834 3006 2991 3057 super
3010 2991 3095 3043 die
3112 2989 3337 3043 Paschtz

1748 3081 2066 3149 quiestianes
2104 3078 2327 3132 Romam
2366 3081 2565 3133 venisse
2597 3081 2814 3145 tradat;
2873 3081 2967 3150 qui
3027 3082 3084 3133 in
3146 3079 3327 3133 Evan-

1746 3172 1942 3241 gelium
1971 3171 2114 3225 κατὰ
2146 3171 2427 3225 Ματθαῖον
2459 3172 2896 3227 Commentarios
2930 3173 3160 3227 ascribit
3206 3172 3334 3227 Ori-

1746 3263 1921 3333 geni,
1980 3278 2120 3333 quos
2179 3262 2545 3335 Hieronymus
2609 3266 2880 3319 tribuerat
2946 3264 3332 3336 Symmacho;

1743 3354 1839 3425 qui
1907 3354 2222 3408 Anatolium
2306 3354 2483 3408 decem
2560 3354 2725 3408 libros
2809 3356 2872 3409 de
2953 3356 3331 3423 arithmetica,

1744 3450 2032 3520 geometria
2059 3490 2074 3515 ,
2135 3449 2467 3501 astronomia
2498 3488 2512 3511 ,
2576 3450 2928 3517 grammatica
2954 3489 2969 3514 ,
3027 3449 3291 3503 rhetorica
3314 3490 3332 3514 ,

1743 3538 2049 3604 dialectica,
2100 3538 2485 3606 composuisse
2531 3536 2717 3602 refert,
2761 3552 2925 3605 quem
2967 3535 3335 3609 Hieronymus

1744 3631 1899 3685 mira:
1931 3630 2197 3685 doctrina:
2225 3633 2407 3683 virum
2455 3631 2510 3683 in
2552 3628 2637 3684 his
2685 3628 2880 3695 fuisse,
2925 3630 3097 3685 libros
3147 3639 3333 3686 autem

1743 3724 1933 3778 decem
1993 3723 2063 3778 de
2121 3722 2486 3776 arithmetica:
2542 3721 2981 3776 institutionibus
3045 3723 3337 3792 scripsisse

1744 3814 1959 3878 innuit;
1989 3814 2083 3884 qui
2116 3815 2171 3868 in
2190 3812 2473 3867 Clemente
2499 3812 2895 3878 Alexandrino,
2931 3828 3031 3882 pro
3064 3814 3175 3869 illis
3205 3813 3335 3869 Hie-

1742 3908 2275 3981 ronymi,Pa:dagogi
2292 3906 2417 3960 libri
2440 3916 2568 3974 tres,
2582 3906 2747 3960 habet
2758 3906 2835 3959 De
2856 3907 3158 3977 paedagogis
3173 3924 3331 3975 unus,

1738 4009 1797 4055 et
1824 4016 1925 4070 pro
1956 4000 2085 4064 illis,
2120 3999 2198 4053 De
2233 3999 2446 4068 Jejunio
2484 3999 2827 4068 disceptatio,
2881 3998 2995 4051 haec
3026 3998 3333 4063 substituit,

1743 4090 1822 4145 De
1839 4091 2048 4161 jejunio
2096 4108 2254 4155 unus,
2279 4090 2344 4143 de
2371 4091 2757 4159 disceptatione
2800 4105 2970 4153 unus;
3004 4090 3099 4159 qui
3136 4089 3189 4142 in
3217 4087 3336 4141 Ori-

1743 4199 1899 4253 gene,
1927 4184 2188 4253 quoniam
2215 4181 2582 4253 Hieronymus
2606 4182 2843 4235 iudicem
2866 4196 3095 4249 operum
3128 4179 3335 4234 omise-

1743 4285 1845 4341 rat,
1888 4275 2007 4345 ejus
2056 4273 2178 4329 loco
2208 4273 2395 4338 habet,
2448 4287 2540 4325 sex
2573 4270 2746 4323 millia
2787 4268 3045 4322 librorum
3094 4268 3332 4336 scripsit,

1743 4367 1893 4437 quod
1938 4366 2008 4421 ab
2060 4364 2382 4435 Hieronymi
2424 4372 2607 4417 mente
2638 4362 2878 4417 maxime
2918 4361 3158 4416 alienum
3210 4373 3334 4413 esse

1746 4458 2123 4529 cognoscitur,
2161 4473 2229 4513 ex
2277 4456 2547 4526 Apologia
2594 4452 2837 4510 secunda
2882 4452 3146 4506 adversus
3172 4447 3333 4502 Rulli-

1745 4567 1875 4606 num
1906 4565 1920 4601 :
1962 4548 2204 4603 Numera
2252 4549 2455 4602 indices
2507 4546 2764 4600 librorum
2802 4545 2942 4611 eius,
2972 4542 3063 4611 qui
3096 4541 3149 4593 in
3177 4541 3332 4593 tertio

1744 4643 2007 4698 volumine
2021 4641 2263 4707 Eusebii,
2284 4642 2337 4694 in
2362 4657 2465 4710 quo
2494 4638 2679 4693 scribit
2706 4638 2869 4690 vitam
2902 4633 3177 4704 Pamphili
3206 4649 3333 4687 con-

1745 4740 2063 4802 tinentur,et
2084 4751 2184 4789 non
2203 4734 2325 4787 dico
2339 4749 2430 4788 sea:
2446 4731 2640 4797 millia,
2660 4730 2750 4784 sed
2765 4728 2977 4782 tertiam
2997 4739 3204 4797 partem
3228 4744 3330 4780 non

1744 4828 1970 4897 reperies
1994 4843 2013 4890 ,'
2046 4825 2139 4895 qui
2178 4822 2369 4879 Graeca
2396 4820 2509 4876 fere
2541 4820 2727 4875 omnia
2759 4819 2901 4889 apud
2933 4816 3331 4887 Hieronymum

1744 4920 1798 4974 in
1846 4918 2097 4972 Latinam
2130 4916 2374 4986 linguam
2412 4920 2523 4966 tam
2556 4910 2699 4966 male
2743 4922 2906 4981 atque
2931 4911 3181 4978 imperite
3211 4923 3333 4961 ver-

1743 5011 1843 5067 tit?
1880 5010 1998 5064 lmo
2027 5008 2155 5078 quis
2182 5008 2250 5061 de
2284 5020 2517 5061 numero
2548 5004 2903 5074 epistolarum
2938 5002 3082 5072 apud
3132 4999 3329 5053 Hiero-

1744 5119 1969 5176 nymum
2006 5102 2251 5156 Honorio
2290 5099 2481 5155 credet
2514 5101 2569 5152 in
2616 5096 2847 5162 lgnatio,
2887 5096 2982 5165 qui
3022 5093 3174 5148 novit
3203 5105 3327 5144 eum

1745 5196 1800 5250 in
1836 5194 2087 5265 Epitome
2126 5207 2226 5247 sua
2270 5198 2352 5245 tot
2398 5188 2665 5259 opuscula
2706 5184 3062 5257 prmteriisse,
3108 5195 3230 5250 qua:
3260 5180 3330 5233 ab

1744 5289 2081 5359 Hieronymo
2116 5286 2171 5339 in
2203 5283 2461 5352 Catalogo
2493 5274 3032 5336 commemorantur?
3079 5270 3134 5324 ln
3177 5269 3327 5323 Meli-

1746 5396 1895 5444 toue,
1932 5380 2070 5447 Περὶ
2097 5375 2450 5445 ἑνσωμάτου
2485 5372 2654 5437 Θεοῦ,
2679 5371 2873 5423 librant
2906 5380 3106 5427 unum;
3135 5364 3186 5416 in
3211 5363 3332 5415 Ale-

1745 5476 1976 5538 xandro,
2011 5469 2309 5539 Epistolam
2340 5468 2408 5519 ad
2432 5465 2771 5520 Antinoitas;
2800 5459 2851 5511 in
2876 5456 3020 5510 Julio
3047 5454 3327 5519 Africano,

1747 5566 2048 5635 Epistolam
2075 5562 2144 5616 ad
2200 5561 2480 5630 Origenem
2522 5571 2679 5623 super
2712 5551 3002 5621 qua’stione
3032 5548 3325 5611 Susannw,

1744 5672 1791 5714 et
1844 5659 2011 5711 aliam
2052 5656 2121 5707 ad
2154 5652 2448 5707 Aristidem
2497 5654 2560 5699 de
2586 5644 2892 5714 genealogia
2918 5640 3246 5701 Servatoris;
3272 5639 3326 5692 in

1747 5751 2068 5816 Novatiano,
2091 5746 2289 5801 librum
2310 5742 2384 5797 De
2416 5738 2709 5802 instantia;
2729 5737 2781 5791 in
2806 5735 3131 5801 Malchione,
3154 5731 3301 5787 ϐιαιο
