3786 6290
411 266 473 317 71
1464 252 1520 307 8.
1563 244 1913 307 IGNATIUS.
1956 276 2008 285 -—

2104 237 2480 329 ROLEGOME
2492 236 2606 294 NA.
3603 234 3664 288 γε

406 388 525 439 dem
552 384 829 455 epistolam
858 385 928 438 ad
965 380 1271 451 Dionysium
1308 383 1357 428 et
1394 370 1736 430 Maximum;
1761 368 1816 421 in
1848 364 1985 419 Gre—
2016 370 2055 423 Α
2087 360 2187 421 tio,
2213 373 2376 427 quam
2407 365 2630 411 secutus
2649 362 2736 409 est
2778 353 3049 423 interpres
3080 350 3222 421 ejus,
3250 358 3308 404 ct
3337 363 3459 451 qua:
3492 347 3545 450 in

407 476 562 547 gorio
594 466 1453 537 NcoczesarcensiJ’anegyrirum
1475 462 1542 515 ad
1578 460 1893 530 Origenem;
1926 455 1982 508 in

407 546 720 628 Lactantio,
755 564 1114 635 Symposium,
1136 568 1192 615 et
1216 558 1298 611 Ad
1360 553 1756 609 Demetrianum
1785 546 1985 615 episto-

407 661 584 715 larum
613 660 776 714 libros
805 659 980 720 duos;
1012 656 1067 709 in
1091 650 1417 730 Athaqasio,
1469 643 1839 700 Ileortasticas
1866 639 1983 709 epi-

407 754 605 818 stolas;
639 754 693 807 in
723 751 940 816 Acacio,
964 746 1324 816 Συμμίκτων
1348 736 1694 808 ζητημάτων
1712 731 1987 788 volumina

408 862 534 910 sex;
565 846 620 901 in
656 842 949 899 Theodoro
988 835 1408 895 Commentaries
1437 832 1491 885 in
1532 826 1898 889 Psalterium;
1931 823 1987 877 in

407 941 614 1012 Cyrillo
664 933 1075 1006 Κατηχήσειςς
1118 932 1173 987 in
1228 926 1454 991 Basilio,
1484 918 1873 1012 ‘Ao'xnrtxdr;
1932 916 1987 970 in

408 1007 672 1103 Gregorio
682 1027 1053 1089 Nazianzeno,
1066 1022 1205 1090 Περὶ
1223 1013 1661 1091 εριλοπτωχείας
1673 1027 1693 1076 ;
1706 1010 1763 1064 in
1781 1007 1990 1103 Joanne

408 1100 768 1183 Antiocheno,
790 1116 933 1185 Περὶ
962 1114 1293 1184 ἱερωσύνης
1316 1128 1333 1176 ;
1361 1110 1416 1165 in
1449 1109 1571 1176 ipso
1593 1104 1830 1174 denique
1857 1100 1986 1155 Ilie-

408 1227 658 1284 ronymo,
703 1210 1088 1265 Hebraicorum
1138 1204 1411 1258 nominum
1443 1199 1637 1254 librum
1667 1211 1853 1260 unum,
1890 1192 1990 1245 ωι-

408 1321 586 1358 versus
632 1301 977 1368 Iovinianum
1004 1297 1169 1352 libros
1193 1295 1353 1363 duos,
1390 1299 1447 1347 et
1481 1290 1552 1345 ad
1578 1285 1988 1344 Pammachium

410 1394 805 1465 Apologeticum
863 1404 920 1448 et
961 1387 1312 1459 Epitaphium
1359 1382 1581 1456 penitus
1624 1377 1831 1443 omisit,
1866 1389 1991 1447 qua

409 1486 593 1540 omnia
644 1484 699 1539 in
760 1480 1079 1552 Hieronymi
1123 1477 1383 1547 Catalogo
1436 1474 1619 1530 adhuc
1648 1477 1885 1528 exstant.
1929 1468 1987 1522 In

410 1577 673 1649 Dionysio
702 1585 887 1631 autem
916 1572 1314 1636 Alexandrino,
1342 1577 1423 1624 tot
1447 1566 1711 1637 epistolas
1740 1572 1796 1619 et
1824 1576 1991 1632 opus-

2087 452 2242 507 dieeo
2269 450 2458 504 codice
2486 456 2867 513 conservatur,
2909 447 3145 500 multum
3175 459 3205 497 a
3231 440 3525 496 recentiori
3554 440 3659 493 edi-

2088 542 2236 597 tione
2260 539 2461 603 diﬂcrt,
2484 554 2606 609 quae
2632 553 2662 592 c
2691 536 2919 606 reliquis
2950 534 3239 589 codicibus
3261 531 3536 600 descripta
3564 538 3658 595 est,

2088 642 2141 688 ct
2170 633 2368 703 partim
2394 647 2424 685 a
2454 630 2675 700 vulgato
2723 628 3020 697 interprete
3058 639 3345 681 conversa.
3392 621 3515 676 Duo
3542 638 3659 691 pra:—

2089 727 2247 796 cipuc
2290 724 2410 778 loca
2466 720 2805 786 memorabo,
2852 735 2919 773 ex
2968 716 3327 785 inscriptione
3367 728 3565 777 unum,
3607 728 3661 766 ex

2091 833 2322 889 corpore
2363 814 2619 886 Epistolas
2661 812 2920 876 alterum,
2957 805 3454 875 intlntcrpolatoris
3480 821 3665 858 manus

2091 904 2384 961 manifeste
2427 910 2705 973 appareat.
2759 900 2944 954 Codex
3000 897 3310 952 Mcdiceus:
3358 895 3668 963 Ἰγνάτιοςὸ

2091 996 2187 1050 καὶ
2206 993 2492 1065 Θεοφόρος,
2512 990 2854 1060 Πολνκᾶρπῳ
2869 984 3493 1057 ὲπισκὸπῳἜκκλησῑας
3513 986 3673 1056 Σμυρ-

2091 1088 2275 1141 ναίων.
2310 1084 2587 1153 Interpres
2621 1081 2983 1136 Usserianus:
3030 1077 3296 1148 Ignatius,
3321 1079 3415 1148 qui
3437 1088 3487 1131 et
3518 1077 3672 1131 Theo-

2090 1180 2313 1248 phorus,
2344 1176 2641 1245 Polycarpo
2689 1174 2929 1242 episcopo
2977 1170 3228 1224 Ecclesia:
3261 1168 3671 1239 Smgrmzorum.

2091 1268 2313 1339 Vulgati
2366 1265 2540 1322 (ἵναδεί
2602 1265 2853 1319 codices:
2902 1262 3162 1331 Ἰγνάτιος
3204 1260 3536 1333 [ἐπίσκοπος
3570 1262 3675 1314 ’Δν-

2089 1360 2346 1433 τιοχείας,
2385 1361 2415 1412 ὁ
2443 1358 2535 1411 καὶ
2567 1357 2775 1428 μάρτυς
2817 1351 2991 1426 Ἰησοῦ
3020 1351 3305 1425 Χριστοῦ],
3337 1352 3677 1424 Πολυκὰρπῳ

2092 1452 2376 1521 ὲπισκόπῳ
2406 1446 2736 1517 Ἐκκλησίας
2767 1444 3112 1517 Σμυρναίων.
3160 1443 3228 1498 Et
3280 1442 3555 1513 Vulgatus
3604 1443 3677 1497 in-

2090 1554 2335 1615 terpres:
2369 1540 2608 1612 lgnatius
2634 1535 2929 1609 [episcopus
2952 1535 3267 1599 Antiochiet,
3295 1536 3387 1607 qui
3410 1545 3459 1589 et
3485 1545 3680 1603 martyr

410 1672 536 1728 cula
555 1625 786 1724 Jintacta
857 1664 1146 1736 praeteriit,
1202 1671 1266 1717 ut
1310 1662 1430 1717 sine
1467 1658 1709 1715 maximo
1769 1653 1991 1711 lectoris

2103 1636 2220 1691 Iesu
2244 1632 2492 1704 Christi],
2527 1628 2827 1701 Polycarpo
2873 1629 3113 1698 episcopo
3168 1625 3597 1697 Smyrnensium.
3628 1626 3675 1680 In

411 1762 575 1818 taedio
604 1776 670 1816 ea
696 1772 1022 1815 enumerare
1045 1771 1154 1812 non
1186 1755 1420 1825 possim.
1449 1749 1651 1818 Quidni
1676 1749 1843 1820 igitur
1869 1748 1989 1817 epi-

2103 1739 2326 1796 corpore
2377 1719 2636 1792 Epistolas
2702 1718 2876 1774 codex
2935 1717 3254 1773 Mediceus:
3304 1717 3473 1771 Πλέον
3525 1734 3678 1770 σπου-

412 1855 611 1910 stolam
642 1850 858 1925 lgnatii,
908 1850 1128 1922 proprie
1176 1848 1245 1904 ad
1292 1846 1656 1918 Polycarpum
1690 1842 1985 1913 scriptam,

409 1945 615 2018 pariter
659 1941 974 1999 omitteret?
1020 1939 1164 1995 Leve
1195 1945 1282 1994 est
1329 1936 1568 1999 idcirco,
1621 1931 1735 1986 imo
1761 1944 1990 1999 prorsus

408 2037 702 2094 evanidum
735 2041 1145 2106 argumentum,
1193 2028 1341 2099 quod
1370 2044 1437 2082 ex
1468 2024 1686 2081 silentio
1712 2023 1991 2092 Augusto-

408 2132 674 2187 dunensis
701 2126 950 2191 Honorii,
984 2136 1095 2180 tam
1127 2122 1256 2177 mali
1294 2117 1630 2189 interpretis,
1663 2123 1778 2171 tam
1837 2113 1989 2169 inlidi

406 2220 809 2293 cpitomatoris,
846 2217 1066 2274 deducit
1088 2213 1497 2277 Armachanus,
1527 2218 1589 2265 ut
1609 2208 1736 2264 inde
1766 2206 1993 2263 conclu-

408 2316 524 2381 dat,
547 2314 603 2367 in
629 2328 716 2378 ea,
748 2326 872 2381 qua:
891 2307 1212 2378 Hieronymi
1244 2312 1403 2359 aetate
1432 2301 1679 2357 omnium
1714 2297 1994 2354 terebatur

409 2406 669 2461 manibus
697 2403 1107 2474 lgnatianarum
1132 2383 1495 2468 epistolaru'm
1522 2393 1752 2466 sylloge,
1784 2391 1990 2445 nullam

412 2497 715 2569 Polycarpo
730 2493 990 2566 privatim
1022 2490 1344 2559 inscriptam
1377 2487 1655 2543 exstitisse
1670 2483 1989 2555 epistolam:

409 2587 715 2659 praesertim
730 2601 859 2642 cum
876 2582 1149 2640 Eusebius
1171 2582 1338 2648 ἰδίως,
1359 2578 1728 2650 Hieronymus
1757 2576 1992 2647 proprie,

411 2681 519 2735 hoc
562 2688 648 2736 est
699 2674 1303 2752 privatim,Polycarpo
1335 2672 1659 2741 inscriptam
1694 2668 1867 2725 fuisse
1921 2677 1999 2723 tc—

411 2780 645 2827 stentur.
680 2771 863 2826 .Certe
892 2768 1011 2840 pari
1046 2775 1373 2840 argumento
1432 2766 1705 2822 deducere
1758 2769 1995 2833 poterat,

409 2872 569 2918 suate
596 2862 818 2919 Eusebii
854 2860 1063 2916 nullam
1116 2858 1312 2929 lgnatii
1357 2858 1425 2913 ad
1454 2854 1877 2925 Philadelpbeos
1906 2867 1998 2907 ex-

411 2956 617 3013 stitisse
633 2953 943 3026 epistolam,
968 2950 1114 3023 quod
1128 2966 1250 3006 eam
1282 2948 1532 3004 Bullinus
1548 2944 1998 3017 interpretatione

411 3065 513 3105 sua
542 3047 814 3103 omiserit.
856 3103 861 3107 ,

482 3141 753 3195 Praeterea
781 3145 942 3193 aetate
969 3135 1292 3207 Hieronymi
1329 3133 1550 3204 scripsit
1577 3131 1636 3187 S.
1661 3131 1993 3203 Chrysosto-
2023 3114 2065 3173 (ἶ
2099 3112 2212 3207 ff?’
2232 3096 2312 3207 ,δι’

412 3250 559 3296 mus,
592 3242 646 3287 et
672 3230 1079 3309 lgnatianarnm
1107 3228 1462 3299 epistolarum
1486 3226 1707 3298 Sylloge
1729 3240 1866 3281 usus
1890 3233 1996 3291 est,

411 3341 535 3397 quae
566 3323 857 3395 epistola'm
889 3321 1148 3392 privatim
1178 3319 1482 3391 Polycarpo
1510 3317 1833 3388 inscriptam
1866 3334 2000 3372 ron-

411 3416 640 3472 tinebat.
662 3413 801 3470 Nam
827 3414 881 3469 in
903 3414 1181 3479 oratione,
1211 3411 1368 3479 Quod
1390 3428 1527 3466 unus
1561 3409 1762 3465 Veteris
1785 3418 1835 3464 et
1858 3408 1999 3464 Novi

414 3508 739 3564 Testamenti
761 3506 1058 3578 legislator,
1084 3505 1188 3577 ipsi
1204 3505 1524 3561 aveteribus
1555 3503 1844 3569 attributa,
1869 3518 2000 3559 sen-

412 3601 636 3655 tentiam
660 3599 985 3671 quamdam,
1025 3599 1130 3654 sub
1158 3597 1359 3669 lgnatii
1393 3597 1617 3652 nomine
1655 3611 1720 3651 es
1748 3597 1852 3650 hac
1881 3595 2000 3666 ipsa

411 3691 646 3761 epistola
675 3689 972 3760 depromit,
1010 3703 1176 3758 quam
1204 3688 1347 3744 inter
1390 3694 1636 3741 veterum
1686 3685 2002 3741 testimonia

412 3792 606 3853 postea
643 3797 745 3837 suo
782 3783 910 3837 loco
940 3780 1313 3851 proferemus.
1345 3778 1519 3848 Negat
1550 3778 1775 3849 quidem
1807 3775 2001 3830 Arma-

413 3875 649 3941 chanus,
685 3873 994 3929 orationem
1024 3872 1177 3926 illam
1206 3886 1329 3927 esse
1361 3870 1419 3925 S.
1442 3868 1825 3941 Cbrysostomi
1858 3886 1873 3924 :
1908 3868 2003 3924 sed

416 3966 659 4021 rationes
685 3964 807 4036 ejus
831 3972 1087 4020 accurate
1114 3962 1576 4029 examinabimus,
1610 3977 1735 4017 cum
1759 3962 2006 4017 testimo-

418 4056 507 4110 nia
530 4072 631 4127 pro
649 4055 860 4128 Ignatio
885 4055 1125 4112 adducta
1155 4055 1226 4110 ab
1246 4054 1653 4126 objectionibus
1672 4053 1858 4109 Dallaei
1886 4054 2007 4109 vin-

418 4148 746 4205 dicabimus.

494 4260 710 4318 Interim
738 4263 882 4319 hanc
913 4263 982 4319 ad
1013 4262 1379 4335 Polycarpum
1399 4262 1689 4333 epistolam
1718 4277 1841 4318 esse
1863 4262 2008 4318 inter

419 4368 515 4409 eas
544 4370 667 4425 quae
706 4353 947 4410 Eusebio
996 4356 1230 4426 cognitae
1282 4362 1414 4410 sunt
1468 4356 1865 4410 numerandum
1918 4370 2008 4410 res

2092 1816 2245 1880 δαῖος
2304 1814 2457 1885 γίνου
2492 1806 2554 1867 οὗ
2578 1807 2651 1876 εἴ,
2680 1811 2809 1875 τοὺς
2858 1809 3085 1882 καιροὺς
3138 1808 3557 1881 καταμάνθανε’
3598 1807 3678 1860 τὸν

2093 1905 2431 1978 ὗπέρκαιρον
2471 1900 2767 1974 προσδόκα,
2799 1898 2891 1953 τὸν
2933 1900 3181 1972 ἄχρονον,
3202 1898 3294 1953 τὸν
3316 1899 3573 1971 ἀόρατον,
3597 1899 3678 1950 τὸν

2091 1997 2159 2050 δι’
2203 1997 2354 2068 ἡμᾶς
2406 1993 2627 2066 ὁρατὸν,
2676 1992 2770 2046 τὸν
2822 1990 3200 2062 ὰψηλάφητον,
3231 1990 3324 2044 τὸν
3354 1990 3567 2061 ἀπαθῆ,
3599 1990 3677 2043 τὸν

2091 2088 2321 2160 δι’ἠμᾶς
2350 2085 2611 2157 παθητόν.
2637 2084 2908 2153 lnterpres
2930 2081 3264 2138 Usserianus
3286 2099 3299 2136 :
3319 2079 3452 2134 Plus
3483 2082 3679 2136 studio-

2093 2196 2186 2234 sus
2214 2180 2514 2250 ]ias,quam
2540 2192 2630 2241 es;
2662 2183 2895 2244 tempora
2929 2174 3205 2229 considera
3232 2189 3389 2236 ;eum
3407 2174 3501 2244 qui
3528 2189 3678 2241 supra

2097 2281 2302 2342 tempus
2353 2280 2620 2341 exspecta,
2651 2268 3075 2338 intemporalem,
3108 2266 3449 2330 inuisibilem,
3475 2277 3677 2336 propter

2096 2381 2192 2420 nos
2223 2363 2502 2429 visibilem,
2542 2360 2957 2432 impalpabilem,
3008 2360 3417 2429 impassibilem,
3476 2370 3678 2428 propter

2101 2472 2195 2512 nos
2220 2454 2549 2527 passibilem.
2583 2452 2792 2524 Vulgati
2817 2451 2990 2507 Graeci
3020 2451 3271 2507 codices:
3303 2453 3497 2504 Πλεῖον
3532 2454 3679 2522 πρόσ-

2097 2548 2191 2614 θες
2231 2550 2296 2620 τῇ
2340 2546 2543 2618 σπουδῇ
2568 2538 2629 2599 οὗ
2675 2540 2726 2599 ei
2762 2545 2921 2615 (satis
2970 2543 3681 2616 absurde),[ouwowbtapw

2097 2637 2321 2712 δράμε],
2355 2638 2481 2701 τοὺς
2519 2636 2744 2705 καιροὺς
2787 2633 3171 2705 καταμάνθανε
3226 2632 3325 2706 [ὡς
3385 2634 3615 2688 ἐνταῦθα
3637 2630 3682 2687 εἷ

2098 2732 2351 2802 νίκησον·
2387 2722 2489 2783 ὧδε
2519 2731 2629 2801 γὰρ
2671 2727 2788 2781 ἐστὶ
2814 2728 2874 2780 τὺ
2909 2726 3144 2789 στάδιον,
3176 2728 3293 2780 tusi
3320 2725 3375 2779 δὲ
3410 2728 3458 2779 οἱ
3492 2726 3679 2795 στέῗα-

2099 2822 2225 2895 νοι].
2266 2821 2551 2893 Προσδόκοι
2612 2818 2871 2892 [Χριστὸν
2908 2817 3000 2871 τὸν
3057 2817 3186 2871 Υἱδν
3234 2816 3328 2871 τοῦ
3383 2818 3568 2891 Θεοῦ],
3596 2820 3682 2891 εον

2099 2914 2330 2984 ἄχρονον
2364 2912 2447 2985 [ὲν
2478 2910 2702 2984 χρόνῳ],
2736 2909 2829 2963 τὸν
2864 2909 3099 2979 ἀόρατον
3131 2908 3220 2980 [τῇ
3262 2906 3468 2980 φύσει],
3500 2909 3682 2980 ὁρατὸν

2101 3004 2185 3076 [ἐν
2225 3002 2435 3076 capaci],
2463 3003 2557 3057 τὸν
2588 3001 2942 3073 ἁψηλάφητον
2970 2999 3089 3072 [καὶ
3116 2999 3297 3069 ἀναφῆ
3346 2998 3424 3062 ὡς
3468 3000 3681 3070 ambita—

2353 3096 2504 3167 ἡμᾶς
2529 3094 2586 3147 δὲ
2629 3094 2798 3148 ἁπτὸν
2849 3094 2942 3146 καὶ
2987 3091 3307 3162 ψηλαφητὸν
3334 3092 3393 3145 ἐν
3433 3090 3683 3161 adipata],

2098 3187 2190 3242 τὸν
2222 3186 2431 3258 ἀπαθῆ,
2464 3185 2563 3258 [ὼς
2607 3184 2785 3257 Θεὸν],
2818 3183 2888 3237 δι’
2911 3185 3063 3256 ἡμᾶς
3108 3183 3165 3236 δὲ
3202 3182 3447 3253 παθητὸν
3473 3180 3573 3253 [ὡς
3602 3182 3686 3236 ἇν-

2100 3277 2438 3351 θρωπον].Ει
2463 3276 2731 3344 Vulgatus
2777 3276 3078 3345 interpres:
3120 3273 3426 3328 Plurimum
3450 3272 3587 3327 adde
3619 3273 3683 3326 ad

2101 3367 2918 3443 festinationem,[co:ttinuanter
2943 3366 3144 3439 curre],
3172 3375 3408 3436 tempora
3438 3380 3687 3435 cognosce

2101 3467 2265 3538 [utin
2314 3466 2448 3533 ipsis
2496 3479 2701 3535 semper
2746 3462 2949 3517 vincas.
2999 3460 3101 3515 Hic
3147 3461 3289 3515 enim
3325 3470 3403 3514 est
3434 3459 3684 3521 stadium,

2095 3554 2216 3609 illic
2244 3551 2493 3624 corona].
2530 3550 2791 3622 Exspecta
2831 3551 3132 3623 [Christum
3180 3548 3388 3604 Filium
3440 3547 3585 3622 Dei],
3613 3549 3696 3627 in-8

2104 3644 2446 3715 temporalem
2476 3642 2559 3715 [in
2607 3640 2882 3713 tempore],
2931 3641 3244 3695 inuisibilem
3292 3638 3365 3712 [et
3408 3630 3695 3698 intactum.

2103 3746 2161 3788 ut
2183 3736 2574 3804 incorporeum,
2606 3746 2917 3799 corporeum
2963 3748 3082 3786 vero
3112 3740 3329 3802 propter
3372 3748 3467 3785 nos
3495 3740 3545 3784 et
3568 3747 3687 3785 con-

2106 3822 2478 3896 trectabilem],
2538 3823 2923 3893 impassibilem
2974 3820 3055 3894 [ut
3110 3821 3327 3895 Deum].
3387 3822 3690 3893 passibilem

2120 3934 2243 3971 vero
2273 3926 2487 3987 propter
2516 3931 2608 3969 nos
2640 3914 2719 3986 [ut
2764 3913 3073 3985 hominem].
3131 3912 3271 3969 Hinc
3322 3915 3489 3986 igitur
3553 3922 3692 3984 patet

2105 4007 2243 4062 duas
2273 4004 2444 4061 fuisse
2470 4005 2740 4060 editiones
2766 4002 3024 4073 Epistolre
3052 4003 3121 4058 ad
3152 4003 3519 4075 Polycarpum
3552 4005 3690 4058 mn!-

2108 4104 2223 4151 tum
2260 4097 2530 4165 diversas,
2567 4110 2885 4167 germanam
2920 4110 3108 4162 unam,
3137 4096 3528 4166 interpolatam
3562 4097 3691 4151 alte-

2107 4204 2224 4244 ram
2250 4208 2263 4244 :
2288 4204 2605 4261 germanam
2627 4196 2683 4242 et
2713 4188 3026 4258 primaevam
3076 4199 3327 4243 secutum
3357 4203 3480 4243 esse
3534 4190 3692 4265 inter-

2110 4290 2315 4352 pretem
2349 4277 2741 4346 Usserianum,
2786 4282 3149 4352 posteriorem
3181 4297 3278 4337 seu
3310 4281 3691 4351 interpolatum

2108 4375 2339 4429 vertisse
2369 4375 2716 4444 interpretem
2754 4373 3065 4445 Vulgatum.
3117 4371 3263 4427 Idem
3312 4373 3475 4429 etiam
3534 4374 3693 4443 liquet

422 4448 542 4517 ipsa
565 4447 786 4514 Clama"
810 4448 962 4518 quia,
998 4448 1077 4502 uti
1106 4448 1329 4517 reliqum
1357 4463 1655 4518 germana”
1683 4446 1787 4502 Ῐυίί
1812 4454 1868 4501 ει
1889 4447 2006 4517 ipsa
2038 4459 2084 4514 Ι)
2112 4482 2176 4522 ex
2208 4467 2390 4522 verbis
2417 4469 2485 4521 ad
2509 4468 2670 4521 linem
2713 4467 2989 4537 Epistoltc,
3022 4470 3074 4520 in
3108 4465 3345 4537 Vulgata
3385 4467 3581 4522 Graaco
3608 4482 3697 4521 co«

424 4540 830 4609 interpolatoris
875 4554 1041 4594 manu
1091 4541 1501 4596 contaminata:
1529 4540 1677 4609 quod
1707 4540 1776 4595 de
1806 4554 2008 4609 suppo-

424 4630 612 4685 sititiis
643 4645 750 4685 non
771 4638 856 4686 est
888 4629 1119 4686 omnino
1149 4629 1518 4685 sentiendum.
1552 4630 1716 4685 Aliud
1749 4631 1896 4684 enim
1924 4636 2009 4684 est

424 4721 711 4790 epistolam
751 4722 957 4793 ﬁngere
980 4760 996 4785 ,
1038 4720 1186 4777 aliud
1216 4735 1592 4791 corrumpere.
1626 4720 1760 4789 Quae
1790 4730 1919 4778 sunt
1939 4721 2010 4777 ab

428 4812 729 4882 impostore
762 4814 942 4869 serius
971 4814 1130 4879 fictae,
1162 4812 1354 4868 eodem
1400 4814 1567 4869 modo
1618 4814 1841 4884 integrae
1876 4829 2011 4869 con-

425 4912 734 4972 Servantur,
778 4918 890 4974 quo
927 4903 1165 4974 primum
1219 4913 1351 4960 sunt
1380 4904 1954 4975 consummatamque
1978 4921 2010 4960 a

425 5009 557 5049 vero
609 5004 836 5049 auctore
865 4996 1105 5064 primum
1144 4994 1324 5064 lactat,
1362 5006 1552 5066 postea
1583 5003 1714 5052 sunt
1741 5013 1771 5051 a
1802 4997 2011 5053 stellio—

427 5088 593 5143 nibus
620 5086 791 5143 variis
825 5091 1160 5146 assumentis
1199 5096 1597 5161 conspurcataa.
1628 5091 2011 5146 Armacbanus

427 5180 673 5250 quidem,
704 5182 866 5253 cuius
911 5197 1099 5238 animo
1127 5182 1401 5238 contraria
1434 5182 1705 5237 sententia
1728 5181 1835 5236 alte
1863 5183 2013 5239 inse-

429 5271 604 5338 derat,
638 5274 818 5329 nullas
858 5274 948 5329 hic
997 5273 1448 5345 interpolationes
1497 5273 1856 5339 observavit;
1900 5274 2013 5327 imo

431 5376 682 5417 asserere
711 5379 822 5419 non
857 5372 943 5420 est
964 5365 1195 5431 veritus,
1240 5364 1596 5433 interpretem
1626 5380 1812 5428 suum,
1849 5379 2011 5433 quem

434 5454 552 5522 ipse
570 5467 602 5508 e
632 5455 873 5510 tenebris
896 5457 1109 5527 primus
1132 5456 1300 5523 eruit,
1327 5456 1624 5525 Epistolam
1654 5456 1720 5511 ad
1754 5454 2015 5527 Polycar-

435 5561 565 5615 pum
594 5545 861 5616 integram
890 5562 956 5602 ex
983 5549 1290 5605 recentiore
1336 5548 1577 5604 editione
1610 5550 2013 5619 assumpsisse;

437 5637 580 5709 quod
613 5653 789 5708 primo
843 5640 1041 5695 intuitu
1069 5656 1098 5695 a
1125 5642 1353 5696 veritate
1405 5642 1643 5697 alienum
1680 5658 1801 5697 esse
1823 5644 2015 5713 depre-

440 5730 713 5786 henditur.
745 5729 878 5785 Nam
922 5733 1178 5802 primaeva
1205 5734 1369 5804 hujus
1409 5736 1572 5789 etiam
1613 5736 1867 5806 Epistolae
1897 5735 2012 5789 edi-

2110 4559 2231 4614 dice
2258 4558 2481 4625 additis,
2533 4557 2730 4629 ’Λμὴν,
2763 4561 2795 4629 ἡ
2823 4559 3003 4630 χάρις,
3042 4558 3243 4628 quibus
3286 4558 3621 4628 respondent
3645 4558 3693 4612 in

2112 4650 2347 4721 Vulgato
2397 4650 2715 4721 interprete,
2760 4652 2946 4712 Amen.
2999 4650 3201 4720 gratia,
3249 4664 3425 4719 quaea
3457 4648 3694 4704 Medioeo

2110 4742 2299 4797 codice
2320 4749 2374 4796 et
2396 4742 2691 4812 interprete
2722 4739 3024 4796 Usseriano
3056 4756 3283 4811 prorsus
3314 4742 3538 4795 absunt.
3566 4739 3696 4795 Hinc

2110 4833 2259 4888 enim
2303 4832 2685 4888 Armacbanus
2745 4833 2862 4903 ipse
2932 4833 3137 4903 colligit
3198 4832 3554 4888 Anastasium
3605 4849 3694 4902 pa-

2112 4923 2411 4979 triarcham
2439 4924 2846 5002 Antiochenum
2896 4922 3042 4978 circa
3087 4938 3294 4977 annum
3318 4922 3447 4987 595,
3478 4923 3695 4993 vulgata

2113 5014 2228 5068 sive
2255 5013 2577 5084 interpolata
2608 5013 2846 5069 editione
2868 5013 3053 5067 Graeca
3079 5030 3239 5068 usum
3265 5012 3456 5069 fuisse.
3489 5013 3697 5083 Quippe

2112 5106 2409 5178 Gregorius
2437 5122 2576 5177 papa
2603 5106 2907 5173 Romanus,
2939 5105 3175 5177 chistri
3207 5107 3245 5161 Ι.
3274 5123 3349 5172 1v,
3386 5107 3579 5175 indict.
3614 5107 3694 5171 15,

2115 5199 2276 5268 epist.
2302 5196 2392 5264 57,
2423 5213 2547 5252 cum
2574 5197 2640 5252 ad
2666 5199 2826 5251 linem
2850 5199 3093 5267 cpistola)
3112 5213 3226 5253 suae
3251 5198 3318 5253 ad
3346 5198 3696 5254 Anastasium

2116 5288 2335 5357 scripta:
2364 5288 2732 5357 apposuisset,
2779 5289 2966 5355 Amen,
2998 5291 3198 5359 gratia,
3243 5290 3428 5345 statim
3459 5291 3574 5346 haec
3603 5293 3697 5345 ad-

2115 5380 2228 5433 dit:
2266 5378 2418 5443 Quw,
2452 5379 2711 5445 videlicet,
2742 5380 2897 5434 verba
2929 5381 2993 5434 de
3022 5381 3238 5450 scriptis
3268 5384 3456 5436 vestris
3488 5394 3697 5451 accepta

2116 5470 2173 5522 in
2210 5470 2339 5523 meis
2369 5471 2607 5538 epistolis
2646 5486 2803 5540 pono,
2838 5480 2896 5524 ut
2921 5472 2986 5526 de
3018 5471 3077 5527 S.
3119 5471 3335 5543 Ignatio
3381 5484 3555 5528 vestra
3578 5474 3697 5528 bea-

2118 5559 2291 5613 titudo
2321 5572 2624 5631 cognoscat,
2671 5562 2798 5632 quia
2828 5577 2931 5614 non
2973 5563 3148 5617 solum
3190 5573 3355 5618 vester
3394 5574 3495 5628 est,
3534 5566 3627 5620 sed
3651 5577 3696 5618 et

2117 5662 2314 5705 noster.
2352 5651 2499 5728 Sicut
2525 5654 2663 5706 enim
2684 5652 2991 5722 magistrum
3017 5655 3132 5722 ejus
3161 5657 3522 5725 apostolorum
3550 5661 3699 5727 prin-

2118 5740 2282 5813 cipem
2313 5740 2927 5808 habemuscommunem.
2953 5747 3027 5801 ita
3055 5763 3255 5817 auoquc
3280 5748 3517 5825 ejusdem
3542 5752 3677 5821 prin
