3786 6334
97 351 148 404 4'5
826 353 1193 410 PEARSitNll
1258 356 1576 414 VINDICUE
1652 357 2067 414 ICNATIANAZ.
2108 390 2177 399 —-
2227 359 2639 417 ΡΒΟΕΕΜΙΠΜ.
3254 358 3324 418 7-1

88 466 207 533 cipis
250 465 573 536 discipulum
623 467 801 523 nullus
852 479 1090 523 nostrum
1128 469 1317 524 habeat
1363 472 1644 539 privatum.
1676 476 1724 532 Α
1750 469 1960 527 channs
1985 486 2104 525 eam
2132 482 2338 541 partem
2371 473 2868 541 velutadjeotitiam
2896 487 3161 533 resectam
3188 479 3330 536 itus.

87 560 208 613 Cum
256 558 422 627 igitur
469 560 583 614 bare
632 562 796 616 verba
837 563 1025 634 Ἀμὴν,
1066 565 1100 633 ἡ
1156 563 1335 634 χάρις,
1376 562 1441 616 ad
1488 562 1650 617 linem

86 649 326 719 Epistolze
363 650 430 704 ad
465 649 754 719 Ephesios,
781 662 834 706 et
857 654 1058 723 pariter
1095 654 1260 723 hujus
1296 654 1362 707 ad
1389 652 1649 723 Polycar-

86 756 198 809 pum
229 742 484 810 apposita
516 743 885 811 reperiantur,
916 753 1162 814 apparet,
1189 754 1478 814 utramque
1502 744 1651 813 pari-

82 841 153 884 ter
179 830 345 883 etiam
380 830 473 884 illo
504 846 617 885 aevo
643 831 817 887 fuisse
854 834 1255 904 interpolatam.

141 920 217 975 Ad
243 921 361 976 haec
382 922 565 977 omnia
588 924 818 979 ulterius
843 926 1214 981 conﬁrmanda
1240 927 1476 981 multum
1506 927 1649 982 valet

80 1014 124 1067 id
148 1013 295 1085 quod
328 1029 429 1068 nos
461 1014 622 1083 primi
671 1018 1111 1083 observavimus,
1140 1017 1313 1074 fuisse
1343 1018 1647 1087 antiquitus

78 1105 231 1159 aliam
284 1103 699 1177 Ignatianorum
750 1108 1071 1174 editionem,
1126 1122 1320 1180 praeter
1370 1125 1465 1165 eas
1509 1120 1644 1177 tres,

77 1212 202 1267 quas
257 1207 533 1253 memorat
578 1196 857 1256 Usserius.
905 1200 1037 1255 Erat
1084 1209 1266 1256 autem
1317 1201 1435 1257 haec
1477 1203 1647 1260 editio

76 1290 313 1345 omnium
350 1301 405 1345 et
432 1292 676 1348 solarum
711 1292 1068 1362 epistolarum
1112 1309 1251 1365 quas
1292 1296 1429 1349 vidit
1467 1295 1640 1350 Euse-

79 1383 206 1449 bius,
238 1383 335 1438 sed
368 1383 843 1453 interpolatarum.
869 1383 1056 1457 Neque
1092 1387 1209 1442 haec
1230 1396 1311 1442 est
1327 1387 1645 1458 conjectura

76 1489 231 1528 mera.
260 1472 452 1529 Habeo
475 1476 620 1530 enim
652 1477 931 1547 exemplar
956 1493 1064 1534 ms.
1104 1476 1354 1533 Graecum
1384 1481 1647 1549 epistola-

71 1584 179 1621 rum
230 1566 666 1639 lgnatianarum,
699 1570 833 1623 mihi
864 1570 1033 1624 aviro
1078 1570 1242 1626 docto
1268 1580 1323 1627 et
1347 1572 1646 1643 antiquita-

74 1669 171 1713 tum
210 1659 437 1715 curioso
474 1659 967 1727 communicatum,
998 1661 1116 1717 sine
1151 1662 1290 1717 lictis
1317 1671 1371 1718 et
1393 1664 1645 1734 supposi-

73 1751 188 1806 titiis
220 1751 457 1821 (septem
482 1751 628 1806 enim
647 1760 860 1806 tantum
887 1754 1062 1824 sunt,)
1095 1753 1190 1809 sed
1214 1768 1338 1810 cum
1362 1770 1644 1811 assumen-

1754 579 1812 618 se
1836 564 2154 628 arbitratur,
2183 565 2319 635 quod
2358 573 2467 618 tam
2516 565 2683 619 multa
2738 568 2791 620 in
2843 586 2906 622 ea
2957 573 3331 639 reperirentur,

1750 672 1867 714 qua:
1900 655 1968 709 ad
2003 655 2292 709 Ecclesium
2332 656 2727 728 Smyrna’orum
2763 663 2929 731 magis
2979 664 3333 732 pertinebant,

1751 764 1908 818 quam
1960 746 2030 800 ad
2090 746 2236 800 illius
2293 749 2591 817 episcopum
2639 750 3051 821 Polycaruum;
3110 755 3175 809 ab
3222 757 3333 812 illis

1749 835 2006 900 utdelieet,
2041 838 2206 890 verbis
2224 838 2304 890 sui
2338 838 2637 906 interpretis
2657 856 2675 893 :
2706 860 2723 892 ι
2754 840 3009 914 Episcopo
3045 848 3333 906 attendite;

1750 935 1809 979 ut
1833 937 1880 980 et
1903 925 2045 981 Deus
2081 929 2246 982 vobis.
2279 947 2297 980 ι
2342 929 2447 983 Sed
2488 931 2603 986 htec
2625 933 2942 1002 conjectura
2967 939 3205 1006 seipsam
3231 939 3325 1007 ju-

1750 1017 1919 1086 gulat.
1946 1014 2131 1089 Neque
2162 1020 2305 1075 enim
2332 1032 2541 1076 resecta
2571 1023 2945 1093 interpretatio
2970 1028 3197 1083 dicenda
3224 1036 3328 1094 est,
3390 1016 3394 1020 ’

1748 1124 1913 1181 quam
1973 1126 2214 1181 unquam
2243 1114 2521 1169 exstitisse
2580 1129 2689 1169 non
2733 1126 2972 1174 constat.
3024 1119 3229 1190 Neque,
3283 1132 3332 1177 st

1748 1198 1992 1277 unquam
2041 1206 2333 1268 exstiterit,
2384 1206 2458 1260 ibi
2511 1218 2721 1263 resecta
2789 1219 2893 1276 est,
2948 1211 3040 1265 ubi
3087 1211 3331 1283 ιεηειιῑιιε

1751 1293 2064 1352 διηνῐηξιξοε
2096 1296 2416 1362 alloquitur,
2472 1296 2567 1351 sed
2600 1298 2774 1352 multo
2799 1301 3084 1368 superius;
3124 1320 3229 1357 non
3260 1306 3328 1359 ad

1747 1403 1809 1443 ea
1838 1388 2025 1452 verba,
2072 1387 2330 1455 Episcopo
2370 1387 2644 1450 attendite,
2676 1396 2731 1439 ut
2770 1397 2818 1441 et
2863 1387 3002 1443 Deus
3037 1392 3199 1456 vobis,
3234 1394 3327 1449 sed

1750 1479 1818 1535 ad
1848 1478 1949 1533 ista
1973 1478 2136 1548 longe
2168 1477 2353 1546 priora
2378 1496 2391 1531 :
2422 1474 2723 1531 Secundum
2748 1494 2950 1532 omnem
2980 1483 3191 1535 modum
3214 1501 3333 1554 pro-

1745 1578 1861 1639 pter
1890 1585 1984 1622 nos
2025 1569 2393 1622 sustinentem.
2438 1566 2770 1637 lneptissimi
2815 1578 2961 1623 certe
3007 1569 3247 1627 hominis
3278 1579 3333 1626 et

1746 1662 1887 1717 male
1938 1658 2139 1725 feriati,
2171 1673 2239 1714 ne
2273 1660 2449 1714 dicam
2508 1660 2688 1714 insani
2741 1660 2955 1726 fuisset,
3002 1671 3080 1716 tot
3119 1674 3333 1718 senten-

1748 1753 1851 1808 tias
1888 1752 1956 1807 ad
1987 1751 2351 1823 Polycarpum
2386 1751 2641 1821 utrinque
2678 1753 3009 1822 pertinentes
3032 1754 3152 1809 ideo
3182 1772 3337 1811 rese~

72 1845 129 1898 tis
154 1844 381 1912 quidem
414 1844 507 1899 diu
542 1853 668 1915 post
694 1844 993 1900 Eusebium
1024 1846 1136 1901 imo
1163 1856 1219 1903 et
1245 1846 1523 1906 Gelasium
1556 1849 1638 1904 fa-
1676 1859 1717 1914 B
1743 1858 1888 1908 care,
1923 1844 2068 1914 quod
2099 1842 2374 1899 nonnullae
2421 1843 2719 1912 interiectae
2770 1845 2835 1899 ad
2875 1843 3184 1915 Smyrnmos
3210 1864 3333 1902 ma~

69 1938 177 2001 ctis,
200 1937 473 2007 epistolas
497 1939 603 1993 hoc
629 1938 821 1993 ordine
844 1952 1265 2011 repraesentans.

128 2028 269 2100 Πρὸς
303 2028 677 2100 Τραλλησὶους
708 2032 786 2086 A'.
822 2032 967 2104 Πρὸς
998 2035 1348 2106 Μαγνησίους
1379 2036 1453 2088 B'.
1498 2034 1642 2108 Πρὸς

69 2120 412 2191 summa;
432 2122 508 2176 I".
547 2120 692 2193 Πρὸς
733 2123 1071 2196 Σμυρναίους
1092 2128 1167 2179 Δ’.
1191 2125 1335 2197 Πρὸς
1358 2126 1640 2199 Πολύχαρο

70 2233 154 2267 πον
174 2216 477 2271 ἐπίσκοπον
501 2217 756 2291 Σμύρνης
786 2219 862 2273 E'.
891 2219 1037 2291 Πρὸς
1064 2217 1343 2291 Ἐφεσίους
1373 2223 1463 2290 φ.
1498 2221 1642 2292 Πρὸς

78 2306 371 2378 Ῥωμαίους
399 2311 473 2363 Z’.

128 2397 280 2455 Hane
308 2416 414 2473 ego
444 2402 739 2460 editionem
790 2404 1119 2474 peculiarem
1160 2412 1215 2460 et
1252 2406 1321 2459 ab
1361 2406 1482 2461 aliis
1527 2406 1642 2461 dis-

71 2491 282 2547 tinctam
343 2494 586 2559 invenio,
638 2494 871 2564 ideoque
906 2509 1007 2564 pro
1048 2495 1225 2551 tribus
1255 2493 1463 2552 Usserii
1504 2512 1642 2566 qua-

70 2594 178 2639 tuor
206 2586 459 2641 diversas
502 2583 697 2656 lgnatii
747 2585 1017 2641 editiones
1041 2586 1171 2642 olim
1200 2588 1505 2644 obtinuisse
1528 2598 1642 2645 sla-

67 2683 168 2731 tuo.
198 2677 389 2731 Prima
420 2676 525 2731 fuit
565 2694 848 2746 germana,
899 2680 1256 2749 epistolarum
1307 2690 1517 2736 tantum
1550 2698 1641 2739 se~

70 2779 195 2835 ptem
220 2786 301 2837 :a
327 2769 633 2842 Polycarpo
657 2771 823 2836 edita,
858 2780 911 2825 et
937 2771 1111 2842 ipsius
1140 2771 1394 2843 Epistulae
1421 2773 1489 2829 ad
1511 2772 1639 2828 Phi-

68 2863 353 2933 lippenses,
395 2864 449 2917 in
482 2856 757 2917 conventu
792 2862 936 2919 Asia:
978 2865 1153 2932 lectae,
1206 2866 1476 2937 subjecta,
1531 2866 1640 2923 lre-

68 2969 198 3020 meo,
253 2953 597 3024 TheOpbilo,
651 2952 906 3025 Origeni,
958 2952 1227 3020 Eusebio,
1295 2956 1640 3025 Athanasio,

67 3044 478 3116 Chrysostomo,
552 3044 907 3118 Hieronymo,
972 3044 1342 3112 Theodoreto,
1393 3045 1636 3114 Gelasio,

69 3133 373 3204 Ephraimo,
402 3136 679 3190 Antiocho
703 3130 941 3205 cognita.
1000 3134 1252 3189 Secunda
1291 3133 1396 3190 fuit
1419 3151 1641 3191 earum-

66 3226 172 3282 dem
219 3228 586 3298 epistolarum
636 3236 869 3298 septem,
913 3228 1009 3283 sed
1061 3227 1426 3298 interpolata:
1460 3228 1640 3298 qualis

68 3331 323 3388 ,nnostro
352 3321 661 3391 exemplari
700 3321 893 3376 Graeco
943 3334 1051 3375 ms.
1102 3327 1307 3385 exstat,
1361 3319 1642 3391 Stephano

68 3411 289 3481 Gobaro,
318 3414 619 3470 Anastasio
651 3413 977 3484 patriarchae
1005 3412 1370 3479 Antiocheno,
1392 3421 1448 3468 et
1466 3412 1642 3469 Chro-

68 3507 159 3561 uici
204 3508 570 3563 Alexandrini
619 3506 1057 3562 consarcinatori
1108 3512 1422 3575 conspecta.
1453 3502 1640 3560 Tertia

68 3601 216 3655 editio
264 3600 397 3665 fuit,
426 3615 494 3655 ex
529 3610 735 3670 septem
792 3598 1069 3670 genuinis,
1101 3607 1156 3652 et
1202 3606 1442 3667 quatuor
1497 3597 1639 3653 ﬁctis

69 3712 149 3750 seu
176 3698 547 3769 supposititiis
571 3695 828 3762 conﬂata,
861 3695 1043 3766 qualis
1064 3694 1119 3749 in
1155 3693 1398 3749 Mediceo
1422 3695 1633 3758 codice,

70 3798 111 3842 et
131 3792 423 3862 interprete
463 3788 762 3845 Usseriano
815 3797 1121 3859 comparet,
1180 3787 1379 3843 Joanni
1430 3786 1633 3843 Dama-

65 3896 237 3947 sceno,
260 3884 331 3937 'et
358 3882 602 3937 Antonio
655 3892 937 3953 usurpata.
988 3878 1197 3948 Quarta
1245 3880 1482 3952 denique
1511 3879 1635 3948 fuit,

66 3985 122 4025 ex
171 3983 378 4044 septem
429 3973 798 4043 interpolatis,
863 3982 916 4027 et
965 3972 1210 4043 quinque
1271 3973 1636 4043 supposititiis

67 4076 331 4131 constans,
366 4067 573 4131 addita,
603 4066 835 4131 scilicet,
865 4065 1108 4136 Epistola
1142 4064 1207 4120 ad
1232 4065 1633 4138 Philippenses,

67 4162 328 4216 postremo
368 4155 493 4210 loco
525 4154 672 4220 ﬁcta,
709 4155 890 4225 qualis
933 4155 986 4208 in
1013 4155 1334 4226 Angustano
1367 4157 1555 4213 codice
1582 4166 1636 4212 et

66 4239 453 4314 Nidprucciano
498 4256 918 4318 reprazsentatur
950 4258 1002 4303 et
1026 4264 1055 4301 a
1078 4249 1299 4319 vulgato
1341 4250 1637 4321 interprete

68 4336 319 4402 redditur,
345 4338 645 4393 Anastasio
671 4339 1012 4409 presbytero,
1044 4348 1098 4394 et
1123 4340 1298 4395 Adoni
1334 4340 1635 4399 Viennensi

67 4424 190 4481 visa.
220 4425 375 4482 Unde
416 4429 593 4498 liquet
642 4427 943 4497 Epistolam
976 4429 1044 4483 ad
1073 4428 1435 4502 Polycarpum
1468 4433 1523 4488 in
1549 4449 1637 4491 se-

1744 1934 1827 2006 gis
1860 1935 2135 2005 pertinere
2165 1934 2499 1989 viderentur.
2528 1935 2647 1990 Alia
2684 1936 2848 2005 igitur
2891 1937 3057 2006 hujus
3086 1940 3161 1993 rei
3187 1940 3331 1994 ratio

1742 2024 2015 2080 reddenda
2046 2034 2165 2091 est;
2192 2035 2245 2080 et
2282 2041 2413 2081 sane
2440 2040 2507 2081 ex
2535 2027 2805 2081 sententia
2841 2039 3029 2082 nostra
3066 2044 3329 2099 perquam

1744 2117 2038 2172 luculenta.
2069 2115 2333 2187 Vulgatus
2366 2117 2454 2171 ille
2481 2118 2750 2187 interpres
2782 2133 2885 2173 nec
2910 2118 3122 2188 plenam
3170 2121 3329 2175 nobis

1744 2209 2159 2280 inscriptionem
2208 2209 2378 2274 dedit,
2411 2225 2513 2264 nec
2544 2208 2866 2279 Epistolam.
2918 2210 3080 2266 Ratio
3111 2214 3325 2267 utrius-

1743 2316 1849 2371 que
1868 2301 2112 2356 defectus
2158 2302 2387 2357 eadem:
2418 2302 2683 2371 quoniam
2727 2302 2985 2372 epistolas
3016 2304 3128 2372 jam
3157 2304 3328 2358 inter-

1742 2392 1954 2462 polatas
1984 2390 2174 2447 Latine
2200 2393 2426 2447 reddere
2456 2393 2789 2448 instituerat.
2830 2392 3121 2465 Inscriptio
3152 2395 3327 2465 priori

1744 2496 1899 2556 parte
1922 2485 2255 2556 interpolata
2284 2496 2369 2541 est
2399 2526 2415 2553 ,
2448 2485 2737 2556 posteriori
2775 2486 3035 2550 minime;
3089 2491 3328 2557 priorem

1745 2580 1913 2650 igitur
1964 2587 2178 2649 partem
2253 2579 2666 2650 interpretatus,
2725 2578 3084 2648 posteriorem
3166 2581 3330 2651 plane

1743 2672 1952 2727 omisit.
2008 2670 2222 2726 Pariter
2270 2673 2420 2742 prior
2455 2688 2585 2743 pars
2626 2672 2880 2743 Epistolas
2926 2673 3213 2745 insigniter
3243 2675 3327 2728 in.

1743 2765 2003 2834 torpolata
2025 2773 2108 2819 est
2136 2783 2150 2830 ;
2184 2765 2473 2834 posteriori
2512 2781 2677 2819 unum
2708 2775 2804 2819 aut
2850 2766 3083 2820 alterum
3130 2766 3331 2821 verbu-

1744 2856 1857 2910 lrm
1888 2856 2187 2925 adjectum.
2220 2854 2466 2911 Priorem
2520 2856 2685 2927 igitur
2737 2865 2944 2927 partem
2998 2857 3327 2927 interpreta-

1743 2957 1853 3015 tus,
1906 2949 2267 3018 posteriorem
2300 2950 2522 3019 penitus
2548 2951 2757 3015 omisit,
2814 2949 2961 3020 quod
3008 2961 3173 3015 esset,
3206 2952 3329 3020 opi-

1744 3051 1866 3106 nor,
1898 3039 1967 3092 ab
1998 3038 2106 3093 alio
2152 3038 2448 3107 interprete
2486 3038 2638 3108 prius
2677 3038 2906 3092 reddita.
2941 3036 3119 3107 Hujus
3145 3045 3327 3091 autem

1743 3131 1823 3186 rei
1868 3131 2083 3202 signum
2120 3131 2595 3187 evidentissimum
2646 3130 2781 3184 mihi
2814 3131 3050 3196 videtur,
3082 3130 3228 3199 quod
3270 3130 3327 3183 in

1668 3207 1712 3265 Ο
1743 3223 1926 3279 verbis
1970 3223 2332 3293 interpolatis,
2379 3229 2437 3275 ut
2478 3222 2762 3285 hominem,
2802 3222 3055 3277 desinat:
3091 3223 3325 3291 reliqua,

1744 3316 2029 3370 secundum
2091 3332 2294 3370 omnem
2365 3313 2581 3368 modum
2646 3324 2859 3383 propter
2915 3330 3010 3369 nos
3060 3316 3328 3367 sustinen—

1746 3419 1868 3475 tem,
1892 3409 2018 3464 licet
2042 3407 2109 3462 ad
2131 3408 2381 3463 eamdem
2411 3407 2736 3462 sententiam
2768 3407 3119 3476 pertinentia,
3157 3407 3325 3460 omit-

1744 3512 1842 3560 tat.

1814 3592 2052 3648 Proinde
2096 3602 2302 3663 septem
2350 3592 2615 3662 epistolas
2642 3590 2711 3644 ab
2740 3591 2979 3645 Eusebio
3009 3588 3066 3644 S.
3116 3589 3326 3660 lgnatio

1743 3687 2033 3741 attributas
2060 3700 2293 3751 censeo;
2330 3685 2471 3739 inter
2511 3698 2606 3737 eas
2645 3682 2943 3752 Epistolam
2972 3682 3037 3736 ad
3070 3681 3330 3752 Polycar-

1742 3792 1870 3847 pum
1905 3776 2300 3831 numerandum
2333 3775 2575 3841 amrmo;
2601 3775 2822 3829 easdem
2862 3786 3055 3827 omnes
3081 3772 3136 3826 in
3162 3770 3331 3843 Poly'

1739 3866 1998 3937 carpiana
2032 3866 2323 3935 συναγωγῇ
2358 3864 2639 3926 collectas,
2671 3860 2914 3931 epistola;
2937 3859 3079 3930 ejus,
3112 3859 3167 3913 in
3191 3862 3329 3912 con-

1740 3970 1904 4017 ventu
1948 3958 2090 4014 Asim
2112 3973 2210 4030 per
2244 3958 2452 4027 aliquot
2477 3955 2675 4010 saecula
2721 3953 2937 4025 publice
2975 3952 3149 4019 lectae,
3194 3951 3329 4007 sub~

1738 4054 1978 4125 junctas,
2004 4060 2057 4108 et
2077 4066 2105 4106 a
2132 4059 2325 4106 sancto
2346 4059 2587 4121 martyre
2611 4055 2953 4117 conscriptas
2974 4045 3147 4100 fuisse
3176 4058 3328 4099 asse-

1739 4156 1995 4203 veranter
2019 4143 2313 4200 contendo.
2349 4141 2686 4197 Sententiam
2712 4140 2897 4195 Dallaei
2929 4140 2997 4195 de
3023 4139 3327 4208 impostore

1740 4240 1940 4312 primo,
1992 4252 2089 4292 sex
2118 4235 2378 4306 epistolas
2408 4243 2531 4303 post
2560 4233 2824 4288 ducentos
2850 4232 2918 4286 ab
2948 4230 3145 4301 Ignatii
3178 4246 3327 4283 mar-

1740 4330 1883 4403 tyrio
1905 4342 2082 4384 annos
2115 4327 2172 4381 in
2204 4326 2379 4380 lucem
2426 4323 2761 4395 proferente,
2804 4332 2858 4377 et
2883 4321 3148 4385 secundo,
3175 4318 3322 4373 illam

1739 4424 1805 4479 ad
1841 4422 2202 4493 Polycarpum
2256 4426 2382 4489 post
2432 4418 2699 4472 ducentos
2746 4416 2912 4471 etiam
2966 4415 3104 4469 alios
3136 4416 3324 4483 partu-

66 4518 231 4572 cunda
260 4531 312 4575 et
340 4530 537 4589 quarta
568 4520 808 4576 editione
856 4522 1174 4591 apparuisse
1222 4523 1631 4593 interpolatam,

1810 4525 1933 4583 ante,
1967 4514 2304 4585 ﬁgmentum,
2334 4509 2449 4566 imo
2471 4518 2782 4581 portentum
2803 4523 2926 4564 esse
2947 4507 3158 4577 judico.

68 4620 112 4658 In
134 4608 286 4662 tertia
312 4609 381 4663 ab
405 4609 563 4664 omni
595 4621 913 4664 assumento
938 4609 1187 4672 liberam,
1218 4624 1282 4663 ac
1312 4608 1541 4679 proinde
1560 4624 1629 4664 ex

66 4696 304 4762 prixnazva
336 4699 390 4753 in
438 4699 658 4753 tertiam
704 4699 824 4754 sine
854 4699 966 4754 ulla
1013 4697 1433 4769 iuterpolatione
1460 4698 1630 4755 fuisse

65 4787 365 4847 derivatam.

128 4879 261 4934 Him‘
287 4886 448 4939 etiam
482 4892 667 4954 patere
695 4892 894 4953 potest,
934 4883 1063 4954 quid
1089 4883 1431 4939 sentiendum
1468 4884 1539 4939 sit
1562 4886 1628 4939 de

73 4973 286 5043 angato
313 4977 611 5046 interprete
666 4975 882 5040 Latino,
930 4976 1075 5045 apud
1130 4993 1292 5047 quem
1355 4977 1628 5046 posterior

68 5082 180 5130 pars
218 5066 465 5138 Epistola:
493 5068 560 5125 ad
605 5068 964 5140 Polycarpum
995 5085 1104 5125 non
1136 5078 1380 5141 apparet.
1425 5070 1625 5124 Arma-

284 5978 289 5983 ν
379 5893 639 5952 ΡΑτιιοι.
690 5886 779 5947 Gn
832 5874 908 5943 ν.

1806 4613 1985 4681 Atque
2016 4611 2133 4666 hate
2155 4611 2222 4666 de
2247 4618 2394 4678 ortu,
2453 4622 2748 4679 progressu
2781 4613 2836 4661 et
2877 4604 3145 4659 hodierno
3176 4611 3323 4659 statu

1735 4703 1903 4774 hujus
1928 4706 2335 4769 controversiae,
2362 4702 2785 4758 introductionis
2816 4713 2989 4764 more,
3010 4705 3176 4770 atque
3206 4714 3324 4768 per-

1737 4795 2049 4866 spicuitatis
2075 4795 2250 4865 gratia
2283 4794 2491 4849 dixisse
2529 4792 2762 4848 suﬁiciat
2791 4811 2803 4847 :
2848 4808 2972 4863 quae
2999 4792 3123 4847 loco
3154 4790 3320 4845 trium

1739 4901 1983 4956 priorum
2020 4887 2259 4956 capitum
2317 4885 2443 4941 libri
2497 4884 2776 4953 Dalhrani,
2834 4892 2889 4938 et
2918 4882 3119 4955 prioris
3150 4880 3317 4936 etiam

1734 4978 1916 5049 quarti
1954 4979 2125 5049 partis
2155 4977 2407 5049 ponenda
2439 4976 2655 5040 censui,
2704 4985 2765 5033 ut
2804 4976 2873 5033 ad
2894 4992 2956 5033 ea
2981 4974 3126 5031 aliud
3159 4972 3318 5044 quid.

1736 5071 1881 5140 piam
1913 5085 2174 5141 reponere
2200 5084 2425 5128 necesse
2451 5086 2561 5126 non
2588 5070 2660 5125 sit
