3786 6298
437 318 515 380 ἰῡ
1493 313 1552 369 S.
1590 307 1939 367 IGNATIUS.
1971 335 2042 347 —

2148 299 2613 359 IOLEGOMENA.
3606 294 3667 351 ’16

722 473 823 480 ,Α
923 478 1004 480 47
1092 477 1143 480 7A
2170 460 2175 465 .

1224 652 2056 752 VINDICIARUM
2136 649 2422 739 PARS
2492 647 2869 738 PRIMA

439 855 580 928 Quo
642 856 1015 932 argumenta
1069 864 1189 928 pro
1215 846 1279 908 S.
1318 840 1551 925 lgnatii
1582 811 1964 932 epistolise
2007 830 2757 932 ‘veteru'mte-stimoniis
2823 829 3205 903 afferuntur,
3256 834 3321 890 et
3382 839 3420 890 a
3466 825 3671 890 Dallai

1564 912 2057 994 eiceptio‘nibus
2117 912 2547 991 vindicantur.

888 1093 1120 1154 CAPUT
1145 1088 1436 1148 PRIMUM.

443 1195 777 1265 Argumenta
803 1187 982 1265 pro}.
1016 1184 1216 1265 Igmatii
1249 1178 1485 1265 epistolis

873 1242 1110 1313 Externa
1139 1272 1170 1308 a
1198 1242 1530 1310 testimoniis,
1561 1248 1770 1301 interna
1801 1243 1864 1295 ab
1889 1242 2017 1311 ipsis

514 1333 777 1402 epistolis.

516 1448 589 1503 Ut
615 1446 930 1518 probemus,
952 1448 1048 1496 aut
1073 1446 1395 1508 persuasum
1424 1432 1747 1495 habeamus,
1765 1425 2020 1496 epistolas

443 1544 633 1607 basce,
683 1538 752 1593 de
794 1536 995 1607 quibus
1023 1531 1278 1594 dicimus,
1319 1541 1440 1597 qua:
1480 1538 1627 1577 nunc
1674 1522 1727 1575 in
1772 1519 2018 1573 omnium

445 1631 702 1687 inanibus
731 1635 881 1692 sunt,
910 1634 964 1680 et
1000 1621 1190 1693 lgnatii
1227 1633 1337 1688 pra:
1370 1630 1432 1671 se
1458 1628 1659 1669 nomen
1696 1611 1899 1675 ferunt,
1932 1624 2023 1663 re-

443 1739 577 1778 vera
608 1722 678 1777 ab
707 1720 801 1775 illo
831 1716 1186 1772 Antiochena!
1221 1707 1475 1765 Ecclesiae
1501 1704 1765 1768 antistite,
1804 1711 2024 1772 aposto-

445 1818 627 1871 lorum
658 1810 927 1881 diseipulo
981 1820 1036 1863 et
1064 1804 1412 1862 sanctissimo
1442 1809 1699 1870 martyre,
1741 1796 1887 1850 circa
1920 1794 2024 1847 ini—

447 1909 587 1962 tium
626 1901 852 1960 secundi
897 1898 1080 1956 saeculi
1112 1896 1283 1951 fuisse
1319 1891 1679 1960 conscriptas,
1724 1902 1833 1940 non
1876 1884 2025 1938 aliud

447 2000 747 2071 quidquam
774 2011 806 2051 a
830 1993 1011 2059 nobis,
1054 1990 1149 2062 qui
1186 1990 1290 2043 hac
1324 1994 1480 2042 aetate
1518 1983 1774 2045 vivimus,
1814 1986 1909 2033 aut
1939 1991 2027 2031 re-

447 2070 592 2163 quiri
651 2098 749 2145 aut
797 2084 1102 2157 exspectari
1143 2087 1343 2153 potest,
1393 2091 1557 2148 quam
1602 2083 1662 2129 ut
1704 2088 1771 2128 ex
1815 2070 2027 2127 idoneis

447 2182 784 2241 testimoniis
808 2194 1022 2244 eorum,
1065 2176 1266 2247 quibus
1290 2174 1343 2227 in
1383 2172 1548 2227 rebus
1578 2165 1897 2237 hujusmodi
1929 2180 2029 2235 par

447 2276 801 2336 esteredere,
835 2271 888 2326 id
920 2269 1154 2324 ﬁdeliter
1191 2265 1529 2332 ﬁrmiterque
1555 2259 1917 2329 colligamus;
1975 2262 2030 2310 et

449 2368 712 2438 epistolas
762 2365 910 2434 ipsas
955 2369 1103 2415 tanto
1139 2366 1361 2413 auctore
1408 2356 1622 2421 dignas,
1670 2361 1725 2406 et
1769 2348 2031 2418 temporis

2046 1084 2093 1141 A
2122 1081 2389 1152 miterque
2408 1081 2749 1153 ‘colligemus.
2781 1080 3010 1137 ldoneos
3032 1092 3211 1137 autem
3241 1095 3408 1140 testes
3435 1096 3675 1155 putamus

2120 1174 2416 1243 scriptores
2444 1173 2844 1229 ecclesiasticos
2863 1183 3094 1239 veteres,
3126 1177 3218 1245 qui
3251 1186 3543 1247 antequam
3575 1178 3675 1232 haec

2122 1265 2176 1319 in
2207 1263 2449 1320 Ecclesia
2485 1276 2626 1331 orta,
2663 1275 2758 1321 aut
2794 1275 3082 1337 postquam
3113 1270 3389 1339 aliquibus
3425 1270 3557 1324 oriri
3578 1273 3675 1325 visa

2122 1368 2226 1425 est,
2261 1359 2659 1425 controversia,
2698 1363 3022 1414 sententiam
3048 1377 3224 1426 suam,
3281 1371 3341 1417 ut
3392 1378 3453 1418 se
3502 1364 3680 1418 obtulit

2123 1451 2363 1514 occasio,
2386 1451 2505 1506 sine
2534 1452 2642 1506 ulla
2670 1452 3006 1507 dubitatione
3033 1463 3126 1508 aut
3145 1455 3488 1510 haesitatione
3507 1467 3679 1524 protu-

2123 1544 2326 1599 lerunt.
2374 1543 2484 1599 llos
2518 1559 2620 1614 ego
2646 1553 2814 1599 testes
2849 1547 3192 1615 ineorruptos
3219 1547 3498 1602 'adduCam
3536 1558 3679 1617 atque

2123 1638 2400 1708 integros:
2427 1652 2493 1691 ex
2527 1638 2721 1692 horum
2751 1638 2970 1707 scriptis
3002 1639 3341 1704 indubitatis,
3384 1648 3481 1694 aut
3504 1640 3572 1693 ab
3595 1640 3682 1693 im-

2123 1742 2358 1800 portuna
2413 1730 2754 1785 dubitatione
2813 1731 3125 1796 vindicatis,
3166 1733 3478 1787 testimonia
3521 1732 3684 1802 profe-

2128 1833 2280 1884 ram;
2308 1819 2470 1887 idque
2491 1833 2553 1873 ea
2576 1818 2843 1873 modestia
2874 1820 3277 1890 prmstabimus,
3302 1835 3361 1876 ut
3382 1821 3587 1877 nullius
3613 1838 3685 1877 νο-

2127 1920 2301 1965 terum
2334 1910 2493 1966 fama:
2524 1912 2862 1979 detrahatur,
2901 1910 3103 1967 nullitis
3125 1914 3334 1969 nomini
3360 1912 3560 1985 injuria
3591 1917 3683 1983 ﬁat,

2130 2019 2228 2059 sua
2261 2005 2462 2075 cuique
2489 2005 2812 2071 auctoritas,
2854 2008 3031 2078 qualis
3056 2017 3110 2064 et
3135 2016 3341 2079 quanta
3371 2009 3429 2064 in
3459 2009 3683 2066 Ecclesia

2130 2095 2226 2151 Dei
2260 2097 2527 2154 hactenus
2554 2099 2656 2154 fuit
2691 2099 2897 2155 illibata
2933 2112 3321 2171 conservetur;
3365 2114 3430 2159 ea
3477 2100 3604 2168 ﬁde,
3637 2116 3685 2159 ut

2130 2192 2401 2246 neminem
2448 2192 2665 2247 obtorto
2704 2193 2848 2247 collo
2877 2193 2942 2247 ad
2975 2193 3243 2263 judicium
3276 2195 3562 2251 ferendum
3594 2207 3686 2251 tra-

2131 2282 2347 2348 hatnus,
2380 2282 2561 2336 omnia
2586 2282 2746 2351 plane
2775 2291 2829 2338 et
2859 2283 3004 2338 nude
3042 2294 3518 2355 reprtesentemus,
3546 2295 3687 2357 prout

2134 2371 2189 2426 in
2221 2384 2411 2427 eorum
2446 2372 2662 2440 scriptis
2700 2373 3065 2443 reperiuntur.
3116 2375 3253 2429 Cum
3301 2377 3465 2446 igitur
3514 2378 3687 2448 lgnatii

452 2470 751 2528 τετυιιιίιυθ
789 2449 1222 2508 είτευῐηεῑθηιίίδ
1267 2447 1512 2539 ειρρνίηξε
1553 2455 1823 2539 εοξιῧνυθε
1852 2449 2035 2495 θείειν·
2064 2432 2109 2488 Β
2135 2465 2376 2534 epistola:
2405 2432 2617 2533 decimo
2642 2432 2836 2536 quinto
2856 2468 3055 2523 saeculo
3082 2468 3305 2539 jamjam
3321 2432 3565 2527 ἔχευηὲ
3584 2432 3690 2527 erus

452 2551 671 2605 damus.
727 2545 808 2601 Ad
846 2541 1228 2598 auctoritatem
1269 2538 1418 2592 enim
1465 2534 1895 2606 lgnatianorum,
1941 2538 2036 2583 aut

453 2640 689 2694 aliorum
719 2645 1177 2708 quorumeunque
1215 2636 1461 2684 veterum
1517 2624 1845 2694 scriptorum
1886 2636 2037 2677 asse-

453 2730 682 2786 rendam
708 2724 1249 2790 conﬁrmandamque
1287 2721 1397 2775 duo
1434 2727 1641 2773 tantum
1686 2723 2039 2784 argumento-

453 2837 579 2877 rum
624 2833 822 2892 genera
866 2815 1049 2871 aﬁ‘erri
1090 2822 1342 2884 possunt.
1385 2818 1631 2872 externa,
1673 2805 1902 2868 scilicet,
1950 2803 2038 2858 vel

457 2914 707 2979 interna;
753 2923 987 2981 quorum
1028 2907 1212 2976 priora
1249 2920 1316 2958 ex
1346 2900 1696 2964 testimoniis,
1732 2896 2038 2968 posteriora

455 3022 489 3061 e
518 3004 740 3075 scriptis
759 3002 894 3073 ipsis
910 3009 1188 3071 petuntur.
1210 2994 1579 3063 Quamobrem
1600 2990 2039 3046 dissertationetn

451 3106 699 3157 nostram
745 3097 820 3152 ain
862 3095 1002 3150 duas
1055 3101 1238 3163 partes
1280 3086 1694 3159 dispescendam
1738 3083 2031 3143 duximus;

455 3204 690 3260 quantm
708 3187 927 3258 quidem
950 3185 1126 3256 prima
1143 3180 1453 3239 testimonia
1467 3177 1725 3249 proferet,
1738 3174 2038 3243 eademque

461 3280 531 3335 ab
573 3277 871 3334 adversarii
910 3274 1309 3346 objectionibus
1353 3270 1681 3335 vindicabit;
1711 3276 1764 3322 et
1803 3279 1926 3335 quae
1970 3262 2039 3317 ab

461 3370 583 3439 ipso
604 3368 913 3424 testimonia
934 3365 1119 3421 aﬁ‘erri
1155 3365 1462 3429 videantur,
1483 3377 1713 3434 quaeque
1737 3360 1840 3416 sub
1862 3357 2041 3429 specie

462 3461 765 3533 argumenti
794 3461 1043 3532 negantis
1069 3458 1440 3526 disputantur,
1469 3454 1724 3511 refutabit
1755 3469 1770 3505 :
1803 3450 2041 3507 secunda

462 3551 726 3622 epistolas
752 3550 899 3619 ipsas
922 3543 1313 3608 considerabit,
1331 3557 1535 3612 easque
1564 3539 1812 3596 ostendet
1846 3547 1899 3593 et
1928 3553 2044 3594 aevo

460 3643 742 3713 lgnatiano
789 3654 1083 3710 rerumque
1122 3635 1556 3693 circumstantiis
1609 3632 1858 3702 apprime
1910 3644 2046 3684 con-

462 3750 650 3804 gruas,
674 3742 728 3787 et
760 3747 824 3786 ex
856 3732 975 3800 ipsa
1007 3728 1237 3783 materia
1284 3736 1447 3796 atque
1480 3723 1775 3792 scriptione
1805 3729 2044 3789 martyre

462 3835 519 3881 et
574 3826 838 3895 episcopo
882 3819 1243 3876 Antiochensi
1307 3818 1535 3887 dignas;
1596 3807 2111 3883 argumentisqueC

464 3915 748 3979 omnibus,
781 3912 867 3967 vel
892 3927 959 3966 ex
985 3910 1173 3974 rebus,
1197 3907 1283 3962 vel
1311 3921 1378 3961 ex
1403 3904 1604 3966 verbis,
1636 3903 1705 3957 ab
1731 3900 2047 3956 adversario

464 4005 683 4069 ductis,
763 3999 1161 4072 respondebit,
1226 3995 1651 4067 plenissimeque
1724 3990 2044 4047 satisfaciet.

466 4096 627 4162 Quod
684 4094 731 4149 si
787 4101 897 4147 tam
944 4089 1116 4145 multa
1154 4084 1412 4141 Veterum
1453 4082 1788 4147 testimonia,
1826 4090 2049 4150 tamque

466 4187 715 4257 apposita
743 4200 844 4255 pro
877 4182 964 4238 liis
986 4179 1239 4251 epistolis
1278 4177 1470 4232 allerre
1508 4175 1834 4246 poterimus,
1884 4190 2049 4244 quam

381 4320 394 4332 .
468 4296 591 4350 qua:
631 4279 685 4333 in
719 4277 841 4332 aliis
869 4272 1185 4345 hujusmodi
1211 4270 1430 4340 scriptis
1462 4268 1822 4332 stabiliendis,
1871 4275 1925 4321 et
1951 4281 2051 4321 ex-

417 4410 421 4415 .
468 4381 553 4425 tra
600 4383 820 4426 omnem
866 4362 1299 4420 controversiam
1347 4358 1616 4430 ponendis
1666 4358 1936 4427 acceptari
1983 4357 2052 4411 ab

468 4462 726 4518 omnibus
759 4458 966 4525 solent;
998 4470 1063 4510 ac
1089 4454 1256 4511 simul
1291 4454 1458 4508 etiam
1498 4450 1758 4520 epistolas
1795 4450 1940 4518 ipsas
1970 4458 2053 4503 ta-

470 4557 551 4611 ies
576 4570 699 4610 esse
733 4549 1160 4612 ostenderimus,
1187 4557 1249 4602 ut
1272 4562 1338 4603 eo
1367 4546 1486 4616 ipso
1500 4545 1620 4599 viro
1639 4543 1816 4613 dignae
1830 4542 2047 4597 videan-

472 4659 580 4714 tur,
609 4649 698 4703 cui
722 4644 1054 4707 aveteribus
1076 4642 1415 4708 tribuuntur,
1454 4635 1700 4706 nihilque
1743 4637 1797 4689 in
1834 4635 1901 4690 iis
1936 4650 2054 4687 om-

474 4742 604 4796 nino
630 4740 925 4804 contineri,
949 4736 1096 4807 quod
1126 4743 1406 4789 auctorem
1442 4729 1505 4785 S.
1529 4727 1737 4799 lgnatio
1762 4726 1845 4781 vel
1873 4726 2055 4781 minus

472 4833 758 4902 antiquum
772 4829 855 4884 vel
878 4829 1059 4883 minus
1081 4826 1253 4896 pium,
1274 4833 1370 4879 aut
1393 4821 1712 4892 prudentem
1735 4818 2055 4889 postulet,si

474 4925 585 4979 haec
603 4925 677 4977 ita
703 4920 1144 4982 tractaverimus,
1166 4926 1227 4973 ut
1249 4930 1476 4971 summai
1502 4911 1723 4966 testium
1744 4910 2056 4964 auctoritati

472 5018 550 5073 rei
570 5016 744 5087 ipsius
764 5014 1002 5084 dignitas
1026 5011 1374 5080 suffragetur,
1394 5007 1528 5060 nihil
1550 5007 1601 5058 in
1622 5006 1725 5058 hoc
1742 5002 2056 5072 disputandi

472 5123 670 5179 genere
707 5107 939 5161 ulterius
960 5102 1161 5173 requiri
1184 5114 1344 5171 posse
1371 5096 1720 5153 conﬁdimus.
1744 5091 1927 5162 Neque
1954 5092 2057 5144 ali-

472 5216 578 5268 qua
604 5200 745 5254 ratio
767 5195 1036 5267 assignari
1059 5193 1279 5266 poterit,
1303 5203 1474 5261 quare
1493 5187 1662 5241 ullum
1690 5183 1900 5253 antiqui
1917 5184 2055 5238 scri-

476 5293 648 5360 ptoris
663 5306 801 5361 opus
824 5304 923 5360 pro
948 5286 1190 5358 legitimo
1206 5284 1492 5347 habeatur,
1509 5279 1554 5334 si
1580 5278 1697 5333 haec
1724 5290 1754 5330 a
1775 5274 1933 5330 nobis
1952 5274 2053 5329 rite

478 5384 701 5452 probata
735 5381 1116 5452 repudientur.

551 5471 620 5528 Ut
657 5473 819 5541 primi
850 5472 1066 5541 generis
1107 5474 1432 5539 argumento
1468 5461 1728 5533 epistolas
1762 5460 1827 5512 de
1851 5459 2051 5527 quibus

476 5564 658 5635 agitur
706 5563 775 5617 ab
822 5560 1031 5632 lgnatio
1082 5568 1320 5629 martyre
1363 5554 1704 5622 conscriptas
1751 5550 1919 5604 fuisse
1958 5550 2055 5605 deo

477 5664 837 5718 monstretur,
879 5669 948 5708 ex
979 5652 1192 5710 idoneis
1237 5646 1563 5705 testimoniis
1603 5659 1817 5703 eorum,
1852 5642 2052 5710 quibus

481 5744 535 5798 in
567 5742 1070 5816 rebusjtnjusmodi
1104 5755 1197 5798 oar
1226 5750 1309 5794 est
1334 5735 1578 5801 credere,
1627 5734 1681 5788 id
1706 5731 1933 5788 ﬁdeliter
1959 5730 2052 5785 ﬁr-

2136 2563 2206 2611 ιω
2252 2567 2306 2611 et
2349 2557 2630 2627 impressae
2671 2559 2906 2628 primum
2960 2560 3427 2629 conspicerentur,
3473 2569 3528 2617 et
3561 2562 3690 2617 varia

2138 2648 2421 2704 hominum
2448 2651 2653 2719 judicia
2686 2653 3036 2721 postmodum
3073 2664 3306 2724 erperta:
3334 2656 3475 2723 sint;
3503 2655 3576 2713 ita
3604 2672 3691 2712 ve-

2137 2750 2315 2798 terum
2351 2745 2659 2800 testimonia
2689 2746 2955 2801 adducam
2987 2756 3148 2815 atque
3169 2747 3479 2818 disponam,
3510 2758 3571 2804 ut
3588 2765 3691 2805 on»

2139 2839 2217 2905 ni,
2248 2838 2317 2892 ab
2352 2839 2471 2907 ipso
2524 2856 2635 2909 quo
2669 2841 2885 2911 scriptae
2919 2851 3047 2896 sunt
3072 2849 3334 2910 tempore,
3367 2842 3584 2909 saeculo,
3613 2858 3692 2895 us-

2139 2945 2248 2999 que
2298 2930 2363 2985 ad
2409 2945 2528 2986 eam
2566 2940 2778 2987 aetatem
2826 2947 2933 3003 qua
2983 2933 3262 3002 impressae
3302 2932 3637 3002 prodierunt,
3668 2951 3694 2986 a

2141 3024 2275 3079 viris
2307 3026 2562 3079 maximis
2591 3026 2806 3096 agnitas
2829 3034 2882 3079 et
2909 3025 3238 3095 approbatas
3264 3026 3567 3081 ostendam.

2767 3178 2996 3235 CAPUT
3026 3178 3088 3235 11.

2147 3267 2471 3324 Tcstimom‘a
2500 3288 2594 3340 pro
2626 3270 2681 3325 S.
2715 3270 2915 3341 Ignatii
2944 3272 3201 3342 epistolis.
3256 3272 3388 3338 Qua:
3426 3273 3504 3326 ita
3530 3273 3695 3341 dispo-

2216 3350 2413 3394 nuntur
2451 3353 2506 3417 ut
2526 3343 2729 3394 nullum
2750 3343 3001 3417 srvculum
3024 3346 3133 3396 suis
3164 3344 3479 3417 testimoniis
3511 3354 3695 3405 careat,

2217 3429 2249 3494 ᾳ
2286 3411 2534 3494 secundo,
2583 3429 2685 3481 quo
2720 3414 2948 3481 primunt
2977 3424 3135 3494 natae,
3173 3415 3241 3469 ad
3270 3411 3530 3468 decimum
3558 3418 3698 3484 qutu-

2216 3492 2348 3547 tum,
2378 3497 2477 3552 quo
2500 3487 2769 3552 impressa:
2796 3494 2918 3537 sunt
2951 3487 3208 3554 opinata.

2202 3593 2359 3648 .Intra
2389 3609 2593 3663 paucos
2635 3603 2755 3663 post
2802 3594 3015 3653 initium
3054 3595 3278 3650 secundi
3316 3597 3505 3651 surculi
3544 3608 3701 3651 annos

2148 3695 2304 3741 natas
2339 3702 2460 3741 esse
2502 3688 2599 3741 has
2638 3685 2899 3755 epistolas
2939 3700 3166 3740 assero:
3197 3686 3335 3741 duos
3374 3686 3539 3757 igitur
3569 3690 3615 3757 ej

2145 3779 2266 3832 dem
2297 3780 2394 3832 aevi
2427 3779 2724 3848 scriptorcs
2761 3776 3155 3842 nobilissimos,
3187 3777 3244 3832 S.
3275 3777 3632 3847 Polycarpunt
3660 3789 3703 3831 et

2151 3871 2208 3926 S.
2254 3871 2515 3926 Irenaeum
2557 3880 2724 3927 testes
2757 3872 2886 3927 cito.
2933 3872 2991 3926 S.
3020 3871 3353 3941 Polyearpus
3400 3871 3458 3926 S.
3488 3871 3703 3927 Joannis

2149 3964 2379 4034 apostoli
2405 3964 2727 4034 discipulus,
2773 3965 2841 4019 ab
2872 3980 2936 4019 eo
2968 3964 3215 4034 Smyrna:
3251 3965 3539 4036 episcopus
3570 3964 3706 4019 ordi-

2150 4066 2331 4124 natus,
2362 4057 2529 4113 totius
2556 4056 2700 4113 Asia:
2730 4056 3002 4127 princeps,
3044 4059 3101 4112 S.
3136 4057 3346 4129 lgnatio
3376 4067 3564 4112 nostro
3595 4070 3707 4126 per-

2151 4148 2439 4205 familiaris
2477 4145 2617 4217 fuit;
2667 4152 2824 4220 cujus
2855 4162 3059 4221 martyr
3086 4151 3199 4220 ipse
3234 4150 3286 4203 in
3327 4149 3571 4219 epistolis
3600 4163 3706 4202 tne-

2152 4244 2334 4310 minit,
2366 4245 2454 4299 cui
2476 4259 2664 4299 earum
2696 4245 2861 4299 etiam
2887 4259 3051 4299 unam
3078 4244 3331 4314 privatim
3363 4244 3533 4297 misit.
3564 4242 3709 4295 Hunc

2154 4344 2335 4391 autem
2378 4336 2572 4389 harum
2621 4337 2974 4406 epistularum
3034 4337 3364 4391 mentionem
3398 4335 3593 4391 fecisse
3635 4335 3707 4387 di-

2156 4438 2300 4483 serte
2329 4429 2493 4483 tradit
2518 4427 2785 4482 Eusebius
2811 4427 2955 4482 Hist.
2985 4427 3131 4482 Eccl.
3155 4429 3191 4481 ι.
3218 4444 3302 4489 ut,
3330 4444 3379 4483 c.
3415 4427 3481 4481 57
3514 4446 3527 4481 :
3566 4426 3666 4478 Καὶ
3686 4426 3711 4475 ὀ

2154 4519 2511 4592 Πολύχαρπος
2540 4520 2595 4573 δὲ
2636 4519 2837 4572 τούτων
2870 4521 3046 4572 αὐτῶν
3078 4520 3344 4590 μέμνηται
3376 4522 3432 4572 ὲν
3460 4521 3529 4590 τῇ
3563 4533 3704 4589 φερο-

2161 4615 2295 4685 μένῃ
2329 4612 2493 4667 αὐτοῦ
2534 4612 2668 4684 πρὸς
2704 4612 3091 4683 Φιλιππησίους
3129 4612 3399 4683 ἐπιστολῇ.
3452 4610 3568 4666 Hoc
3618 4618 3711 4672 est,

2158 4709 2457 4777 interprete
2504 4703 2720 4760 Valesio
2754 4724 2766 4759 ε
2795 4704 2895 4759 Sed
2941 4717 2990 4758 et
3044 4704 3369 4774 Polycarpus
3420 4706 3475 4757 in
3522 4720 3616 4756 sua
3649 4701 3708 4753 ad

2159 4798 2522 4868 Philippenses
2544 4796 2766 4867 epistola
2786 4798 3087 4850 earumdem
3106 4796 3339 4849 meminit
3356 4796 3709 4864 epistolarum.

2158 4890 2234 4945 lta
2272 4889 2558 4956 Eusebius,
2591 4904 2715 4943 cum
2751 4887 2864 4957 jam
2908 4898 3112 4957 septem
3162 4886 3220 4941 S.
3256 4885 3446 4956 lgnatii
3468 4887 3715 4955 epistolas

2159 4994 2557 5047 enumerasset,
2594 4991 2647 5038 et
2672 4981 3068 5051 descripsisset.
3120 4979 3365 5034 Meminit
3407 4979 3624 5049 quidem
3660 4976 3711 5030 S.

2162 5076 2356 5148 lgnatii
2398 5077 2596 5146 saepius
2643 5076 2698 5129 in
2738 5074 2979 5145 Epistola
3027 5089 3127 5128 sua
3166 5074 3231 5128 ad
3258 5072 3633 5143 Philippenses
3662 5070 3713 5121 S.

2160 5168 2490 5240 Polycarpus
2517 5186 2530 5221 :
2563 5177 2762 5222 nostra:
2792 5175 2972 5220 autem
2999 5165 3292 5220 assertioni
3321 5164 3436 5219 haec
3460 5164 3717 5233 praecipue

2159 5264 2325 5319 verba
2375 5263 2746 5318 testimonium
2777 5262 3034 5330 praebent,
3069 5276 3190 5329 quae
3224 5261 3339 5329 ipse
3365 5258 3629 5315 Eusebius
3658 5275 3717 5312 ex

2159 5355 2279 5424 ejus
2305 5353 2529 5424 epistola
2563 5362 2693 5407 tunc
2732 5352 2992 5420 temporis
3032 5366 3157 5405 cum
3184 5349 3441 5405 omnibus
3464 5360 3608 5406 esset
3629 5364 3719 5401 no-

2159 5447 2396 5511 tissima,
2431 5457 2484 5501 et
2525 5446 2578 5502 in
2612 5445 2756 5499 Asia:
2794 5453 3065 5498 conventu
3112 5443 3403 5513 legeretur,
3450 5442 3715 5509 descripit.

2158 5536 2271 5603 Τὰς
2297 5537 2585 5600 ἐπιστολὰς
2629 5536 2909 5605 Ἰγνατίου,
2953 5535 3053 5596 τὰς
3082 5534 3426 5605 πεμφθείσας
3466 5535 3596 5605 ἡμῖν
3634 5532 3717 5583 ὑπ’

2158 5631 2320 5685 αὑτοῦ
2349 5632 2441 5685 καί
2472 5630 2637 5692 ἄλλοις
2663 5630 2794 5690 ὅσας
2821 5629 3036 5697 εἴχομεν
3067 5628 3196 5699 παρ’
3219 5629 3370 5697 ἡμῖν,
3409 5626 3720 5698 ἐπέμψαμεν

2160 5729 2306 5801 ὑμῖν,
2335 5722 2516 5789 καθὼς
2536 5722 2891 5786 ὲνετείλασθε,
2926 5724 3125 5784 αἵτινες
3151 5722 3582 5790 ὑποτεταγμναι
3622 5714 3722 5772 stic“-
