3786 6298
145 295 198 349 77

886 286 936 342 J.
967 282 1331 341 PEARSONlI
1366 280 1686 340 VlNDlCLE
1729 278 2151 336 IGNATIANIE.
2191 312 2262 325 -—-
2302 283 2481 340 PARS
2518 286 2561 341 Ι.

3273 297 3343 353 78

136 397 190 465 τῇ
212 392 444 463 ἐπιστολῇ
476 390 665 464 ταύτῃ.
697 389 830 458 Qua:
866 391 921 446 in
950 393 1119 447 veteri
1151 392 1395 461 ejusdem
1428 392 1670 461 epistola:
1696 396 1747 456 Α
1777 395 1965 461 tarios,
1996 412 2136 465 quos
2170 412 2229 453 se
2254 398 2449 467 legisse
2475 407 2709 455 testatur
2734 402 2791 456 S.
2827 402 3210 478 Hieronymus.
3246 426 3346 464 an-

136 486 353 542 versione
394 485 466 539 ita
512 484 808 540 etiamnum
853 484 1045 540 Latine
1086 486 1321 556 legimus
1352 503 1367 542 :
1397 486 1668 553 Epistolas

135 600 238 637 sane
252 580 461 652 Ignatii,
483 596 596 651 quis
612 582 940 634 transmissa:
952 589 1075 634 sunt
1092 582 1232 635 vobis
1261 582 1383 650 (pro
1409 581 1580 648 nobis)
1603 581 1668 634 ab

134 692 201 738 eo,
224 685 267 728 et
287 674 414 727 alias
437 684 865 743 quantuscunque
886 673 1027 743 apud
1049 691 1141 728 nos
1170 674 1475 738 habuimus,
1501 683 1674 727 trans-

136 767 341 821 misimus
366 765 528 829 vobis,
554 766 841 819 secundum
869 765 1009 837 quod
1043 766 1377 831 mandastis;
1406 781 1523 834 qua:
1548 772 1672 819 sunt

138 864 349 931 subjectae
376 861 495 912 huic
531 857 806 927 Epistulae.
830 857 981 910 Alter
1009 856 1171 925 hujus
1194 855 1377 909 saeculi
1399 854 1574 920 testis,
1604 853 1661 908 8.

139 954 357 1016 lrenams,
405 950 686 1022 Polycarpi
734 949 1061 1019 discipulus,
1124 958 1178 1001 et
1233 948 1661 1016 apostolicorum

138 1057 402 1116 temporum
434 1043 516 1096 vir
541 1061 556 1108 ;
585 1058 745 1112 quem
771 1042 965 1095 harum
994 1040 1348 1109 epistolarum
1382 1039 1665 1092 meminis-

137 1154 299 1194 senon
328 1136 484 1190 semel
510 1145 741 1189 testatur
773 1134 1063 1189 Eusebius.
1122 1132 1194 1187 Ut
1237 1133 1383 1187 Eccl.
1423 1132 1566 1187 Hist.
1622 1134 1659 1187 l.

135 1248 178 1296 v,
200 1245 240 1283 c.
267 1228 297 1282 8
327 1244 338 1279 :
373 1229 489 1280 Ἔτι
520 1228 614 1280 καὶ
649 1227 932 1280 Ἰουστίνου
956 1226 1047 1279 τοῦ
1070 1222 1346 1299 μάρτυρος
1377 1226 1469 1280 καὶ
1494 1227 1665 1294 Ἰγνα-

134 1322 227 1375 τίον
271 1321 474 1391 μνήμην
517 1318 831 1389 πεποίηται,
888 1318 1214 1389 μαρτυρίαις
1242 1313 1397 1380 αὖθις
1429 1317 1520 1370 καὶ
1554 1317 1663 1370 ἀπὸ

135 1414 221 1465 τῶν
244 1412 431 1473 τούτοις
451 1410 772 1482 γραφέντων
802 1410 1158 1482 κεχρημένος.
1192 1410 1461 1463 Praeterea
1490 1408 1664 1461 Iusti-

135 1507 178 1558 ni
218 1504 450 1573 martyris
500 1514 551 1557 et
609 1501 814 1573 Ignatii
856 1504 1170 1555 mentionem
1202 1502 1353 1571 facit,
1384 1517 1448 1554 ex
1482 1518 1662 1555 eorum

131 1595 306 1663 scriptis
358 1593 655 1647 testimonia
707 1593 997 1662 proferens.
1054 1592 1197 1658 Quot
1245 1594 1465 1661 quidem
1502 1610 1567 1647 ex
1600 1593 1657 1647 S.

132 1682 307 1753 lgnatio
329 1683 637 1737 testimonia
662 1684 947 1752 protulerit
980 1684 1037 1738 S.
1066 1681 1325 1747 lrenaeus,
1350 1687 1491 1739 scire
1518 1700 1663 1738 nunc

134 1790 218 1827 non
263 1775 393 1839 licet,
443 1775 593 1844 quod
626 1777 797 1829 multa
829 1776 975 1830 illius
1018 1789 1183 1844 opera
1224 1776 1334 1845 jam
1380 1777 1659 1846 perierint.

134 1864 278 1921 Unum
307 1882 559 1935 expresse
602 1868 808 1921 notavit
846 1866 1114 1921 Eusebius
1148 1867 1293 1921 Ilist.
1329 1867 1476 1924 Eccl.
1504 1869 1543 1921 l.
1578 1885 1660 1935 ιιι,

132 1976 170 2012 c.
197 1959 253 2012 56
282 1975 294 2010 ί
324 1955 438 2012 Οἷδε
464 1959 521 2011 δὲ
546 1959 713 2012 αὐτοῦ
742 1959 802 2012 τὸ
839 1959 1136 2031 μαρτύριον
1164 1962 1191 2012 ὁ
1228 1961 1535 2032 Εἰρηναῖος,
1571 1961 1663 2013 καὶ

132 2050 215 2101 τῶν
239 2050 517 2103 ἐπιστολῶν
557 2050 725 2104 αὐτοῦ
763 2052 1087 2123 μνημονεύει
1124 2051 1297 2121 λέγων
1331 2051 1504 2115 οὕτως
1527 2070 1539 2082 ο
1577 2052 1663 2117 Ὠς

132 2137 224 2195 εἶπέ
242 2160 312 2205 τις
341 2143 443 2196 τῶν
472 2145 757 2217 ἡμετέρων
779 2144 866 2198 διὰ
898 2145 994 2215 τὴν
1024 2145 1160 2217 πρὸς
1192 2145 1324 2197 Θεὸν
1360 2144 1662 2217 μαρτυρίαν

134 2232 432 2305 κατακριθεὶς
460 2233 600 2307 πρὸς
640 2236 825 2307 θηρία,
860 2235 941 2289 ὅτι
966 2251 980 2266 ο
1015 2236 1187 2301 Σῐτός
1215 2238 1330 2304 εἰμι
1362 2237 1530 2301 Θεοῦ,
1563 2237 1661 2291 καὶ

131 2321 189 2374 δι’
212 2324 445 2380 ὀδόντων
471 2327 694 2394 θηρίων
720 2326 1035 2397 ἀλήθομαι,
1067 2328 1169 2380 ἵνα
1195 2329 1455 2397 καθαρὸς
1483 2330 1661 2398 ἄρτος

130 2414 326 2480 εὑρεθῶ.
385 2414 495 2472 Hoc
529 2424 637 2478 est,
677 2417 973 2487 interprete
1008 2417 1225 2473 Rulli’no
1263 2433 1276 2469 :
1321 2418 1436 2473 Scit
1484 2430 1661 2474 autem

131 2513 169 2556 .‘t
194 2503 397 2562 [remus
430 2509 748 2577 martyrium
773 2509 909 2578 ejus,
941 2518 991 2564 et
1020 2512 1334 2565 mentionem
1366 2511 1497 2581 facit
1525 2514 1661 2566 scri-

132 2606 302 2662 ptorum
334 2602 448 2668 (pro
474 2600 846 2671 epistularum)
878 2600 992 2670 ejus
1021 2619 1113 2671 per
1144 2604 1253 2657 haec
1286 2602 1474 2659 verba:
1503 2604 1655 2660 Sicut

131 2690 257 2756 dixit,
285 2691 462 2760 inquit,
485 2693 709 2761 quidam
734 2708 800 2747 ea:
824 2694 1019 2747 nostris
1050 2710 1145 2763 pro
1176 2697 1432 2765 martyrio
1460 2695 1659 2750 Christi

132 2781 364 2836 damnatus
392 2786 459 2837 ad
502 2784 733 2843 bestias:
772 2804 791 2836 i
817 2785 1188 2853 Frumentum,
1242 2804 1334 2857 ego
1377 2804 1494 2841 sum
1522 2786 1655 2853 Dei;

132 2871 369 2928 bestiarum
435 2878 683 2931 dentibus
744 2878 914 2932 motor
977 2887 1028 2932 et
1087 2878 1330 2949 subigor,
1392 2888 1448 2933 ut
1501 2881 1654 2949 panis

133 2965 314 3019 mundus
327 2967 510 3035 efficiar
522 2966 761 3022 Christo.
786 2966 948 3023 »11ωο
963 2978 1142 3021 autem
1160 2967 1319 3021 verba
1335 2967 1402 3020 ab
1416 2966 1655 3022 Eusebio

132 3052 279 3110 Graec
304 3067 574 3128 excerpta,
608 3069 899 3128 postquam
935 3056 1119 3112 Grmca
1149 3056 1207 3111 S.
1237 3056 1425 3112 lreusei
1471 3073 1657 3111 cxcm-
1683 3074 1726 3131 ο

132 3147 263 3213 plaria
294 3151 583 3218 perierunt,
634 3152 689 3205 in
738 3152 908 3205 veteri
952 3150 1145 3205 Latina
1184 3152 1435 3205 versione
1482 3151 1662 3204 adhuc

134 3242 447 3308 reperiuntur,
481 3244 521 3298 l.
554 3259 642 3309 Ill,
691 3258 741 3299 c.
770 3243 840 3297 28
879 3260 892 3295 :
936 3243 1391 3309 Quemadmodum
1444 3244 1660 3313 quidam

133 3336 178 3387 de
203 3339 369 3391 nostris
398 3339 533 3392 dixit
552 3380 569 3405 ,
608 3347 824 3408 propter
863 3339 1179 3405 martyrium
1208 3339 1263 3391 in
1305 3337 1469 3393 Deum
1499 3341 1659 3409 adju-

133 3426 297 3484 dicatus
356 3432 422 3485 ad
482 3431 716 3499 bestias,
770 3448 789 3481 ι
846 3431 1099 3500 quoniam
1160 3430 1485 3499 frumentum
1544 3447 1660 3484 sum

136 3516 311 3589 Christi,
331 3535 378 3577 et
404 3540 493 3594 per
510 3526 694 3579 dentes
726 3524 1013 3578 bestiarum
1046 3524 1215 3577 molor
1237 3534 1293 3577 ut
1319 3524 1543 3577 mundus
1565 3542 1660 3593 pa-

136 3613 198 3667 nis
216 3616 446 3674 inveniar.
485 3639 503 3672 ι
550 3620 869 3690 Eademque
913 3621 968 3674 in
1005 3619 1063 3674 S.
1096 3619 1287 3690 lguatii
1318 3619 1558 3689 Epistola
1592 3620 1657 3674 ad

138 3700 363 3763 Romanos
414 3718 680 3765 exstant:
712 3709 883 3775 Σῖτός
928 3713 1045 3779 εἰμι
1098 3710 1203 3763 τοῦ
1247 3710 1394 3763 Θεοῦ
1441 3712 1537 3763 καὶ
1586 3710 1658 3763 δι’

135 3794 345 3853 ὀδόντων
389 3804 610 3870 θηρίων
661 3800 975 3870 ἀλιξθομαι,
1028 3802 1129 3855 ἵνα
1176 3801 1433 3868 καθαρὸς
1484 3801 1662 3871 ἄρτος

137 3887 249 3942 θεοῦ
268 3892 487 3959 εὑρεθῶ.

189 3974 634 4036 Luculentissimis
680 3981 830 4037 hisce
860 3981 1195 4036 testimoniis
1242 3990 1354 4037 tres
1382 3983 1662 4052 conjectu-

139 4079 205 4120 ras
242 4070 633 4143 subjungendas
673 4072 881 4142 putavi,
929 4086 994 4125 ex
1041 4071 1231 4124 eodem
1280 4071 1478 4126 saeculo
1526 4073 1665 4141 peti-

139 4164 374 4231 taszquze
424 4163 468 4217 si
530 4162 766 4218 eruditis
818 4163 1089 4232 placeant,
1152 4163 1291 4217 bene
1356 4173 1473 4229 est;
1527 4162 1662 4217 mihi

138 4256 249 4301 certe
284 4251 501 4319 placent,
555 4260 617 4305 ut
664 4251 1018 4319 conjecturae,
1074 4249 1302 4315 scilicet,
1339 4264 1517 4318 neque
1553 4248 1661 4301 alio

141 4340 315 4396 nomine
336 4358 599 4414 propono.
651 4341 1007 4414 Smyrnensis
1029 4341 1288 4398 Ecclesia:
1311 4340 1562 4411 epistola,
1593 4340 1661 4393 li-

140 4437 204 4480 cet
225 4430 267 4484 in
288 4436 537 4505 martyrio
563 4434 623 4489 8.
647 4434 933 4506 Polycarpi
958 4434 1283 4489 celebrando
1313 4432 1658 4503 potissimum
1693 4416 1738 4471 Ῑ)

142 4529 358 4589 versetur,
398 4535 579 4583 tamen
624 4536 678 4582 et
703 4525 1016 4582 Germanici
1046 4527 1253 4581 exitum
1285 4526 1523 4581 breviter
1561 4524 1657 4578 do—

143 4613 309 4681 scribit,
334 4620 443 4687 qui,
481 4622 628 4675 velut
660 4620 797 4674 alter
829 4618 1093 4691 lgnatius,
1134 4620 1419 4691 ἐπισήμως
1450 4618 1663 4689 ἐθηριο-

146 4703 329 4777 μάχησε,
376 4713 600 4782 gloriose
650 4719 904 4785 pugnavit
960 4715 1029 4769 ad
1081 4713 1293 4769 bestias.
1332 4711 1470 4765 Cum
1514 4711 1661 4764 enim

146 4806 383 4863 Proconsul
415 4823 537 4860 eum
579 4808 647 4861 ab
690 4809 859 4862 animi
908 4807 1189 4878 proposito
1244 4804 1520 4859 retrahere
1569 4816 1662 4856 co-

147 4903 339 4961 uaretur,
391 4898 564 4968 ἑαυτῷ
622 4900 974 4953 ἐπεσπάσατο
1018 4898 1077 4951 τὸ
1111 4896 1296 4969 θηρίον
1332 4894 1666 4967 προσϐιασά-

138 4998 287 5049 μενος,
318 4987 584 5057 inquiunt,
622 4990 791 5058 [eram
850 4990 919 5042 ad
951 5005 1005 5042 se
1048 4988 1297 5052 attraxit,
1342 4987 1391 5040 vi
1424 4985 1662 5055 adigens.

147 5070 315 5135 Quibus
339 5082 511 5137 verbis
538 5082 797 5136 existimo
833 5080 1137 5136 Ecclesium
1180 5078 1567 5149 Smyrncuscm
1598 5076 1664 5130 ad

148 5166 381 5229 epistolam
408 5172 461 5226 S.
497 5173 687 5243 lgnatii
713 5172 940 5227 omnino
969 5171 1299 5241 respexisse,
1338 5179 1393 5225 et
1423 5168 1475 5221 in
1501 5167 1666 5221 simili

152 5262 379 5324 l"’0posito
403 5265 589 5318 eodem
615 5265 881 5320 vocabulo
908 5264 985 5319 uti
1013 5265 1270 5319 voluisse.
1297 5261 1371 5315 Ita
1404 5262 1548 5315 enim
1579 5260 1665 5312 ille

154 5344 201 5396 ad
226 5346 491 5419 Romanos,
523 5355 590 5409 de
614 5353 743 5410 feris
770 5355 971 5425 quibus
998 5353 1342 5423 objiciendus
1370 5350 1473 5405 fuit
1502 5368 1514 5402 :
1548 5348 1666 5402 Κᾶν

153 5438 255 5491 αὐτὰ
281 5442 328 5494 δὲ
358 5444 548 5500 ἄκοντα
586 5448 659 5519 μὴ
689 5447 815 5518 θέλῃ
848 5445 958 5515 ἐγὼ
990 5444 1411 5517 προσϐιάσομαι,
1451 5442 1589 5513 quod
1620 5443 1666 5495 si

156 5526 255 5591 Ῑοτιε
278 5534 392 5601 ἔρδω
411 5540 745 5600 recusabant,
776 5556 868 5609 ego
889 5556 977 5593 eas
997 5541 1046 5593 vi
1074 5539 1310 5609 adigam.
1326 5534 1667 5603 S.Tbeophi-

156 5615 236 5682 lus,
254 5634 417 5684 sextus
434 5630 821 5687 Antiochensis
846 5631 1103 5687 Ecclesiae
1126 5632 1438 5701 episcopus,
1456 5635 1581 5701 post
1606 5626 1664 5691 S-

156 5705 368 5780 lgnatium
394 5732 638 5794 quartus,
654 5725 871 5797 scripsit
898 5726 951 5779 in
970 5723 1025 5779 8.
1044 5723 1355 5779 Mattlimum
1373 5704 1669 5776 Commen-

1769 497 1985 555 tequam
2038 503 2170 544 suos
2222 490 2273 543 in
2318 493 2571 548 eumdem
2599 498 3004 567 “evangelistam
3056 502 3340 559 scriberet.

1771 576 1885 634 Sub
1929 580 2095 650 hujus
2129 580 2417 652 Theophili
2446 588 2667 645 nomine
2700 590 3000 646 etiamnum
3037 606 3256 651 exstant
3284 597 3342 653 in
3390 630 3399 637 -

1770 667 1827 722 8.
1854 668 2163 727 Μοιιιιᾶξυηι
2198 673 2613 742 Commentarii,
2648 682 2740 735 sed
2781 681 2975 738 Latine
3012 694 3249 753 tantum,
3283 687 3343 743 in

1767 761 1970 829 quibus
2012 762 2078 816 ad
2113 762 2199 816 illa
2237 766 2398 820 verba
2448 785 2463 822 :
2509 768 2639 823 Cum
2663 784 2794 827 esset
2818 774 3135 844 desponsata
3175 792 3346 837 mater

1766 852 1881 921 ejus
1905 852 2084 906 Maria
2105 852 2321 921 Ioseph,
2358 857 2548 915 Matth.
2576 878 2613 928 ι,
2636 864 2722 927 18.
2750 864 2865 920 haec
2891 866 3121 939 legimus
3157 889 3169 925 :
3195 872 3347 937 Qua-

1767 960 1821 997 re
1852 962 1956 1000 non
1995 964 2060 1003 ex
2090 952 2319 1021 simplici
2356 953 2573 1021 virgine,
2612 956 2701 1008 sed
2728 971 2792 1010 ea:
2816 957 3133 1027 desponsata
3169 965 3349 1017 conci-

1764 1039 1909 1107 pitur
1937 1039 2223 1099 Christus?
2254 1043 2459 1111 Primo,
2501 1052 2559 1097 ut
2602 1061 2695 1112 per
2740 1052 3123 1116 generationem
3150 1051 3347 1122 Ioseph

1766 1131 1911 1199 origo
1941 1131 2130 1188 Maria:
2152 1144 2566 1200 monstraretur;
2595 1138 2842 1205 secundo,
2870 1156 2932 1193 ne
2958 1140 3291 1209 lapiduretur
3312 1158 3344 1197 α

1764 1219 1971 1275 Iuda’is
2000 1233 2057 1276 ut
2094 1224 2361 1279 adultera.
2401 1225 2597 1287 Tertio,
2634 1237 2688 1279 ut
2718 1230 2773 1281 in
2796 1227 3087 1299 .cEggptum
3134 1233 3346 1286 haberet

1764 1313 2016 1365 solatium
2047 1315 2168 1370 viri.
2212 1314 2435 1379 Quarto,
2482 1329 2536 1369 ut
2567 1329 2752 1387 partus
2775 1320 2887 1388 ejus
2913 1322 3121 1389 falleret
3152 1323 3344 1377 diabo-

1764 1404 1894 1469 lum,
1921 1415 2193 1472 putantem
2217 1406 2399 1460 Jesum
2425 1409 2487 1461 de
2516 1419 2766 1477 inrorata,
2816 1429 2917 1465 non
2944 1414 3007 1466 de
3036 1414 3233 1483 virgine
3255 1432 3348 1469 na-

1766 1507 1898 1551 tum.
1929 1498 1984 1551 Si
2015 1498 2127 1553 base
2156 1498 2443 1570 Theophili
2476 1502 2604 1565 sint,
2634 1502 2751 1556 sine
2782 1503 2950 1556 dubio
2975 1513 3223 1572 quartam
3258 1522 3348 1559 ra-

1764 1589 1968 1643 tionem
2012 1605 2074 1644 ex
2108 1592 2339 1660 cpistola
2380 1592 2437 1646 S.
2470 1591 2663 1663 lgnatii
2690 1594 2897 1647 hausit.
2947 1592 3080 1646 Nam
3116 1609 3240 1648 cum
3284 1594 3344 1649 S.

1767 1678 2152 1752 Hieronymus,
2182 1684 2275 1752 qui
2302 1699 2359 1738 se
2378 1682 2666 1753 Theophili
2694 1685 3121 1739 commentarios
3150 1685 3348 1754 legisse

1765 1771 2045 1840 professus
2086 1784 2189 1839 est,
2241 1783 2477 1841 quatuor
2527 1776 2627 1829 has
2672 1776 2909 1830 rationes
2961 1777 3344 1846 expressisset,

1765 1873 2016 1931 quartam
2050 1866 2100 1917 in
2130 1866 2275 1919 hunc
2304 1866 2525 1919 modum
2557 1867 2783 1935 protulit
2815 1882 2828 1919 :
2865 1867 3077 1937 Martgr
3099 1866 3344 1938 Ignatt’us

1762 1954 1924 2005 etiam
1946 1963 2195 2023 quartam
2219 1955 2430 2010 addidit
2451 1973 2689 2021 causam,
2715 1974 2811 2009 cur
2832 1974 2863 2009 a
2884 1958 3200 2026 desponsata
3221 1976 3348 2012 con-

1764 2054 1942 2111 ceptus
1972 2044 2061 2108 sit,
2091 2054 2148 2096 ut
2182 2054 2391 2112 partus,
2428 2046 2690 2115 inquiens,
2726 2044 2839 2113 ejus
2866 2044 3129 2097 celaretur
3157 2045 3349 2099 diabou

1762 2132 1836 2201 lo,
1858 2134 1984 2187 dum
2010 2152 2126 2187 eum
2158 2146 2309 2204 putat
2343 2152 2448 2189 non
2475 2138 2537 2189 de
2559 2136 2776 2204 virgine,
2804 2134 2893 2189 sed
2921 2136 2983 2189 de
3009 2138 3347 2206 uxore‘gene-

1764 2233 1960 2277 ratum.
1989 2223 2122 2289 Quis
2157 2225 2299 2278 enim
2335 2240 2442 2279 non
2480 2226 2644 2291 videt,
2674 2225 2718 2280 si
2747 2226 2861 2280 haec
2889 2223 3255 2297 Hieronymus
3277 2245 3344 2283 ex

1763 2313 2070 2387 Theophilo
2102 2318 2466 2387 trauscripsit,
2498 2333 2622 2372 eum
2655 2332 2753 2387 pro
2787 2330 2939 2372 more
2962 2332 3064 2371 suo
3103 2318 3346 2373 indicare

1760 2407 2001 2463 voluisse
2031 2406 2088 2461 S.
2119 2407 2485 2478 Theophilum
2532 2409 2647 2463 lucc
2687 2409 2755 2463 ab
2806 2407 3017 2478 lgnatio
3057 2410 3346 2465 decessore

1762 2512 1864 2552 suo
1886 2499 2164 2553 habuisse.
2190 2498 2433 2569 lgnatius
2459 2500 2605 2553 enim
2638 2500 2754 2569 ipse
2777 2514 2884 2553 non
2918 2500 3060 2555 hanc
3084 2511 3342 2571 quartam

1762 2604 1981 2644 causam
2012 2589 2237 2657 addidit,
2272 2604 2447 2659 neque
2474 2590 2638 2642 ullam
2664 2605 2887 2644 causam
2913 2591 3159 2659 protulit,
3192 2608 3291 2646 cur
3312 2607 3343 2645 a

1760 2682 2089 2750 desponsata
2134 2691 2434 2750 conceptus
2468 2680 2631 2735 fuerit
2665 2680 2919 2737 Christus
2958 2698 2971 2732 :
3008 2683 3101 2737 sed
3128 2692 3342 2737 tantum

1759 2773 1895 2827 dixit
1931 2773 2299 2843 virginitatem
2334 2772 2518 2826 Maria:
2561 2772 2838 2826 diabolum
2889 2772 3149 2840 latuisse;
3201 2774 3345 2831 hanc

1759 2871 1941 2917 autem
1977 2864 2302 2918 sententiam
2334 2862 2529 2933 Ignatii
2568 2872 2825 2933 tanquam
2873 2878 3095 2918 causam
3135 2863 3347 2919 addidit

1759 2953 2121 3024 Theophilus,
2145 2966 2308 3024 atque
2331 2957 2467 3010 adeo
2494 2970 2715 3010 causam
2740 2955 2883 3009 hanc
2905 2956 3158 3009 attribuit
3184 2954 3344 3026 lgna-

1758 3050 1834 3104 tio
1874 3036 2270 3118 Hieronymus;
2297 3046 2444 3117 quod
2495 3063 2619 3102 eum
2652 3048 2797 3104 illius
2826 3048 3110 3103 sententia:
3147 3058 3345 3103 aucto—

1761 3156 1875 3195 rem
1907 3151 2246 3210 agnosceret.
2273 3139 2432 3194 Certe
2455 3140 2566 3195 base
2591 3140 2956 3211 Hieronymus
2979 3156 3045 3195 ex
3071 3158 3172 3196 suo
3197 3156 3342 3211 penu

1760 3248 1869 3287 non
1910 3232 2164 3302 sumpsit,
2214 3232 2309 3287 sed
2354 3248 2384 3286 a
2430 3232 2598 3287 veteri
2645 3242 3077 3289 commcntatore
3118 3235 3339 3303 hausit;

1761 3341 1893 3393 uno,
1915 3326 2144 3391 scilicet,
2175 3340 2239 3379 ex
2269 3325 2398 3390 illis,
2432 3340 2572 3391 quos
2604 3325 2719 3395 ipse
2742 3326 2794 3379 in
2823 3324 3147 3381 Praefatiouc
3168 3325 3345 3381 uomi-

1760 3429 1874 3486 nat,
1896 3437 2055 3490 quem
2082 3420 2247 3474 alium
2276 3436 2440 3490 quam
2460 3418 2823 3489 Theophilum
2850 3419 3023 3475 fuisse
3048 3436 3157 3475 non
3184 3428 3341 3490 puto.

1763 3512 1894 3566 Nam
1922 3513 1959 3564 S
2014 3511 2283 3577 Basilius,
2314 3511 2561 3564 oratione
2608 3514 2663 3563 in
2705 3509 2901 3564 Natali
2930 3511 3132 3566 Christi
3181 3512 3342 3566 habi-

1761 3616 1836 3671 ta,
1861 3606 2111 3659 eumdem
2137 3606 2256 3659 sine
2274 3604 2442 3656 dubio
2466 3614 2743 3656 auctorem
2768 3602 3091 3671 respiciens,
3117 3602 3226 3656 ait:
3256 3602 3347 3654 Εἵ-

1762 3716 1924 3770 ρηται
1976 3696 2033 3749 δὲ
2082 3695 2191 3748 τῶν
2240 3694 2486 3748 παλαιῶν
2531 3711 2635 3747 τινι
2687 3692 2777 3746 καὶ
2821 3692 3007 3765 ἕτερος
3048 3692 3228 3761 λόγος,
3261 3694 3346 3746 ὅτι

1763 3790 1902 3862 ὑπὲρ
1954 3787 2047 3841 τοῦ
2096 3787 2278 3840 λαθεῖν
2324 3788 2413 3840 τὸν
2462 3788 2698 3859 ἄρχοντα
2749 3784 2843 3839 τοῦ
2902 3785 3098 3849 αἰῶνος
3155 3785 3344 3840 τούτου

1761 3883 1858 3953 τὴν
1904 3883 2201 3954 παρθενίαν
2234 3883 2333 3952 τῆς
2366 3882 2584 3953 Μαρίας
2636 3884 2669 3951 ὴ
2703 3881 2795 3934 τοῦ
2844 3880 3042 3952 Ἰωσὴφ
3075 3883 3346 3956 ἐπενοήθη

1766 3976 2046 4048 μνηστεὶα.
2105 3975 2241 4029 Cum
2276 3976 2419 4028 enim
2468 3986 2575 4029 tres
2602 3989 2799 4027 causas
2843 3974 3137 4040 attulisset,
3173 3990 3345 4044 quar-

1764 4084 1871 4126 tam
1907 4069 1985 4123 sic
2017 4067 2264 4137 adjungit
2299 4085 2312 4121 :
2342 4066 2467 4121 Alia
2502 4076 2675 4120 autem
2711 4066 2851 4119 ratio
2893 4081 2925 4117 a
2955 4074 3186 4120 veterum
3215 4083 3348 4138 quo-

1762 4161 1886 4213 dam
1909 4159 2121 4229 prolata
2155 4167 2255 4222 est,
2288 4158 2425 4228 quod
2462 4167 2517 4210 ut
2550 4158 2840 4227 principem
2871 4158 3028 4227 hujus
3053 4159 3235 4212 steculi
3264 4157 3347 4211 la-

1765 4262 1888 4307 teret
1927 4252 2206 4321 virginitas
2234 4250 2444 4314 Mariae,
2474 4250 2809 4318 desponsatio
2841 4249 3057 4320 Iosephi
3083 4259 3161 4304 est
3191 4265 3349 4303 exco-

1764 4345 1956 4417 gitata.
2010 4328 2125 4396 Non
2165 4342 2333 4413 igitur
2379 4339 2704 4396 Theodorus
2746 4340 3025 4405 fuit,-non
3067 4340 3349 4410 Apollina-

1768 4436 1904 4499 rius,
1928 4450 2037 4488 non
2078 4432 2375 4503 Didymus;
2409 4432 2461 4485 hi
2493 4437 2635 4486 enim
2670 4447 2862 4486 omnes
2895 4431 2952 4488 S.
2986 4431 3189 4486 Basilio
3218 4447 3351 4502 syn-

1766 4526 1957 4581 chroni
1990 4524 2161 4589 fuere,
2195 4524 2287 4579 sed
2331 4523 2413 4577 vel
2456 4522 2805 4594 Hippolytus,
2830 4523 2913 4577 vel
2943 4521 3232 4592 Origenes,
3260 4523 3347 4578 vel

1766 4619 2123 4689 Theophilus,
2150 4618 2293 4687 quod
2315 4616 2496 4686 potius
2516 4632 2660 4670 reor.
2680 4614 2972 4685 Utcunque
2994 4616 3085 4681 sit,
3110 4616 3350 4685 scriptor

1766 4712 1856 4767 ille
1879 4712 1971 4781 qui
1998 4726 2026 4765 a
2058 4712 2115 4765 S.
2146 4710 2347 4763 Basilio
2387 4707 2650 4776 antiquus
2683 4707 2990 4773 dicebatur,
3025 4707 3171 4763 haud
3202 4708 3350 4777 inju-

1766 4805 1846 4857 ria
1870 4819 1899 4857 a
1930 4803 2088 4856 nobis
2119 4801 2359 4856 secundo
2389 4799 2589 4855 saeculo
2628 4798 2965 4853 vindicatur.

1776 4958 1777 4961 η
1835 4896 2007 4951 Porro
2046 4895 2392 4965 Peregrinus,
2431 4894 2546 4949 sive
2570 4893 2818 4959 Proteus,
2844 4908 2909 4948 ex
2935 4893 3155 4949 cthnico
3179 4894 3312 4947 Chri
3329 4922 3346 4935 -

1767 4988 2000 5052 stianus,
2032 5002 2095 5040 ex
2128 4985 2442 5041 Christiano
2464 4984 2724 5056 Cynicus,
2753 4983 2861 5054 igni
2897 5000 2956 5039 se
2981 4984 3204 5039 tradidit
3230 4982 3346 5036 val-

1767 5079 1833 5132 de
1860 5094 2055 5143 senex;
2091 5077 2157 5132 de
2185 5091 2295 5145 quo
2318 5075 2587 5130 Eusebius
2614 5073 2667 5127 in
2691 5073 2967 5127 Chronico
2993 5072 3059 5126 ad
3091 5071 3343 5141 quintum

1769 5170 1979 5236 Marci,
2023 5170 2175 5237 Apud
2219 5168 2376 5222 Pisas
2425 5166 2745 5236 Peregrinus
2798 5163 3137 5234 philosophus
3188 5178 3343 5232 rogo.

1769 5279 1914 5331 quem
1943 5277 2007 5315 ex
2039 5261 2195 5330 lignis
2231 5269 2612 5327 composuerat,
2660 5258 2869 5310 incenso
2905 5254 3133 5322 seipsum
3163 5269 3347 5321 super-

1769 5352 1968 5421 injecit.
2004 5350 2139 5406 Cum
2164 5351 2309 5404 enim
2345 5349 2644 5403 vilissimus
2667 5344 2964 5399 homuncio
2994 5343 3184 5397 insana
3210 5358 3347 5412 qua-

1769 5444 1892 5497 dam
1917 5441 2102 5512 gloria:
2126 5441 2418 5510 cupiditate
2442 5438 2715 5507 ﬂagraret,
2740 5436 2811 5491 ita
2836 5451 2893 5491 se
2919 5434 3108 5505 gessit,
3141 5444 3199 5489 ut
3222 5450 3344 5489 eam

1770 5549 1934 5604 quam
1974 5543 2179 5604 posset,
2213 5532 2506 5587 maximam
2553 5526 2655 5581 sibi
2687 5528 3026 5583 conciliaret.
3057 5527 3347 5598 Excogita-

1770 5627 1847 5681 vit
1870 5636 2051 5681 autem
2077 5626 2131 5681 id
2160 5625 2303 5696 quod
2330 5624 2464 5679 nulli
2489 5638 2729 5693 unquam
2753 5621 3080 5691 pliiloSOpho
3112 5620 3165 5673 in
3191 5634 3345 5673 men-

1772 5728 1881 5775 tem
1908 5717 2053 5773 venit
2082 5736 2095 5774 :
2122 5717 2379 5789 epistolas
2394 5714 2620 5790 jamjam
2669 5715 2968 5773 moriturus
2997 5714 3062 5769 ad
3102 5711 3343 5783 insignes
