3786 6300
403 283 484 341 79

1445 273 1502 329 s.
1541 268 1890 329 lGNATlUS.
1931 302 2001 316 -
2041 259 2574 335 enomcousns.
3595 265 3658 324 80

412 407 652 461 maxime
680 401 963 466 civitates,
1009 406 1062 453 et
1102 397 1250 452 viros
1288 394 1559 465 quosdam
1593 394 1742 448 velut
1788 393 1997 462 legatos
2025 395 2074 452 Δ
2104 395 2285 460 tritus,
2315 389 2778 461 locupletissimus
2811 386 2971 442 nobis
2999 384 3156 440 testis
3183 393 3286 439 est.
3315 380 3366 440 ls
3390 382 3538 438 enim
3567 398 3661 436 un-

410 499 594 564 misit;
625 505 687 551 ut
717 495 882 565 igitur
903 493 1026 563 igne
1051 489 1336 545 llerculem
1364 499 1459 542 aut
1485 486 1896 557 Empedoclem,
1922 485 2000 540 ita

409 589 655 661 epistolis
679 630 693 653 ,
726 595 780 642 et
821 584 1014 656 legatis
1048 582 1107 638 S.
1143 581 1412 653 lgnatium
1449 589 1699 634 nostrum
1739 577 1808 633 de
1839 577 2000 632 indu-

411 684 545 738 stria
577 682 852 736 imitatum
877 692 998 733 esse
1015 676 1343 731 nebulonem
1372 673 1572 735 sentio,
1603 681 1658 726 et
1682 671 1848 741 hujus
1870 687 2000 727 con-

406 776 638 846 jecturae
658 773 926 828 rationem
951 769 1180 824 minime
1210 769 1478 823 incertam
1509 766 1699 821 reddo.
1730 763 2000 819 Christia-

411 884 538 924 nam
572 866 889 938 religionem
932 863 1038 919 sub
1066 861 1307 916 Adriano
1351 857 1632 930 professus
1679 865 1796 912 erat
1839 855 2002 912 Pere-

410 961 626 1034 grinus,
657 966 711 1012 et
741 972 852 1010 non
878 953 1210 1009 mediocrem
1251 951 1396 1006 inter
1439 949 2002 1006 Christianos.aucto-

409 1053 627 1107 ritatem
670 1049 775 1105 sibi
813 1053 1256 1118 comparaverat,
1297 1042 1438 1097 unde
1468 1042 1522 1096 in
1563 1040 1780 1096 vincula
1816 1039 2002 1108 conje-

407 1153 530 1199 ctus
560 1141 740 1198 factus
763 1149 846 1196 est
872 1133 1159 1194 confessor
1189 1135 1386 1190 nobilis
1407 1175 1423 1199 ,
1454 1143 1508 1189 et
1547 1134 1614 1188 ad
1656 1148 1780 1189 eum
1815 1132 2002 1188 suble-

408 1236 645 1291 vandum
677 1231 1093 1304 quamplurimi,
1119 1229 1282 1294 etiam
1311 1229 1361 1281 oi
1405 1231 1465 1282 ἐν
1495 1225 1659 1293 τέλει,
1685 1223 1998 1295 presbyteri,

407 1328 768 1397 episcopique,
805 1324 1048 1393 undique
1071 1319 1458 1376 convolabant.
1481 1317 1802 1388 Martyrium
1834 1316 2001 1386 igitur

409 1419 600 1474 subire
629 1416 869 1471 maxime
894 1414 1030 1468 velle
1055 1410 1363 1473 videbatur,
1390 1417 1446 1463 et
1483 1405 1779 1477 proconsul
1807 1403 2000 1476 Syriae,

407 1527 532 1566 cum
581 1509 906 1579 intelligeret
948 1507 1032 1558 ὅτι
1063 1503 1264 1570 δέξαιτ’
1300 1501 1367 1556 ἂν
1398 1499 1691 1554 ἀποθανεῖν
1721 1497 1797 1562 ὡς
1845 1487 2005 1564 δόξαν

407 1605 500 1659 ἐπὶ
534 1602 710 1674 τούτῳ
734 1601 1007 1664 ¹ἐπιλίποι,
1040 1598 1181 1666 quod
1217 1595 1356 1650 mori
1401 1601 1642 1664 cuperet,
1673 1601 1732 1646 ut
1765 1589 1888 1646 inde
1911 1591 2014 1670 [ιι--

407 1711 550 1748 utam
575 1694 800 1764 posteris
825 1692 1160 1761 relinqueret,
1179 1705 1304 1745 eum
1329 1703 1503 1759 pmnze
1525 1686 1856 1742 s—ubduxitet
1879 1701 1966 1740 car
1989 1714 2003 1728 -

2103 486 2315 543 decimo
2351 483 2536 540 Severi
2567 497 2731 544 anno,
2763 479 2922 533 tertio
2945 477 3148 534 szeculo
3163 477 3277 546 jam
3304 475 3544 537 ineunte,
3567 473 3666 528 Ca.

2105 577 2370 636 teeheseon
2388 591 2526 645 opus
2554 588 2868 644 aggressus,
2900 572 3080 626 adhuc
3096 568 3316 640 juvenis
3337 566 3597 619 Homilies
3621 566 3667 617 in

2108 668 2166 726 S.
2193 669 2392 724 Lucam
2425 668 2646 736 scripsit
2675 680 2813 736 quas
2843 664 3232 733 interpretatus
3268 669 3354 716 est
3400 658 3458 713 S.
3495 657 3669 713 lliero-

2109 779 2328 836 nymus.
2358 761 2597 816 llomilia
2630 766 2809 812 autem
2832 764 2986 811 sexta
3006 755 3120 809 hec
3143 754 3378 823 legimus
3406 768 3420 805 :
3453 748 3670 819 Elegan-

2110 867 2188 912 ter
2229 856 2285 910 in
2325 852 2603 924 cujusdam
2646 849 2896 919 Martyris
2930 845 3150 914 epistola
3192 845 3453 910 scriptum
3487 841 3670 910 reperi;

2110 946 2381 1019 lgnatium
2411 946 2552 1009 dico,
2576 945 2876 1012 episcopum
2902 938 3197 993 Antiochia
3215 945 3332 1006 post
3360 934 3582 988 Petrum
3603 947 3674 983 se-

2100 1037 2356 1104 cundum,
2395 1037 2486 1106 qui
2514 1037 2571 1089 in
2599 1035 2958 1105 persecutione
2989 1030 3166 1085 Roma,
3204 1024 3554 1098 pugnauit-ad
3590 1023 3668 1077 be-

2101 1127 2232 1182 stias
2258 1141 2277 1179 :
2313 1145 2331 1176 t
2364 1125 2663 1195 Principem
2685 1122 2869 1178 δασυιὶ
2894 1121 3051 1191 hujus
3079 1119 3238 1173 latuit
3258 1114 3541 1186 virginitas
3567 1112 3668 1166 Ma-

2101 1220 2214 1274 rite.
2258 1237 2278 1270 ι
2314 1217 2392 1272 lta
2437 1232 2583 1273 nunc
2627 1216 2861 1286 legimus
2903 1215 2956 1268 iu
3003 1211 3245 1282 Epistola
3291 1210 3358 1264 ad
3395 1205 3666 1278 Ephesios,

2101 1309 2319 1366 ἔλαθεν
2347 1307 2460 1363 τὸν
2485 1307 2745 1377 ἄρχοντα
2777 1305 2883 1360 τοῦ
2915 1303 3128 1368 altor-oc
3160 1301 3376 1355 τούτου
3408 1298 3449 1366 ὴ
3484 1299 3673 1364 παρθει

2100 1403 2202 1462 rla
2231 1403 2480 1470 Μαρίας.
2520 1399 2688 1456 Vetus
2721 1399 2996 1468 interpres
3031 1412 3045 1449 :
3075 1395 3259 1450 Latuit
3283 1392 3580 1463 principem
3594 1405 3657 1444 se

2099 1494 2209 1552 tuli
2259 1493 2424 1563 hujus
2474 1493 2754 1562 virginitas
2806 1489 3020 1544 Mariis.
3067 1488 3214 1542 idem
3249 1483 3523 1555 Origenes
3558 1491 3669 1536 natu

2102 1589 2361 1661 grandior
2383 1588 2803 1644 Commentarios
2831 1587 2885 1640 in
2902 1585 3182 1641 Canticum
3199 1582 3444 1652 scripsit,
3481 1582 3540 1634 in
3561 1595 3674 1648 quo-

2105 1699 2224 1736 rum
2257 1681 2492 1752 ProIOgu
2525 1681 2640 1735 haec
2663 1680 2892 1750 legimus
2919 1697 2932 1731 :
2955 1678 3189 1748 Denique
3216 1675 3558 1728 meminimus
3589 1672 3672 1724 ali-

408 1801 532 1842 cere
561 1762 831 1841 liberavit.
861 1783 926 1837 Et
968 1783 1188 1853 quidem
1237 1791 1421 1850 postea
1449 1779 1720 1850 gloriosus
1748 1777 1838 1831 hic
1862 1787 1996 1832 con-
2031 1762 2073 1819 Β
2102 1792 2254 1846 quem
2287 1786 2592 1829 sanctorum
2622 1774 2842 1838 dixisse,
2877 1771 3150 1842 lgnatium
3175 1768 3410 1830 nomine,
3440 1765 3510 1818 de
3535 1763 3674 1818 Chri-

323 1907 330 1916 ι
407 1878 585 1934 fessor
609 1893 675 1931 ex
705 1875 948 1932 Ecclesia
978 1875 1186 1944 ejectus
1216 1881 1329 1939 est;
1361 1873 1452 1927 sed
1482 1871 1610 1924 dum
1638 1869 1728 1923 illa
1760 1869 1864 1924 sub
1892 1868 1993 1940 Sy—

407 1975 502 2029 riae
524 1973 850 2041 proconsule
872 1987 1070 2041 passus
1098 1979 1202 2033 est,
1239 1984 1347 2024 non
1382 1969 1557 2038 potuit
1582 1983 1706 2023 eum
1737 1968 1905 2026 latere
1932 1967 1990 2022 S.

406 2061 600 2133 lgnatii
631 2061 797 2123 fama,
832 2060 994 2129 cujus
1031 2060 1273 2129 reliquiae
1304 2067 1452 2112 tanta
1486 2073 1611 2112 cum
1646 2057 1994 2112 veneratione

405 2154 708 2207 Antiochiae
734 2159 1074 2207 conservatae
1108 2160 1274 2217 sunt;
1309 2161 1363 2206 et
1403 2165 1528 2203 cum
1565 2157 1644 2202 tot
1673 2163 1739 2202 ex
1766 2149 1894 2202 Asia
1926 2148 1994 2203 ad

405 2260 530 2300 eum
563 2247 615 2298 in
663 2259 883 2299 carcere
927 2244 1205 2297 dcteutum
1249 2240 1622 2306 conﬂuerent,
1665 2241 1784 2294 sine
1829 2240 1994 2294 dubio

408 2333 601 2405 lgnatii
632 2334 817 2388 omnia
869 2334 1171 2402 smpissime
1220 2331 1819 2388 commemorabantur.
1867 2318 1993 2386 Pla-

405 2426 523 2481 cuit
555 2426 737 2497 itaque
773 2424 1116 2495 ineptissimo
1138 2425 1276 2490 viro,
1309 2425 1376 2478 ab
1402 2421 1645 2477 Ecclesia
1671 2422 1864 2493 ejecto,
1890 2433 1943 2478 et
1963 2440 1996 2479 a

407 2515 1013 2587 philosophis-recepto,
1039 2515 1177 2570 mori
1206 2514 1425 2585 quidem
1461 2523 1720 2585 tauquam
1748 2514 1994 2584 philoso-

408 2608 603 2677 phum,
651 2607 852 2661 i'amam
887 2616 1068 2660 autem
1117 2605 1310 2660 eodem
1347 2606 1507 2660 modo
1548 2605 1851 2675 acquirere,
1885 2623 1994 2678 quo

410 2699 768 2771 acquisivisse
807 2697 1073 2769 lgnatium
1109 2700 1351 2768 putavit;
1389 2698 1652 2768 epistolas
1693 2707 1818 2753 ante
1847 2714 1995 2753 mor-

411 2800 518 2846 tem
544 2793 611 2847 ad
640 2793 888 2848 civitates
911 2791 1288 2846 nobilissimas
1315 2791 1616 2858 exarando,
1639 2801 1690 2846 et
1714 2793 1852 2847 tales
1874 2807 1995 2847 om-

409 2886 542 2938 nino
570 2884 718 2940 viros
746 2883 1112 2949 instituendo,
1142 2883 1333 2952 quales
1372 2883 1525 2936 illum
1566 2883 1764 2952 smpius
1799 2880 1993 2953 posto--

408 2975 553 3030 lasse
574 2984 822 3030 noverat.
851 2974 965 3030 lloc
990 2991 1117 3029 vero
1135 2991 1164 3028 a
1195 2973 1438 3030 Luciano
1465 2975 1844 3032 disertissimis
1870 2991 1994 3030 ver-

409 3065 495 3121 bis
527 3065 859 3136 descriptum
888 3074 973 3120 est
1023 3065 1076 3118 in
1111 3063 1398 3134 Peregrina
1449 3080 1551 3120 suo
1579 3084 1592 3119 :
1624 3062 1758 3118 Φασὶ
1792 3065 1848 3118 δὲ
1882 3067 1991 3120 πά-
2020 3101 2063 3162 C

409 3174 530 3221 σαις
565 3156 750 3228 σχεδὸν
783 3160 903 3220 ταῖς
937 3156 1168 3221 ἐνδόξοις
1185 3157 1400 3211 πόλεσιν
1435 3157 1724 3221 ἐπιστολὰς
1756 3157 1990 3230 διαπέμ-

406 3249 504 3320 ψαι
539 3250 721 3314 αὐτὸν,
755 3249 1017 3322 διαθήκας
1053 3251 1222 3315 τινὰς,
1260 3249 1354 3303 καὶ
1389 3250 1758 3321 παραινέσεις,
1796 3251 1889 3304 καὶ
1909 3251 1994 3305 νό-

409 3357 544 3411 μους
568 3380 582 3406 ,
619 3340 710 3394 καί
745 3357 896 3403 τινας
928 3339 1020 3392 ἐπὶ
1069 3339 1272 3392 τούτων
1318 3341 1657 3413 πρεσϐευτὰς
1691 3339 1798 3394 τῶν
1849 3341 1994 3395 ἑταί-

407 3449 517 3502 ρων
550 3433 947 3504 ἐχειροτόνησε,
985 3432 1378 3503 νεκραγγέλους
1412 3432 1504 3486 καὶ
1537 3434 1992 3506 νερτεροδρόμους

405 3522 873 3594 προσαγορεύσας.
893 3524 1054 3576 Aiunt
1087 3535 1262 3577 autent
1286 3541 1405 3578 cum
1429 3525 1497 3577 ad
1515 3543 1689 3579 omnes
1719 3527 1826 3596 fere
1849 3543 1991 3596 pm:-

404 3611 579 3665 claras
614 3613 855 3667 civitates
902 3614 1154 3683 epistolas
1197 3616 1436 3682 misisse,
1485 3619 1686 3671 monita
1722 3623 1988 3688 quwdam,

402 3703 810 3772 exhortationes,
845 3715 999 3776 atque
1024 3707 1160 3775 leges
1190 3722 1208 3759 :
1240 3718 1288 3761 et
1319 3723 1382 3760 ex
1407 3710 1562 3761 sociis
1593 3711 1703 3762 suis
1729 3712 1792 3763 de
1815 3711 1895 3764 his
1917 3711 1993 3763 le-

403 3805 552 3865 gatos
579 3797 865 3862 ordinavit,
897 3815 929 3850 ιι
961 3800 1183 3853 mortuis
1217 3800 1449 3865 nuntios,
1483 3811 1530 3854 et
1558 3801 1621 3854 ab
1655 3802 1840 3871 inferis
1865 3819 1989 3856 cur-

403 3903 546 3940 sores
584 3887 880 3956 appellans.

476 3977 754 4035 Habemus
782 3981 872 4035 hic
898 3981 1162 4050 epistolas
1201 3998 1231 4037 a
1253 3983 1485 4053 jamjam
1519 3985 1785 4042 morituro
1813 3989 1880 4042 ad
1907 3989 1991 4045 in-

396 4068 680 4139 signiores
725 4071 975 4126 civitates
1023 4073 1223 4128 missas
1245 4115 1261 4140 ,
1295 4091 1418 4128 cum
1457 4077 1939 4137 exhortationibus
1970 4097 1985 4135 :

405 4164 550 4231 quod
577 4163 705 4218 fecit
739 4163 798 4218 S.
825 4165 1085 4234 lgnalius,
1108 4182 1287 4236 neque
1310 4178 1435 4222 ante
1461 4168 1816 4242 Peregrinum
1851 4187 1989 4242 pm-

406 4261 488 4307 ter
516 4268 664 4318 cum,
690 4253 910 4324 opinor,
945 4256 1237 4326 quisquam
1267 4271 1281 4310 :
1316 4258 1580 4314 habemus
1614 4264 1762 4315 viros
1795 4278 1858 4317 es
1891 4279 1987 4319 so-

402 4347 503 4403 ciis
529 4348 645 4403 suis
665 4347 946 4402 institutos
971 4357 1228 4418 tanquam
1255 4350 1496 4420 legatos:
1524 4353 1755 4419 scilicet,
1779 4357 1988 4428 ἐχειρο-

2096 1878 2176 1921 sto
2218 1883 2236 1921 :
2285 1887 2303 1919 ι
2359 1867 2506 1921 Meus
2545 1876 2724 1920 autem
2769 1879 2921 1918 amor
2961 1863 3250 1932 cruciﬁxus
3280 1869 3380 1922 est,
3408 1877 3429 1912 ι
3464 1873 3562 1911 nec
3604 1873 3674 1910 νει

2095 1960 2346 2030 prehendi
2395 1977 2513 2014 eum
2558 1976 2654 2030 pro
2698 1958 2794 2011 hoc
2833 1958 3053 2029 dignum
3102 1955 3301 2023 iudico.
3341 1951 3469 2007 llaec
3505 1960 3671 2006 autem

2097 2052 2262 2106 verba
2301 2052 2354 2104 in
2390 2050 2633 2121 Epistola
2669 2052 2735 2105 ad
2774 2049 3057 2103 Romanos
3095 2047 3275 2102 adhuc
3312 2046 3672 2114 reperiuntur,

2107 2143 2162 2196 '0
2192 2140 2335 2212 ἐμὸς
2364 2145 2511 2212 ἑρως
2541 2143 2925 2210 ἐστιιύρωταιε
2964 2140 3131 2195 Vetus
3163 2139 3473 2208 Interpres:
3511 2138 3672 2192 Heaut

2096 2237 2416 2290 desiderium
2446 2236 2761 2304 cruciﬁxum
2792 2245 2889 2289 est.

2167 2325 2357 2394 Quarti
2392 2328 2573 2381 saeculi
2602 2369 2616 2392 ,
2653 2342 2787 2381 sane
2829 2324 3224 2390 ﬂorentissimi,
3261 2335 3322 2378 ut
3355 2323 3534 2378 multo
3568 2323 3650 2392 plu

2096 2433 2186 2474 res
2237 2419 2640 2475 ecclesiasticos
2693 2418 3026 2488 scriptores,
3062 2418 3136 2471 ita
3171 2425 3225 2470 et
3272 2415 3671 2487 lgnatianorum

2098 2505 2264 2566 testes
2300 2511 2582 2566 habemus.
2620 2510 2822 2564 Eorttm
2861 2511 3072 2580 primus
3110 2510 3244 2563 mihi
3279 2509 3502 2579 Quidem
3538 2508 3652 2560 vide

2099 2609 2188 2657 tur
2223 2602 2352 2666 ille,
2405 2603 2658 2672 quisquis
2705 2609 2790 2656 est
2813 2603 2960 2672 ,qui
2997 2600 3295 2672 Dionysius
3346 2599 3673 2669 Areopagita

2097 2693 2261 2764 vulgo
2296 2696 2647 2760 nominatur;
2686 2709 2794 2748 non
2830 2694 2992 2764 longe
3025 2693 3174 2748 enim
3220 2694 3290 2747 ab
3325 2693 3484 2746 initio
3520 2693 3677 2761 hujus

2096 2786 2197 2840 teri
2231 2802 2354 2841 eum
2393 2786 2684 2856 scripsisse
2719 2787 2917 2841 sentio.
2955 2785 3050 2840 Ille
3083 2793 3266 2840 autem
3303 2784 3446 2838 libro
3481 2783 3557 2838 De
3598 2784 3678 2836 di-

2095 2877 2230 2930 vinis
2253 2878 2577 2941 nominibus,
2614 2878 2682 2932 de
2716 2893 2904 2932 amore
2937 2878 3228 2948 disputans
3255 2920 3268 2942 ,
3305 2886 3359 2931 et
3391 2876 3674 2947 Origenem

2096 2983 2333 3039 sequens
2361 3009 2374 3028 .
2430 2971 2501 3023 ita
2537 2969 2778 3039 loquitur
2817 2987 2830 3024 :
2867 2969 3059 3024 Καίτοι
3093 2965 3239 3036 ἐδοξέ
3273 2985 3383 3022 τισι
3418 2968 3528 3022 τῶν
3560 2964 3683 3021 καθ’

2095 3061 2242 3131 ἡμᾶς
2277 3060 2566 3132 ἱερολόγων
2617 3061 2710 3114 καὶ
2762 3061 3032 3134 Οειότερον
3082 3057 3220 3115 εἶναι
3253 3062 3314 3115 τὸ
3351 3061 3447 3115 τοῦ
3480 3061 3674 3134 ἔρωτος

2093 3152 2263 3224 ὄνομα
2296 3151 2388 3205 τοῦ
2422 3153 2519 3222 τῆς
2553 3153 2791 3225 ἀγάπης·
2828 3155 3028 3225 γράφει
3060 3153 3116 3207 δὲ
3151 3153 3244 3206 καὶ
3275 3155 3304 3206 ὁ
3339 3154 3481 3217 Osiri;
3515 3152 3672 3222 Ἰγνά-

2091 3257 2204 3307 τιος
2227 3260 2240 3274 ·
2291 3245 2344 3297 Ὀ
2375 3243 2517 3313 ἐμὸς
2549 3245 2696 3313 ἔρως
2727 3247 3110 3314 ἐσταύρωται.
3159 3246 3340 3301 Visum
3367 3256 3447 3302 est
3493 3248 3657 3317 aliqui

2093 3336 2188 3391 bus
2224 3345 2420 3391 nostris
2466 3338 2643 3391 artatis
2682 3340 2852 3391 sacris
2902 3339 3251 3407 scriptoribus
3287 3340 3486 3393 amoris
3523 3355 3674 3408 quam

2094 3429 2374 3484 charitatis
2395 3445 2583 3484 nomen
2609 3431 2840 3485 divinius
2870 3445 3000 3485 esse.
3035 3429 3233 3486 Scriliit
3267 3443 3443 3486 autem
3467 3442 3517 3486 et
3546 3433 3672 3484 diri-

2098 3539 2199 3578 nus
2256 3521 2504 3594 Ignatius
2533 3539 2552 3576 :
2590 3542 2609 3575 ι
2637 3523 2973 3604 Amor.meus
2996 3525 3286 3592 cruciﬁxus
3326 3533 3425 3579 est.
3449 3542 3467 3575 ι
3505 3522 3673 3592 Hujus

2103 3625 2285 3670 autem
2320 3614 2424 3668 viri
2460 3615 2620 3686 longe
2652 3615 2981 3682 doctissimi,
3019 3615 3064 3670 si
3101 3615 3256 3670 initio
3291 3616 3457 3686 hujus
3491 3617 3671 3671 saeculi

2093 3719 2282 3760 revera
2333 3705 2639 3775 scripserit,
2680 3716 2741 3761 ut
2773 3708 3140 3773 arbitramur,
3177 3708 3671 3765 luculentissimum

2093 3796 2466 3851 testimonium
2503 3805 2618 3864 est;
2672 3799 2925 3870 quisquis
2968 3809 3151 3855 autem
3187 3799 3384 3868 fuerit,
3421 3803 3540 3856 sive
3574 3802 3646 3856 hu

2088 3888 2202 3958 jus,
2237 3889 2353 3944 sive
2385 3892 2666 3960 sequentis
2700 3893 2799 3946 aavi
2834 3893 3091 3964 scriptor,
3128 3895 3281 3950 varia
3317 3895 3383 3950 de
3417 3895 3524 3950 hoe
3558 3895 3670 3966 ipso

2090 3979 2212 4035 loco
2247 3981 2532 4036 hominum
2565 3982 2776 4052 judicia
2810 3983 3222 4056 lgnatianorum
3260 3987 3667 4050 auctoritatem,

2089 4081 2150 4127 ut
2183 4071 2440 4142 deinceps
2474 4073 2860 4140 ostendemus,
2897 4077 3194 4145 plurimum
3244 4077 3667 4132 conﬁrmabunt.

2162 4159 2451 4219 Secundus
2494 4163 2660 4234 hujus
2711 4165 2810 4219 avi
2863 4166 3019 4220 testis
3052 4178 3136 4220 est
3169 4165 3438 4220 Eusebius
3483 4166 3669 4221 Caesa-

2090 4253 2292 4309 riensis
2321 4255 2646 4324 episcopus,
2696 4257 2790 4326 qui
2825 4257 3030 4311 multos
3083 4255 3337 4327 Origenis
3369 4256 3668 4327 discipulos

2089 4346 2246 4401 vidit.
2285 4345 2334 4402 ls
2368 4357 2547 4401 autem
2583 4363 2707 4402 cum
2743 4348 2990 4419 singulos
3023 4349 3346 4404 nominatim
3381 4365 3667 4405 recensere

400 4438 592 4509 τόνησε
640 4436 1019 4510 πρεσϐευτάς,
1055 4440 1214 4508 plane
1267 4450 1326 4495 ut
1377 4443 1519 4511 apud
1576 4444 1842 4514 lgnatium
1886 4463 1981 4502 no-

2109 4455 2198 4494 ton
2234 4447 2437 4510 posset,
2462 4440 2555 4509 qui
2592 4440 2783 4509 primis
2817 4441 3128 4510 apostolicae
3147 4441 3517 4497 successionis
3535 4450 3668 4496 temo

349 4537 351 4539 ’
401 4539 575 4587 stram
599 4529 828 4600 epistola
871 4531 937 4584 ad
976 4528 1308 4600 Smyrnaeos,
1352 4534 1725 4606 χειροτονῆσαι
1760 4538 1985 4612 θεοπρε-

403 4617 655 4690 σϐευτήν,
687 4630 741 4674 et
772 4619 837 4673 ad
876 4618 1280 4690 Magnesianos,
1329 4624 1704 4695 χειροτονῆσαι
1737 4627 1986 4682 διάκονον

400 4709 481 4772 εἰς
511 4708 570 4761 τὸ
604 4709 935 4782 πρεσϐεῦσαι
958 4713 1074 4764 ἐκεῖ
1091 4711 1225 4764 Θεοῦ
1248 4713 1565 4785 πρεσϐείαν·
1593 4717 1862 4773 habemus
1886 4734 1982 4775 eos

402 4799 607 4869 legatos
656 4816 687 4853 a
737 4799 1033 4876 Pcregrino
1076 4805 1375 4873 appellatos
1407 4808 1884 4880 νερτεροδρόμους,
1924 4820 1983 4866 ut

399 4891 540 4959 apud
575 4888 862 4961 lgnatium,
887 4894 1262 4965 χειροτονῆσαί
1281 4914 1420 4962 τινα,
1454 4898 1513 4964 ὃς
1545 4899 1832 4970 δυνήσεται
1867 4902 1983 4954 θεο-

395 4981 595 5053 ὂρόμος
629 4981 929 5038 καλεῖσθαι.
967 4985 1024 5039 Si
1059 4987 1186 5042 huic
1213 4987 1542 5057 conjectura:
1571 4991 1724 5046 locus
1756 4991 1848 5058 sit,
1880 4993 1980 5049 bas

394 5072 655 5141 epistolas
682 5088 820 5143 quas
846 5073 1190 5131 defendimus
1221 5079 1390 5147 probe
1433 5080 1586 5134 novit
1628 5079 1976 5152 Peregrinus,

396 5161 490 5231 qui
521 5174 644 5218 ante
672 5165 995 5234 martyrium
1029 5165 1220 5236 lgnatii
1253 5177 1436 5234 natus,
1461 5179 1584 5238 post
1611 5173 1850 5227 medium
1873 5190 1975 5229 sa:-

395 5254 506 5308 culi
539 5256 766 5309 secundi
798 5256 1035 5313 ilammis
1063 5274 1120 5313 se
1142 5259 1309 5314 dedit.

467 5342 636 5400 Tertii
692 5349 913 5417 quidem
964 5352 1150 5405 saeculi
1195 5353 1492 5423 scriptores
1528 5356 1972 5425 ecclesiasticos,

395 5437 697 5506 praesertim
741 5438 980 5508 Graecos,
1014 5443 1216 5512 quibus
1247 5447 1486 5500 maxime
1511 5456 1624 5501 tum
1672 5457 1836 5504 notus
1874 5449 1977 5504 fuit

399 5526 457 5580 S.
493 5526 755 5598 lgnatius,
788 5532 1052 5589 habemus
1079 5549 1211 5590 sane
1252 5539 1572 5608 superstites
1607 5542 1975 5610 perpaucissi~

396 5633 549 5685 mos;
580 5635 814 5690 quorum
839 5625 1146 5694 praecipuus
1166 5625 1454 5700 Origenes,
1488 5631 1679 5687 eodem
1703 5649 1813 5702 quo
1843 5634 1974 5690 scri-

397 5711 505 5770 psit
531 5709 774 5777 lgnatius
811 5729 925 5772 aevo
963 5728 1149 5787 natus,
1172 5729 1224 5776 et
1264 5721 1432 5779 rebus
1457 5721 1777 5792 theologicis
1807 5724 1972 5780 innu-

2088 4532 2315 4600 poribus
2349 4531 2642 4597 antistites,
2679 4539 2773 4586 aut
2807 4533 3153 4602 evangelista:
3185 4531 3436 4600 fuerant,
3472 4549 3665 4589 eorum

2085 4623 2352 4677 duntaxat
2386 4622 2609 4676 nomina
2643 4638 2927 4678 recensere
2951 4624 3162 4690 statuit,
3191 4640 3428 4696 quorum
3463 4640 3666 4680 monu-

2089 4714 2289 4769 mentis
2325 4715 2639 4783 apostolicae
2682 4716 2945 4770 doctrinae
2982 4717 3204 4771 traditio
3250 4717 3316 4772 ad
3351 4733 3450 4774 sua
3489 4733 3665 4789 usque

2084 4815 2329 4874 tempora
2365 4805 2662 4862 ferebatur.
2702 4805 2845 4861 Hist.
2875 4809 3056 4863 eccles.
3091 4851 3104 4875 ,
3142 4809 3178 4864 l.
3218 4825 3300 4876 nt,
3337 4825 3387 4864 c.
3425 4810 3517 4877 57,
3555 4811 3624 4866 58
3646 4826 3663 4864 :

2111 4897 2296 4970 Ωσπερ
2329 4893 2421 4951 οὗν
2448 4899 2639 4970 ἀμέλει
2672 4899 2765 4953 τοῦ
2813 4901 3074 4973 Ἰγνατίου
3097 4905 3155 4955 ὲν
3189 4897 3277 4966 αῖς
3298 4901 3665 4976 κατελέξαμεν

2080 4989 2392 5055 ἐπιστολαῖς
2415 5031 2429 5056 ,
2485 4992 2578 5045 uel.
2626 4993 2720 5046 τοῦ
2754 4995 3070 5066 Κλήμεντος
3103 4997 3161 5050 ὲν
3208 4998 3272 5067 τῇ
3309 4995 3658 5069 ἀνωμολογη⁴

2083 5082 2221 5155 μένῃ
2253 5083 2403 5154 παρὰ
2436 5085 2620 5138 πᾶσιν.
2660 5084 2814 5150 Quod
2848 5089 3047 5156 factum
3073 5096 3150 5143 est
3171 5089 3223 5142 in
3241 5088 3477 5158 epistolis
3503 5085 3663 5159 Igna-

2081 5174 2143 5226 tii
2167 5191 2298 5243 quas
2327 5177 2705 5242 recensuimtts,
2728 5189 2776 5231 et
2802 5177 3080 5233 Clementis
3097 5179 3194 5233 illa
3224 5183 3288 5232 ab
3319 5179 3562 5234 omnibus
3583 5198 3661 5236 νε·-

2083 5275 2250 5336 cepta.
2302 5265 2575 5323 Eusebius
2624 5268 2810 5339 igitur,
2863 5286 3028 5325 unam
3081 5269 3416 5338 Clementis,
3469 5272 3662 5345 plures

2077 5353 2271 5426 lguatii
2306 5360 2569 5429 epistolas
2603 5361 2972 5430 pr0ponebat,
3009 5373 3070 5418 ut
3103 5365 3490 5434 antiquissima
3526 5380 3658 5435 apo-

2077 5449 2282 5504 stolicae
2335 5452 2994 5524 successionis‘scripta,
3045 5465 3101 5510 et
3146 5458 3522 5526 apostolorum
3559 5457 3658 5512 do-

2076 5543 2266 5599 ctrinte
2299 5544 2645 5599 traditionem
2670 5546 3028 5602 continentia.
3053 5546 3163 5603 illae
3183 5559 3364 5605 autem
3387 5551 3653 5621 epistola.

2074 5651 2213 5706 quas
2249 5646 2531 5708 tantopere
2578 5638 2820 5694 laudavit
2855 5639 3126 5696 Eusebius
3151 5683 3167 5706 ,
3204 5641 3496 5712 ipsissimte
3529 5653 3660 5699 sunt

2075 5743 2210 5795 quas
2258 5745 2361 5787 nos
2409 5729 2712 5796 habemus,
2746 5740 2800 5787 et
2851 5732 3218 5789 defendimus.
3276 5731 3466 5791 Tradit
3507 5733 3653 5790 cuia
