3786 6304
127 339 178 395 8|
858 342 907 400 J.
947 344 1314 401 PEARSONII
1347 344 1671 404 V'INDICUE
1713 346 2134 410 IGNATIANE.
2174 379 2245 393 --
2277 352 2459 409 PARS
2486 351 2528 409 Ι.
3272 358 3342 412 8?.

133 456 251 511 Hist.
280 456 469 523 παίει,
505 456 540 513 l.
576 467 661 522 ιιι.
698 473 749 522 c.
788 448 1167 532 56,lgnatium
1202 481 1300 536 per
1332 468 1516 522 Asiam
1553 468 1656 523 sub
1685 471 1731 527 Α
1762 467 1941 522 adhuc
1978 470 2209 527 Arimini
2234 472 2478 542 synodus
2513 471 2767 537 luet-cret,
2795 472 2902 530 hoc
2931 485 3035 537 est,
3063 476 3209 531 circa
3244 487 3336 531 an-

126 547 491 602 accuratissfma
526 549 819 606 satellitum
855 556 1103 609 custodia
1138 556 1386 620 ductum,
1414 558 1657 629 singula-
1761 574 1892 613 num
1926 559 2131 615 Christi
2163 560 2269 615 360
2313 564 2547 631 scripta,
2592 561 2697 617 hoc
2740 563 2898 619 nobis
2944 565 3156 622 illustre
3191 576 3347 622 testi-

125 656 225 695 rum
257 640 516 695 civitatum
551 658 691 711 quas
727 644 1009 715 ingressus
1042 658 1127 704 est
1160 650 1420 705 ecclesias
1445 668 1655 707 sermo-

126 733 257 785 nibus
285 741 333 785 et
362 733 827 792 cohortationibus
859 739 1239 808 conﬁrmasse,
1275 753 1438 814 atque
1477 745 1653 816 inpri~

123 826 208 877 mis
235 826 529 891 monuisse,
566 838 627 882 ut
661 830 729 884 ab
761 831 1062 891 haeresibus
1097 848 1357 893 caverent
1390 849 1505 893 tum
1542 841 1653 908 pri-

120 930 241 969 mum
271 918 478 974 exortis.
505 930 556 975 et
578 921 1070 993 invalescentibus;
1102 929 1490 1003 hortatumque
1507 946 1650 1003 esse,

120 1014 167 1061 ut
208 1010 556 1077 apostolorum
613 1017 892 1074 traditioni
948 1016 1214 1079 tenaciter
1277 1029 1651 1101 adhaerereut,

120 1114 274 1167 quam,
306 1104 522 1158 cautelae
557 1109 754 1176 gratia,
791 1113 956 1168 etiam
993 1116 1217 1188 scriptis
1250 1122 1515 1177 mandare
1548 1138 1648 1177 ne-

116 1192 370 1247 cessarium
434 1196 608 1253 duxit.
656 1199 840 1267 Quare
882 1222 1006 1262 cum
1060 1209 1308 1283 Smyrnae
1353 1226 1520 1282 esset,
1562 1219 1648 1273 in-

117 1284 227 1350 quit,
256 1294 480 1354 quatuor
512 1293 775 1360 epistolas
810 1300 1062 1370 scripsit,
1101 1306 1168 1359 ad
1205 1304 1494 1376 Ephesios,
1532 1310 1647 1367 Ma-

116 1376 393 1444 guesianos,
429 1380 734 1443 Trallianos
760 1432 775 1455 ,
823 1388 1135 1463 Romanos;
1172 1414 1200 1453 a
1237 1398 1452 1457 Troade
1499 1410 1643 1470 tres,

116 1468 665 1562 sdrPhiladelphenses,
704 1482 769 1536 ad
807 1482 1119 1556 Smyrnteos
1145 1533 1159 1555 ,
1195 1502 1249 1546 et
1285 1492 1539 1562 privatim
1575 1468 1645 1550 ad

113 1556 441 1655 Polycarpum.
481 1566 607 1625 Haec
629 1574 814 1629 omnia
838 1576 1255 1647 diligentissime
1284 1556 1351 1638 ex
1378 1585 1511 1654 ipsis
1528 1588 1645 1655 epi-

113 1652 253 1717 stolis,
284 1664 340 1709 ut
387 1658 580 1727 opinor
605 1702 619 1725 ,
657 1664 973 1723 observavit
1019 1670 1318 1743 Eusebius;
1354 1652 1641 1746 epistolam

112 1746 226 1800 cnim
255 1750 315 1802 ad
348 1749 613 1820 Ephesios
639 1754 889 1829 Smyrnae
918 1762 1179 1833 scriptam
1206 1763 1377 1823 fuisse
1411 1767 1526 1837 ipsa
1561 1776 1644 1826 te-

112 1846 251 1893 statur
281 1858 293 1893 :
332 1841 607 1902 Unanimis
638 1850 904 1906 vobiscum
935 1871 1048 1925 ego,
1073 1866 1123 1911 et
1149 1875 1301 1929 quem
1332 1862 1554 1917 misistis
1585 1864 1641 1917 in

112 1933 186 1986 Dei
213 1935 433 1991 honorem
464 1940 519 1993 in
558 1940 865 2012 Smyrnam,
909 1949 1047 2002 unde
1071 1959 1121 2004 et
1155 1953 1328 2007 scribo
1351 1957 1513 2013 vobis.
1556 1959 1639 2015 Ad

110 2023 366 2096 Magnesios
402 2049 414 2085 :
451 2030 709 2088 Salutant
733 2054 820 2090 vos
849 2037 1060 2107 Ephesii
1090 2060 1122 2095 a
1151 2043 1403 2115 Smyrna,
1425 2052 1563 2104 unde
1589 2062 1639 2106 et

109 2118 242 2211 scribo
262 2121 411 2179 vobis.
442 2123 524 2177 Ad
558 2124 869 2186 Trallianos
908 2150 922 2185 :
960 2132 1147 2189 Saluto
1192 2155 1280 2192 vos
1320 2157 1352 2193 α
1384 2140 1636 2211 Smyrna.

108 2208 170 2305 Ad
198 2209 446 2269 Romanos
484 2235 497 2268 :
536 2216 727 2273 Scriba
773 2232 946 2276 autent
978 2227 1121 2280 vobis
1158 2228 1269 2284 ha’c
1305 2250 1337 2285 a
1385 2208 1635 2305 Smyrna.

108 2294 213 2400 Tres
234 2301 452 2371 reliquas
486 2308 753 2377 epistolas
800 2311 1012 2370 Troade
1057 2318 1293 2389 scriptas
1336 2294 1527 2393 fuisse,
1569 2344 1636 2383 ex

108 2395 209 2454 ipsis
252 2395 441 2462 pariter
492 2410 665 2468 patet.
703 2403 784 2457 Ad
829 2404 1317 2479 Philadelphenses
1356 2434 1371 2471 ε
1420 2416 1636 2474 Salutat

106 2496 171 2532 ros
190 2484 392 2540 Charitas
410 2491 722 2559 multorum,
748 2497 841 2565 qui
876 2499 928 2552 in
970 2499 1195 2567 Troade,
1225 2506 1361 2560 unde
1390 2518 1441 2561 et
1462 2513 1635 2567 scribo

105 2572 215 2625 robis
232 2594 311 2643 per
346 2580 600 2638 Burrum.
634 2586 715 2640 Ad
754 2587 1103 2661 Smyrnzeos:
1140 2593 1357 2653 Salutat
1392 2619 1477 2657 vos
1509 2607 1635 2659 cha-

105 2664 206 2762 ritas
231 2668 459 2735 fratrum,
486 2677 582 2745 qui
610 2678 666 2730 in
698 2677 924 2747 Troade,
946 2685 1085 2739 unde
1107 2696 1156 2740 et
1179 2689 1351 2744 scribo
1381 2694 1521 2747 vobis
1543 2710 1635 2762 per

105 2754 306 2850 liurram.
336 2763 404 2819 Ad
439 2765 804 2839 Polycarpum
845 2793 857 2828 :
896 2775 1036 2840 Quia
1079 2782 1243 2850 igitur
1272 2786 1514 2841 omnibus
1543 2754 1631 2843 ec-

103 2846 239 2947 etesiis
270 2867 363 2950 non
396 2858 546 2923 potui
584 2860 849 2927 scribere,
889 2877 1103 2936 propter
1133 2883 1339 2941 repente
1383 2879 1632 2950 navigare

103 2942 229 3041 mena
269 2942 461 3041 Troade
501 2950 557 3003 in
610 2950 932 3023 Neapolim,
981 2968 1035 3011 ut
1074 2962 1319 3020 voluntas
1367 2942 1627 3041 praecipit,

102 3033 253 3131 tribes
286 3036 399 3091 aliis
428 3042 686 3097 ecclesiis.
724 3043 993 3105 Observat
1027 3050 1319 3122 Eusebius,
1358 3033 1626 3131 lgnatiuni

1758 650 2003 705 monium
2038 652 2263 721 praebet.
2306 652 2378 707 De
2414 654 2653 723 synodis,
2680 672 2732 724 p.
2760 654 2903 708 922:
2943 657 3200 724 Ἰγνάτιος
3220 653 3333 720 οὖν,

1754 743 1783 794 ὁ
1816 742 1954 812 μετὰ
1987 745 2111 807 τοὺς
2161 744 2494 809 ἀποστόλους
2543 748 2601 799 ὲν
2646 746 2942 819 Ἀντιοχείᾳ
2975 747 3333 808 κατασταθεὶς

1754 834 2079 905 ἐπίσκοποςι
2096 836 2188 890 καὶ
2226 837 2437 908 μάρτυς
2470 837 2563 891 τοῦ
2597 838 2833 910 Χριστοῦ
2868 840 3179 910 γενόμενος,
3201 842 3325 911 γρά-

1754 945 1870 997 φων
1904 928 2032 1001 περὶ
2065 929 2159 982 τοῦ
2193 930 2400 1001 Κυρίου
2434 930 2672 1003 εἴρηκεν·
2694 929 3155 1000 Εἶςιατρόςέστι
3187 950 3325 1002 σαι-

1750 1022 1919 1087 κικὸς
1964 1022 2062 1074 καὶ
2109 1021 2546 1091 πνευματικὸς,
2592 1024 2842 1094 γενητὸς
2889 1025 2987 1079 καὶ
3021 1025 3325 1095 ἀγένητος.

1749 1111 1819 1166 ἐν
1844 1109 2135 1181 ἀνθρώπῳ
2171 1112 2332 1180 Θεὸς,
2365 1113 2437 1167 ἐν
2482 1112 2714 1179 θανάτῳ
2757 1115 2868 1184 ζωὴ
2901 1116 3158 1185 ἀληθινὴ
3181 1158 3197 1182 ,
3233 1116 3331 1171 καὶ

1748 1204 1817 1258 ἐκ
1848 1205 2079 1272 Μαρίας
2111 1206 2209 1258 καὶ
2243 1205 2311 1258 ἐκ
2347 1206 2516 1261 Θεοῦ.
2557 1203 2798 1278 Ignatius
2842 1208 3010 1278 igitur
3057 1211 3169 1279 qui,
3208 1218 3329 1279 post

1749 1297 2038 1366 apostolos,
2056 1296 2351 1351 Antiochice
2372 1296 2978 1366 episcOpusponstitutus
2994 1306 3098 1364 est,
3115 1308 3162 1352 et
3182 1314 3327 1350 mar-

1748 1398 1833 1458 tyr
1861 1387 2063 1442 Christi
2095 1389 2250 1457 {uit,.
2272 1389 2504 1443 scribens
2546 1387 2609 1442 de
2638 1387 2868 1444 Domino
2909 1390 3094 1444 dixit:
3130 1410 3147 1440 ε
3182 1389 3327 1444 Unus

1745 1480 1980 1533 medicus
2024 1489 2122 1545 est,
2164 1480 2401 1535 carnalis
2452 1490 2501 1533 et
2543 1480 2879 1551 spiritualis,
2904 1481 3079 1549 fartus
3125 1491 3175 1535 et
3221 1498 3325 1534 non

1745 1571 1943 1640 factus,
1965 1571 2021 1624 in
2046 1572 2257 1626 homine
2281 1571 2440 1635 Deus,
2468 1572 2520 1624 in
2548 1580 2714 1625 morte
2743 1573 2851 1625 rita
2882 1588 3023 1637 vera,
3051 1583 3100 1627 et
3126 1588 3191 1625 ex
3213 1571 3328 1626 Ma-

1745 1659 1826 1713 ria
1856 1670 1904 1713 et
1934 1675 2000 1713 ea:
2014 1658 2310 1717 Deo.sHa3c
2336 1661 2481 1715 enim
2511 1661 2675 1715 verba
2704 1677 2766 1716 ex
2793 1661 3037 1731 Epistola
3059 1662 3125 1716 ad
3152 1661 3327 1732 Ephe-

1744 1751 1858 1806 sios
1889 1760 2021 1806 sunt
2057 1753 2384 1821 transcripta
2408 1793 2425 1818 ,
2462 1767 2628 1822 quam
2675 1752 2965 1822 scripsisse
2997 1768 3104 1807 non
3141 1754 3325 1807 larva-

1673 1819 1715 1875 B
1746 1853 1856 1897 tum
1891 1844 2129 1912 aliquem
2156 1819 2423 1914 lgnatiuin
2443 1885 2457 1907 ,
2480 1819 2578 1898 sed
2604 1819 2803 1899 verum—
2833 1844 3010 1911 illum,
3049 1845 3326 1915 apostolo-

1743 1951 1865 1990 rum
1898 1951 2296 1998 successorem,
2332 1944 2387 1990 et
2411 1944 2705 2007 martyrem
2741 1945 2973 1991 testatur
2996 1935 3054 1990 S.
3087 1936 3326 1989 Athana‘

1742 2030 1878 2081 sius.
1913 2026 2056 2081 Idem
2105 2028 2267 2097 paulo
2318 2038 2484 2097 post:
2530 2028 2587 2081 '0
2624 2029 2893 2100 μακάριος
2940 2029 3199 2098 Ἰγνάτιος
3231 2030 3323 2100 ὀρ-

1741 2118 1846 2181 θῶς
1882 2118 2087 2190 ἔγραψε
2110 2158 2125 2179 ,
2160 2119 2385 2189 γενητὸν
2418 2119 2578 2173 αὐτὸν
2611 2118 2786 2187 λέγων
2815 2120 2904 2174 διὰ
2936 2120 3031 2191 τὴν
3067 2121 3265 2192 σάρκα,
3290 2121 3321 2172 ὁ

1738 2210 1847 2280 γὰρ
1868 2208 2103 2281 Χριστὸς
2125 2207 2262 2279 σὰρξ
2294 2208 2528 2277 ἐγένετοσ
2565 2209 2829 2280 ἀγένητον
2860 2211 2943 2273 δὲ,
2971 2211 3053 2263 ὅτι
3093 2210 3166 2281 μὴ
3210 2210 3318 2263 τῶν

1739 2301 2060 2372 ποιημάτων
2094 2302 2186 2355 καὶ
2217 2300 2461 2371 γενητῶν
2496 2303 2663 2367 ἐστιν,
2698 2303 2835 2357 ἀλλὰ
2856 2302 2983 2367 Υἱὸς
3002 2306 3065 2356 ἐκ
3083 2303 3315 2375 Πατρός.

1738 2393 1895 2447 Recte
1924 2394 2140 2462 scripsit
2166 2395 2346 2447 beatus
2371 2391 2641 2463 Ignatius,
2666 2395 2865 2464 factum
2889 2412 3008 2447 eum
3044 2397 3222 2449 dicens
3253 2396 3316 2448 ob

1737 2503 1980 2553 carnem;
2010 2487 2254 2543 Christus
2296 2491 2432 2544 enim
2468 2504 2591 2541 caro
2620 2488 2794 2557 factus
2837 2498 2945 2551 est;
2974 2505 3077 2543 non
3114 2488 3317 2556 factum

1737 2589 1945 2646 autent,
1987 2581 2126 2651 quod
2172 2599 2274 2635 non
2313 2584 2381 2635 sit
2418 2598 2481 2636 ex
2516 2581 2775 2635 creaturis
2798 2621 2812 2645 ,
2838 2589 2886 2633 et
2926 2581 2993 2633 iis
3017 2596 3133 2650 qua:
3171 2579 3316 2647 facta

1735 2683 1880 2745 sunt,
1908 2676 1995 2726 sed
2023 2672 2197 2729 Filius
2225 2692 2253 2729 e
2282 2672 2464 2727 Patre.

1806 2766 1946 2823 Huic
2003 2768 2168 2822 etiam
2220 2768 2422 2822 saeculo
2481 2767 2539 2822 S.
2587 2766 2829 2823 Joannes
2887 2767 3313 2837 Chrysostomus

1735 2859 2093 2915 ascribcndus
2127 2869 2209 2913 est
2248 2879 2260 2913 :
2306 2860 2591 2930 presbyter
2630 2859 2774 2913 enim
2808 2857 3091 2912 ordinatus
3123 2858 3316 2911 Antio-

1735 2950 1873 3007 chia
1913 2966 2059 3005 anno
2102 2951 2228 3016 586,
2264 2950 2740 3020 Constantinopoli
2784 2949 3076 3020 cpiscopus
3118 2964 3313 3004 conse-

1734 3050 1918 3099 cratus
1941 3053 2025 3098 est
2054 3058 2200 3098 anno
2232 3042 2356 3101 598.
2394 3042 2529 3095 Dum
2567 3052 2746 3096 autem
2801 3042 3103 3097 Antiochiae
3145 3049 3311 3107 esset,

102 3121 362 3193 ί¹¹θβῖεῑο¹³
397 3132 462 3186 ad
503 3133 780 3204 Ephesios
814 3138 1058 3197 OneSimi
1109 3121 1353 3215 ipsorum
1382 3121 1628 3221 ᾖεειοιρῖε
1656 3156 1699 3214 C
1732 3136 2051 3206 praeclaram
2128 3136 2183 3188 in
2255 3134 2312 3189 S.
2379 3133 2569 3204 lgnatii
2628 3133 2947 3204 martyrium
3006 3132 3309 3186 orationem

103 3218 396 3289 meminisse,
432 3225 487 3279 in
528 3227 763 3297 epistola
800 3233 865 3286 ad
903 3234 1215 3306 Magnesios
1254 3218 1475 3299 Damam
1514 3249 1628 3317 cpi-

102 3320 277 3376 scopum
310 3317 653 3385 nominasse,
692 3322 745 3375 in
793 3325 1027 3394 epistola
1071 3330 1137 3384 ad
1174 3328 1485 3391 Trallianos
1523 3337 1627 3393 Po-

102 3394 196 3461 lybii
223 3404 462 3463 antistitis
496 3413 841 3469 mentionem
878 3416 1106 3487 fecisse;
1132 3436 1273 3491 quos
1308 3442 1500 3482 onmes
1530 3446 1625 3485 ca-

101 3492 295 3549 rumdem
346 3498 719 3559 Ecclesiarum
784 3509 1072 3581 episcopos
1124 3524 1325 3572 nostra:
1382 3520 1627 3589 epistolae

102 3592 364 3679 agnoscunt.
386 3590 525 3647 Dicit
558 3610 687 3650 eum
723 3597 1025 3672 Polycarpo
1059 3605 1409 3665 Antiochense
1437 3610 1628 3669 Eccle-

102 3685 366 3767 5|39§regetli
390 3688 831 3758 commendasse,
860 3708 1193 3767 rogasseque
1228 3710 1284 3755 ut
1308 3704 1459 3758 omni
1491 3721 1623 3761 cura

101 3764 389 3865 etdiligentia
421 3776 573 3833 illum
616 3778 800 3839 fovere
830 3786 1011 3853 vellet,
1041 3764 1187 3859 quod
1211 3792 1264 3845 in
1290 3796 1517 3865 epistola
1554 3800 1621 3855 ad

219 3860 326 3958 (lata
357 3868 610 3936 pluribus
644 3886 917 3946 narratur.
955 3878 1134 3953 Pergit
1169 3860 1418 3953 ulterius,
1454 3902 1507 3945 et
1543 3894 1623 3958 εἰς

102 3944 301 4043 ξπίδειξιν
343 3960 447 4014 τῶν
486 3966 801 4035 εἰρημένων
824 4010 839 4038 ,
872 3986 940 4025 ex
976 3974 1203 4043 epistola
1243 3980 1309 4033 ad
1346 3979 1622 4042 Romanos

101 4036 203 4145 iteite
241 4047 435 4145 longam
492 4056 661 4128 ῥῆσιν
726 4036 1026 4133 excerpit;
1059 4078 1119 4121 ut
1182 4069 1300 4139 ipse
1352 4036 1619 4145 loquitur,

101 4131 389 4238 teti‘iégw-
432 4144 566 4199 Ἀπὸ
615 4148 816 4221 Συρίας
870 4131 1030 4226 μέχρι
1090 4131 1308 4232 Ῥώιίιης
1358 4131 1623 4238 θηριομαί

100 4234 308 4325 κωηθιεη
339 4249 457 4305 qua:
494 4241 735 4296 versioni
770 4254 974 4302 nostrae
1007 4247 1216 4304 Latium
1249 4234 1476 4322 prorsus
1498 4234 1623 4313 con-

100 4322 294 4387 veniunt,
325 4327 457 4382 adeo
488 4340 553 4385 ut
588 4332 704 4389 haec
740 4340 1049 4395 accuratior
1079 4342 1149 4398 sit
1174 4342 1616 4404 Euschianorum

102 4404 344 4502 ξνῇηςιιιιίο,
375 4434 536 4487 quam
575 4423 660 4475 vel
710 4422 1133 4499 llieronymiana
1166 4433 1251 4489 vel
1287 4434 1614 4495 Rulliniana.

101 4490 232 4592 Aliam
261 4505 409 4561 etiam
443 4526 511 4565 ex
557 4510 801 4581 Epistola
837 4490 1255 4592 ad'Smyrnazos
1289 4490 1615 4585 sententiam

102 4589 400 4685 litanscripsit,
434 4618 560 4671 quae
594 4608 649 4660 in
686 4611 891 4666 nostris
927 4589 1209 4671 codicibus
1232 4620 1465 4685 totidem,
1492 4638 1617 4677 ver.-

101 4670 349 4782 ljﬂs‘esstat.
398 4690 647 4766 Denique
694 4700 759 4754 ad
800 4703 1230 4762 conﬁrmandam
1274 4712 1615 4781 superiorem

101 4764 147 4819 de
172 4770 238 4865 bis
266 4787 646 4856 narrationem,
682 4792 966 4865 Polycarpi
994 4806 1049 4851 et
1079 4797 1267 4855 Irenaei
1304 4764 1617 4861 tristimonio

101 4861 273 4963 profert,
302 4874 364 4927 de
396 4881 600 4946 quibus
635 4894 761 4938 ante
784 4861 1080 4957 idixi—mus,
1115 4900 1168 4947 et
1207 4904 1394 4963 postea
1430 4896 1617 4952 dicen-

101 4948 194 5058 tiulm
221 4963 325 5017 erit.
361 4965 481 5026 Haec
516 4984 647 5029 sunt
680 4976 748 5032 ab
780 4977 1018 5038 Eusebio
1048 4948 1183 5039 adeo
1208 4948 1617 5058 diligenter:

102 5045 362 5145 culenteque
392 5067 661 5133 exposita,
698 5078 757 5123 ut
783 5064 1013 5129 Dallaeus
1046 5075 1161 5145 ipse
1186 5045 1387 5133 dixeijit
1415 5096 1427 5132 :
1451 5078 1615 5134 Fate-

102 5148 189 5240 ’ξων
218 5141 477 5240 Eusebium
516 5158 639 5212 illos
683 5162 935 5230 epistolas
968 5184 1265 5236 agnoscere,
1294 5182 1341 5223 et
1375 5188 1468 5240 pro
1500 5189 1615 5227 vere

103 5222 340 5333 {linat-tonis
365 5243 553 5300 habere
584 5266 601 5303 :
627 5268 787 5320 neque
811 5256 1213 5312 dissimulamus
1247 5277 1333 5315 eas
1351 5304 1365 5327 ,
1399 5262 1463 5316 de
1491 5264 1612 5333 qni-

102 5317 268 5425 l'utnille
288 5337 431 5390 verba
460 5340 619 5407 facit,
655 5344 749 5398 has
773 5347 917 5415 ipsas
952 5349 1116 5417 fuisse
1163 5317 1613 5425 videriiquce'his

102 5410 215 5518 lifdl'e
244 5430 523 5486 nominibus
554 5436 1023 5507 circumferuntur,
1055 5445 1233 5514 quales
1259 5464 1346 5500 eas
1379 5464 1614 5503 reveren-

103 5500 296 5567 dusimus
321 5516 559 5578 Usserius
576 5525 764 5583 Latine
780 5546 800 5594 ;
816 5533 1209 5590 eruditissimus
1225 5536 1438 5592 Vossius
1465 5539 1614 5595 (ira:-

93 5606 235 5709 k‘ﬂptf
261 5602 397 5709 libris
429 5612 523 5667 ille
555 5617 884 5709 Anglicanis,
908 5623 993 5677 hic
1027 5624 1276 5681 Mediceis
1309 5629 1609 5684 ediderunt.

154 5683 351 5792 Eusebio
382 5707 628 5761 succedit
658 5710 1015 5780 Athanasius,
1050 5732 1179 5773 vere
1211 5735 1442 5790 magnus
1466 5762 1481 5788 ,
1516 5721 1610 5791 qui

106 5770 357 5851 laepistola
399 5793 466 5851 dc
512 5800 734 5866 synodis
776 5770 1014 5862 Arimini
1058 5770 1600 5878 assimilis.”

1735 3228 1946 3291 habuit,
1974 3228 2028 3281 in
2059 3243 2167 3297 qua
2197 3227 2363 3280 verba
2397 3227 2537 3295 ejus,
2575 3241 2697 3294 qute
2729 3232 2860 3278 sunt
2888 3224 2941 3277 in
2974 3222 3214 3292 Epistola
3241 3223 3309 3276 ad

1735 3316 2016 3371 Romanos
2072 3317 2313 3376 adducit.
2366 3314 2521 3369 Tom.
2565 3313 2629 3376 V,
2666 3324 2806 3368 orat.
2852 3314 2940 3378 70,
2999 3329 3122 3384 pag.
3180 3313 3305 3367 504:

1743 3409 2008 3472 ’Δκούσας
2040 3408 2148 3479 γὰρ
2198 3409 2279 3461 ὅτι
2312 3402 2465 3470 οὗτος
2497 3406 2660 3462 αὑτὸν
2691 3404 2791 3475 τῆς
2824 3402 3090 3474 τιμωρίας
3122 3405 3150 3456 ὀ
3181 3402 3308 3474 τρό-

1729 3517 1830 3564 πος
1883 3500 2051 3571 μένει,
2100 3498 2241 3568 Ἐγὼ
2293 3499 2412 3552 τῶν
2473 3500 2692 3564 θηρίων
2752 3498 2999 3550 ἐκείνων
3030 3496 3305 3563 ὀναίμην,

1727 3591 1899 3661 ἔλεγε
1935 3590 2162 3645 τοιοῦτοι
2213 3592 2321 3662 γὰρ
2355 3591 2403 3643 οἱ
2438 3588 2670 3661 ἐρῶντες
2694 3607 2708 3620 ο
2742 3590 2877 3660 ὅπερ
2925 3588 2991 3640 ἂν
3024 3587 3307 3656 πάσχωσιν

1728 3684 1867 3755 ὑπὲρ
1918 3683 2025 3735 τῶν
2083 3682 2375 3755 ἐρωμένων
2436 3680 2554 3752 μεθ’
2615 3680 2806 3751 ἡδονῆς
2852 3679 3114 3749 δέχονται.
3170 3675 3307 3731 Cum

1725 3778 1863 3832 enim
1890 3777 2198 3843 audivisset,
2227 3774 2363 3847 quod
2393 3776 2477 3828 hic
2497 3790 2613 3828 eum
2636 3773 2884 3843 supplicii
2910 3773 3096 3826 modus
3127 3788 3307 3827 mane-

1726 3878 1827 3935 ret,
1864 3888 1883 3921 t
1910 3868 2128 3923 Utinam
2157 3884 2249 3938 ego
2280 3867 2389 3921 illis
2414 3866 2593 3920 bestiis
2619 3865 2797 3935 fruar,
2825 3884 2844 3917 ι
2870 3865 3162 3934 inquiebat.
3196 3863 3305 3917 Ta-

1724 3960 1798 4016 les
1820 3963 1959 4015 enim
1982 3970 2109 4014 sunt
2130 3962 2223 4030 qui
2246 3970 2433 4014 amant
2455 3975 2474 4024 ;
2495 3958 2752 4029 quidquid
2767 3974 2861 4027 pro
2880 3958 2946 4012 iis
2963 3973 3094 4027 quos
3122 3968 3305 4011 amant

1724 4054 2023 4123 patiantur,
2055 4068 2176 4112 eum
2204 4050 2467 4120 voluptate
2492 4050 2692 4119 ferunt.
2715 4047 2862 4103 Idem
2889 4064 3085 4103 rursus
3113 4049 3167 4101 in
3188 4064 3293 4101 ora-

1722 4146 1871 4200 tione
1899 4145 2004 4213 ipsi
2032 4143 2337 4214 antiquitus
2363 4142 2645 4207 attributa,
2679 4140 2838 4205 Quod
2856 4156 2991 4194 unus
3029 4137 3227 4192 Veteris
3253 4150 3303 4191 et

1726 4236 1867 4291 Novi
1896 4236 2221 4291 Testamenti
2249 4233 2528 4305 legislator
2557 4234 2650 4299 sit,
2687 4233 2804 4287 haec
2827 4232 3012 4296 habet,
3049 4238 3183 4285 tom.
3213 4228 3299 4289 Vl.

1721 4344 1844 4399 pag.
1882 4327 1988 4383 645
2024 4344 2038 4380 :
2087 4327 2187 4380 Διὰ
2219 4325 2375 4380 τοῦτό
2406 4342 2491 4387 τις
2522 4324 2631 4378 τῶν
2663 4321 2924 4395 ἀρχαίων,
2972 4320 3230 4389 Ἰγνάτιος
3247 4317 3304 4369 δὲ

1720 4419 1891 4491 ὖνομα
1924 4418 2074 4490 αὐτῷ
2097 4458 2112 4485 ,
2146 4411 2300 4481 οὗτος
2337 4416 2603 4488 ἱερωσύνῃ
2637 4416 2731 4470 καὶ
2767 4413 3051 4486 μαρτυρίῳ
3082 4410 3306 4481 διαπρέ-

1648 4494 1695 4551 D
1721 4514 1850 4584 φας.
1870 4511 2201 4567 ἐπιστέλλων
2235 4510 2343 4565 τινὶ
2377 4512 2517 4582 ἱερεῖ
2546 4505 2942 4577 ἐλεγε,Μηδὲν
2973 4504 3119 4559 ἀνευ
3152 4500 3303 4571 γνὼ-

1713 4624 1835 4677 μης
1866 4621 1982 4659 σου
2016 4602 2286 4674 γινέσθω·
2319 4601 2474 4671 μηδὲ
2506 4600 2587 4655 σὺ
2617 4600 2762 4655 ἄνευ
2794 4594 3031 4667 γνώμης
3065 4594 3215 4649 Θεοῦ
3247 4610 3303 4647 τι

1718 4701 1957 4769 πρᾶττε.
2024 4696 2314 4767 Propterea
2375 4694 2596 4765 quidam
2645 4708 2712 4747 ea:
2763 4690 3035 4760 antiquis,
3092 4688 3302 4742 nomine

1720 4789 2000 4862 Ignatius,
2027 4787 2323 4843 sacerdotio
2353 4795 2402 4840 et
2437 4784 2699 4853 martyrio
2734 4785 2914 4836 clarus
2935 4823 2950 4846 ,
2982 4782 3039 4834 in
3075 4780 3301 4849 epistola

1718 4883 1787 4936 ad
1814 4882 2135 4935 sacerdotem
2163 4879 2442 4950 quemdam
2464 4878 2600 4931 dixit
2626 4892 2645 4929 :
2682 4895 2700 4927 ι
2724 4874 2879 4928 Nihil
2903 4875 3016 4928 sine
3042 4872 3299 4927 sententia

1720 4986 1814 5029 tua
1852 4975 1979 5041 ﬁat;
2014 4988 2176 5044 neque
2215 4982 2271 5024 tu
2303 4972 2417 5025 sine
2456 4970 2716 5024 sententia
2756 4966 2854 5023 Dei
2889 4967 3181 5037 quidquam
3216 4964 3301 5032 fn-

1718 5070 1849 5122 cias.
1887 5087 1905 5120 ι
1946 5066 2077 5133 Quae
2104 5064 2331 5119 totidem
2357 5063 2540 5118 verbis
2579 5062 2633 5116 in
2677 5059 2906 5131 epistola
2943 5057 3011 5113 ad
3043 5057 3302 5125 Polycar-

1717 5177 1847 5231 pum
1882 5160 2182 5213 etiamnum
2209 5164 2448 5212 exstant.

1787 5252 1975 5305 Eidem
2011 5266 2125 5305 aevo
2150 5247 2438 5302 tribuenda
2469 5254 2599 5301 sunt
2635 5242 2948 5300 testimonia
2997 5239 3055 5293 S.
3106 5237 3284 5292 Hiero;

1717 5346 1889 5416 nymi,
1941 5343 2037 5412 qui
2092 5356 2238 5395 anno
2271 5340 2340 5393 M
2388 5337 2736 5407 imperatoris
2787 5332 3118 5397 Theodosii,
3151 5332 3299 5387 circa

1716 5455 1923 5496 annum
1965 5437 2181 5492 Domini
2231 5434 2369 5498 595,
2412 5431 2729 5500 Catalogum
2772 5428 3092 5495 scriptorum
3135 5425 3298 5481 eccle-

1715 5510 2057 5587 siasticarum
2098 5543 2159 5585 se
2196 5525 2578 5595 composuisse
2607 5528 2859 5584 testatur,
2894 5519 2947 5572 in
2989 5534 3101 5587 quo
3133 5516 3299 5571 Cata-

1715 5626 1833 5696 logo
1872 5626 1991 5679 hinc
2015 5621 2180 5676 habet
2207 5637 2221 5674 :
2254 5618 2524 5691 lynatius,
2550 5612 2889 5668 Antiocheam
2924 5611 3175 5666 Ecclesia
3199 5620 3300 5664 ter-

1716 5718 1844 5782 tius,
1880 5725 1995 5787 post
2028 5717 2246 5769 Petrum
2282 5707 2582 5779 apostolum
2613 5706 2920 5776 episcopus,
2948 5711 3312 5758 connnovents-

1718 5811 2129 5866 persecutionem
2154 5804 2387 5875 Trojano
2431 5801 2719 5858 damnatus
2744 5800 2813 5857 ad
2834 5798 3049 5854 bestias.
3075 5793 3309 5856 Beatam.
