3814 6198
469 289 541 345 85
681 369 690 382 ⁸
1528 285 1584 340 S.
1627 285 1978 344 lGNATlUS.
2014 319 2078 328 ——
2115 283 2646 345 PROLEGOMENA.
3658 290 3723 343 Ri

469 383 676 461 uinctus
708 404 964 460 mittitur.
992 405 1227 476 Cumque
1268 407 1522 478 navigans
1560 407 1844 478 Smyrnam
1885 409 2054 461 venis-
2087 414 2128 470 Α
2158 411 2281 463 vina
2308 411 2676 465 incarnatione
2705 409 3042 474 sententiam,
3069 415 3126 461 ut
3148 423 3430 478 cognosces
3460 409 3524 463 de
3547 427 3726 464 susce-

467 506 546 550 set
577 496 664 550 ubi
708 496 1036 568 Polycarpus
1083 497 1300 552 auditor
1341 496 1570 552 Joannis
1599 500 1872 568 episcopus
1913 507 2048 564 erat,

465 591 678 660 scripsit
701 607 860 643 unam
879 588 1157 659 epistolam
1181 589 1250 642 ad
1277 589 1557 660 Ephesios,
1590 591 1815 644 alteram
1837 590 1907 642 ad
1934 589 2052 644 Ma-

466 684 765 752 ynesianos,
799 683 1009 736 tertiam
1034 683 1102 734 ad
1142 681 1460 746 Trallenses,
1486 693 1734 753 quartam
1759 687 1826 736 ad
1855 681 2051 735 Roma—

466 791 561 828 nos
589 793 608 830 :
637 787 686 829 et
728 776 848 828 inde
870 777 1142 844 egrediens
1168 776 1380 845 scripsit
1417 776 1487 829 ad
1522 775 1821 845 Philippeos
1846 817 1861 842 ,
1893 785 1942 829 et
1981 775 2050 828 ad

464 864 790 936 Smyrnam,
820 875 870 919 et
899 867 1111 935 proprie
1139 865 1208 920 ad
1251 866 1606 938 Polycarpum
1631 910 1645 933 ,
1680 869 2050 922 commendans

462 957 978 1014 illiAntiochensem
1008 951 1346 1025 Ecclesium,
1381 970 1436 1015 et
1483 963 1690 1031 reliqua
1740 961 2051 1017 Ensebiana

464 1048 582 1104 fere
605 1049 814 1115 omnia,
849 1051 1017 1105 tacito
1041 1049 1264 1106 Eusebii
1292 1053 1536 1116 nomine,
1565 1052 1937 1122 transcripsit,
1955 1053 2052 1108 ad-

461 1155 638 1211 eoque
690 1155 791 1195 sua
829 1140 979 1198 fecit.
1034 1141 1148 1197 lmo
1189 1143 1374 1198 libello
1420 1143 1685 1200 Adversus
1719 1143 2049 1212 Helvidium,

460 1247 625 1302 quem
657 1241 787 1288 ante
810 1231 1128 1305 Catalogum
1154 1235 1396 1304 scripsit,
1415 1236 1562 1290 circa
1595 1251 1823 1300 annum,
1856 1238 2053 1306 utopi-

462 1336 566 1377 nor
596 1323 724 1392 585,
759 1324 826 1378 ad
872 1323 1079 1380 fontem
1112 1325 1360 1381 veritatis
1411 1341 1737 1397 provocans,
1783 1327 2049 1397 lgnatium

463 1424 728 1486 tanquam
761 1427 1010 1472 veterum
1063 1418 1395 1487 scriptorum
1439 1419 1740 1488 principem
1780 1419 2048 1474 nominat.

465 1509 722 1584 Nunquid
765 1529 869 1566 non
892 1529 1108 1582 possunt
1140 1513 1235 1568 tibi
1260 1524 1426 1568 totam
1463 1525 1692 1569 veterum
1733 1516 2051 1584 scriptorum

461 1604 651 1658 seriem
673 1620 1012 1672 commovere,
1040 1604 1336 1676 lgnatium,
1354 1607 1736 1678 Polycarpum,
1761 1607 2046 1678 Irenaeum,

462 1695 740 1752 Justinum
781 1708 1071 1768 martyrem
1093 1738 1110 1764 ,
1151 1700 1445 1771 multosque
1473 1701 1608 1756 alios
1650 1703 1969 1772 apostolicos
1998 1712 2048 1757 et

2155 511 2246 570 pta
2300 513 2498 556 natura
2551 504 2680 574 quid
2730 503 2973 556 senserit.
3022 501 3288 554 Audivisti
3329 503 3466 556 enim
3513 520 3725 570 prorsus

2155 593 2431 665 Ignatium
2473 596 2652 657 illum,
2705 597 2798 666 qui
2839 596 2903 648 de
2942 594 3089 648 Petri
3134 594 3353 647 dextera
3392 597 3726 664 pontiﬁcatus

2153 689 2384 758 gratiam
2429 689 2681 757 suscepit,
2718 696 2768 739 et
2808 695 2927 755 post
2962 685 3395 739 administratam
3442 685 3726 740 Ecclesium

2152 781 2538 835 Antiochenam
2589 779 2840 849 martyrii
2885 795 3136 833 coronam
3183 779 3401 847 adeptus
3442 789 3537 832 est.
3590 778 3726 833 Cum

2153 881 2264 928 tam
2300 873 2662 928 honoriﬁcam
2715 873 2961 926 auctoris
3009 871 3345 927 mentionem
3396 869 3633 937 fecisset,
3662 887 3725 926 ex

2152 965 2398 1036 epistolis
2423 965 2544 1034 ejus
2572 964 2887 1018 testimonia
2919 963 3144 1032 subiicit
3176 982 3190 1017 :
3229 962 3337 1016 Τοῦ
3367 963 3519 1032 ἁγίου
3563 964 3725 1032 Ἰγναο

2150 1057 2268 1111 τίου
2329 1056 2629 1110 ἐπισκόπου
2694 1055 3023 1126 Ἀντιοχείας
3070 1056 3164 1110 καὶ
3213 1055 3484 1127 μάρτυρος
3523 1055 3588 1109 ὲκ
3632 1057 3726 1126 τῆς

2153 1149 2292 1221 πρὸς
2335 1148 2678 1220 Σμυρναίους
2725 1147 2823 1217 (ita
2871 1147 3196 1218 legendum,
3249 1163 3356 1202 non
3411 1147 3726 1218 Ῥωμαίους)

2165 1242 2508 1313 Ἐπιστολῆς.
2562 1241 2620 1296 S.
2651 1241 2877 1312 Ignatii,
2924 1242 3154 1310 episcopi
3176 1241 3488 1294 Antiocheni
3513 1249 3564 1294 et
3593 1257 3726 1293 mar-

2153 1337 2286 1406 tyris
2310 1351 2373 1388 e1:
2402 1334 2648 1404 Epistola
2703 1334 2773 1388 ad
2811 1332 3135 1404 Smyrnaaos.
3200 1334 3722 1402 Πεπληροφορημέ-

2150 1443 2298 1492 νους
2331 1426 2570 1494 ἀληθῶς
2614 1429 2701 1492 εὶς
2741 1425 2849 1479 τὸν
2866 1425 3088 1494 Κύριον
3131 1424 3324 1494 ἡμῶν,
3350 1424 3496 1479 ὄντα
3533 1425 3602 1478 ἐκ
3636 1424 3719 1493 τέ-

2150 1535 2296 1584 νους
2327 1517 2504 1571 Δαϐὶδ
2537 1517 2685 1572 κατὰ
2713 1517 2926 1586 σάρκα,
2963 1518 3099 1572 Υίοῦ
3134 1517 3282 1573 Θεοῦ
3310 1518 3458 1571 κατὰ
3486 1517 3726 1582 θεότητα

2151 1610 2250 1664 καὶ
2276 1609 2550 1680 δύναμιν,
2574 1610 3012 1681 γεγεννημένον
3038 1611 3276 1677 ἀληθῶς
3307 1611 3376 1663 ἐκ
3404 1608 3725 1678 Παρθένου,

2145 1703 2631 1772 βεϐαπτισμένον
2655 1704 2775 1758 ὑπὸ
2817 1701 3086 1756 Ἰωάννου
3122 1703 3223 1757 ἵνα
3250 1701 3534 1770 πληρωθῇ
3567 1701 3726 1755 πᾶσα

460 1791 760 1862 eloquentes
780 1793 942 1860 viros,
966 1793 1056 1863 qui
1079 1793 1332 1846 adversus
1367 1791 1674 1858 llebionem,
1711 1806 1760 1848 et
1805 1794 2040 1848 Theodo-

2149 1791 2501 1860 δικαιοσύνη
2533 1794 2634 1846 ὑπ’
2671 1792 2859 1847 αὑτοῦ
2880 1832 2896 1857 ,
2930 1792 3171 1860 ἀληθῶς
3202 1792 3322 1847 ὑπὸ
3354 1793 3611 1845 Ποντίου
3642 1797 3726 1845 He

461 1889 576 1936 tum
617 1883 936 1953 Byzantium
959 1926 974 1950 ,
1004 1892 1054 1938 et
1101 1883 1438 1939 Valentinum
1475 1885 1586 1940 hinc
1613 1887 1794 1939 eadem
1827 1888 2054 1940 sentien~

461 1985 540 2030 tes
583 1977 739 2046 plena
785 1976 1060 2046 sapientia:
1092 1976 1359 2030 volumina
1403 1977 2050 2048 corascripserunti’ldem

463 2067 518 2119 in
559 2065 618 2121 S.
652 2065 969 2122 Matthaaum
1002 2084 1016 2120 :
1051 2065 1299 2137 Ignatius
1329 2069 1492 2122 etiam
1535 2078 1784 2139 quartam
1843 2071 2050 2124 addidit

458 2173 679 2212 causam
714 2175 813 2213 cur
844 2177 877 2214 a
908 2160 1231 2230 desponsata
1255 2171 1536 2231 conceptus
1579 2168 1671 2229 sit,
1705 2181 1724 2214 ι
1751 2173 1809 2217 ut
1841 2173 2048 2233 partus,

456 2249 722 2319 inquiens,
749 2251 864 2321 ejus
906 2252 1172 2306 celaretur
1214 2253 1448 2309 diabolo.
1489 2272 1508 2306 ι
1554 2249 1620 2309 Et
1648 2255 1779 2326 quid
1809 2257 1878 2313 de
1913 2257 2052 2312 scri-

457 2342 568 2409 ptis
599 2341 791 2414 lgnatii
843 2345 1021 2399 nostri
1053 2346 1310 2410 senserit,
1345 2347 1508 2400 etiam
1540 2363 1666 2402 cum
1697 2350 1920 2412 erravit,
1954 2365 2046 2403 os-

461 2434 658 2501 tendit,
689 2436 823 2490 Adv.
857 2435 1178 2507 Pelagianos
1211 2439 1248 2492 l.
1285 2455 1345 2492 ιιι
1373 2436 1671 2508 :Ignatius,
1691 2441 1771 2494 vir
1791 2440 2049 2510 apostoli~

459 2541 554 2579 cus
584 2535 634 2580 et
663 2539 892 2599 martyr,
924 2531 1109 2583 scribit
1153 2531 1408 2584 audacter
1446 2547 1463 2584 :
1515 2550 1532 2582 ι
1565 2530 1740 2602 Elegit
1793 2532 2046 2587 Dominus

458 2618 751 2687 apostolos,
775 2621 866 2690 qui
891 2637 1046 2691 super
1067 2638 1244 2676 omnes
1268 2623 1501 2677 homines
1521 2636 1820 2694 peccatores
1838 2634 2010 2679 erant.
2025 2644 2046 2676 ι

470 2708 647 2765 Verba
679 2713 828 2767 enim
858 2728 966 2767 non
997 2724 1125 2770 sunt
1151 2713 1364 2785 lgnatii,
1399 2717 1494 2772 sed
1523 2715 1810 2782 Barnabas,
1853 2718 1908 2772 in
1951 2732 2050 2773 cu-

455 2800 550 2870 jus
575 2801 818 2872 Epistola
839 2805 1142 2860 etiamnum
1171 2815 1410 2863 exstant.

531 2891 723 2958 Quinti
771 2895 959 2951 saeculi
1002 2897 1217 2966 primus
1253 2898 1410 2954 testis
1441 2907 1527 2955 est
1571 2899 1634 2956 B.
1669 2901 2048 2960 Theodoretus

457 2981 752 3056 episcopus
777 2986 926 3059 Cyri,
955 2989 1049 3059 qui
1077 2998 1131 3046 et
1154 2992 1314 3046 tertio
1335 3000 1389 3047 et
1420 3002 1619 3064 quarto
1649 2997 1890 3066 generali
1914 3013 2049 3055 con-2.

457 3077 588 3132 cilio
616 3078 886 3134 interfuit.
922 3079 1016 3135 llle
1055 3092 1258 3150 autem,
1291 3101 1416 3140 cum
1462 3095 1628 3142 testes
1658 3088 2046 3145 ecclesiasticae

457 3169 724 3225 doctrinae
759 3173 1094 3240 posteriores
1117 3186 1521 3242 enumerasset,
1544 3179 1662 3234 haec
1691 3180 1758 3234 de
1787 3183 2045 3238 vetustis-
2073 3155 2114 3212 ο

456 3261 617 3317 simis
636 3261 864 3330 addidit,
889 3263 1050 3332 epist.
1067 3265 1132 3320 ad
1148 3268 1458 3336 ‘monachos
1474 3268 2045 3339 Constantinopolita-

454 3367 582 3419 nos,
615 3370 670 3424 p.
699 3355 837 3409 1027
873 3375 886 3411 :
917 3357 1027 3410 Καὶ
1047 3359 1096 3410 oi
1120 3359 1327 3414 τούτων
1348 3359 1715 3432 πρεσϐύτεροι
1763 3361 2042 3429 Ἰγνάτιος,

456 3444 554 3499 καὶ
588 3445 966 3519 Πολύκαρπος,
1004 3450 1098 3504 καὶ
1131 3450 1443 3522 Εἰρηναῖος,
1493 3450 1588 3505 καὶ
1624 3451 1927 3517 Ἰουστῖνος,
1952 3455 2045 3507 καὶ

465 3536 782 3603 Ἱππόλυτος
803 3580 818 3606 ,
853 3533 930 3595 ὧν
979 3543 1032 3595 οἱ
1064 3543 1283 3606 πλείους
1332 3545 1434 3597 οὐκ
1465 3545 1765 3616 ἀρχιερέων
1801 3546 2048 3618 προλάμ-

451 3643 616 3682 πουσι
652 3630 812 3700 μόνον
833 3671 849 3697 ,
885 3632 1023 3686 ἀλλὰ
1058 3633 1150 3686 καὶ
1184 3633 1294 3687 τῶν
1347 3634 1642 3706 μαρτύρων
1691 3636 2044 3707 διακοσμοῦσι

451 3721 818 3793 leporumque
843 3723 925 3779 his
952 3727 1301 3795 antiquiores,
1320 3725 1586 3795 Ignatius,
1611 3738 1662 3781 et
1689 3727 2040 3798 Polycarpus,

451 3819 502 3863 et
518 3808 549 3871 Ι
554 3827 783 3878 renwus,
796 3824 845 3869 et
861 3812 1133 3879 Justinus,
1149 3826 1198 3870 et
1213 3814 1559 3887 Hippolytus,
1572 3835 1796 3888 quorum
1810 3820 2048 3890 plerique

452 3916 557 3956 non
589 3905 744 3958 modo
785 3907 928 3960 inter
955 3908 1234 3977 pontiﬁces
1264 3907 1570 3977 praelucent,
1619 3910 1710 3963 sed
1746 3920 2043 3982 martyrum

447 3993 614 4046 etiam
635 3994 856 4050 chorum
876 4007 1160 4052 exornant.
1191 3995 1336 4052 idem
1374 3998 1550 4068 Epist.
1602 4001 1670 4054 ad
1701 3999 2041 4056 Florentium

447 4083 774 4152 Patricium,
802 4105 928 4160 pag.
967 4090 1072 4144 966
1112 4106 1125 4141 :
1173 4089 1358 4144 Ταῦτα
1394 4092 1454 4145 δὲ
1481 4096 1616 4164 ἡμῖν
1644 4094 1950 4166 παρέδοσαν
1978 4098 2040 4150 οὐ

449 4177 613 4249 μόνον
658 4181 709 4233 oi
747 4180 1036 4234 ἀπόστολοι
1079 4183 1174 4236 καὶ
1219 4185 1528 4256 προφῆται,
1561 4185 1698 4239 ἀλλὰ
1742 4187 1836 4239 καί
1877 4190 1926 4241 οἱ
1974 4189 2043 4243 τὰ

448 4272 658 4327 τούτων
698 4274 1108 4345 ήρμηνευκότες
1139 4277 1575 4348 συγγράμματα,
1618 4278 1896 4346 Ἰγνάτιος,
1933 4281 2040 4333 Εὑ-

451 4367 705 4431 στάθιος,
743 4366 1086 4434 Ἀθανάσιος,
1128 4368 1439 4433 Βασίλειος,
1485 4369 1811 4442 Γρηγόριος,
1859 4371 2041 4426 Ἰωάν-

448 4477 578 4530 νης,
618 4459 714 4514 καὶ
758 4460 809 4512 oi
853 4458 1002 4514 ἄλλοι
1048 4461 1150 4531 τῆς
1196 4460 1523 4533 οἰκουμένης
1558 4463 1862 4536 φωστῆρες.
1909 4464 2041 4520 Haec

449 4551 602 4605 nobis
652 4551 923 4606 tradidere
959 4568 1062 4606 non
1102 4552 1332 4622 apostoli
1363 4554 1517 4607 modo
1551 4564 1600 4608 et
1636 4558 1923 4625 prophetat,
1953 4575 2040 4613 ve-

448 4654 570 4692 rum
611 4640 777 4694 etiam
805 4641 876 4707 =ii,
923 4643 1016 4712 qui
1050 4642 1240 4697 horum
1285 4643 1450 4698 libros
1500 4646 1837 4716 interpretati
1888 4658 2036 4717 sunt,

449 4727 724 4800 Ignatius,
745 4731 1708 4811 Eustathius,Athanasius,Basilius,
1729 4737 2035 4810 Gregorius,

448 4820 706 4887 Joannes,
744 4837 795 4880 et
835 4825 1039 4897 reliqua
1063 4828 1204 4882 orbis
1237 4830 1463 4884 lumina.
1511 4831 1709 4900 lgnatii
1742 4842 1922 4887 autem
1957 4842 2039 4887 te-

448 4917 710 4971 stimonia
757 4917 1026 4975 adversus
1069 4921 1385 4976 haereticum
1431 4923 1838 4992 producturus,
1886 4924 2032 4979 Dial.

445 5008 742 5064 Immutab.
792 5011 873 5066 sic
902 5012 971 5066 de
1021 5013 1138 5082 ipso
1166 5013 1473 5083 praefatur:
1522 5015 1806 5079 Ἐπιδείξω
1857 5015 1914 5068 δέ
1953 5033 2035 5070 σοι

441 5101 534 5156 τὸν
575 5102 932 5175 πανεύφημον
981 5105 1079 5176 τῆς
1118 5105 1442 5178 Ἐκκλησίας
1473 5107 1810 5172 διδάσκαλον,
1848 5107 1940 5161 καὶ
1975 5109 2037 5161 τὸ

443 5193 654 5249 ἐκείνου
708 5197 836 5268 περὶ
884 5196 987 5268 τῆς
1029 5197 1179 5262 θείας
1228 5198 1694 5270 ὲνανθρωπήσεως
1743 5199 2030 5271 φρόνημα,

442 5284 532 5338 τνσ.
554 5286 699 5358 γνῷς
733 5289 857 5342 τίνα
899 5289 1027 5360 περὶ
1069 5290 1169 5362 τῆς
1199 5290 1498 5362 ληφθείσης
1533 5289 1753 5354 ἐδόξασε
1783 5290 2029 5359 φύσεως·

438 5379 688 5450 ἀκήκοας
715 5381 774 5434 δὲ
801 5381 1019 5446 πάντως
1057 5383 1315 5451 Ἰγνάτιον
1344 5385 1572 5447 ἐκεῖνον,
1602 5381 1662 5445 ὃς
1693 5381 1784 5436 διὰ
1809 5383 1910 5454 τῆς
1937 5384 2032 5438 τοῦ

444 5468 684 5538 μεγάλου
717 5471 926 5544 Πέτρου
951 5473 1132 5540 δεξιᾶς
1157 5473 1260 5544 τῆς
1288 5473 1703 5547 ἀρχιερωσύνης
1737 5475 1837 5546 τὴν
1875 5477 2032 5550 χάριν

451 5560 662 5628 εδὲξατο
680 5602 695 5628 ,
729 5564 824 5618 καὶ
861 5565 962 5638 τὴν
1004 5565 1328 5637 Ἐκκλησίαν
1381 5566 1696 5638 Ἀντιοχέων
1730 5567 1915 5633 ίθύνας
1940 5570 2031 5626 τὸν

447 5655 540 5710 τοῦ
571 5658 869 5730 μαρτυρίου
898 5658 1160 5728 στέφανον
1190 5659 1504 5730 ἀνεδήσατο.
1541 5657 1827 5714 Ostendam
1856 5673 2031 5718 autem

450 5739 545 5795 'ibi
572 5741 964 5799 celeberrimum
991 5743 1245 5802 Ecclesia:
1282 5746 1576 5819 doctorem,
1601 5757 1650 5804 et
1677 5748 1825 5805 illius
1848 5751 1913 5808 de
1938 5752 2026 5808 di-

2155 1884 2343 1938 λάτου
2369 1885 2466 1938 καὶ
2502 1883 2760 1954 Ἡρώδου
2786 1884 3108 1954 τετράρχου
3134 1885 3556 1954 καθηλωμένον
3583 1883 3726 1952 ὑπὲρ

2155 1975 2324 2046 ἡμῶν
2337 1978 2538 2046 σαρκί.
2554 1975 2724 2032 Plane
2747 1977 3114 2047 cumulateque
3138 1992 3415 2047 persuasos
3433 1975 3494 2031 de
3508 1975 3726 2029 Domino

2156 2077 2356 2133 nostro,
2382 2070 2471 2138 qui
2502 2079 2579 2122 est
2613 2086 2678 2124 ea;
2705 2085 2888 2141 genere
2917 2068 3089 2122 Dauid
3122 2067 3407 2123 secundum
3429 2083 3660 2130 carnem,
3681 2078 3726 2122 et

2155 2158 2332 2214 Filius
2353 2159 2449 2214 Dei
2463 2161 2751 2215 secundum
2767 2161 3169 2216 diuinitatemet
3187 2159 3496 2230 potentiam,
3513 2159 3606 2228 qui
3622 2175 3726 2212 rere

2153 2260 2311 2305 natus
2339 2261 2417 2305 est
2439 2267 2504 2306 ex
2528 2251 2762 2322 Virgine,
2790 2251 3093 2322 baptizatus
3119 2269 3152 2306 a
3172 2250 3381 2306 Joanne
3403 2260 3462 2304 ut
3483 2252 3654 2304 omnis
3670 2252 3726 2303 ab

2151 2344 2265 2412 ipso
2287 2342 2505 2413 justitia
2538 2345 2878 2414 impleretur;
2910 2360 3026 2399 rere
3082 2343 3178 2400 sub
3225 2342 3421 2398 Pontio
3462 2343 3645 2397 Pilato
3682 2353 3726 2399 et

2155 2434 2363 2490 Herode
2395 2438 2662 2491 tetrarcha
2687 2454 2782 2507 pro
2811 2437 2957 2491 nobis
2997 2438 3053 2491 in
3097 2453 3254 2491 carne
3282 2436 3594 2506 cruciﬁxus.
3627 2435 3726 2489 Τοῦ

2150 2527 2311 2580 αὐτοῦ
2351 2529 2416 2581 ἐκ
2453 2529 2554 2599 τῆς
2597 2528 2765 2599 αὐτῆς
2799 2528 3136 2599 Ἐπιστολῆς.
3166 2527 3423 2599 Ejusdem
3463 2543 3526 2582 ea:
3554 2528 3726 2582 eadem

2151 2617 2398 2687 Epistola
2416 2634 2435 2673 :.
2456 2620 2516 2673 Τί
2535 2619 2646 2689 γὰρ
2677 2619 2915 2690 ὠφελεῖ,
2945 2619 3112 2687 εἴπερ
3134 2635 3213 2688 με
3243 2617 3477 2672 ἐπαινεῖ
3494 2634 3607 2684 τις,
3631 2617 3726 2671 τὸν

2149 2709 2217 2766 δὲ
2249 2713 2471 2780 Κύριόν
2500 2729 2619 2782 μου
2647 2711 3037 2781 βλασφημεῖ,
3073 2711 3155 2780 μὴ
3198 2709 3507 2782 ὁμολογῶν
3548 2711 3726 2766 αὐτὸν

2149 2806 2530 2873 σαρκοφόρον
2549 2822 2561 2834 ·
2595 2808 2628 2859 ό
2651 2803 2720 2859 δὲ
2752 2804 2926 2858 τοῦτο
2946 2803 3034 2874 μὴ
3066 2803 3262 2873 λέγων
3291 2803 3532 2870 τελείως
3549 2803 3726 2856 αὐτὸν

2149 2893 2402 2963 ἤρνηται
2440 2894 2522 2960 ὡς
2562 2895 2953 2963 νεκροφόρον.
2993 2892 3136 2958 Quid
3182 2903 3362 2948 autem
3409 2894 3652 2962 prodest,
3685 2893 3726 2946 si

2147 2986 2266 3056 quis
2295 3002 2375 3039 me
2407 2985 2608 3050 laudet,
2634 2985 2924 3039 Dominum
2967 2995 3142 3038 autem
3182 3001 3357 3040 meum
3385 2984 3726 3054 btasphemet,

2150 3091 2253 3129 non
2297 3076 2548 3145 conﬁtens
2592 3091 2710 3129 eum
2759 3090 2972 3128 carnem
3014 3074 3266 3145 gestare?
3305 3072 3459 3139 Quod
3491 3072 3584 3142 qui
3631 3088 3726 3126 non

2147 3168 2452 3238 proﬁtetur,
2483 3167 2639 3238 plane
2672 3168 2847 3238 ipsum
2887 3175 3062 3237 negat,
3106 3175 3165 3219 ut
3194 3165 3422 3219 cadaver
3455 3164 3726 3232 circumfe-

2148 3269 2368 3314 rentem.
2394 3257 2501 3311 Τοῦ
2534 3256 2702 3312 αὐτοῦ
2751 3258 2816 3312 ἐκ
2847 3257 2950 3328 τῆς
2979 3257 3151 3326 αὐτῆς
3194 3255 3532 3326 Ἐπιστολῆς.
3580 3253 3726 3323 Ejus~

2146 3353 2265 3408 dein
2311 3367 2375 3406 ea:
2409 3352 2589 3406 eadem
2631 3349 2879 3423 Epistola
2907 3364 2926 3402 :
2959 3352 3030 3404 El
3058 3349 3168 3419 τὰρ
3201 3347 3281 3414 τῷ
3314 3346 3516 3401 δοκεῖν
3548 3346 3726 3399 ταῦτα

2145 3439 2412 3510 ἐπράχθη
2455 3440 2575 3498 ὑπὸ
2609 3441 2714 3496 τοῦ
2746 3440 2968 3509 Κυρίου
3005 3438 3195 3508 ήμῶν,
3231 3435 3401 3508 κάγὼ
3427 3437 3507 3503 τῷ
3536 3435 3726 3490 δοκεῖν

2145 3530 2383 3602 δέδεμαι
2406 3549 2419 3562 ’
2472 3533 2530 3585 τί
2569 3531 2637 3585 δὲ
2669 3531 2767 3586 καὶ
2798 3530 3059 3601 ἐμαυτὸν
3104 3530 3352 3585 ἔκδοτον
3395 3527 3626 3582 δέδωκα
3655 3526 3726 3592 τῷ

2148 3625 2398 3689 θανάτῳ,
2434 3623 2583 3692 πρὸς
2615 3623 2757 3692 πῦρ,
2797 3623 2946 3692 πρὸς
2983 3623 3309 3692 μάχαιραν,
3353 3623 3505 3689 πρὸς
3537 3622 3726 3689 (Inpia;

2147 3715 2284 3770 ἀλλ’
2305 3718 2333 3768 ὁ
2363 3715 2540 3786 ἐγγὺς
2567 3718 2884 3784 μαχαίρας,
2920 3715 3101 3784 ἐγγὺς
3119 3714 3266 3768 Θεοῦ
3289 3730 3304 3744 ·
3334 3714 3530 3783 μόνον
3562 3714 3631 3765 ἐν
3658 3712 3726 3776 τῷ

2147 3805 2391 3873 ὀνόματι
2445 3805 2647 3874 Ἰησοῦ
2679 3807 2958 3874 Χριστοῦ,
2987 3809 3076 3873 εἰς
3104 3807 3170 3860 τὸ
3193 3803 3536 3875 συμπαθεῖν
3578 3800 3726 3866 αὐτῷ

2145 3898 2345 3953 πάντα
2394 3899 2693 3970 ὑπομένω,
2739 3899 2927 3956 αὑτοῦ
2969 3917 3047 3968 με
3091 3898 3582 3968 ἐνδυναμοῦντος
3629 3898 3726 3952 τοῦ

2145 3992 2378 4046 τελείου
2393 3990 2727 4060 ἀνθρώπου,
2742 3992 2814 4046 ὅν
2826 4009 2983 4059 τινες
3007 3992 3369 4062 ἀγνοοῦντες
3387 3992 3721 4060 ἀρνοῦνται.

2147 4083 2208 4140 Si
2243 4087 2382 4140 enim
2417 4087 2659 4156 opinione
2709 4095 2917 4140 tantum
2939 4087 3048 4141 hcce
3073 4102 3107 4138 a
3130 4085 3356 4138 Domino
3381 4095 3563 4139 nostra
3589 4095 3726 4155 gesta

2147 4187 2296 4246 sunt,
2329 4195 2422 4249 ego
2461 4195 2664 4249 quoque
2708 4179 2952 4248 opinione
2997 4179 3201 4232 vinctus
3226 4194 3365 4232 sum.
3414 4175 3526 4232 Cur
3557 4187 3725 4230 autem

2142 4283 2192 4327 et
2236 4274 2495 4342 meipsum
2540 4273 2700 4325 morti
2749 4272 2974 4336 tradidi,
3017 4271 3086 4323 ad
3126 4272 3322 4340 ignem,
3361 4270 3432 4324 ad
3466 4269 3722 4339 gladium,

2146 4365 2216 4418 ad
2244 4366 2480 4418 bestias?
2529 4364 2719 4418 Verum
2756 4364 2846 4434 qui
2885 4364 3090 4435 vicinus
3121 4362 3324 4432 gladio,
3356 4362 3562 4416 uicinus
3587 4361 3721 4424 Deo;

2145 4455 2320 4509 solum
2364 4457 2420 4509 in
2467 4457 2676 4510 nomine
2711 4453 2841 4508 Jesu
2877 4453 3120 4520 Christi,
3168 4464 3226 4507 ut
3266 4455 3580 4522 passionum
3617 4454 3724 4523 ejus

2142 4552 2318 4608 socius
2349 4553 2498 4622 ﬁam,
2533 4551 2714 4605 omnia
2761 4550 3018 4615 sustineo,
3057 4549 3171 4617 ipso
3208 4563 3288 4601 me
3327 4545 3719 4605 corroborante,

2138 4645 2348 4699 homine
2392 4645 2664 4712 perfecto,
2727 4659 2880 4713 quem
2933 4639 3101 4710 aliqui
3144 4641 3452 4711 ignorantes
3512 4647 3719 4708 negant.

2140 4733 2253 4791 Has
2297 4745 2408 4789 tres
2441 4735 2663 4806 ῥήσεις,
2705 4735 2774 4791 ab
2820 4734 2916 4788 illo
2957 4742 3086 4787 ante
3122 4745 3300 4786 annos
3338 4729 3454 4784 fere
3499 4730 3651 4783 mille
3677 4736 3725 4783 et

2139 4828 2406 4882 ducentos
2426 4836 2733 4896 excerptas,
2761 4825 2815 4879 in
2839 4825 3028 4879 eadem
3054 4821 3295 4892 Epistula
3321 4821 3389 4876 ad
3414 4818 3725 4891 Smyrnam

2138 4921 2440 4974 etiamnum
2503 4919 2754 4989 legimus.
2813 4916 2996 4986 Pergit
3047 4914 3107 4969 Β.
3148 4913 3532 4967 Theodoretus
3580 4909 3725 4967 εΤοῦ

2136 5011 2301 5065 αὐτοῦ
2341 5013 2406 5065 ὲκ
2439 5012 2538 5082 τῆς
2567 5010 2704 5081 πρὸς
2744 5009 3026 5078 Ἐφεσίους
3071 5005 3413 5075 Ἐπιστολῆς.
3466 5004 3725 5074 Ejusdem

2136 5119 2201 5157 ex
2229 5103 2475 5173 Epistola
2520 5102 2590 5155 ad
2636 5101 2911 5172 Ephesios.
2966 5101 3029 5153 Ὀ
3062 5099 3172 5169 γὰρ
3207 5098 3352 5163 Θεὸς
3399 5096 3577 5167 ἡμῶν
3615 5099 3725 5163 Ἴης

2136 5194 2290 5260 σοῦς
2321 5193 2576 5262 Χριστὸς
2599 5190 2974 5261 ἐκυοφορήθη
3000 5190 3118 5247 ὑπὸ
3150 5190 3383 5258 Μαρίας
3414 5189 3544 5244 κατ’
3571 5193 3722 5243 οἱκο-

2133 5289 2351 5357 νομίαν
2387 5288 2558 5353 Θεοῦ,
2591 5289 2661 5342 ἐκ
2689 5287 3030 5356 σπέρματος
3047 5286 3166 5357 μὲν
3197 5285 3396 5351 Δαϐὶδ,
3430 5287 3502 5340 ἐκ
3529 5288 3720 5341 Hreu-

2127 5398 2318 5451 ματος
2353 5380 2422 5434 δὲ
2447 5380 2641 5449 ἁγίου,
2666 5379 2734 5445 ὃς
2759 5379 3070 5448 ἐγεννήθη,
3112 5379 3210 5434 καὶ
3236 5379 3597 5448 ἐϐαπτίσθη,
3627 5381 3721 5433 ἴνα

2133 5472 2202 5528 τὸ
2242 5470 2466 5540 θνητὸν
2511 5471 2683 5541 ἡμῶν
2723 5473 3076 5542 καθαρισθεῇ.
3135 5472 3271 5527 Deus
3336 5482 3515 5529 noster
3564 5475 3718 5530 Jesus

2134 5567 2381 5625 Christus
2411 5569 2467 5622 in
2491 5567 2680 5625 Maria:
2711 5581 2860 5624 utero
2890 5579 3126 5642 gestatus
3161 5581 3262 5634 est,
3297 5569 3595 5626 secundum
3629 5572 3718 5626 Dei

2131 5660 2606 5729 dispensationem,
2662 5677 2728 5716 es;
2765 5663 2963 5717 semine
3011 5662 3224 5733 quidem
3270 5661 3474 5732 David,
3513 5665 3614 5719 sed
3657 5678 3719 5718 ex

2135 5751 2343 5809 Spiritu
2367 5761 2553 5809 sancto
2581 5771 2600 5810 :
2621 5756 2711 5812 aui
2743 5764 2900 5810 natus
2929 5765 3006 5811 est
3042 5765 3092 5811 et
3122 5755 3450 5824 baptizatus.
3483 5768 3542 5812 ut
3580 5775 3719 5813 mar-
