3786 6298
148 325 206 380 83
872 313 899 367 J
909 354 922 367 .
966 308 1334 370 PEARSONII
1370 308 1691 366 V'lNDlClrE

1829 307 2146 369 ῖΑἸἸΑΝΑΞ.
2179 340 2249 350 -—
2286 308 2466 363 PARS
2503 306 2545 361 Ι.

3256 299 3339 358 ὅθ

148 443 304 496 talitas
334 445 507 490 nostra
528 441 867 503 purgaretur.
944 430 1052 485 Τοῦ
1090 428 1254 483 αὑτοῦ
1289 430 1352 482 ὲκ
1377 427 1475 497 τῆς
1502 426 1671 496 αὐτῆς

1829 425 1871 480 ti
1904 423 2259 501 προσφορὰς
2278 425 2389 478 οὐκ
2418 420 2835 490 ἀποδέχονται,
2870 414 2969 471 διὰ
3002 414 3066 471 τὸ
3089 413 3176 487 μὴ
3208 419 3351 485 ὁμο⁸

155 525 455 595 Ἐπιστολῆς.
510 521 761 591 Ejusdem
812 536 877 574 ea:
928 520 1111 575 eadem
1148 518 1415 588 Epistola.
1456 518 1583 571 Ἔτι
1617 518 1675 569 ot

146 624 249 675 κατ’
276 617 451 684 ἄνδρα
481 612 650 680 κοινῇ
671 612 893 676 πάντες
924 611 993 665 ἐν
1024 610 1100 679 τῇ
1133 609 1327 680 χάριτι
1357 608 1425 672 ἐξ
1460 608 1672 676 ὀνόμα-

146 729 230 776 τος
257 705 603 773 συνέρχεσθε
648 703 719 756 ἐν
753 699 863 771 μιᾷ
900 702 1130 764 πίστει,
1175 700 1270 753 καὶ
1319 699 1409 752 ἐνὶ
1470 696 1677 762 Ἰησοῦ

146 797 365 871 Χριστῷ,
397 794 541 850 κατὰ
587 792 783 861 σάρκα
827 793 896 845 ἐκ
942 790 1157 861 γένους
1190 788 1394 850 Δαϐὶδ,
1443 787 1523 853 τῷ
1566 784 1676 851 Υιῷ

147 894 234 948 τοῦ
269 890 583 959 ἀνθρώπου,
620 885 718 939 καὶ
754 884 865 951 Υἱῷ
896 884 1003 938 τοῦ
1048 882 1214 936 Θεοῦ.
1255 880 1525 951 Siquidem
1565 881 1677 933 sin-

149 984 240 1055 guli
273 996 433 1035 omnes
468 980 705 1032 universe
737 978 793 1031 in
836 976 1011 1047 gratia
1043 974 1359 1027 nominatim
1390 972 1677 1026 convenitis

148 1078 193 1128 in
225 1089 317 1126 una
347 1071 446 1140 ﬁde
476 1080 525 1123 et
557 1071 613 1123 in
644 1086 749 1123 uno
775 1067 905 1123 Iesu
936 1067 1169 1131 Christo,
1223 1066 1509 1120 secundum
1556 1082 1679 1118 car-

150 1183 244 1221 nem
273 1180 331 1219 επ
358 1179 533 1235 genere
559 1161 732 1217 David
748 1201 766 1227 ,
794 1161 941 1215 Filio
988 1160 1240 1225 hominis,
1277 1169 1325 1211 et
1367 1157 1506 1211 Filio
1558 1156 1678 1212 Dei.

149 1258 237 1312 Τοῦ
267 1254 417 1311 αὐτοῦ
451 1256 515 1308 ὲκ
548 1255 648 1326 τῆς
703 1255 875 1325 αὐτῆς
918 1252 1255 1323 Ἐπιστολῆς.
1316 1250 1570 1322 Ejusdem
1617 1265 1682 1304 ea:

148 1348 299 1401 eadem
342 1344 602 1414 Epistola.
664 1344 770 1410 Εἷς
823 1344 1021 1411 ἱατρός
1064 1343 1195 1396 ἐστι
1246 1341 1531 1411 σαρκικὸς
1582 1340 1685 1394 καὶ

150 1438 524 1506 πνευματικὸς,
559 1435 846 1506 γεννητὸς
876 1435 946 1500 ἐξ
973 1432 1326 1505 ἀγεννήτου,
1359 1434 1428 1487 ἐν
1458 1431 1683 1501 ἀνθρὼ-

148 1546 222 1593 sup
250 1516 398 1595 Θεὸς,
435 1528 505 1582 ἐν
537 1527 769 1590 θανάτῳ
805 1525 917 1595 ζωὴ
966 1523 1258 1593 ἀληθινὴ,
1308 1523 1405 1576 καὶ
1446 1522 1515 1575 ἐκ
1561 1524 1685 1575 Μα-

1772 517 1978 586 λογεῒν
2003 516 2117 584 τὴν
2146 516 2533 583 εὐχαριστίαν
2561 511 2756 581 σάρκα
2782 510 2933 565 εἶναι
2956 508 3063 563 τοῦ
3084 508 3352 575 Σωτῆρος

1774 608 1943 678 ἡμῶν
1988 607 2191 674 Ἰησοῦ
2228 605 2509 675 Χριστοῦ,
2561 604 2677 673 την
2714 601 2868 671 ὑπὲρ
2909 600 3027 654 τῶν
3055 599 3355 668 ἀμαρτιων

1775 701 1944 771 ἡμῶν
1984 698 2322 763 παθοῦσαν,
2364 695 2445 765 ἣν
2479 695 2851 765 χρηστότητι-
2886 694 2918 745 ό
2951 688 3151 757 Πατὴρ
3193 688 3352 758 ἤγει-

1768 810 1903 862 ρεν.
1967 791 2341 844 Eucharistias
2406 798 2456 842 et
2515 786 2806 840 oblationes
2867 798 2973 837 non
3026 781 3352 842 admittunt,

1775 884 1916 955 quod
1982 898 2087 936 non
2144 882 2498 950 conﬁteantur
2547 875 2928 933 eucharistiam
2983 888 3196 926 carnem
3243 887 3356 924 esse

1779 975 2078 1030 Saluatoris
2116 974 2281 1027 nostri
2309 970 2437 1025 Iesu
2466 970 2688 1035 Christi,
2722 983 2839 1038 quas
2875 981 2970 1034 pro
2998 964 3227 1035 peccatis
3258 978 3355 1017 no-

1778 1064 1904 1117 stris
1941 1079 2101 1131 passa
2146 1072 2246 1126 est,
2286 1075 2445 1130 quam
2480 1058 2642 1113 Pater
2683 1056 3003 1126 benignitate
3044 1070 3145 1108 sua
3180 1052 3357 1106 susci-

1782 1157 1930 1209 tavit.

1855 1246 2147 1303 Secundus
2195 1244 2361 1313 huius
2414 1244 2602 1300 saiculi
2650 1242 2812 1299 testis
2840 1251 2924 1298 est
2952 1238 3231 1305 Gelasius,
3260 1237 3357 1307 qui

1782 1341 1928 1396 circa
1958 1354 2162 1394 annum
2195 1338 2324 1403 492,
2365 1336 2609 1407 pontifex
2635 1335 2916 1390 Romanus
2944 1340 3182 1397 creatus,
3211 1330 3359 1386 circa

1781 1433 1889 1487 496
1918 1431 2217 1486 defunctus
2243 1439 2347 1486 est.
2400 1429 2450 1486 Is
2476 1430 2623 1485 enim
2667 1429 2722 1483 in
2756 1428 2863 1482 ﬁne
2888 1426 3010 1482 libri
3043 1424 3121 1478 De
3151 1423 3359 1477 duabus

1784 1523 1995 1576 naturis
2036 1522 2089 1575 in
2113 1521 2327 1578 Christo
2362 1520 2476 1590 jam
2514 1519 2735 1574 tandem
2786 1532 2816 1572 a
2845 1514 3143 1587 pontiﬁciis
3189 1512 3359 1583 agniti

145 1624 257 1690 plac
296 1621 385 1675 καὶ
423 1621 492 1674 ἐκ
539 1620 717 1687 Θεοῦ,
778 1618 1018 1688 πρῶτον
1051 1616 1314 1685 παθητὸς
1338 1656 1354 1681 ,
1402 1616 1501 1670 καὶ
1552 1615 1686 1668 τότε

1829 1624 1839 1669 L
1883 1615 2117 1684 recepti,
2164 1612 2560 1669 catholicorum
2611 1609 2927 1665 testimonia
2969 1607 3361 1676 magistrorum

149 1712 368 1781 ἀπαθὴς,
414 1712 653 1781 Ἰησοῦς
694 1709 949 1779 Χριστὸς
993 1713 1025 1765 ό
1054 1710 1267 1777 Κύριος
1305 1706 1492 1777 ἡμῶν.
1540 1704 1685 1761 Unus

1829 1705 2107 1776 ubjiciens,
2140 1721 2170 1758 a
2202 1714 2390 1761 nostro
2422 1704 2625 1774 pariter
2669 1716 2735 1758 ac
2776 1700 2841 1757 B.
2864 1699 3241 1756 Theodoretus
3267 1712 3364 1752 or-

149 1814 211 1857 est
232 1804 441 1857 medicus
472 1803 707 1858 carnalis
736 1812 784 1856 et
809 1802 1092 1872 spiritalis,
1118 1801 1321 1871 genitus
1344 1816 1411 1854 ex
1432 1801 1687 1870 ingenito,
1718 1816 1763 1875 Β
1790 1799 1957 1854 ditur.
2018 1796 2222 1868 I'gnatii
2267 1797 2499 1867 episcopi
2545 1804 2596 1850 et
2646 1794 2899 1865 martyris
2936 1790 3251 1846 Antiocheni
3297 1804 3365 1843 ea.

149 1898 192 1951 in
231 1898 421 1951 homine
446 1896 626 1964 Deus,
656 1899 709 1950 in
740 1905 907 1950 morte
949 1896 1061 1949 uita
1126 1910 1276 1956 vera,
1306 1905 1356 1947 et
1406 1907 1471 1947 ea:
1505 1891 1684 1945 Maria

149 1999 259 2045 etes:
281 1989 394 2054 Deo,
416 1990 647 2059 primunt
671 1987 996 2059 putibilis,et
1012 1998 1135 2041 tunc
1169 1985 1502 2055 impatibilis,
1528 1984 1684 2041 Iesus

152 2079 356 2136 Christus
384 2081 643 2135 Dominus
687 2091 883 2135 noster.
918 2079 984 2134 Et
1027 2081 1110 2134 ha:
1156 2088 1268 2134 tres
1307 2078 1590 2133 sententia:
1628 2079 1686 2133 in

151 2172 309 2227 eadem
351 2173 418 2228 ad
466 2171 737 2243 Ephesios
787 2171 1027 2243 Epistola
1086 2171 1265 2226 adhuc
1320 2169 1685 2240 reperiuntur.

154 2262 305 2336 Pergit
326 2282 486 2337 porro
508 2266 976 2323 B.Theodorctus;
1003 2264 1110 2319 Τοῦ
1134 2263 1297 2318 αὑτοῦ
1328 2265 1394 2317 ὲκ
1420 2262 1522 2334 τῆς
1549 2263 1688 2334 πρὸς

155 2357 479 2427 Τραλλιανοὺς
524 2357 866 2430 Ἐπιστολῆς.
939 2357 1194 2427 Ejusdem
1245 2372 1312 2411 eat
1340 2354 1585 2425 Epistola
1617 2355 1686 2408 ad

157 2444 443 2503 Trallianos.
497 2448 829 2518 Κωφώθητε
880 2448 1012 2515 οῦν,
1065 2448 1211 2501 ὅταν
1257 2448 1435 2517 χωρὶς
1482 2446 1686 2515 Ἰησοῦ

154 2541 370 2606 Χριστοῦ
389 2543 527 2613 ὑμῖν
544 2540 714 2610 λαλῇ
736 2559 845 2607 τις,
871 2542 976 2596 τοῦ
1009 2542 1078 2595 ἐκ
1109 2541 1322 2611 γένους
1342 2539 1546 2604 Δαόὶδ,
1583 2538 1689 2593 τοῦ

155 2630 211 2683 ἐκ
234 2633 477 2703 Μαρίας,
513 2633 584 2701 ὃς
617 2632 857 2701 ἀληθῶς
888 2632 1179 2704 ἐγεννήθη
1201 2675 1215 2698 ,
1268 2632 1451 2702 ἐφαγέ
1490 2650 1554 2686 τε
1590 2631 1689 2686 καὶ

154 2721 292 2779 ἔπιεν
332 2724 599 2794 άληθῶς,
654 2725 904 2793 ἐδιώχθη
952 2724 1052 2779 ἐπὶ
1101 2725 1357 2779 Ποντίου
1403 2721 1687 2788 Πιλάτου,

155 2811 457 2884 ἐσταυρώθη
490 2816 590 2870 καὶ
625 2815 905 2879 ἀπέθανε,
934 2816 1289 2881 βλεπόντων
1318 2811 1438 2866 τῶν
1468 2812 1690 2881 ἐπιγεί-

157 2922 241 2970 ων,
296 2907 384 2965 καὶ
435 2908 845 2976 ἐπουρανίων,
894 2909 990 2962 καὶ
1046 2907 1473 2977 καταχθονίων.
1525 2905 1693 2960 Obtu-

158 3004 251 3051 rate
263 3014 400 3051 aures
422 3009 624 3054 vestras
637 2999 847 3069 quando
870 2999 1137 3069 quispiam
1161 2997 1305 3050 vobis
1322 2996 1557 3066 loquitur
1573 2996 1688 3049 sine

158 3082 263 3143 Iesu
290 3086 511 3154 Christo,
536 3090 631 3159 qui
658 3097 734 3142 est
766 3104 833 3147 ea;
859 3104 1042 3158 genere
1059 3086 1253 3149 David,
1286 3086 1375 3157 qui
1403 3102 1468 3140 ea:
1489 3085 1688 3151 Maria,

1788 1887 2035 1959 Epistola
2062 1888 2130 1941 ad
2155 1886 2432 1957 Ephesios.
2497 1904 2516 1937 ι
2556 1882 2702 1941 Unus
2734 1882 2967 1937 medicus
2992 1890 3093 1947 est,
3127 1877 3366 1934 carnalis

1785 1992 1835 2038 et
1864 1981 2188 2052 spiritualis,
2220 1982 2392 2049 factus
2425 1988 2474 2033 et
2510 1995 2615 2032 non
2643 1978 2841 2046 factus,
2876 1976 2935 2029 in
2962 1974 3174 2028 homine
3199 1971 3364 2037 Deus,

1785 2074 1842 2127 in
1874 2081 2040 2126 morte
2075 2072 2186 2126 uita
2230 2079 2451 2133 aeterna,
2491 2084 2556 2123 ea:
2586 2067 2763 2122 Maria
2792 2076 2844 2121 et
2878 2082 2944 2121 ea:
2975 2065 3105 2126 Deo,
3134 2064 3367 2133 primum

1784 2161 2053 2233 passibilis
2082 2172 2130 2216 et
2153 2160 2519 2231 impassibilis,
2546 2157 2804 2212 Dominus
2830 2166 3006 2210 noster
3030 2154 3188 2209 Iesus
3212 2152 3372 2207 Chrs-

1787 2264 1923 2309 stus.
1951 2273 1969 2306 ι
2034 2253 2104 2307 Et
2128 2264 2241 2323 post
2266 2269 2437 2323 pauca
2470 2265 2488 2305 :
2547 2269 2566 2302 ι
2598 2248 2831 2320 Singuli,
2865 2247 3057 2318 inquit,
3087 2246 3187 2299 uiri
3224 2259 3373 2297 com-

1788 2345 2017 2398 muniter
2060 2360 2236 2399 omnes
2283 2360 2349 2397 ex
2390 2342 2568 2414 gratia
2622 2356 2687 2396 ea:
2733 2340 2942 2393 nomine
2999 2338 3268 2393 convenite
3311 2336 3372 2389 in

1788 2451 1951 2490 unam
1997 2435 2193 2504 ﬁdem,
2242 2443 2293 2489 et
2340 2434 2396 2487 in
2437 2450 2541 2487 uno
2590 2430 2719 2485 Iesu
2771 2430 3024 2497 Christo,
3082 2427 3371 2489 secundum

1791 2542 2002 2581 carnem
2049 2540 2115 2580 ea:
2163 2541 2347 2596 genere
2387 2524 2585 2589 David,
2631 2522 2776 2587 Filio
2822 2521 3088 2588 hominis,
3142 2530 3193 2576 et
3222 2519 3373 2574 Filio

1791 2618 1910 2673 Dei.
1959 2637 1979 2671 ι

1865 2726 2282 2784 Observandum
2329 2738 2512 2785 autem
2560 2738 2664 2796 est,
2689 2729 2830 2785 duos
2861 2728 3026 2798 hujus
3072 2726 3173 2782 aevi
3208 2733 3374 2780 testes

1795 2819 2198 2877 Theodorctum
2224 2831 2279 2877 et
2301 2820 2604 2887 Gelasium,
2638 2804 3019 2876 tantummodo
3044 2834 3145 2889 pro
3175 2816 3372 2887 seipsis

1794 2913 1971 2983 loqui,
2004 2914 2099 2969 sed
2130 2914 2298 2968 totius
2336 2913 2518 2983 quinti
2553 2913 2739 2968 saeculi
2768 2912 3037 2983 judicium
3084 2910 3243 2964 nobis
3287 2923 3376 2962 re-

1796 3013 2164 3073 praesentare;
2216 3002 2630 3069 auctoritatem,
2671 3002 2911 3066 scilicet,
2962 2999 3371 3069 lgnatianorum

1795 3104 1927 3150 tunc
1980 3094 2239 3164 temporis
2300 3094 2442 3148 inter
2491 3107 2685 3148 omnes
2731 3102 2845 3147 tum
2901 3090 3201 3150 catholicos
3258 3096 3372 3142 tum

157 3175 228 3242 qui
257 3192 358 3229 rere
377 3187 527 3231 natus
548 3188 650 3245 est,
663 3195 777 3234 rere
799 3178 1024 3235 comedit
1047 3188 1095 3230 et
1123 3177 1276 3242 bibit,
1311 3178 1399 3245 qui
1424 3178 1519 3231 sub
1546 3175 1681 3229 Pon-

1829 3188 2082 3242 imreticos
2107 3197 2277 3241 ratam
2309 3196 2363 3241 et
2393 3186 2553 3241 lixam
2586 3185 2775 3240 fuisse.
2803 3182 2938 3238 Nam
2967 3192 3026 3237 ut
3052 3198 3120 3239 ex
3151 3182 3377 3237 Socrate

160 3268 218 3329 tio
237 3268 398 3324 Pilato
423 3287 615 3340 passus
644 3278 744 3335 est,
782 3270 1070 3339 cruciﬁxus
1109 3278 1160 3323 et
1190 3280 1451 3336 mortuus,
1471 3269 1698 3323 uidenti-

159 3356 235 3411 bus
271 3361 577 3429 caelestibus,
629 3359 965 3421 terrestribus
1004 3368 1054 3413 et
1093 3359 1301 3428 inferis.
1339 3356 1463 3413 Haec
1512 3358 1698 3413 omnia

156 3463 248 3517 uno
272 3451 385 3507 loco
409 3469 475 3509 ex
503 3453 688 3509 tribus
716 3450 775 3507 S.
804 3450 999 3523 lgnatii
1029 3451 1274 3522 epistolis
1306 3449 1700 3504 B.Theodore~

162 3550 235 3597 tus
260 3544 507 3602 adversus
536 3545 627 3600 sui
670 3545 933 3614 temporis
963 3545 1251 3600 haereticos
1296 3542 1569 3612 excerpsit
1615 3551 1698 3595 at-

161 3650 248 3703 que
268 3639 557 3708 congessit.
593 3636 739 3693 ldem
775 3636 906 3692 alibi
939 3652 1155 3699 rursus,
1178 3634 1393 3705 Dialog.
1417 3632 1695 3702 luconfus.

161 3727 319 3793 p.86:
349 3730 450 3783 Τοῦ
507 3730 668 3801 ἁγίου
724 3730 981 3798 Ίγνατίου
1024 3729 1321 3782 ἐπισκόπου
1374 3725 1703 3797 Ἀντιοχείας-

162 3816 236 3869 zz".
273 3819 531 3893 μάρτυρος
572 3824 639 3874 ὲκ
669 3821 767 3892 τῆς
811 3820 947 3893 πρὸς
979 3818 1315 3891 Σμυρναίους
1359 3816 1697 3887 Ἐπιστολῆς.

165 3901 211 3957 8.
229 3906 732 3976 IgnatiiAntiocheni
762 3914 993 3983 episcopi
1022 3923 1070 3967 et
1096 3912 1348 3981 martyris
1374 3926 1438 3964 ea:
1455 3908 1704 3979 Epistola

165 3998 219 4049 ad
242 3998 542 4072 Smyrnam.
590 4003 737 4074 Ἐγὼ
766 4004 878 4074 γὰρ
909 4004 1007 4058 καὶ
1036 4008 1186 4076 μετὰ
1221 4002 1335 4071 τὴν
1362 4001 1703 4060 ἂνάστασιν

165 4086 219 4139 ἐν
243 4094 402 4161 σαρκὶ
430 4096 621 4150 αὑτὸν
651 4095 784 4151 οῖδα
829 4095 929 4150 καὶ
970 4096 1230 4150 πιστεύω
1262 4094 1435 4149 ὄντα·
1472 4091 1568 4146 καὶ
1602 4090 1703 4147 ὅτε

166 4182 286 4249 πρὸς
309 4186 441 4254 τοὺς
471 4188 607 4256 περὶ
658 4188 885 4261 Πέτρον
929 4188 1136 4257 ἦλθεν,
1169 4188 1284 4258 ἔφη
1316 4185 1545 4251 αὐτοῖς·
1582 4182 1700 4238 Λά-

167 4271 698 4347 σετε,ψηλαφήσατέ
722 4296 814 4349 με,
847 4280 945 4333 καὶ
981 4278 1136 4333 ἴδετε
1166 4277 1258 4337 ὅτι
1284 4280 1395 4332 οὐκ
1425 4276 1540 4345 ειμι
1575 4275 1701 4328 δαι-

164 4363 340 4430 μόνιον
366 4370 706 4441 ἀσώματον,
740 4372 837 4425 καὶ
867 4372 1049 4439 εὐθὺς
1083 4371 1267 4427 αὐτοῦ
1308 4363 1700 4439 rimis-toﬁna

1798 3291 1851 3334 et
1877 3278 2205 3345 Sozomeno,
2237 3278 2584 3333 Theodorcto
2613 3287 2669 3333 et
2697 3276 2932 3337 Leontio
2969 3275 3202 3344 aliisque
3242 3286 3377 3327 con-

1799 3382 1940 3438 stat;
1982 3372 2222 3427 hmretiei
2253 3372 2348 3442 qui
2386 3371 2454 3428 ad
2486 3371 2655 3425 linem
2673 3369 2775 3424 avi
2806 3368 2989 3439 quarti
3021 3365 3372 3436 antiquorum

1799 3462 2021 3517 Patrum
2052 3463 2345 3518 consensui
2380 3462 2734 3532 acquiescere
2775 3466 3138 3523 recusarunt,
3181 3455 3373 3526 quinto

1799 3554 1981 3607 statim
2013 3562 2069 3609 et
2090 3554 2467 3624 sequentibus,
2498 3568 2598 3609 eos
2619 3552 2811 3607 Patres
2847 3559 3109 3621 tanquam
3137 3548 3372 3604 arbitros

1800 3644 2177 3710 admiserunt,
2228 3646 2323 3715 qui
2371 3654 2497 3700 ante
2541 3645 2867 3699 divisionem
2895 3682 2912 3708 ,
2960 3642 3075 3699 sive
3120 3649 3373 3696 exortum

1800 3736 2093 3806 cujuslibet
2144 3738 2415 3791 haereseos
2464 3735 3024 3807 scripserautiunde
3057 3736 3193 3791 tales
3220 3742 3375 3790 cata-

1802 3829 1930 3901 logi,
1969 3829 2165 3900 quales
2197 3829 2340 3899 apud
2373 3829 2778 3888 Theodoratum
2816 3837 2870 3884 et
2894 3828 3173 3884 Gelasium
3221 3841 3375 3897 repe-

1801 3922 2040 3989 riuntur,
2087 3921 2324 3978 confecti
2368 3932 2518 3978 sunt.
2552 3921 2627 3979 De
2652 3938 2762 3993 qua
2786 3937 2847 3977 re
2872 3930 3057 3990 postea
3080 3920 3187 3975 erit
3215 3919 3378 3974 nobis

1801 4014 2184 4070 disserendum
2228 4013 2415 4070 latius.
2450 4012 2507 4068 In
2538 4014 2627 4069 his
2653 4014 2819 4084 igitur
2846 4012 3175 4068 Theodoreti
3205 4010 3378 4067 dialoo

1803 4106 1887 4175 gis
1930 4106 2272 4162 orthodoxus
2321 4104 2648 4159 sententiam
2695 4103 2900 4173 promit
2947 4102 3378 4165 catholicorum,

1802 4206 1864 4252 ut
1888 4195 2170 4252 Eranistes
2207 4196 2593 4252 haereticorum
2643 4196 2793 4250 illius
2842 4196 2963 4249 aevi.
3009 4192 3149 4248 Cum
3196 4202 3380 4247 autem

1802 4290 2145 4345 orthodoxus
2207 4305 2275 4344 ex
2338 4288 2643 4357 Scripturis
2703 4287 2985 4356 copiosius
3045 4286 3382 4357 disputasset

1802 4381 1998 4450 quierit
2033 4379 2343 4446 Eranistes,
2397 4381 2529 4450 quid
2577 4379 2787 4449 antiqui
2823 4378 3381 4438 Ecclesiae.doctores

168 4454 516 4555 ⁴ξτιίστευσαν.
551 4462 665 4533 Ego
711 4464 851 4517 enim
877 4473 995 4533 post
1038 4464 1493 4527 resurrectionem.
1529 4463 1701 4532 ipsum
1731 4510 1779 4565 Β
1805 4471 2109 4537 senserint,
2149 4471 2427 4538 celebres,
2478 4469 2710 4533 scilicet,
2748 4476 2804 4523 et
2848 4467 3167 4532 indubitati;
3221 4472 3384 4536 negat

170 4545 214 4599 in
239 4566 374 4606 carne
414 4556 521 4609 scio
565 4564 615 4608 et
645 4556 800 4611 credo
838 4572 949 4609 esse
980 4575 1000 4611 :
1037 4565 1088 4610 et
1123 4555 1335 4626 quando
1381 4558 1448 4606 ad
1487 4570 1573 4610 eos
1610 4554 1700 4623 qui

171 4654 265 4695 cum
284 4628 431 4698 Petro
464 4655 641 4713 erant,
676 4649 835 4714 venit,
865 4648 1003 4701 dixit
1034 4649 1110 4709 eis
1147 4647 1454 4716 :Accipite,
1490 4646 1718 4716 palpate,

172 4743 252 4797 me,
270 4743 312 4786 et
338 4736 518 4803 ridete,
547 4740 674 4807 quia
700 4755 803 4792 non
828 4756 946 4795 sum
966 4739 1289 4804 daemonium
1316 4740 1698 4809 incorporeum.

174 4820 229 4873 Et
264 4828 428 4881 statim
475 4832 650 4899 ipsum
702 4832 986 4901 tetigerunt
1029 4841 1079 4885 et
1128 4832 1489 4887 crediderunt.
1594 4832 1702 4884 Τοῦ

172 4913 389 4987 αὑτοῦὲκ
417 4924 515 4994 τῆς
538 4923 709 4993 αὐτῆς
743 4923 1077 4995 Ἐπιστολῆς.
1123 4923 1377 4993 Ejusdem
1421 4940 1485 4978 ea:
1523 4923 1702 4977 eadem

174 5000 401 5072 Epistola.
451 5013 616 5067 Μετὰ
645 5013 713 5067 δὲ
744 5013 858 5083 τὴν
886 5013 1229 5069 ἀνάστασιν
1269 5014 1367 5068 καὶ
1400 5015 1717 5083 συνέφαγε.

175 5099 253 5152 καὶ
278 5103 555 5160 συνέπιεν
586 5106 808 5174 αὐτοῖς,
843 5106 924 5173 ὡς
964 5105 1264 5175 σαρκικῶς
1306 5107 1405 5159 καὶ
1443 5120 1708 5175 πνευμα-

174 5190 318 5259 τικῶς
353 5196 654 5268 ἡνωμένος
710 5198 789 5264 τῷ
820 5200 1026 5268 Πατρί.
1082 5198 1214 5253 Post
1264 5200 1706 5257 resurrectionem

178 5291 321 5341 autem
362 5303 467 5342 una
507 5306 628 5343 cum
674 5291 749 5345 eis
793 5300 843 5345 et
880 5292 1106 5345 comedit
1153 5300 1202 5345 et
1245 5292 1409 5357 bibit,
1453 5301 1717 5362 tanquam.

179 5376 429 5434 carnaliter
456 5389 514 5437 et
545 5382 898 5451 spiritualiter
936 5383 1115 5437 unitus
1165 5382 1341 5439 Patri.
1374 5383 1440 5438 Et
1489 5399 1703 5446 rursus,

180 5458 300 5518 Dial.
327 5468 587 5540 impatib.,
607 5488 663 5543 p.
689 5474 793 5529 154
813 5491 827 5527 :
851 5474 957 5528 Τοῦ
992 5474 1147 5543 ἁγίου
1192 5474 1450 5543 Ἰγνατίου
1481 5474 1706 5533 ὲπισκρ-

183 5570 265 5608 tuo
296 5560 605 5635 Ἀντιοχείας
648 5566 743 5619 καὶ
797 5566 1090 5638 μάρτυρος,
1122 5567 1187 5619 ἐκ
1226 5566 1325 5637 τῆς
1358 5567 1494 5638 πρὸς
1526 5566 1708 5637 Σμυρ-

183 5648 331 5716 ναίους
384 5655 713 5729 Ἐπιστολῆς.
779 5657 838 5714 S.
872 5659 1077 5729 lgnatii
1122 5660 1351 5729 episcopi
1399 5659 1707 5715 Antiocheni

188 5752 227 5793 et
250 5749 495 5821 martyris,
529 5764 592 5803 ex
608 5748 846 5820 Epistula
872 5751 941 5806 ad
960 5748 1280 5822 Smyrnwos.
1308 5753 1708 5824 Εὑχαριστίας

1804 4563 1951 4616 enim
1980 4578 2040 4618 se
2068 4572 2414 4633 recepturum
2456 4561 2657 4632 ἄνδρας
2687 4560 2933 4630 ἀσήμους
2964 4556 3381 4629 ῆ.ἀμφι66λους,

1804 4655 2054 4709 obscuros
2086 4664 2179 4707 aut
2218 4655 2516 4724 ambiguos.
2563 4652 2866 4720 Interrogat
2912 4649 3078 4721 igitur
3117 4649 3381 4705 orthodo—

1805 4761 1932 4811 xus,
1972 4761 2041 4799 an
2064 4744 2446 4809 Athanasium,
2479 4738 2826 4812 Gregorium,
2852 4741 3227 4807 Ambrosium,
3254 4741 3381 4797 Flae

1805 4839 2053 4900 vianum,
2093 4834 2360 4891 Joannem
2398 4836 2875 4906 Chrysostomum.
2901 4849 3001 4904 pro
3031 4834 3247 4890 talibus,
3279 4834 3379 4887 lia-

1805 4930 1964 4997 beat;
2014 4929 2254 4985 admittit
2306 4930 2407 4984 hos
2440 4944 2633 4987 omnes
2675 4940 2731 4983 et
2774 4928 3018 4999 ipsorum
3067 4925 3378 4982 testimonia

1811 5021 2127 5089 Eranistes;
2172 5032 2286 5076 tun.
2319 5038 2449 5076 vero
2480 5021 2771 5093 lgnatium,
2802 5020 3095 5086 Irenaeum,
3121 5017 3378 5089 Hippoly-

1809 5122 1923 5169 tum
1952 5124 2005 5168 et
2026 5114 2383 5181 Methodium,
2425 5114 2673 5184 aliosque
2709 5127 2771 5169 se
2799 5113 3195 5183 producturum
3227 5123 3379 5163 asse-

1807 5205 1906 5271 rit;
1951 5207 2103 5260 valde
2143 5206 2376 5275 cupienti
2407 5206 2537 5259 mihi
2585 5205 2744 5260 etiam
2774 5204 2885 5259 haec
2915 5201 3221 5256 testimonia
3250 5214 3377 5269 pro-

1806 5310 1985 5363 pones,
2012 5297 2189 5366 inquit
2213 5298 2591 5352 haereticorum
2627 5295 2848 5351 nomine
2874 5292 3174 5348 Eranistes.
3202 5291 3381 5363 Atque

1806 5391 1881 5443 ita
1920 5390 2140 5444 demum
2172 5391 2444 5459 prolixum
2496 5390 2631 5445 satis
2674 5388 2982 5457 eatalogum
3026 5385 3379 5456 antiquorum

1807 5479 2030 5534 Patrum
2079 5482 2215 5536 texit
2258 5482 2599 5537 orthodoxus
2647 5494 2717 5534 ex
2756 5487 2911 5549 parte
2956 5477 3378 5544 catholicorum,

1806 5579 1862 5625 et
1885 5580 2139 5639 tanquam
2164 5571 2429 5642 τηλαυγὲς
2456 5569 2745 5639 πρόσωπον
2774 5575 2979 5638 septem
3010 5567 3389 5639 longiuscule:

1808 5660 2109 5716 sententias
2145 5677 2211 5716 ex
2252 5660 2428 5715 tribus
2462 5658 2652 5729 lgnatii
2690 5657 2866 5715 nostri
2903 5658 3148 5730 epistolis
3192 5673 3380 5725 excer-

1807 5762 1931 5827 ptas
1973 5754 2200 5826 reliquis
2244 5751 2530 5825 praeponit.
2584 5752 2860 5813 Adrersus
2907 5751 3024 5819 hanc
3070 5749 3400 5819 testimoni;
