3786 6298
378 266 445 323 87
712 274 719 287 '
1411 271 1465 327 S.
1501 272 1849 332 lGNATlUS.
1889 306 1956 316 --
1988 272 2521 337 PROLEGOMENA,
3562 275 3624 324 ιςδ

378 396 448 434 ne
484 380 697 437 hiscere
725 381 945 452 quidem
1003 400 1061 440 se
1090 385 1330 455 potuisse
1392 385 1591 443 fatetur
1646 387 1948 444 Eranistes.
1978 396 2026 453 Α
2053 387 2444 457 devoratianem
2490 387 2613 451 mei,
2661 395 2710 440 et
2750 388 3070 456 deprecabar
3120 406 3187 443 ne
3228 389 3369 459 forte
3431 389 3533 455 (ut
3574 404 3625 440 ut

376 469 533 527 Unde
581 472 751 544 liquet
796 484 852 531 et
899 476 1263 532 orthodoxum
1344 488 1415 534 et.
1460 478 1800 546 Eranistem,
1849 481 1954 537 hoc

373 572 611 631 est,tum
643 566 945 625 catholicos
994 577 1106 624 tum
1151 571 1439 627 haereticos
1485 572 1633 629 illius
1674 575 1795 640 sevi,
1831 574 1953 643 epi-

372 658 545 714 stolas
584 659 799 731 lgnatii,
844 678 981 730 quas
1031 662 1413 730 defendimus,
1457 681 1555 735 pro
1584 666 1729 722 veris
1770 674 1825 721 et
1867 665 1954 721 in-

371 749 637 806 dubitatis
677 753 919 822 episcopi
954 753 1282 810 Antiocheni
1316 757 1535 827 scriptis
1565 757 1841 813 habuisse.

447 842 601 897 Sexti
654 844 838 899 saeculi
892 846 1107 914 primus
1154 846 1309 901 testis
1360 846 1833 917 S.Ephrazmius,
1885 864 1950 905 ex

368 934 573 990 comite
618 936 849 991 orientis
892 937 1204 1005 patriarcha
1255 936 1716 1007 Theopolitanus,
1766 948 1827 997 ut
1871 940 1946 994 lo‘

368 1025 557 1095 quitur
590 1024 855 1095 Pbotius,
906 1028 961 1083 id
1013 1036 1097 1084 est.
1140 1029 1554 1099 Antiochenus;
1599 1031 1688 1086 cui
1731 1031 1949 1101 episco-

366 1120 519 1188 patui
568 1120 717 1176 circa
760 1136 965 1175 annum
998 1121 1103 1177 529
1138 1123 1391 1178 admotus
1431 1134 1538 1182 est.
1587 1124 1688 1181 llic
1714 1125 1858 1179 enim
1893 1125 1948 1179 in

364 1213 508 1271 libro
543 1213 616 1268 De
640 1213 826 1269 Sacris
857 1214 1157 1271 Antiochia:
1187 1214 1409 1286 legibus,
1457 1217 1543 1290 (ut
1579 1217 1825 1288 loquitur
1864 1218 1949 1273 in-

361 1314 575 1375 terpres
608 1304 937 1381 PhOIianus)
968 1306 1034 1362 de
1073 1307 1290 1362 articuli
1330 1306 1503 1364 Graeci
1549 1324 1652 1364 usu
1683 1309 1948 1364 adversus

364 1396 694 1452 Severianus
754 1383 1074 1467 disputans,
1126 1399 1304 1467 primo
1352 1398 1410 1455 S.
1439 1397 1771 1469 Scripturse,
1821 1400 1946 1456 dein

364 1486 466 1544 SS.
487 1487 713 1544 Patrum
745 1489 1074 1548 testimoniis
1102 1490 1275 1544 utitur
1306 1499 1357 1545 et
1389 1491 1532 1545 inter
1561 1506 1679 1556 eos,
1741 1500 1801 1545 ut
1827 1491 1943 1546 ﬁeri

362 1579 597 1646 solebat,
629 1578 689 1635 S.
718 1578 987 1651 lgnatium
1017 1579 1258 1649 primum
1290 1582 1539 1636 nominat
1566 1599 1580 1639 :
1617 1581 1727 1636 Καὶ
1768 1584 1797 1635 ὁ
1826 1582 1945 1636 Oeo-

362 1671 529 1742 φόρος
557 1671 617 1727 δὲ
644 1672 906 1742 Ἰγνάτιος
943 1672 1037 1727 καὶ
1069 1672 1313 1745 μάρτυς,
1342 1673 1667 1746 Σμυρναίοις
1699 1674 1941 1735 ἐπιστέλ-

2055 479 2322 534 nonnullis
2362 478 2614 549 fecerunt)
2655 480 2875 533 timeant
2903 481 3161 551 attingere
3198 498 3391 555 corpus
3423 498 3625 546 meum;

2054 572 2288 642 quinimo
2328 572 2374 626 si
2408 571 2817 637 cunctabuntur,
2868 588 2961 643 ego
3012 574 3114 626 vim
3151 574 3375 643 faciam,
3416 590 3515 642 ego
3552 590 3626 625 me

2053 662 2308 733 ingerunt.
2326 662 2693 733 Date,quazso,
2711 664 2946 728 veniam;
2978 680 3069 734 ego
3095 665 3212 720 novi
3232 666 3362 736 quid
3386 665 3624 734 expediat

2054 756 2223 812 mihi:
2256 772 2393 809 nunc
2421 756 2615 825 incipio
2654 773 2764 809 esse
2789 756 2983 810 Christi
3020 756 3336 826 discipulus.
3378 754 3624 811 Facessat

2052 847 2256 901 invidia
2286 846 2365 901 vel
2387 848 2607 901 humani
2638 848 2883 917 a/fectus,
2914 849 2990 903 vel
3018 850 3267 919 nequitia:
3304 848 3625 917 spiritualis,

2051 947 2109 990 ut
2140 936 2323 993 Iesum
2359 937 2631 994 Christum
2680 954 2881 992 merear
2936 939 3181 1005 adipisci.
3216 938 3399 1009 Ignes,
3424 955 3625 1003 cruces,

2052 1029 2253 1098 bestice,
2290 1030 2643 1100 dispersiones
2684 1031 2917 1099 ossium,
2955 1032 3435 1101 discerptionesque
3479 1047 3627 1084 ment-

2051 1118 2287 1185 brorum,
2336 1137 2398 1174 ac
2445 1122 2608 1175 totius
2650 1122 2884 1191 corporis
2928 1138 3115 1192 plenae,
3156 1132 3206 1177 et
3242 1124 3425 1177 omnia
3466 1123 3524 1175 in
3552 1138 3627 1174 me

2051 1227 2214 1264 unum
2262 1211 2525 1283 supplicia
2568 1214 2770 1269 diaboli
2813 1224 2927 1270 arte
2962 1216 3187 1286 quazsita
3235 1213 3623 1283 compleantur,

2049 1304 2335 1360 dummodo
2363 1304 2549 1360 Jesum
2578 1306 2849 1363 Christum
2884 1324 3088 1363 merear
3126 1308 3373 1377 adipisci.
3408 1324 3427 1358 ι
3472 1305 3625 1362 Chri-

2048 1396 2254 1451 stianus
2294 1413 2396 1452 non
2432 1398 2711 1455 mediocris
2762 1400 2852 1453 sed
2893 1400 3185 1469 perfectus,
3230 1399 3480 1453 sacerdos
3528 1414 3624 1451 non

2047 1489 2166 1546 vilis
2199 1490 2289 1547 sed
2323 1508 2580 1559 summus,
2619 1502 2825 1564 martyr
2850 1510 2950 1549 non
2978 1494 3148 1564 segnis
3185 1492 3273 1546 sed
3302 1492 3623 1561 praecipuus,

2047 1582 2210 1649 dixit,
2246 1602 2263 1635 ι
2296 1581 2453 1639 Nunc
2482 1585 2678 1654 incipio
2711 1603 2821 1640 esse
2846 1586 3046 1642 Christi
3076 1586 3395 1654 discipulus.
3421 1604 3442 1638 ι

2120 1671 2339 1728 Tertius
2369 1673 2533 1744 hujus
2566 1676 2755 1730 smculi
2784 1676 2939 1732 testis
2969 1686 3052 1732 est
3076 1674 3269 1731 Jobius
3296 1674 3623 1741 monachus,

358 1763 488 1829 λων,
522 1764 725 1835 ὁμοίως
766 1764 1034 1837 κέχρηται
1066 1767 1144 1837 τῷ
1191 1766 1401 1840 ἄρθρῳ.
1441 1767 1622 1825 Etiam
1670 1768 1906 1841 Ignatiut

2084 1767 2138 1823 ui
2172 1769 2437 1824 adversus
2471 1766 2734 1824 Severum
2783 1770 3025 1840 scripsit.
3078 1768 3128 1825 ls
3167 1770 3313 1826 enim
3362 1770 3417 1823 in
3461 1784 3624 1841 Opere

358 1859 442 1914 uir
468 1859 677 1912 divinus
706 1867 756 1912 et
790 1868 1017 1929 martyr,
1049 1859 1331 1930 epistolam
1371 1861 1441 1913 ad
1467 1859 1771 1933 Smyrnazos
1804 1865 1941 1918 scri-

360 1951 516 2019 bens,
564 1954 811 2009 similiter
848 1957 1079 2012 articulo
1130 1960 1320 2019 utitur,
1370 1957 1623 2026 Pbotius,
1678 1961 1936 2019 Biblioth.

356 2059 510 2099 num.
538 2044 666 2103 228.
718 2045 864 2103 Loca
904 2065 1029 2119 quae
1074 2065 1142 2106 ex
1184 2066 1247 2106 ea
1296 2050 1539 2119 Epistola
1588 2067 1941 2126 excerpserat

356 2134 417 2189 S.
446 2133 821 2205 Ephraemius,
868 2141 1053 2196 omisit
1098 2142 1429 2213 epitomator
1472 2143 1733 2214 Photius;
1781 2158 1939 2204 erant

355 2236 537 2280 autem
568 2228 706 2294 haec,
743 2239 803 2284 ut
834 2232 1072 2286 arbitror
1098 2251 1113 2288 :
1141 2233 1368 2299 Δοξάζω
1408 2236 1650 2304 Ἰησοῦν
1679 2240 1940 2307 Χριστὸν

354 2314 463 2370 τὸν
495 2316 668 2382 Θεὸν,
732 2319 974 2388 glori/ica
1026 2318 1210 2374 Jesum
1262 2320 1535 2383 Christum
1588 2323 1793 2390 Deum;
1850 2335 1932 2379 et:

352 2405 557 2465 Πάντα
604 2411 909 2481 ὑπομένω,
959 2412 1144 2469 αὐτοῦ
1188 2431 1265 2484 με
1305 2415 1787 2487 ἐνδυναμοῦντος
1831 2418 1936 2473 τοῦ

351 2502 586 2557 τελείου
638 2502 953 2572 ἀνθρώπου
1010 2504 1357 2575 γενομένου.
1424 2507 1615 2563 Omnia
1665 2510 1933 2579 sustineo,

354 2593 467 2662 ipso
507 2610 586 2650 me
625 2595 949 2664 fortiﬁcante
983 2598 1075 2668 qui
1117 2598 1379 2668 perfectus
1430 2600 1584 2655 homo
1627 2600 1802 2670 factus
1832 2615 1933 2657 est.

351 2684 505 2742 Licet
536 2688 681 2741 enim
717 2689 983 2745 articulus
1014 2690 1108 2744 τοῦ
1139 2692 1206 2745 ad
1240 2692 1532 2765 γενομένου
1568 2694 1748 2764 potius
1788 2694 1935 2750 refe-

349 2789 524 2846 ratur,
565 2798 729 2853 quam
773 2782 1085 2854 ἀνθρώπου,
1124 2784 1293 2840 alium
1336 2794 1518 2841 tamen
1561 2787 1614 2840 in
1662 2788 1763 2845 hac
1812 2790 1934 2859 epi-

284 2900 287 2907 -
349 2874 487 2927 stola
540 2874 742 2938 locum,
791 2876 1009 2945 opinor,
1064 2879 1336 2949 respicere
1386 2896 1494 2935 non
1546 2881 1744 2949 potuit.
1826 2880 1931 2938 Sed

348 2976 406 3021 et
435 2966 579 3021 idem
626 2967 1083 3038 S.Ephrzemius,
1131 2971 1183 3024 in
1242 2972 1471 3040 epistola
1513 2974 1579 3028 ad
1626 2972 1930 3029 Zenobium

350 3061 645 3128 quemdam
702 3063 1093 3121 scholasticum
1147 3073 1198 3118 et
1244 3065 1623 3135 Acephalum,
1680 3068 1931 3139 probavit

348 3156 610 3210 articulos
650 3157 861 3211 naturis
892 3157 1094 3212 Christi
1129 3160 1404 3215 adhibitos
1446 3176 1553 3213 non
1595 3160 1797 3217 inferre
1843 3162 1931 3216 di-

346 3248 616 3302 visionem
666 3250 914 3319 unitatis,
964 3250 1028 3303 ἕκ
1055 3268 1117 3303 τε
1146 3250 1255 3305 τῶν
1293 3252 1665 3321 εὐαγγελικῶν
1716 3253 1930 3322 φωνῶν,

346 3339 440 3395 καὶ
475 3342 540 3391 ἐκ
564 3338 675 3392 τῶν
703 3341 1098 3406 ἀποπολικῶν,
1150 3343 1243 3403 καὶ
1288 3342 1350 3415 δὴ
1391 3344 1485 3403 καὶ
1514 3345 1579 3398 ἐκ
1612 3344 1723 3399 τῶν
1757 3363 1935 3416 μακαρ

349 3430 480 3501 ρίων
515 3431 764 3504 πατέρων
802 3434 980 3505 ἡμῶν,
1031 3436 1292 3504 Ἰγνατίου
1338 3435 1434 3490 τοῦ
1472 3436 1761 3510 Θέοφόρου,
1801 3439 1931 3491 Ἰου-

345 3521 482 3589 λίου,
515 3524 609 3577 καὶ⁹
652 3526 967 3580 Ἀθανασίου
1003 3528 1097 3582 καὶ
1132 3529 1476 3601 Γρηγορείων
1506 3530 1597 3582 καὶ
1626 3530 1925 3584 Βασιλείου.

348 3615 483 3670 Tum
523 3633 588 3672 ea:
612 3621 949 3689 euangelicis,
982 3632 1090 3675 tum
1130 3639 1195 3677 ea:
1220 3623 1525 3692 apostolicis
1554 3623 1743 3686 verbis,
1776 3635 1930 3694 atque

341 3710 501 3763 etiam
544 3727 609 3765 ea:
655 3711 823 3767 beatis
870 3712 1125 3769 Patribus
1172 3716 1394 3783 nostris,
1438 3715 1652 3785 Ignatio
1692 3717 1927 3785 llei/‘ero,

342 3800 516 3867 Julia,
573 3802 911 3871 Athanasio,
973 3804 1243 3876 Gregoriis
1304 3816 1353 3864 et
1412 3806 1642 3865 Basilio.
1695 3806 1925 3861 Photius

342 3894 570 3951 ibidem.

418 3985 706 4043 Secundus
750 3988 917 4058 hujus
950 3988 1051 4043 sevi
1087 3986 1244 4044 testis
1282 3998 1369 4044 est
1399 3987 1587 4043 Gildas
1617 3987 1928 4047 Badonicus

341 4092 407 4131 ex
439 4077 721 4134 Britannia
760 4089 971 4145 nostra,
1012 4081 1106 4149 qui
1136 4096 1281 4135 anno
1321 4079 1427 4134 564
1467 4080 1754 4150 epistolam
1786 4080 1926 4135 scri-

343 4170 451 4239 psit
475 4169 552 4224 De
578 4172 788 4227 excidio
819 4171 1145 4233 Britannice,
1182 4172 1235 4225 in
1265 4186 1371 4241 qua
1402 4171 1516 4226 haec
1551 4171 1713 4225 habet
1746 4184 1760 4224 :
1790 4170 1924 4234 Quis

341 4272 573 4316 uestrum
601 4304 617 4329 ,
662 4274 721 4316 ut
768 4261 827 4317 S.
855 4274 1062 4332 martyr
1106 4261 1374 4333 Ignatius,
1436 4263 1731 4325 Antiochia;
1776 4263 1924 4316 urbis

342 4357 650 4426 episcopus,
706 4366 824 4427 post
873 4356 1221 4411 admirabiles
1277 4357 1332 4410 in
1380 4354 1592 4410 Christo
1638 4366 1813 4423 actus,
1859 4355 1922 4410 ob

2045 1858 2123 1914 De
2146 1861 2537 1926 incarnatione,
2564 1861 2725 1931 cujus
2747 1870 3003 1932 excerpta
3047 1862 3207 1917 nobis
3236 1862 3470 1918 Photius
3516 1872 3625 1915 tra-

2042 1950 2200 2017 didit,
2232 1949 2487 2007 Biblioth.
2522 1968 2677 2007 num.
2704 1952 2834 2016 222,
2890 1953 3005 2008 hzec
3054 1954 3241 2008 ltabuil
3285 1970 3302 2007 :
3347 1952 3487 2023 Φησὶ
3516 1953 3623 2024 γὰρ

2040 2043 2069 2095 ὁ
2099 2042 2354 2115 θεοφόρος
2411 2043 2668 2112 Ἰγνάτιος
2718 2045 2845 2115 τρία
2898 2044 3077 2099 λαθεῖν
3119 2046 3210 2100 τὸν
3255 2046 3495 2118 ἄρχοντα
3528 2045 3622 2098 τοῦ

2040 2133 2232 2197 αἰῶνος
2264 2134 2455 2190 τούτου
2479 2176 2494 2203 ,
2528 2136 2625 2206 τὴν
2665 2137 2962 2207 παρθενίαν
2991 2138 3208 2211 Μαρίας
3228 2180 3243 2205 ,
3277 2138 3377 2210 τὴν
3424 2136 3621 2208 σύλλη-

2037 2225 2129 2296 ψιν
2171 2224 2265 2280 τοῦ
2302 2226 2507 2299 Κυρίου
2532 2267 2545 2293 ,
2578 2227 2673 2282 καὶ
2707 2228 2806 2301 τὴν
2851 2229 3175 2301 σταύρωσιν.
3215 2229 3359 2285 Nunt
3400 2232 3506 2285 tria
3534 2232 3619 2287 di-

2040 2319 2191 2377 vinus
2220 2316 2469 2388 Ignatius
2502 2321 2684 2374 sazculi
2713 2321 2869 2390 hujus
2900 2323 3189 2393 principem
3218 2324 3440 2377 latuisse
3477 2340 3620 2377 com-

2038 2419 2317 2475 memorat,
2344 2410 2701 2480 virginitatem
2728 2410 2939 2478 Μανίας,
2969 2415 3355 2483 conceptionem
3378 2413 3618 2478 Domini,

2036 2512 2085 2556 ot
2119 2503 2535 2571 cruciﬁxionem.
2578 2502 2789 2571 Quibus
2820 2506 3003 2561 verbis
3032 2522 3093 2561 ea
3127 2522 3247 2577 qua:
3286 2508 3338 2562 in
3373 2506 3618 2578 Epistola

2038 2592 2107 2651 ad
2138 2592 2413 2662 Ephesios
2450 2594 2804 2665 reperiuntur
2831 2598 3123 2667 expressit.

2106 2703 2347 2772 Quartus
2404 2706 2650 2776 ejusdem
2706 2710 2894 2766 saeculi
2952 2711 3109 2766 testis
3160 2712 3228 2766 ad
3280 2712 3445 2767 ﬁnem
3499 2714 3617 2783 jam

2032 2798 2310 2867 vergentis
2358 2809 2441 2854 est
2480 2798 2744 2857 Leontius
2781 2801 3151 2874 Byzantinus,
3207 2804 3245 2860 Ι.
3309 2804 3387 2860 De
3434 2809 3613 2873 sectis,

2035 2898 2138 2943 act.
2166 2889 2200 2943 '5
2236 2907 2249 2944 :
2298 2889 2578 2960 Ἐγένοντο
2614 2891 2671 2944 δὲ
2716 2895 2774 2947 ἐν
2808 2896 2921 2959 τοῖς
2961 2894 3170 2966 χρόνοις
3212 2898 3325 2959 τοῖς
3367 2897 3477 2949 ἀπὸ
3517 2898 3620 2967 τῆς

2032 2981 2338 3053 γεννήσεως
2381 2982 2476 3037 τοῦ
2514 2984 2750 3056 Χριστοῦ
2793 2987 2954 3058 μέχρι
2993 2988 3094 3060 τῆς
3141 2987 3417 3059 βασιλείας
3458 2991 3617 3044 Κων-

2035 3073 2315 3129 σταντίνου
2360 3072 2669 3127 διδάσκαλοι
2697 3075 2790 3129 καὶ
2825 3076 3060 3149 πατέρες
3101 3077 3208 3131 οἵδε
3229 3094 3242 3109 ο
3287 3078 3551 3148 Ἰγνάτιος
3586 3079 3619 3133 ὁ

2037 3164 2324 3236 θεοφόρος,
2359 3167 2680 3239 Είρηναῖος,
2728 3168 3005 3234 Ἰουστῖνος
3034 3167 3320 3239 φιλόσοφος
3347 3170 3441 3223 καὶ
3476 3171 3619 3241 μάρ-

2035 3271 2168 3320 τυς,
2225 3255 2458 3328 Κλήμης
2505 3256 2597 3309 καὶ
2653 3255 2963 3322 Ἱππόλυτος
3018 3257 3305 3313 ἐπίσκοποι
3356 3259 3613 3331 Ῥώμης,

2033 3349 2307 3413 Διονύσιος
2354 3352 2385 3404 ὀ
2428 3350 2818 3423 Ἀρεοπαγίτης
2837 3391 2853 3417 ,
2883 3352 3146 3417 Μεθόδιος
3173 3354 3474 3417 ἐπίσκοπος
3501 3355 3617 3408 Πα-

2032 3438 2232 3509 τάρων,
2270 3440 2310 3491 Γ
2315 3439 2567 3511 ρηγόριος
2595 3442 2625 3493 ὁ
2657 3440 3094 3514 θαυματουργὸς,
3127 3444 3332 3515 Πέτρος
3357 3446 3386 3497 ὁ
3434 3443 3617 3510 Ἀλεξ-

2032 3531 2280 3601 ανδρείας
2331 3530 2626 3594 ἐπίσκοπος
2672 3532 2765 3586 καὶ
2797 3534 3024 3609 μάρτυς.
3065 3535 3325 3589 Caeterum
3360 3539 3617 3605 tempori-

2032 3617 2127 3673 bus
2150 3621 2278 3685 illis,
2308 3637 2425 3691 qua:
2447 3638 2479 3674 a
2502 3622 2702 3676 Christi
2734 3623 3033 3679 Nativitate
3057 3642 3218 3696 usque
3239 3625 3310 3679 ad
3330 3628 3617 3695 imperium

2033 3711 2368 3767 Constantini
2391 3725 2755 3779 numerantur,
2786 3717 2842 3770 hi
2882 3718 3122 3772 doctores
3149 3728 3198 3772 et
3234 3719 3425 3772 Patres
3446 3720 3618 3775 επεὶ-τ

2034 3813 2242 3865 terunt:
2265 3803 2507 3875 Ignatius
2532 3806 2886 3877 Theophorus,
2902 3808 3421 3877 Irenwus,!1ustinus
3443 3811 3620 3880 philo-

2030 3897 2223 3967 sophus
2246 3905 2294 3951 et
2319 3908 2543 3969 martyr,
2567 3899 2806 3956 Clemens
2833 3912 2881 3954 et
2908 3901 3227 3973 Hippolytus
3251 3904 3482 3973 episcopi
3509 3902 3616 3958 Ro—

2030 3993 2213 4054 mani,
2259 3990 2542 4062 Dionysius
2583 3994 2934 4064 Areopagita,
2982 3995 3280 4050 Methodius
3334 3998 3615 4066 episcopus

2030 4083 2339 4138 Patarensis
2361 4125 2374 4145 .
2405 4084 2685 4155 Gregorius
2727 4087 3104 4141 miraculorum
3147 4088 3382 4157 effector,
3414 4088 3615 4143 Petrus

2026 4177 2415 4232 Alexandrinus
2432 4180 2702 4248 episcopus
2724 4190 2771 4234 et
2792 4190 3018 4251 martyr.
3040 4180 3325 4236 Doctorem
3350 4191 3535 4237 autem
3558 4193 3617 4238 et

2026 4271 2243 4345 Patrem
2273 4271 2537 4341 lgnatium
2565 4271 2952 4342 Theophorum
2978 4274 3227 4328 nominat
3252 4285 3475 4345 propter
3507 4260 3620 4330 doo‘

2025 4344 2255 4415 ctrMam
2298 4362 2675 4432 apostolicam,
2705 4380 2870 4433 quam
2898 4362 3017 4432 ejus
3058 4363 3313 4435 Epistolas
3358 4344 3615 4423 contine-

342 4452 703 4505 testimonium
749 4450 886 4520 ejus,
938 4450 1147 4503 leonum
1193 4449 1348 4503 molis
1383 4449 1564 4505 Romae
1612 4449 1917 4518 confractus
1948 4472 1992 4525 υ
2024 4451 2173 4517 bant,
2206 4470 2328 4523 quae
2382 4456 2544 4511 toties
2584 4457 2848 4512 adversus
2896 4458 3180 4513 haereticos
3218 4459 3608 4515 laudabantur.

339 4546 462 4598 est?
514 4543 680 4613 Cujus
728 4545 915 4610 verba,
965 4560 1086 4597 cum
1139 4545 1208 4599 ad
1259 4545 1558 4615 passionem
1617 4544 1916 4606 duceretur,

342 4636 617 4691 audientes
665 4638 747 4706 (si
788 4638 1002 4708 quando
1052 4638 1227 4695 vultus
1280 4638 1438 4691 vestri
1489 4638 1676 4690 rubore
1727 4636 1919 4704 sulfusi

341 4728 489 4783 sunt)
518 4744 619 4781 non
652 4729 825 4781 solum
867 4731 921 4783 in
950 4732 1346 4799 comparatione
1370 4729 1484 4798 ejus
1516 4745 1602 4782 vos
1633 4745 1734 4781 non
1764 4738 1921 4797 puta-

340 4821 463 4875 bitis
494 4821 812 4885 sacerdotes,
842 4824 930 4875 sed
961 4840 1022 4875 ne
1050 4824 1332 4876 mediocres
1354 4823 1561 4893 quidem
1589 4822 1918 4876 Christianos

339 4929 471 4968 esse.
510 4913 601 4966 Ait
628 4914 768 4966 enim
804 4914 858 4966 in
888 4913 1153 4982 Epistola,
1198 4931 1357 4985 quam
1396 4914 1465 4967 ad
1492 4914 1783 4967 Romanam
1814 4911 1920 4965 Ec-

340 5008 557 5061 clesiam
586 5008 774 5062 misit:
804 5026 822 5058 ι
856 5008 896 5059 Α
930 5007 1093 5077 Syria
1131 5024 1293 5077 usque
1326 5008 1548 5060 Romam
1582 5024 1701 5061 cum
1733 5006 1916 5059 bestiis

342 5108 486 5151 terra
529 5098 767 5167 marique
810 5097 1091 5167 depugno,
1139 5098 1225 5151 die
1271 5108 1319 5150 et
1366 5107 1517 5150 nocte
1562 5110 1827 5149 connexus
1868 5104 1918 5148 ct

341 5190 623 5259 colligatus
660 5190 835 5244 decem
880 5190 1171 5258 leopardis,
1218 5189 1479 5244 militibus
1537 5190 1677 5256 dico,
1718 5190 1787 5241 ad
1827 5205 1919 5241 cu-

340 5281 574 5336 stodiam
624 5283 804 5348 datis,
853 5284 945 5353 qui
994 5298 1059 5337 ex
1108 5282 1370 5351 beneﬁciis
1434 5283 1629 5335 nostris
1677 5282 1917 5335 saeviores

341 5374 499 5443 fiunt.
548 5372 651 5428 Sed
692 5392 785 5445 ego
822 5391 1004 5429 eorum
1047 5375 1294 5445 nequitiis
1334 5375 1503 5444 magis
1543 5375 1792 5439 erudiar;
1827 5390 1919 5428 nec

344 5474 521 5519 tamen
549 5465 607 5517 in
631 5464 727 5517 hoc
758 5466 1093 5537 justificatus
1132 5482 1272 5521 sum.
1322 5463 1367 5520 0
1400 5464 1662 5519 salutares
1698 5466 1916 5526 bestias,

341 5572 461 5627 quae
502 5567 875 5625 praeparantur
916 5558 1089 5611 mihi!
1132 5556 1360 5622 Quando
1403 5557 1645 5610 venient?
1707 5557 1917 5627 quando

340 5650 695 5707 omittentur!
736 5650 947 5718 quando
978 5652 1052 5704 eis
1093 5652 1203 5721 frui
1247 5650 1425 5705 licebit
1465 5649 1713 5704 carnibus
1746 5650 1913 5705 meis?

344 5758 475 5803 quas
517 5759 608 5821 ego
651 5753 837 5821 exopto
896 5746 1124 5800 acriores
1180 5744 1409 5818 parari,
1465 5753 1514 5799 et
1562 5744 1795 5802 inuitabo
1847 5745 1915 5799 ad

2025 4544 2261 4610 Τούτους
2304 4547 2555 4611 ἅπαντας
2587 4549 2642 4602 αἱ
2676 4551 2792 4619 μετ’
2818 4550 3016 4614 αὐτοὺς
3041 4550 3327 4621 γενόμεναι
3366 4553 3615 4623 αἱρέσεις

2022 4636 2285 4707 δέχονται.
2319 4637 2430 4693 llos
2454 4656 2629 4694 omnes
2654 4640 2874 4710 (inquit)
2900 4650 3093 4696 secuta:
3114 4643 3355 4711 deinceps
3382 4643 3613 4698 lnereses

2023 4731 2301 4797 recipiunt.
2322 4730 2705 4802 Proponebant
2726 4734 2889 4804 igitur
2910 4733 3098 4803 lgnatii
3126 4736 3384 4805 epistolas
3405 4736 3615 4790 Catho-

2020 4822 2132 4888 lici,
2157 4834 2414 4892 tanquam
2444 4826 2688 4879 doctoris
2709 4836 2762 4880 et
2782 4826 2963 4881 Patris
2990 4830 3189 4890 scripta
3223 4847 3236 4881 :
3264 4829 3614 4889 recipiebant

2021 4910 2259 4963 haeretici
2294 4924 2485 4964 omnes
2515 4919 2636 4978 post
2666 4909 2842 4978 ipsum
2866 4908 3061 4961 exorti.
3099 4908 3181 4960 Ab
3205 4906 3462 4960 omnibus
3501 4907 3607 4976 igi-

2020 5010 2109 5056 tur
2138 5000 2575 5071 agnoscebantur
2601 5000 2863 5069 epistolae,
2897 5014 3037 5068 quas
3060 4997 3426 5062 defendimus,
3478 5006 3602 5051 tum

2020 5095 2304 5151 catholicis
2352 5103 2466 5147 tum
2518 5092 2809 5147 hmreticis.
2862 5091 2975 5146 lloc
3025 5092 3162 5145 adeo
3205 5090 3472 5145 disertum
3515 5100 3605 5144 est

2019 5191 2086 5244 de
2111 5188 2247 5244 sexti
2291 5188 2477 5244 saeculi
2522 5188 2793 5242 sententia
2845 5184 3246 5249 testimonium,
3278 5193 3338 5238 ut
3369 5198 3604 5237 necesse

2020 5296 2129 5334 non
2165 5280 2234 5336 sit
2257 5278 2525 5332 Joannem
2555 5277 2853 5331 Rbetorem
2904 5276 3149 5342 laudare,
3179 5275 3273 5345 qui
3304 5274 3408 5332 sub
3438 5272 3605 5327 Mau-

2020 5372 2146 5427 ritio
2175 5370 2428 5439 scripsit:
2456 5369 2589 5422 Τότε
2624 5369 2716 5422 καὶ
2747 5366 3004 5436 Ἰγνάτιος
3036 5366 3371 5431 όΒεσπέσιος
3403 5365 3595 5437 ἐπειδὴ

2018 5479 2102 5532 γε,
2136 5461 2212 5525 ὡς
2243 5458 2525 5523 ἐϐούλετο,
2576 5460 2745 5527 τάφον
2792 5460 2893 5524 τὰς
2938 5458 3047 5513 τῶν
3094 5458 3299 5529 Θηρίων
3341 5455 3598 5526 smnio;

2018 5553 2290 5623 γαστέρας
2342 5552 2400 5603 ἐν
2448 5548 2525 5619 τῷ
2572 5551 2671 5622 τῆς
2734 5550 2950 5623 Ῥώμης
3003 5550 3375 5623 ἀμφιθεάτρῳ.
3445 5548 3598 5602 Tunc

2017 5646 2179 5703 etiam
2202 5641 2445 5713 Ignatius
2475 5641 2705 5707 divinus,
2742 5653 3041 5713 postquam,
3074 5652 3133 5712 ut
3167 5642 3276 5707 ipse
3321 5640 3508 5701 voluit,
3539 5642 3595 5693 in

2022 5736 2404 5814 amphitheatro
2432 5730 2690 5799 Romano,
2719 5735 2950 5805 ferarum
2990 5733 3185 5788 venires
3216 5748 3307 5785 vra
3350 5730 3593 5807 δεραίων
