3814 6198
152 271 209 324 89
877 265 927 323 δ.
969 260 1335 318 PEARSONII
1375 260 1670 317 VlNDlClA

1774 259 2171 318 ΒΝΑῚΊΑΝᾸΞ.
2214 292 2283 302 -—
2320 260 2503 316 PARS
2538 261 2579 315 Ι.
3295 261 3365 315 υιι

147 384 399 443 habuisset,
428 387 533 434 etc.
578 379 735 435 Licet
770 381 916 447 illud,
946 391 1001 434 ut
1040 381 1225 448 voluit;
1269 381 1337 436 ad
1368 381 1681 451 epistolam,
1713 387 1758 442 A
1786 397 1884 450 pen
1918 379 2123 449 facere;
2156 378 2246 433 sed
2282 380 2422 450 quod
2450 380 2541 434 ille
2574 380 2893 450 probaverit,
2924 379 3019 433 hoc
3052 386 3101 432 et
3142 377 3247 432 Deo
3276 395 3368 431 ac-

149 490 287 544 quam
333 470 547 539 scripsit
590 469 839 542 lgnatius
885 472 952 527 ad
976 470 1283 540 Romanos,
1326 470 1475 528 haud
1518 470 1683 525 dubie

146 565 419 628 referatur;
478 570 578 615 aut
625 563 975 619 Anastasium
1031 563 1311 633 priorem,
1377 560 1684 617 Antiochiae

148 658 514 728 patriarcham,
557 653 706 708 libro
738 654 814 709 De
849 657 1000 709 rectis
1043 656 1285 711 veritatis
1325 652 1680 724 dogmatibus,

141 750 187 803 in
207 746 523 802 Bibliotheca
547 746 771 817 collegii
795 748 963 802 nostri
994 746 1352 817 Cantabrigia:
1382 760 1486 801 ms.
1518 761 1680 815 quem

141 837 186 889 in
213 835 388 888 exsilio
419 834 523 889 sub
546 833 774 890 Justino
808 837 1042 907 scripsit,
1084 836 1178 891 ubi
1224 835 1379 890 libris
1424 835 1683 892 omnibus

137 927 414 993 destitutus,
468 927 537 981 de
566 925 795 983 Christo
850 945 913 984 ex
960 929 1171 999 Ignatio
1223 939 1414 984 nostro
1461 928 1682 984 locutus

135 1026 221 1081 est,
264 1027 317 1070 ut
340 1016 539 1086 potuit,
581 1033 710 1072 cum
742 1019 1001 1089 epistolas
1028 1019 1094 1073 ad
1125 1034 1490 1085 manumnon
1513 1019 1684 1076 habe-

134 1117 239 1161 ret:
274 1107 497 1179 Μορφὴν
552 1108 748 1164 δούλου
794 1111 1186 1183 ἠμφιεσμένον,
1242 1112 1329 1165 ἴνα
1375 1112 1515 1185 λάθῃ
1548 1113 1684 1179 Θεὸς

134 1199 195 1254 ὣν
220 1199 301 1253 τὸν
330 1200 569 1272 ἄρχοντα
601 1201 702 1256 τοῦ
737 1202 932 1266 αἰῶνος
962 1203 1171 1268 τούτου,
1208 1205 1383 1274 forma
1412 1206 1549 1260 servi
1597 1206 1682 1259 in-

133 1292 323 1359 dutum,
370 1302 426 1345 ut
471 1292 617 1349 Deus
664 1296 926 1349 exsistens
966 1295 1153 1351 lateret
1192 1298 1483 1367 principem
1520 1298 1680 1368 hujus

130 1382 305 1440 seculi.

182 1494 281 1552 Non
309 1497 467 1570 longe
502 1499 575 1554 ab
608 1498 772 1554 initio
806 1501 1020 1570 septimi
1059 1502 1245 1558 saeculi
1273 1502 1414 1558 alius
1439 1502 1677 1557 Anasta-

125 1588 219 1644 sius
244 1591 561 1661 monachus,
591 1591 835 1657 Sinaita,
869 1600 922 1647 et
957 1594 1350 1649 catholicorum
1380 1603 1434 1648 et
1464 1593 1679 1648 haereti-

124 1695 282 1737 corum
326 1682 574 1752 ejusdem
606 1683 714 1738 aevi
762 1683 818 1738 in
858 1685 1201 1754 agnoscendo
1244 1685 1450 1756 lgnatio
1483 1695 1677 1741 nostro

1786 483 2011 545 ceptum,
2036 488 2103 528 ex
2132 473 2345 527 eadem.
2389 474 2445 526 '0
2478 472 2569 526 τὸν
2602 473 2896 527 ἐπίσκοπον
2927 473 3101 543 τιμῶν
3134 472 3237 526 ὑπὸ
3271 471 3365 525 τοῦ

1784 565 1919 619 Θεοῦ
1954 565 2212 636 τιμᾶταιο
2249 566 2277 618 ὁ
2308 563 2482 635 λάθρα
2534 565 2828 618 ἐπισκόπου
2876 583 2929 619 τι
2980 563 3240 636 πράσσων
3288 561 3365 633 τῷ
3406 550 3407 553 “

1785 656 2016 728 διαϐόλῳ
2048 655 2321 728 λατρεύει.
2343 656 2448 721 Qui
2468 656 2766 727 episcopum
2797 657 3039 720 honorat,
3071 672 3103 709 a
3132 656 3241 710 Deo
3272 654 3365 707 ho-

1784 756 2045 813 noratur;
2084 748 2173 818 qui
2216 746 2351 801 clam
2379 747 2618 816 episcopo
2659 747 2861 817 aliquid
2908 747 3060 816 facit,
3092 746 3364 800 diabolum

1785 838 1932 902 colit,
1963 852 2035 893 ex
2065 838 2276 893 eadem.
2315 838 2634 908 Ἀναγκαῖον
2683 838 2740 891 δέ
2778 841 2926 892 ἐστιν
2964 837 3365 892 ὑποτάσσεσθαι

1785 928 1879 984 καὶ
1910 927 1991 999 τῷ
2026 928 2421 1002 πρεσϐυτερίῳ,
2442 930 2517 995 ὡς
2548 930 2864 993 ἀποστόλοις
2895 930 3068 1002 Ἰησοῦ
3103 928 3362 1002 Χριστοῦ,

1784 1020 1883 1092 τῆς
1916 1018 2134 1084 ἐλπίδος
2166 1021 2366 1093 ήμῶν,.
2391 1060 2406 1074 .
2433 1060 2447 1074 .
2475 1061 2489 1074 .
2515 1060 2530 1076 .
2556 1061 2569 1074 .
2594 1020 2734 1075 κατὰ
2766 1020 2943 1074 πάντα
2970 1021 3166 1092 τρόπον
3199 1023 3365 1074 πᾶσιν

1785 1112 2078 1184 ἀρέσκειν⁶
2126 1112 2187 1167 οὐ
2238 1113 2347 1186 γὰρ
2400 1113 2701 1186 βρωμάτων
2748 1114 2839 1167 καὶ
2905 1112 3164 1183 πομάτων
3229 1111 3366 1165 εἰσὶν

1782 1203 2058 1272 διάκονοι,
2093 1206 2228 1261 ἀλλὰ
2267 1206 2590 1277 Ἑκκλησίας
2622 1206 2755 1259 Θεοῦ
2789 1206 3089 1277 ὑπηρέταιο
3125 1204 3241 1259 δέον
3275 1200 3367 1257 οὖν

1784 1298 1932 1351 ἐστιν
1970 1300 2169 1364 αὐτοὺς
2214 1299 2580 1371 φυλάσσεσθαι
2623 1299 2693 1353 τὰ
2743 1298 3059 1369 ἐγκλήματα
3091 1297 3166 1361 ὡς
3214 1295 3364 1368 πῦρ’

1781 1390 1986 1461 ὁμοίως
2037 1392 2237 1457 πάντες
2288 1391 2737 1464 ἐντρεπέσθωσαν
2787 1391 2914 1454 τοὺς
2963 1390 3244 1452 διακόνους
3293 1387 3368 1451 ὡς

1796 1481 2003 1553 Ἰησοῦν
2035 1485 2287 1555 Χριστὸν,
2323 1485 2417 1538 καὶ
2448 1484 2540 1538 τὸν
2572 1483 2868 1537 ἐπίσκοπον
2900 1483 2975 1547 ὡς
3008 1483 3099 1536 τὸν
3135 1483 3370 1554 πατέρα,

1779 1574 1907 1638 τοὺς
1944 1574 2002 1628 δὲ
2052 1576 2453 1648 πρεσϐυτέρους
2500 1576 2577 1640 ὡς
2630 1576 2906 1647 συνέδριον
2956 1573 3114 1640 Θεοῦ,
3151 1575 3248 1629 καὶ
3300 1574 3379 1638 ὡς

1778 1662 1976 1735 δεσμὸν
2026 1664 2369 1719 ἀποστόλωνσ
2443 1664 2612 1737 χωρὶς
2678 1665 2883 1718 τούτων
2950 1664 3246 1735 Ἐκκλησία
3311 1663 3378 1716 οὐ

124 1788 413 1830 consensum
452 1776 664 1833 innuit.
712 1775 880 1831 Libro
913 1776 1059 1832 enim
1089 1754 1543 1848 αυεωλοδητόν.
1572 1795 1676 1833 no,
1706 1760 1751 1817 Β
1780 1754 2048 1810 καλεῖται.
2090 1756 2315 1811 Necesse
2349 1757 2515 1827 igitur
2549 1766 2624 1811 est
2664 1755 2830 1828 (non,
2862 1758 3106 1826 episcopo
3149 1754 3377 1824 subjecti

123 1864 333 1930 minavit,
363 1866 507 1922 inter
540 1866 868 1923 testimonia
899 1883 1021 1937 quae
1047 1879 1177 1923 tunc
1212 1870 1473 1939 temporis
1499 1868 1677 1924 Theo-

121 1957 297 2010 dosiani
339 1965 389 2011 et
433 1957 718 2013 Gaianita:
756 1974 825 2013 ex
867 1956 1122 2016 Patribus
1160 1958 1525 2025 adducebant,
1571 1960 1676 2015 hoc

118 2046 192 2100 τοῦ
217 2046 360 2115 ἁγίου
399 2049 671 2117 Ἱγνατίου
700 2051 1004 2105 ἐπισκόπου
1042 2052 1391 2123 Ἀντιοχείας,
1420 2051 1479 2108 S.
1512 2052 1674 2125 Igna-

118 2140 165 2190 tii
189 2141 396 2209 episcopi
420 2141 759 2209 Antiochiae,
796 2144 995 2202 habet:
1038 2145 1264 2201 Ἑάσατε
1307 2145 1550 2219 μιμητὴν
1582 2162 1676 2215 γε-

116 2229 265 2281 νέσθαι
294 2230 385 2283 τοῦ
420 2232 639 2298 πάθους
673 2232 773 2288 τοῦ
805 2234 940 2289 Θεοῦ
977 2254 1099 2307 μου.
1137 2235 1309 2293 Sinite
1348 2256 1428 2293 me
1468 2240 1674 2294 imitari

113 2337 368 2388 passionem
414 2324 517 2379 Dei
570 2326 709 2393 mei,
754 2341 823 2381 ex
864 2327 1127 2397 epistola,
1172 2330 1410 2399 scilicet,
1452 2332 1518 2386 ad
1564 2331 1675 2386 Ro-

115 2425 290 2466 manos.
321 2412 591 2484 Ejusdem
629 2419 824 2473 saeculi
856 2420 1133 2477 secundus
1167 2422 1341 2488 testis,
1368 2434 1422 2479 et
1449 2425 1671 2494 quidem

111 2501 579 2572 locupletissimus,
622 2518 715 2562 est
756 2508 1063 2565 Antiochus
1106 2512 1210 2567 sub
1257 2511 1507 2569 Heraclio
1548 2530 1671 2569 mo-

111 2597 283 2652 nachus
304 2597 667 2668 Palaestinas,
695 2601 792 2671 qui
820 2603 889 2657 ad
910 2601 1257 2660 Eustathium
1283 2607 1503 2676 scripsit
1525 2610 1672 2676 circa

108 2702 275 2741 annum
304 2689 426 2757 620,
452 2693 631 2762 eique
660 2693 921 2750 homilias
950 2709 1079 2751 suas
1107 2696 1397 2753 dedicavit.
1427 2699 1671 2766 Quarum

109 2779 188 2834 iii
226 2798 338 2851 quae
392 2787 508 2856 agit
575 2784 654 2840 De
716 2789 1045 2843 veneratione
1112 2791 1476 2845 sacerdotibus
1533 2809 1673 2862 pm-

104 2875 279 2942 standa,
321 2876 439 2932 haec
481 2877 656 2933 nobis
687 2892 719 2931 e
754 2875 812 2932 S.
840 2877 1047 2948 lgnatio
1073 2881 1325 2952 decerpta
1368 2883 1568 2939 tradit:
1614 2885 1670 2938 Ὀ

106 2960 630 3051 θεοφόροςεἸγνάτιος
658 2969 988 3035 ἐπιστέλλει,
1017 2970 1190 3041 λέγων
1211 2989 1222 3000 ’
1247 2974 1333 3039 Τῷ
1360 2974 1671 3040 ἑπισκόπῳ

104 3054 406 3158 προσέχετε,
437 3059 564 3158 ἶνα.
598 3058 764 3158 καίὶὸ
798 3059 942 3158 68d;-
967 3061 1127 3158 υμῖν.
1169 3061 1533 3158 Ἀντ-ίψυχον
1555 3066 1671 3136 ἐγὼ
1697 3100 1739 3158 C

104 3144 164 3207 τῷ
178 3148 657 3218 ὑποτασσομένῳ
680 3148 823 3219 (lege
836 3148 944 3202 τῶν
968 3151 1440 3222 ὑποτασσομένων,
1458 3171 1522 3209 ne
1544 3171 1669 3211 cum

106 3232 355 3293 Tilmanno
388 3240 710 3309 interprete
746 3241 817 3293 ita
850 3240 1069 3307 reddas,
1101 3260 1305 3298 recreor
1335 3246 1393 3299 in
1430 3250 1671 3319 episcopo

102 3327 169 3391 qui
196 3329 309 3381 mihi
339 3330 683 3400 subrogatus
705 3330 844 3399 est),
876 3331 1207 3398 ἑπισκόπῳ,
1246 3338 1673 3407 πρεσϐυτέροις

102 3431 149 3471 τε
167 3420 251 3473 καὶ
268 3420 613 3488 διακόνοις·
641 3422 773 3491 μετ’
797 3423 994 3478 αὐτῶν
1015 3443 1117 3494 μοι
1145 3426 1210 3480 τὸ
1234 3428 1416 3497 μέρος
1441 3429 1670 3499 γένοιτο

100 3512 323 3579 ἐχειγὲν
372 3515 525 3582 Θεῷ.
580 3513 830 3584 Ignatius
884 3516 1217 3587 Theophorus
1265 3537 1360 3590 per
1391 3522 1670 3591 epistolam

99 3602 241 3658 dicit:
281 3624 299 3657 ι
327 3606 611 3677 Episcopo
639 3607 922 3675 attendite,
960 3620 1015 3663 ut
1042 3620 1092 3664 et
1116 3609 1257 3664 Deus
1284 3611 1448 3669 vobis.
1474 3614 1668 3668 Anima

100 3709 189 3748 mea
232 3715 320 3765 pro
362 3700 456 3766 iis,
499 3701 608 3771 qui
640 3700 907 3769 episcopo,
956 3701 1298 3772 presbyteris,
1335 3715 1385 3760 et
1428 3705 1668 3762 diaconis

99 3801 259 3841 morem
292 3802 478 3861 gerunt
506 3807 532 3845 :
569 3807 694 3844 cum
728 3790 843 3843 illis
887 3793 1179 3861 portionem
1217 3793 1408 3853 habere
1440 3798 1572 3852 mihi
1612 3799 1669 3853 in

99 3876 185 3931 Deo
209 3887 541 3955 contingat.)
583 3881 715 3937 llaec
741 3889 923 3937 autem
957 3883 1011 3938 in
1043 3883 1283 3955 Epistola
1307 3888 1375 3942 ad
1408 3870 1669 3961 Pol'ycar-

97 3984 201 4038 pum
225 3985 437 4030 exstant
461 4019 476 4031 .
516 3975 643 4031 Καὶ
674 3968 860 4038 αὖθις
895 3975 1137 4045 Μάρτυς
1177 3994 1301 4047 μοι,
1332 3979 1404 4034 ἐν
1427 3979 1474 4047 ᾦ
1502 3979 1666 4035 δέδε-

97 4080 193 4126 aut,
218 4066 301 4121 ὅτι
328 4069 451 4124 ἀπὸ
483 4066 734 4135 σαρκὸς
768 4066 1148 4137 ἀνθρωπίνης
1191 4071 1305 4123 οὐκ
1347 4072 1540 4141 ἔγνων
1561 4089 1575 4103 ·
1601 4070 1669 4128 τὸ

98 4152 380 4227 hiHi-sata
394 4157 771 4229 ἐκήρυσσεν
784 4158 1131 4229 λέγονπάδευ
1170 4161 1358 4229 Χωρὶς
1391 4163 1497 4219 τοῦ
1536 4162 1667 4218 ἐπι-

95 4247 293 4302 σκότιον
322 4249 535 4318 μηδὲν
582 4246 829 4301 ποιεῖτε.
864 4246 934 4301 Et
975 4266 1197 4305 rursus:
1235 4270 1253 4303 ι
1288 4250 1457 4309 Testis
1504 4256 1663 4322 mihi,

96 4334 136 4386 in
159 4354 247 4407 quo
273 4344 483 4397 vinctus
524 4358 676 4405 sum,
712 4340 854 4411 quod
883 4357 946 4397 ea:
974 4359 1131 4398 carne
1158 4344 1391 4401 humana
1438 4365 1543 4404 non
1572 4364 1668 4402 no-

1777 1854 1835 1900 ut
1866 1846 1974 1901 sint
2017 1848 2177 1901 etiam
2214 1849 2526 1919 presbyteri,
2555 1859 2610 1900 ut
2637 1857 2687 1902 et
2714 1847 2945 1916 apostoli
2974 1846 3105 1900 Jesu
3135 1844 3372 1913 Christo,

1777 1937 1857 1991 uti
1892 1938 2128 2008 pessime
2154 1938 2439 1993 transtulit
2466 1937 2811 2002 Tilmannus,
2838 1938 2955 2006 sed)
2984 1937 3179 2005 subjici
3207 1938 3373 1990 etiam

1775 2029 2119 2099 presbyterio,
2160 2039 2218 2083 ut
2260 2028 2513 2099 apostolis
2554 2028 2683 2083 Jesu
2728 2029 2964 2095 Christi,
3002 2028 3095 2098 qui
3136 2038 3213 2082 est
3252 2044 3370 2097 spes

1775 2130 1959 2176 nostra
1976 2161 1991 2176 .
2015 2162 2029 2176 .
2049 2160 2064 2177 .
2085 2162 2098 2175 .
2121 2161 2135 2175 .
2160 2161 2173 2174 .
2198 2122 2343 2176 omni
2374 2121 2528 2175 modo
2552 2121 2791 2174 omnibus
2827 2120 3059 2189 placere:
3083 2119 3205 2173 Non
3228 2121 3369 2172 enim

1774 2221 1896 2266 sunt
1947 2212 2335 2266 esculentorum
2380 2222 2429 2266 et
2496 2213 2892 2281 poculentorum
2960 2211 3229 2272 ministri,
3274 2194 3401 2263 sed.

1774 2303 2029 2359 Ecclesia:
2060 2305 2157 2359 Dei
2190 2306 2347 2362 servi.
2378 2305 2592 2375 Oportet
2638 2306 2801 2373 igitur
2829 2320 2915 2357 eos
2946 2305 3115 2357 vitare
3137 2302 3365 2356 crimina

1773 2398 1989 2452 uerinde
2033 2414 2094 2451 ac
2140 2399 2334 2469 ignem.
2385 2397 2650 2452 Similiter
2686 2406 2735 2451 et
2787 2412 2965 2451 omnes
3027 2404 3367 2449 revereantur

1772 2490 2045 2556 diaconos,
2088 2499 2146 2544 ut
2189 2488 2378 2544 Iesum
2419 2488 2714 2555 Christum,
2745 2499 2796 2543 et
2829 2488 3133 2558 episcopum
3162 2497 3221 2540 ut
3261 2503 3362 2555 pa-

1775 2591 1928 2647 trem,
1961 2582 2291 2652 presbyteros
2327 2592 2502 2636 autem
2534 2591 2590 2635 ut
2630 2580 2914 2636 concilium
2956 2578 3076 2647 Dei,
3101 2589 3150 2633 et
3180 2580 3363 2633 vincu-

1772 2673 1883 2727 lum
1921 2674 2304 2743 apostolorum.
2331 2671 2458 2728 Sine
2484 2674 2564 2728 his
2595 2672 2838 2727 Ecclesia
2863 2688 2966 2725 non
2999 2682 3252 2733 vocatur;
3293 2684 3360 2722 ex

1771 2764 1984 2821 eadem.
2013 2764 2237 2821 Lacuna
2270 2773 2455 2821 autem
2493 2766 2635 2836 apud
2668 2764 3000 2820 Antiochum
3032 2761 3190 2817 facile
3230 2776 3361 2830 sup-

1772 2859 1949 2929 pletur
1976 2874 2043 2914 ex
2084 2857 2317 2930 lgnatio.

1844 2951 2006 3006 Circa
2038 2952 2281 3006 medium
2320 2952 2485 3021 hujus
2511 2951 2611 3005 aevi
2652 2950 2922 3020 praecipue
2955 2948 3158 3003 claruit
3186 2945 3349 3000 Maxi-

1774 3056 1898 3095 mus
1924 3040 2113 3106 abbas,
2147 3039 2432 3097 confessor
2456 3049 2509 3095 et
2541 3050 2766 3111 martyr,
2807 3039 2901 3110 qui
2949 3037 3249 3109 Epistolam
3290 3037 3354 3090 ad

1775 3131 2059 3187 Romanos
2088 3132 2359 3203 agnoscit,
2387 3146 2621 3201 eamque
2652 3130 2834 3185 statim
2874 3140 2999 3184 ante
3032 3128 3353 3199 martyrium

1772 3224 2034 3293 scriptam
2076 3224 2402 3289 conﬁtetur;
2445 3223 2571 3277 licet
2615 3238 2679 3277 ea
2711 3221 2985 3277 sententia
3037 3220 3104 3274 de
3137 3218 3351 3287 scriptis

1772 3313 1965 3385 lgnatii
2005 3331 2036 3369 a
2069 3324 2184 3370 tota
2218 3315 2466 3369 Ecclesia
2514 3321 2730 3383 recepta
2760 3312 2936 3382 ipsius
2969 3311 3257 3367 sententiae
3287 3310 3351 3365 de

1769 3408 2167 3477 Areopagiticis
2206 3408 2365 3477 plane
2407 3412 2758 3475 repugnaret,
2801 3419 3037 3473 eumque
3079 3402 3147 3457 ad
3188 3403 3350 3455 miras

1771 3498 2083 3570 angustias,
2127 3508 2181 3552 et
2226 3497 2426 3567 eﬂ’ugia
2474 3504 2630 3549 tanto
2676 3496 2792 3549 viro
2852 3510 3080 3564 prorsus
3134 3493 3350 3562 indigna

1772 3589 2061 3657 redigeret.
2085 3584 2240 3642 Nunc
2267 3587 2415 3641 enim
2444 3584 2716 3657 lgnatium
2742 3593 3039 3654 martyrem
3072 3580 3205 3635 facit
3232 3588 3350 3633 ante

1771 3680 2186 3738 Domitianum:
2243 3679 2391 3751 quod
2437 3679 2486 3735 si
2532 3693 2724 3733 verum
2766 3685 2931 3744 esset,
2961 3674 3198 3745 objectio
3228 3671 3334 3727 Dio

1771 3772 2017 3845 nysianis
2040 3770 2186 3828 facta
2216 3786 2445 3842 prorsus
2474 3779 2845 3827 evanesceret.
2878 3768 2985 3825 Sed
3014 3782 3141 3822 cum
3165 3781 3351 3822 omnes

1770 3866 1977 3923 scirent
2001 3881 2130 3925 eum
2154 3866 2259 3921 sub
2284 3863 2526 3936 Trojano
2550 3864 2875 3935 martyrium
2908 3861 3163 3927 subiisse,
3194 3873 3336 3930 agno

1769 3967 2054 4030 sceretque
2088 3959 2204 4030 ipse
2233 3959 2466 4029 scriptas
2506 3958 2679 4014 fuisse
2702 3958 2806 4014 sub
2847 3954 3130 4021 Onesimo,
3170 3952 3332 4007 Timo

1770 4051 1880 4107 thei
1905 4066 2247 4117 successore,
2272 4067 2398 4108 cum
2429 4051 2763 4123 Dionysiana
2788 4049 3076 4104 Timotheo
3107 4046 3351 4101 dedicata

1769 4144 1911 4209 sint:
1947 4144 2250 4215 respondit,
2281 4155 2341 4199 ut
2373 4144 2573 4216 potuit,
2606 4144 2805 4215 primo,
2829 4143 2994 4198 verba
3020 4140 3211 4212 lgnatii
3245 4129 3352 4194 non

1772 4242 1945 4299 fuisse
1973 4243 2043 4299 ab
2074 4244 2195 4314 ipso
2227 4243 2491 4315 Dionysio
2518 4244 2743 4314 scripta,
2782 4244 2877 4299 sed
2914 4244 2984 4297 ab
3021 4242 3204 4311 aliquo
3231 4248 3336 4295 stu.

1768 4335 1926 4391 dioso
1977 4344 2169 4408 postea
2216 4336 2464 4403 inserta;
2522 4337 2790 4403 secundo,
2832 4336 2963 4406 quia
3027 4335 3134 4389 hoe
3183 4334 3350 4405 gratis

91 4433 250 4498 terim;
284 4434 535 4505 Spiritus
577 4444 760 4488 autem
789 4434 1123 4503 pradicavit,
1151 4438 1261 4491 htec
1289 4438 1466 4495 dicens
1491 4454 1510 4492 :
1540 4437 1666 4495 Sine
1697 4443 1742 4501 ι)
1770 4428 1976 4482 dictum
2004 4442 2126 4483 esse
2163 4427 2435 4493 videatur,
2464 4429 2627 4482 verba
2670 4428 2760 4482 illa
2787 4447 2802 4483 :
2838 4430 3002 4481 Amor
3047 4443 3191 4479 meus
3230 4442 3341 4481 cru-

93 4524 295 4595 episcopo
323 4529 464 4584 nihil
498 4529 695 4599 facite.
722 4545 742 4579 ι
773 4527 906 4595 Quae
935 4530 1159 4585 totidem
1188 4531 1410 4602 syllabis
1436 4533 1493 4588 in
1535 4532 1661 4605 Epi-

92 4619 202 4673 stola
238 4622 302 4675 ad
353 4619 867 4689 Philadelphenses
911 4620 1165 4692 leguntur
1188 4661 1201 4672 .
1238 4621 1359 4695 Χρὴ
1390 4619 1483 4678 οὖν
1532 4623 1660 4679 ἄνευ

89 4705 164 4757 τοῦ
192 4712 487 4765 ἐπισκόπου
535 4710 709 4783 μηδὲν
745 4709 1008 4783 πράσσειν
1041 4713 1208 4782 ἡμᾶς.
1249 4711 1466 4781 Oportet
1498 4714 1663 4783 igitur

90 4814 160 4852 nos
192 4804 316 4857 nihil
346 4809 468 4859 sine
517 4804 773 4872 episcopo
806 4803 996 4871 facere,
1030 4819 1095 4858 ex
1133 4804 1374 4873 Epistula
1405 4806 1470 4860 ad
1504 4805 1664 4860 Tral-

90 4891 249 4948 lianos.
284 4898 464 4950 Ὅπου
497 4897 616 4968 γὰρ
652 4894 720 4947 ἂν
756 4898 897 4966 φανῇ
933 4895 1247 4961 ἐπίσκοπος,
1286 4900 1401 4949 ἐκεῖ
1429 4898 1490 4952 τὸ
1525 4896 1663 4969 πλῆ-

86 4980 155 5046 θος
182 4987 318 5057 ἤτω·
355 4988 562 5060 ὥσπερ
596 4988 739 5040 ὅπου
758 4986 824 5040 ἂν
855 4987 1127 5060 ὀνομασθῇ
1163 4989 1396 5061 Χριστὸς
1429 4989 1658 5062 Ἰησοῦς,

86 5078 177 5129 ἐκεῖ
204 5082 235 5151 ἡ
266 5081 543 5155 καθολικὴ
592 5080 897 5153 Ἐκκλησία
938 5082 1343 5152 ἐπισυνάγεται.
1385 5083 1485 5139 Ubi
1519 5085 1662 5139 enim

83 5175 409 5240 conspicietur
443 5177 640 5229 adesse
689 5174 986 5243 episcopus,
1032 5175 1103 5228 ibi
1135 5176 1420 5229 multitudo
1452 5179 1522 5232 sit
1552 5192 1570 5229 :
1601 5188 1661 5233 ut

84 5262 154 5314 sbi
178 5269 489 5324 nominatur
519 5267 780 5324 Christus
819 5265 997 5333 Jesus,
1023 5266 1095 5321 ibi
1123 5268 1385 5322 catholica
1418 5268 1663 5324 Ecclesia

80 5354 277 5423 cogitur,
320 5374 392 5413 ex
444 5357 706 5428 Epistola
758 5355 829 5410 ad
880 5354 1210 5427 Sntyrnmos.
1265 5359 1380 5412 Οὐκ
1413 5358 1533 5427 ἐξὸν
1565 5354 1661 5413 οῦν

82 5441 203 5497 ἐστιν
231 5450 404 5521 χωρὶς
437 5450 535 5504 τοῦ
572 5447 887 5503 ἐπισκόπου
936 5449 1058 5505 οὕτε
1093 5448 1327 5520 βαδίζειν
1360 5451 1432 5521 (1.
1463 5450 1661 5523 βαπτί-

79 5527 173 5594 ζειν
200 5552 259 5592 ex
294 5556 405 5595 ms.
441 5539 781 5608 Oxoniensi)
812 5537 934 5592 οὔτε
981 5542 1203 5612 ἀγάπην
1234 5546 1409 5597 ποιεῖν
1431 5560 1444 5573 ·
1481 5542 1597 5597 ἀλλ’
1629 5542 1659 5597 ὃ

78 5619 133 5673 ἂν
158 5626 357 5692 ἐκεῖνος
392 5629 724 5701 δοκιμάσῃ,
760 5625 919 5680 τοῦτο
970 5629 1061 5681 καὶ
1110 5628 1189 5699 τῷ
1238 5628 1356 5699 Θεῷ
1404 5629 1656 5702 ἀρεστόν.

80 5708 178 5772 Non
206 5721 373 5793 igitur
400 5724 523 5784 licet
556 5725 683 5781 sine
713 5722 956 5799 episcopo
988 5724 1065 5783 vel
1098 5724 1391 5807 baptizare,
1428 5724 1508 5782 vel
1536 5741 1659 5804 αρα-

1764 4518 1954 4590 ciﬁxus
1999 4530 2109 4587 est,
2156 4519 2353 4589 saepius
2401 4519 2569 4575 fuisse
2611 4521 2680 4574 ab
2724 4520 2930 4590 lgnatio
2965 4529 3079 4573 tum
3124 4519 3180 4571 in
3229 4533 3347 4573 ser-

1765 4627 1929 4667 mone
1963 4621 2078 4667 tum
2120 4612 2175 4667 in
2206 4612 2426 4682 scriptis
2468 4622 2733 4681 usurpata
2780 4611 3101 4677 hariolatur,
3149 4609 3347 4679 Diony-

1765 4705 2020 4775 siumque
2050 4720 2161 4759 non
2200 4704 2269 4759 ad
2303 4705 2402 4760 has
2440 4704 2723 4774 epistolas,
2768 4704 2863 4757 sed
2892 4703 2961 4756 ad
3001 4703 3108 4756 alia
3144 4703 3346 4771 scripta

1764 4797 2104 4867 respexisse,
2160 4805 2216 4851 et
2284 4787 2554 4851 rationem
2615 4796 2831 4866 qualem
2886 4795 3103 4864 qualem
3174 4794 3344 4847 addit.

1764 4894 2077 4970 Τεκμήριον
2105 4893 2161 4946 δὲ
2211 4893 2271 4947 τὸ
2305 4893 2381 4967 μὴ
2432 4890 2823 4965 προσκεῖσθαι·
2858 4888 3083 4959 Γράφει
3111 4889 3178 4942 δέ
3200 4904 3343 4951 τισι,

1763 4989 2004 5042 τουτέστι
2049 4985 2368 5058 Ῥωμαίοις,
2403 4984 2518 5039 ἀλλ’
2553 4984 2739 5047 ἁπλῶς
2760 5001 2775 5014 ·
2822 4982 3047 5052 Γράφει
3081 4981 3150 5034 δὲ
3186 4979 3283 5033 καὶ
3312 4982 3346 5034 ό

1763 5075 1917 5142 θεῖος
1945 5072 2252 5145 Ἰγνάτιος.
2292 5073 2469 5143 Hujus
2502 5074 2578 5128 rei
2593 5074 2850 5128 indicium
2881 5088 3010 5134 esse,
3034 5070 3173 5140 quod
3202 5071 3343 5139 apud

1764 5166 2079 5237 Dionysium
2109 5182 2211 5223 non
2243 5166 2514 5221 addantur
2542 5165 2647 5231 illi,
2700 5165 2768 5217 ad
2804 5180 2930 5234 quos
2957 5162 3142 5217 scribit
3177 5160 3344 5231 Igna-

1764 5260 1891 5318 tius.
1930 5259 2132 5313 scilicet
2182 5256 2448 5323 Romani;
2488 5259 2578 5312 sed
2620 5257 2935 5327 simpliciter
2979 5255 3180 5309 dictant
3223 5255 3341 5308 sit:

1768 5357 1962 5419 Scribit
2010 5360 2187 5406 autem
2228 5352 2438 5406 divinus
2479 5349 2748 5420 Ignatius.
2798 5348 2998 5418 Aperte
3047 5346 3214 5417 igitur
3262 5358 3342 5403 tc~

1761 5454 1937 5501 statur
1961 5443 2255 5510 Maximus,
2278 5444 2444 5499 etiam
2473 5458 2598 5499 cum
2630 5457 2695 5498 ea
2722 5440 3073 5497 confessione
3103 5442 3337 5495 nimium

1760 5546 2120 5607 premeretur,
2168 5535 2227 5592 S.
2267 5533 2537 5606 lgnatium
2587 5532 2849 5604 epistolas
2888 5547 3029 5603 quas
3072 5532 3340 5587 habemus

1761 5630 1865 5686 sub
1905 5626 2168 5686 Onesimo
2198 5627 2507 5698 scripsisse,
2538 5634 2593 5680 et
2619 5625 2782 5680 verba
2821 5623 2955 5679 illa:
2988 5626 3153 5680 Amor
3192 5638 3336 5683 meus

1762 5722 2049 5794 cruciﬁxus
2105 5729 2214 5792 est,
2266 5719 2323 5776 in
2372 5716 2611 5791 Epistola
2660 5716 2729 5774 ad
2774 5715 3052 5777 Romanos
3098 5716 3333 5779 genuina
