3786 6304
476 336 537 393 9i
1502 329 1559 384 S.
1602 326 1953 385 IGNATIUS.
1990 358 2057 367 —
2096 320 2624 380 PROLEGOMENA.
3654 298 3710 354 ἓ

476 453 647 509 fuisse
687 452 913 521 scripta.
954 446 1100 505 ldem
1134 447 1187 500 in
1222 446 1373 500 Locis
1421 447 1784 500 communibus
1844 443 1957 496 haec
1986 454 2051 494 ex
2083 447 2126 503 Α
2154 440 2440 512 quidquam
2475 452 2654 492 eorum
2691 449 2806 504 quae
2854 432 2922 486 ad
2962 426 3258 483 Ecclesium
3294 420 3552 479 attinent,
3594 419 3711 469 citra

475 541 685 612 lgnatio
718 539 960 608 excerpit
987 558 999 593 :
1031 537 1235 590 Τὲλειοι
1268 535 1417 598 ὄντες
1448 534 1629 587 τέλεια
1662 534 1926 603 φρονεῖτε,
1964 530 2052 583 θέ-

475 635 658 691 λοδσιν
717 635 825 705 γὰρ
873 635 997 703 ὑμῖν
1050 623 1370 700 εὖπράττειν
1418 627 1550 690 Θεὸς
1602 626 1817 695 ἕτοιμος
1866 624 1945 686 εἰς
1996 622 2054 674 τὸ

477 726 758 797 παρέχειν.
798 723 901 788 Qui
948 722 1166 791 perfecti
1203 721 1325 773 estis
1372 718 1603 787 perfecta
1643 716 1841 783 sapite;
1881 712 2055 766 volen-

478 818 618 873 tibus
660 818 799 871 enim
834 815 976 869 vobis
1014 814 1137 867 bene
1182 829 1332 882 agere
1373 811 1510 864 Deus
1553 818 1772 878 paratus
1802 816 1879 860 est
1919 821 2055 875 prae-

478 910 614 976 bere,
638 925 703 964 ex
731 907 969 977 Epistola
998 906 1064 959 ad
1092 903 1425 974 Smyrueeos.

548 999 692 1055 Huic
727 1000 966 1069 adiungo
1015 995 1364 1049 Theodorum
1412 992 1819 1062 presbyterum,
1864 988 2056 1043 Photio

478 1090 531 1145 in
565 1090 745 1161 primo
777 1089 965 1143 codice
993 1085 1341 1139 Bibliotheca:
1365 1097 1478 1137 suae
1508 1089 1892 1143 memoratum,
1921 1094 2058 1148 quo-

478 1186 629 1236 niam
662 1197 787 1235 eum
822 1180 993 1233 fuisse
1040 1176 1387 1230 Theodorum
1432 1172 1632 1225 Raithu
1674 1170 1896 1225 Maximi
1926 1186 2056 1241 syn-

479 1273 754 1327 chronum
791 1270 1041 1339 suspicor
1066 1287 1077 1322 :
1105 1267 1198 1337 qui
1239 1267 1440 1319 librum
1475 1263 1807 1334 singularem
1839 1277 1904 1315 ex
1932 1276 2059 1330 pro-

478 1362 628 1418 fesso
671 1361 1002 1431 composuit,
1048 1374 1159 1428 quo
1190 1356 1477 1412 ostendere
1509 1362 1739 1410 conatus
1782 1364 1898 1419 est,
1934 1351 2060 1405 licet

479 1455 774 1510 infeliciter
816 1454 935 1510 sine
974 1452 1161 1516 dubio,
1195 1459 1257 1504 ut
1305 1458 1360 1504 et
1404 1448 1695 1513 Maximus,
1738 1458 2059 1515 germanum

479 1561 601 1603 esse
649 1544 706 1603 S.
740 1543 982 1615 Dionysii
1028 1541 1368 1612 Areopagitae
1415 1555 1583 1609 opus,
1626 1546 1679 1591 et
1724 1534 2061 1605 argumentis

481 1636 539 1689 in
579 1635 916 1691 contrarium
950 1634 1127 1689 allatis
1172 1641 1332 1702 prout
1376 1630 1550 1701 potuit
1591 1627 1889 1697 respondit,
1932 1639 2061 1695 quo-

482 1744 607 1783 rum
640 1742 834 1792 unum,
868 1735 1003 1780 teste
1039 1724 1256 1790 Photio,
1288 1724 1394 1778 hoc
1429 1730 1589 1776 erat:
1626 1718 1750 1782 Πῶς
1787 1717 2061 1788 μέμνηται

2154 531 2380 602 episcopi
2433 529 2805 582 auctori-tatem
2851 525 3040 594 faciat.
3072 519 3153 572 Ea
3200 518 3358 585 firma
3405 511 3711 566 eucharisna

2155 640 2264 678 esse
2295 631 2584 685 censeatur,
2629 634 2746 689 qua:
2794 616 2857 670 ab
2899 615 3155 684 episcopis
3192 610 3270 678 fit.
3319 604 3419 660 Ubi
3458 604 3711 671 episcopus

2156 717 2480 784 apparuerit,
2523 714 2637 766 illic
2675 709 2857 780 vulgus
2898 709 3011 761 sit:
3051 699 3495 775 quemadmodum
3540 694 3623 784 ubi
3652 701 3714 745 est

2158 783 2425 871 Christus,
2470 805 2584 858 illic
2635 803 2798 856 etiam
2833 796 3099 853 catholica
3147 791 3391 845 Ecclesia
3441 795 3546 839 est.
3584 783 3714 836 Citra

2156 901 2450 968 episcopum
2494 914 2583 950 nec
2614 895 2904 963 baptizare,
2950 905 3041 943 nec
3084 884 3329 955 synaxim
3375 880 3554 949 facere
3584 877 3714 937 licet;

2156 993 2245 1046 sed
2274 991 2411 1063 quod
2440 988 2528 1043 ille
2554 985 2874 1058 probaverit,
2902 983 2997 1036 hoc
3030 980 3139 1034 Deo
3165 991 3365 1047 quoque
3404 981 3618 1042 gratum

2159 1086 2263 1152 Qui
2287 1060 2586 1153 episcopum
2608 1081 2800 1133 honore
2825 1076 3004 1145 afﬁcit,
3026 1074 3073 1127 is
3096 1089 3127 1126 a
3153 1070 3260 1124 Deo
3289 1068 3608 1120 honoratur.
3634 1060 3719 1124 Qui

2158 1178 2295 1231 clam
2327 1176 2566 1244 episcopo
2607 1170 2810 1240 aliquid
2849 1168 3014 1237 facit,
3049 1164 3131 1217 hic
3172 1158 3373 1215 diaboli
3413 1154 3594 1209 cultor
3630 1160 3719 1211 est;

2157 1285 2225 1325 ex
2267 1267 2509 1337 Epistola
2547 1264 2612 1318 ad
2654 1262 2992 1332 Smyrnaaos.
3027 1256 3227 1310 Ibidem
3258 1270 3271 1305 :
3308 1249 3505 1305 Omnes
3550 1244 3719 1313 perfer.

2158 1371 2221 1415 ut
2256 1370 2304 1413 te
2330 1373 2529 1428 quoque
2575 1354 2817 1409 Christus
2843 1366 2861 1403 :
2893 1348 3131 1405 omnibus
3163 1348 3219 1399 in
3266 1342 3534 1396 eharitate
3579 1337 3714 1389 lum.

2160 1453 2434 1508 Pratcibus
2458 1450 2569 1504 sine
2594 1447 2707 1501 ulla
2735 1443 3122 1500 intermissione
3141 1438 3312 1492 stude.
3342 1432 3554 1489 Probas
3583 1431 3721 1483 disci-

2160 1546 2310 1617 pulos
2346 1545 2391 1598 si
2437 1541 2715 1605 amaveris,
2747 1536 2885 1591 nihil
2906 1534 3094 1606 gratim
3125 1531 3220 1585 tibi
3263 1526 3571 1582 habendum
3615 1522 3720 1575 erit.

2163 1615 2351 1706 itaque
2393 1635 2449 1688 in
2492 1633 2588 1686 hoc
2625 1631 2798 1701 potius
2843 1624 3103 1689 incumbe,
3133 1631 3192 1675 ut
3233 1634 3439 1674 morum
3484 1615 3724 1685 facilitate

2165 1739 2318 1799 atque
2375 1724 2653 1780 clementia
2705 1731 3039 1775 contumaces
3088 1714 3367 1783 subjicias.
3416 1708 3547 1763 Non
3601 1722 3726 1759 omne

482 1818 584 1888 τῆς
633 1817 726 1871 τοῦ
762 1789 1019 1887 θεοφόρου
1068 1814 1327 1883 Ἱγνατίου
1380 1810 1665 1880 ἐπιστολῆς
1710 1810 1744 1879 ἡ
1783 1805 2012 1895 βίϐλοςς.
2038 1806 2067 1858 ὁ

2180 1821 2354 1878 vulnus
2383 1818 2563 1873 eodem
2592 1814 2879 1886 emplastro
2910 1809 3203 1865 curandum
3232 1812 3329 1860 est.
3365 1800 3620 1855 Febrium
3657 1814 3727 1849 ec-

486 1912 585 1981 μέν
625 1911 732 1982 γὰρ
782 1908 1055 1973 Διονύσιος
1104 1910 1217 1970 τοῖς
1265 1905 1373 1959 τῶν
1425 1903 1737 1960 ἀποστόλων
1788 1899 2065 1970 ὲνήκμασε

482 2003 725 2074 χρόνοις,
774 2000 1034 2069 Ἰγνάτιος
1082 1999 1139 2052 δὲ
1180 1998 1273 2051 ἐπὶ
1309 1994 1578 2068 Τραϊανοῦ
1611 1993 1701 2046 τὸν
1734 1990 1823 2045 διὰ
1860 2004 2068 2061 μαρτυ-

482 2093 598 2165 ρίου
632 2092 863 2163 ἣθλησεν
913 2090 1119 2159 ἀγῶνα,
1159 2089 1219 2152 ὃς
1252 2088 1346 2142 καὶ
1381 2086 1487 2159 πρὸ
1522 2084 1693 2156 βραχὺ
1744 2081 1843 2152 τῆς
1881 2078 2066 2133 τελευ-

481 2185 580 2256 τῆς
627 2184 829 2257 ταύτην
882 2181 1202 2253 ἐπιστολὴν,
1253 2177 1321 2253 ἦς
1369 2182 1402 2251 ἡ
1464 2178 1644 2250 βίϐλος
1701 2172 2065 2246 μνημονεύει,

480 2276 703 2346 γράφει.
743 2273 1018 2339 Quomodo
1049 2273 1212 2326 divini
1250 2271 1452 2341 lgnatii
1496 2267 1776 2338 epistolam
1813 2264 1946 2317 liber
1978 2263 2069 2316 ille

484 2369 662 2421 citat?
704 2366 992 2435 Dionysius
1024 2367 1162 2419 enim
1203 2362 1567 2433 apostolorum
1608 2357 1925 2427 temporibus
1970 2357 2073 2425 flo-

485 2461 616 2525 ruit,
649 2458 896 2529 Ignatius
930 2467 1105 2511 autem
1134 2456 1227 2510 sub
1264 2455 1500 2524 Trajano
1531 2452 1776 2521 martyrii
1808 2458 2070 2503 certamen

452 2570 459 2573 ν
485 2550 727 2614 certavit,
758 2558 807 2601 et
836 2548 998 2617 paulo
1028 2557 1150 2601 ante
1181 2556 1400 2600 mortem
1435 2545 1572 2598 hanc
1610 2543 1887 2613 epistolam
1913 2556 2071 2612 quam

436 2702 437 2705 η
486 2640 620 2694 liber
642 2640 732 2694 ille
757 2642 918 2705 citat,
949 2640 1281 2707 conscripsit.

558 2732 684 2789 Hac
729 2745 908 2787 autem
949 2747 979 2786 e
1024 2730 1261 2784 Maximo
1305 2740 1358 2783 et
1412 2726 1701 2781 Theodoro
1755 2725 2073 2793 deprompta

488 2841 600 2879 non
649 2834 780 2880 sunt
828 2824 1063 2879 duorum
1118 2831 1331 2877 tantum
1390 2819 1675 2875 hominum
1724 2817 1868 2871 nuda
1913 2815 2072 2870 testi—

488 2915 704 2981 monia,
750 2916 845 2970 sed
892 2914 1138 2984 ejusdem
1190 2912 1375 2967 saeculi
1423 2909 1739 2965 communia
1794 2906 2074 2977 suffragia.

488 3004 628 3059 Cum
671 3005 816 3059 enim
864 3004 1037 3075 priori
1077 3018 1193 3057 aevo
1230 3000 1469 3056 haeretici
1520 2999 1899 3054 auctoritatem
1943 2996 2074 3050 Dio-

490 3102 630 3175 nysii
662 3110 939 3173 urgerent,
969 3114 1090 3171 qua:
1119 3098 1340 3167 quidem
1373 3110 1520 3149 nunc
1560 3110 1589 3148 a
1631 3092 1918 3148 catholicis
1950 3090 2076 3159 reji-

492 3203 729 3260 ceretur,
757 3208 907 3247 nunc
931 3192 1300 3261 reciperetur;
1332 3189 1437 3243 hoc
1464 3188 1683 3241 demum
1709 3185 1909 3239 saeculo
1935 3184 2075 3237 inter

496 3285 649 3355 ipsos
677 3284 979 3339 catholicos
1011 3283 1209 3337 acriter
1233 3281 1571 3349 disputatum
1593 3286 1697 3344 est,
1729 3292 1795 3331 an
1820 3291 1883 3330 ea
1914 3290 2076 3343 opera

492 3386 678 3433 essent
722 3377 824 3447 ipsi
874 3375 1215 3445 Areopagitae
1255 3369 1580 3427 tribuenda?
1629 3368 1732 3435 Qui
1777 3367 2076 3439 negabant,

494 3468 601 3523 hoc
624 3468 770 3522 inter
797 3468 903 3522 alia
936 3473 1261 3537 argumento
1306 3463 1621 3526 utebantur,
1650 3468 1926 3514 auctorem
1956 3457 2081 3511 libri

495 3559 574 3614 De
615 3560 810 3613 divinis
863 3558 1165 3613 nominibus
1214 3556 1413 3611 citasse
1450 3553 1734 3623 epistolam
1782 3550 1972 3621 lgnatii
2013 3549 2080 3604 ad

494 3650 798 3717 Romanos,
826 3652 969 3706 hanc
993 3658 1176 3705 autem
1202 3648 1487 3718 epistolam
1514 3645 1615 3700 sub
1637 3643 1896 3713 Traiano,
1920 3641 2081 3711 paulo

496 3754 624 3799 ante
654 3754 885 3799 mortem
915 3742 1195 3813 martyris,
1226 3740 1486 3809 scriptam
1520 3729 1729 3792 fuisse':
1759 3751 1884 3789 eum
1916 3735 2083 3804 igitur

500 3837 595 3906 qui
626 3836 766 3890 hanc
796 3835 1006 3899 citavit,
1035 3849 1142 3887 non
1180 3831 1351 3885 fuisse
1381 3829 1785 3899 Areopagitam,
1825 3826 1917 3896 qui
1958 3842 2083 3880 cum

501 3926 766 3996 apostolis
807 3924 945 3977 vixit
972 3933 1025 3978 et
1060 3922 1165 3977 sub
1204 3919 1515 3974 Domitiano
1556 3924 1807 3971 mortuus
1842 3923 1946 3971 est.
1979 3913 2085 3982 Qui

500 4017 841 4081 asserebant,
883 4014 1196 4069 fatebantur
1227 4010 1421 4080 lgnatii
1448 4008 1733 4078 epistolam
1768 4006 1931 4077 paulo
1960 4013 2087 4060 ante

500 4117 735 4164 mortem
765 4109 832 4162 ad
863 4106 1144 4161 Romanos
1175 4104 1435 4173 scriptam
1473 4100 1663 4163 fuisse,
1692 4107 1747 4153 et
1786 4099 1854 4153 ad
1887 4096 2085 4151 incitas

502 4201 728 4265 redacti,
743 4201 883 4254 mira
896 4198 1090 4268 effugia
1104 4194 1682 4251 comminiscebantur.
1697 4190 1901 4245 Omnes
1920 4189 2088 4259 igitur

503 4291 785 4355 catholici,
818 4300 932 4345 tum
966 4290 1061 4358 qui
1097 4286 1414 4360 Dionysium
1464 4283 1805 4353 rejiciebant,
1838 4291 1954 4335 tum
1993 4279 2088 4349 qui

503 4381 872 4450 recipiebant,
918 4378 1111 4449 lgnatii
1146 4376 1324 4433 nostri
1355 4373 1616 4445 epistolas
1646 4381 1705 4427 ut
1751 4370 2087 4427 indubitatas

506 4474 902 4544 agnoscebant.

578 4563 769 4620 Octavi
817 4564 998 4619 saeculi
1043 4563 1258 4633 primus
1288 4560 1445 4616 testis
1483 4566 1566 4615 est
1603 4558 1846 4613 Joannes
1885 4556 2088 4611 Dama-

509 4670 730 4721 scenus,
763 4656 857 4726 qui
890 4655 1035 4710 circa
1068 4670 1272 4709 annum
1314 4652 1416 4707 740
1448 4653 1503 4706 in
1541 4651 1697 4722 Syria
1748 4649 1951 4705 ﬂoruit.
1990 4647 2092 4704 Hic

512 4756 694 4800 autem
740 4763 865 4801 cum
899 4745 1001 4801 SS.
1039 4745 1266 4800 Patrum
1310 4744 1555 4815 insignes
1590 4741 1891 4798 sententias
1924 4740 1979 4794 in
2022 4741 2093 4794 li-

511 4838 645 4893 bros
673 4836 1066 4893 Parallelorum
1092 4838 1397 4907 congessit,
1430 4836 1740 4906 complures
1786 4850 1853 4889 ex
1883 4832 2093 4904 Ignatio

513 4939 708 4985 nostro
770 4931 1136 4998 transcripsit.
1199 4929 1508 4983 Cardinalis
1569 4926 1783 4981 Carall'a
1849 4925 2094 4981 codicem

515 5022 767 5079 Graecum
812 5038 937 5077 cum
982 5020 1186 5076 Jacobo
1226 5020 1387 5073 Billio
1429 5017 1888 5082 communicavit,
1932 5032 2095 5085 quem

516 5116 610 5171 ille
650 5114 707 5169 in
753 5114 899 5169 hunc
929 5114 1151 5168 modum
1199 5111 1510 5178 transtulit,
1560 5110 1598 5164 l.
1638 5126 1688 5175 ι,
1717 5108 1823 5165 c.9
1855 5127 1868 5162 :
1911 5106 2100 5161 Valen-

520 5209 660 5263 tibus
694 5207 843 5262 nobis
875 5206 998 5260 bene
1042 5221 1214 5274 agere,
1256 5204 1398 5257 Deus
1438 5202 1508 5255 ad
1539 5200 1871 5272 largiendum
1914 5215 2098 5269 prom-

520 5310 641 5369 ptus
665 5310 763 5368 est,
783 5316 848 5355 ex
879 5298 1120 5369 Epistola
1147 5297 1213 5352 ad
1243 5295 1574 5366 Smyrnaeos,
1603 5310 1655 5349 c.
1683 5293 1772 5347 l8.
1799 5291 1935 5345 Pace
1966 5290 2100 5344 nihil

521 5400 601 5444 est
648 5390 1020 5458 prastantius,
1061 5390 1116 5442 in
1162 5404 1266 5459 qua
1315 5386 1507 5439 bellum
1547 5400 1697 5438 onme
1738 5382 1996 5449 aboletur,
2033 5397 2101 5437 ex

525 5482 771 5553 Epistola
802 5483 871 5539 ad
908 5483 1198 5553 Ephesios,
1230 5481 1267 5534 ι.
1296 5494 1366 5545 ιι,
1394 5493 1444 5532 e.
1471 5478 1558 5531 15.
1602 5475 1789 5529 Facite
1829 5491 2003 5529 omnes
2044 5482 2102 5528 ut

524 5575 827 5644 episcopum
862 5573 1185 5645 sequamini,
1229 5569 1672 5642 quemadmodum
1712 5565 1954 5622 Christus
1996 5564 2105 5619 Pa-

531 5677 697 5732 trem;
727 5666 1147 5737 presbyterorum
1173 5663 1410 5729 chorum,
1436 5671 1493 5716 ut
1514 5659 1823 5731 apostolos;
1853 5659 2104 5713 diaconos

531 5771 710 5820 autem
739 5758 1020 5816 vereamini
1044 5774 1147 5817 non
1175 5775 1321 5817 secus
1352 5773 1413 5815 ac
1444 5754 1541 5816 Dei
1574 5754 1904 5813 mandatum.
1936 5750 2105 5835 Nemo

2170 1912 2424 1966 cessiones
2456 1904 2847 1978 perfusionibus
2875 1901 3024 1956 seda.
3059 1899 3352 1966 Propterea
3398 1907 3563 1948 carne
3592 1886 3727 1942 simul

2168 2012 2218 2056 et
2258 1999 2450 2069 spiritu
2490 2004 2721 2059 constas,
2754 2001 2812 2045 ut
2862 2005 2981 2061 qua:
3034 1986 3203 2041 oculis
3250 1982 3353 2036 tibi
3393 1977 3730 2046 subjiciuntur

2171 2093 2439 2162 corrigas;
2484 2104 2601 2159 quae
2638 2094 2814 2139 autem
2846 2088 3113 2153 aspectum
3149 2086 3299 2130 tuum
3340 2074 3562 2143 fugiunt
3606 2078 3727 2137 prius

2170 2196 2228 2240 ut
2277 2184 2370 2237 tibi
2405 2184 2734 2250 detegantur,
2774 2193 2874 2246 quo
2915 2171 3048 2227 nihil
3086 2169 3297 2223 omnino
3336 2163 3728 2235 prartermittas;

2170 2292 2238 2331 ex
2273 2273 2514 2343 Epistola
2546 2270 2611 2325 ad
2661 2269 3023 2339 Polycarpum
3045 2304 3059 2328 ,
3088 2277 3138 2316 c.
3180 2259 3251 2316 55
3281 2276 3294 2312 :
3335 2256 3471 2311 Cum
3510 2255 3568 2307 in
3604 2251 3729 2304 rebus

2170 2368 2363 2421 divinis
2409 2367 2592 2435 firmus
2632 2380 2694 2416 ac
2735 2361 2980 2414 robustus
3030 2356 3198 2424 fuero,
3241 2362 3355 2405 tum
3398 2345 3728 2402 vehementius

2172 2461 2386 2513 timeam
2420 2465 2642 2526 oportet,
2667 2453 2857 2523 absque
2886 2450 2951 2503 iis
2991 2460 3223 2509 caveam,
3250 2442 3341 2513 qui
3370 2456 3451 2493 me
3482 2441 3731 2491 incassum

2171 2553 2390 2606 instant.
2420 2549 2525 2614 Qui
2567 2548 2706 2600 enim
2742 2560 2822 2598 me
2856 2540 3109 2604 laudant,
3147 2537 3315 2606 ﬂagro
3360 2548 3440 2584 me
3480 2529 3729 2598 afﬁciunt;

2172 2662 2236 2701 ex
2268 2642 2496 2714 epistola
2523 2642 2588 2695 ad
2618 2638 2942 2701 Trallianos,
2972 2635 3016 2688 ι.
3047 2648 3127 2698 tu,
3153 2645 3202 2685 c.
3228 2626 3317 2682 50.
3346 2621 3736 2679 Mansuetudiuc

2174 2712 2317 2807 opus
2334 2735 2517 2799 habeo,
2550 2749 2641 2801 per
2667 2746 2825 2800 quam
2853 2729 3091 2798 princeps
3118 2722 3275 2792 hujus
3298 2717 3486 2773 seaculi
3512 2712 3734 2769 diabolus

2172 2829 2457 2890 evertitur;
2492 2840 2558 2879 ex
2591 2823 2805 2887 eadem,
2831 2834 2880 2874 c.
2908 2820 3000 2873 94.
3030 2814 3198 2869 Nemo
3238 2821 3464 2867 vestrum
3507 2808 3735 2861 adversus

2175 2922 2476 2992 proximum
2505 2917 2789 2986 quidquam
2808 2910 3018 2965 habeat.
3046 2906 3124 2961 Ne
3154 2905 3482 2961 occasionem
3522 2896 3735 2970 gentibus

2175 2986 2333 3078 detis,
2362 3026 2423 3063 ne
2465 3020 2755 3077 paucorum
2790 3002 3079 3058 stultorum
3121 2996 3275 3065 culpa
3311 2994 3430 3063 fiat,
3464 3001 3528 3043 ut
3584 2986 3739 3041 multi-

2184 3101 2310 3157 tudo
2369 3082 2553 3153 sancta
2573 3111 2635 3148 ac
2662 3093 2839 3146 divina
2876 3088 3108 3159 quadam
3149 3087 3342 3140 virtute
3370 3080 3608 3151 prazdita
3647 3091 3741 3127 me-

2180 3192 2365 3248 ledicis
2391 3192 2713 3258 impetatur;
2740 3199 2805 3239 ex
2833 3181 3042 3236 eadem.

2254 3281 2391 3335 Huic
2434 3257 2672 3348 adjungo
2697 3270 3020 3332 Antonium,
3052 3261 3403 3329 Damasceni,
3431 3269 3497 3314 ut
3530 3257 3740 3315 videtur,

2182 3366 2533 3439 discipulum,
2575 3362 2670 3434 qui
2718 3362 2774 3415 in
2822 3358 3039 3413 Melissa
3085 3364 3334 3410 nostrum
3382 3350 3583 3408 crebro
3615 3348 3741 3402 citat.

2196 3462 2376 3517 Ὀυδὲν
2424 3462 2570 3514 ἐστιν
2618 3457 2838 3528 ἄμεινον
2888 3453 3140 3524 εἰρήνης,
3170 3450 3228 3502 ὲν
3329 3446 3437 3508 πᾶς
3468 3445 3501 3497 ὁ
3537 3441 3745 3509 πόλεμος

2184 3553 2528 3611 καταλύεται.
2555 3548 2709 3604 Nihil
2735 3556 2812 3602 est
2840 3561 2966 3616 pace
2998 3541 3204 3607 melius,
3236 3555 3342 3609 qua
3370 3552 3529 3593 omne
3578 3531 3746 3587 bellum

2184 3649 2491 3712 dirimitur;
2525 3661 2591 3699 ex
2625 3640 2874 3712 Epistola
2900 3639 2968 3693 ad
3021 3634 3311 3707 Ephesios.
3334 3632 3404 3685 El
3424 3647 3514 3693 τις
3548 3627 3749 3682 δύναται

2184 3743 2244 3795 ἐν
2275 3738 2468 3809 ἁγνείᾳ
2503 3736 2683 3808 μένειν
2715 3732 2796 3795 εἰς
2844 3727 3007 3801 τιμὴν
3037 3727 3140 3797 τῆς
3172 3722 3372 3795 σαρκὸς
3404 3720 3505 3774 τοῦ
3540 3716 3747 3809 Κυρίου,

2185 3834 2243 3885 ἐν
2278 3800 2591 3898 auaui-neten
2642 3821 2870 3896 μενέτω,
2906 3818 2999 3873 καὶ
3050 3817 3145 3871 ἐὰν
3196 3810 3411 3883 γνωσθῇ
3460 3809 3630 3867 πλέον
3676 3800 3750 3898 τῷ

2187 3895 2505 3984 ἐπισκόπου,
2541 3895 2809 3987 ἔιρθαρται
2831 3930 2846 3943 ο
2883 3910 3085 3983 πρέπει
3115 3907 3171 3961 δὲ
3221 3908 3334 3969 τοῖς
3384 3902 3633 3973 γαμοῦσι
3678 3895 3751 3950 καὶ

2185 4016 2308 4077 ταῖς
2338 4009 2716 4082 γαμουμέναις
2751 4004 2892 4077 μετὰ
2933 3999 3159 4072 γνώμης
3192 3995 3285 4051 τοῦ
3333 3994 3641 4049 ἐπισκόπου
3673 3990 3753 4057 τὴν

2185 4106 2380 4161 ἕνωσιν
2415 4100 2712 4165 ποιεῖσθαι,
2749 4098 2837 4151 ἵνα
2868 4098 2896 4151 ό
2927 4095 3103 4165 γάμος
3204 4089 3343 4144 κατὰ
3374 4086 3534 4152 Θεὸν,
3572 4087 3664 4140 καὶ
3695 4082 3755 4154 μὴ

2188 4200 2309 4253 κατ’
2344 4191 2622 4269 [αἰσχρὰν]
2656 4189 2968 4261 ἐπιθυμίαν.
3008 4186 3067 4240 Si
3119 4185 3237 4255 quis
3270 4185 3324 4236 in
3363 4181 3617 4239 castitate
3656 4194 3755 4229 ma-

2190 4305 2310 4344 nere
2335 4296 2503 4358 potest
2534 4285 2602 4338 ad
2632 4285 2877 4338 honorem
2910 4279 3086 4333 carnis
3109 4275 3342 4337 Domini,
3367 4273 3481 4325 sine
3505 4269 3757 4339 iactantia

2190 4386 2391 4452 pergat.
2418 4376 2487 4430 Et
2521 4377 2569 4430 si
2597 4374 2763 4431 videri
2792 4371 2901 4428 uult
2929 4370 3047 4441 plus
3078 4368 3338 4437 episcopo,
3361 4370 3647 4431 corruptus
3676 4368 3755 4410 cst.

2116 4495 2164 4551 ι)
2193 4451 2349 4525 Decet
2382 4478 2560 4521 autem
2605 4466 2850 4519 ducentes
2880 4470 2931 4516 et
2973 4461 3160 4513 ductas
3205 4471 3324 4509 cum
3361 4453 3630 4507 sententia
3669 4451 3761 4519 ept-

2192 4561 2337 4631 scopi
2372 4558 2618 4612 unionem
2644 4555 2837 4624 facere,
2870 4560 2927 4605 ut
2961 4550 3160 4618 nuptias
3192 4547 3325 4615 ﬁant
3355 4542 3651 4597 secundum
3681 4537 3761 4588 De

2193 4656 2415 4717 minam,
2445 4658 2493 4703 et
2524 4664 2627 4702 non
2667 4644 2956 4700 secundum
3002 4636 3253 4713 [turpem]
3293 4633 3674 4705 cupiditatem;
3707 4643 3759 4680 ex

2194 4744 2438 4815 Epistola
2484 4740 2549 4794 ad
2596 4737 2980 4808 Polycarpum.
3012 4732 3184 4801 Στῆκε
3220 4729 3297 4791 ὡς
3343 4726 3543 4796 ἄκμων
3579 4719 3761 4776 τυπτό-

2198 4814 2383 4908 μενος·
2426 4830 2659 4904 μεγάλου
2708 4825 2942 4897 ἀθλητοῦ
2992 4827 3107 4877 ἐστι
3138 4818 3388 4891 δέρεσθαι
3436 4817 3534 4870 καὶ
3586 4814 3761 4883 νικᾷν’

2200 4903 2433 4999 μάλιστα
2465 4924 2520 4977 δέ
2568 4922 2755 4979 ἕνεκεν
2787 4917 2921 4972 Θεοῦ
2955 4914 3132 4968 πάντα
3164 4910 3308 4981 ἡμᾶς
3343 4907 3643 4976 ὑπομένειν
3672 4903 3764 4959 δεῖ.

2197 4998 2286 5072 ἵνα
2334 5016 2426 5070 καὶ
2480 5013 2647 5076 αὐτὸς
2691 5010 2842 5083 ἡμᾶς
2895 5003 3189 5076 ὑπομείνῃ.
3240 4999 3392 5061 State
3434 4999 3597 5068 quasi
3632 4998 3765 5049 incus

2198 5109 2324 5161 dum
2356 5105 2569 5161 ccederis
2597 5118 2614 5157 :
2644 5100 2877 5173 generosi
2914 5106 2991 5152 est
3029 5094 3243 5149 athleta:
3277 5091 3411 5147 cwdi
3444 5100 3498 5143 et
3540 5090 3769 5144 uincere:

2200 5198 2431 5251 maaime
2470 5202 2681 5264 propter
2723 5190 2890 5244 Deum
2929 5188 3077 5242 nobis
3112 5185 3293 5241 omnia
3332 5182 3594 5254 patienda
3641 5186 3767 5235 sunt.

2202 5300 2259 5343 ut
2288 5290 2396 5359 ipse
2426 5303 2519 5341 nos
2552 5286 2822 5356 patiatur;
2853 5297 2921 5337 ex
2964 5280 3175 5335 eadem.
3206 5274 3634 5348 Μακροθυμεῖτε
3669 5267 3769 5341 μετ’

2202 5380 2446 5453 ἀλλήλων
2468 5382 2525 5432 ἐν
2559 5377 2852 5449 πραΰτητι,
2877 5374 2952 5438 ὡς
2976 5375 3006 5426 ὁ
3036 5372 3168 5435 Θεὸς
3204 5368 3321 5441 μεθ’
3341 5366 3502 5440 ἡμῶν
3536 5366 3627 5419 διὰ
3662 5378 3770 5415 παν-

2202 5475 2313 5537 τός.
2351 5472 2627 5526 Patienter
2648 5469 2744 5522 alii
2772 5468 2907 5521 alios
2937 5482 3055 5520 cum
3086 5460 3487 5518 mansuetudine
3511 5453 3769 5528 patimini,

2206 5576 2263 5619 ut
2294 5579 2385 5617 nos
2408 5577 2611 5631 semper
2632 5559 2806 5623 Deus;
2830 5574 2895 5613 ex
2915 5556 3125 5611 eadem.
3152 5551 3354 5625 Χρῄζω
3376 5549 3708 5623 πραΰτητος,
3724 5548 3770 5596 ἐς

2207 5652 2600 5730 ᾖκαταλύεται
2643 5657 2673 5710 ὁ
2705 5654 2889 5726 ἄρχων
2940 5650 3034 5706 τοῦ
3080 5648 3277 5712 αἰῶνος
3324 5646 3519 5701 τούτου
3574 5642 3770 5718 [διάϐο-

2208 5748 2352 5823 λρς].
2383 5747 2675 5807 Clementia
2697 5761 2858 5825 -egeo,
2898 5760 3002 5817 qua
3049 5740 3299 5802 evertitur
3334 5739 3579 5809 princeps
3628 5733 3770 5805 lutqu
