3814 6198
156 303 221 357 ss
942 307 990 362 J.
1034 304 1405 363 PEARSONII
1443 306 1767 363 vmmcma
1806 278 2225 368 IGNAmNm.
2259 344 2330 356 —
2366 313 2547 369 PARS
2583 312 2624 368 ι.
3367 324 3438 386 9t

155 420 327 477 seculi
378 419 753 496 [diabolus];
799 440 859 479 ex
905 425 1143 496 Epistola
1195 427 1263 482 ad
1308 426 1638 485 Trallianos.
1687 430 1752 483 0i
1785 432 1829 489 A
1857 436 2265 501 persecutionem
2316 437 2666 502 excitaverat,
2711 435 2766 489 in
2794 434 3013 503 epistola
3064 437 3137 491 ad
3172 436 3435 490 Romanos

156 512 314 565 δοῦλοι
360 512 435 583 μὴ
472 514 781 585 ὲράτωσαν
814 516 915 569 ἀπὸ
948 516 1126 570 κοινοῦ
1160 517 1597 590 ὲλευθεροῦσθαι,
1634 520 1747 574 ἀλλ’

155 610 225 670 είς
255 606 412 670 δόξαν
447 607 598 662 Θεοῦ
648 611 815 663 πλέον
860 610 1271 677 δουλευέτωσαν,
1307 612 1394 666 ἵνα
1444 614 1750 685 κρείττονος

156 698 459 771 ἐλευθερίας
504 700 626 753 ἀπὸ
669 702 806 755 Θεοῦ
839 701 1086 772 τύχωσιν.
1125 703 1274 757 Servi
1307 722 1409 757 non
1454 706 1747 761 desiderent

155 808 183 843 a
205 796 471 845 communi
512 791 683 846 liberi
713 795 863 863 ﬁeri;
897 795 984 847 sed
1012 796 1067 848 in
1097 795 1323 864 gloriam
1354 796 1452 851 Dei
1480 798 1599 867 plus
1638 816 1749 852 ser-

154 883 307 945 riunt,
340 892 400 935 ut
440 883 670 938 meliori
710 886 951 939 libertate
981 904 1012 939 a
1047 886 1153 940 Deo
1182 888 1490 957 potiantur;
1525 905 1586 944 ex
1620 888 1751 959 Epi-

154 973 279 1028 stula
311 974 378 1028 ad
411 972 821 1046 Polycarpum.
846 978 1191 1032 Σπουδάσατε
1227 979 1301 1052 μὴ
1335 980 1749 1034 ἀντιτάσσεσθαι

150 1065 222 1135 τῷ
253 1067 575 1137 ὲπισκόπῳ,
618 1069 708 1122 ἴνα
740 1064 839 1139 ἦτε
872 1068 988 1140 Θεῷ
1019 1070 1469 1142 ὑποτασσόμενοι,
1504 1072 1596 1126 καὶ
1628 1074 1752 1128 ὅσον

154 1155 369 1225 βλέπετε
420 1156 681 1226 σιγῶντα
734 1159 827 1213 τὸν
876 1160 1191 1227 ἐπίσκοπον,
1227 1161 1392 1217 πλέον
1440 1164 1601 1217 αὐτὸν
1652 1182 1747 1234 φο-

153 1246 341 1311 ϐεῖσθε,
390 1249 587 1302 πάντα
639 1250 753 1322 γὰρ
802 1250 862 1305 ὃν
912 1252 1118 1323 πέμπει
1163 1255 1193 1307 ό
1239 1254 1623 1325 οἰκοδεσπότης
1671 1257 1752 1319 εἰς

154 1337 280 1391 ἰδίαν
310 1338 666 1410 οἰκονομίαν,
703 1340 877 1406 οὕτως
907 1343 988 1396 δεῖ
1018 1345 1168 1415 ἡμᾶς
1199 1345 1360 1398 αὑτὸν
1392 1346 1643 1417 δέχεσθαι
1675 1346 1752 1411 ὡς

152 1428 300 1482 αὑτὸν
349 1430 445 1483 τὸν
484 1431 829 1502 πέμποντα·
868 1433 956 1488 τὸν
1008 1430 1104 1490 οὖν
1136 1437 1433 1491 ἐπίσκοπον
1464 1438 1539 1503 ὡς
1589 1439 1751 1494 αὐτὸν

149 1523 231 1577 τὸν
262 1522 473 1596 Κύριον
513 1523 605 1577 δεῖ
628 1525 1018 1595 προσϐλέπειν.
1070 1528 1209 1583 Date
1259 1546 1473 1599 operam
1517 1548 1579 1585 ne
1620 1532 1751 1585 resi-

148 1616 291 1668 statis
334 1616 616 1685 episcopo,
647 1626 707 1670 ut
740 1619 863 1671 sitis
912 1618 1020 1673 Deo
1069 1621 1336 1690 subjecti:
1367 1631 1416 1675 et
1451 1638 1550 1692 quo
1582 1624 1750 1693 magis

150 1707 357 1760 tacitum
387 1706 644 1761 videritis
694 1711 1019 1779 episcopum,
1073 1720 1222 1766 tanto
1273 1714 1442 1783 magis
1484 1730 1602 1767 eum
1645 1731 1751 1769 me-

1852 528 2086 595 scripsit.
2116 526 2190 580 Ita
2222 528 2313 583 ille
2340 515 2560 599 quidem
2593 530 2756 585 simul
2785 539 2838 584 et
2870 529 3131 601 [gnatium
3155 539 3209 585 et
3240 529 3437 599 Diony-

1851 619 1993 674 sium
2037 619 2334 675 defendens
2359 662 2372 685 ,
2406 636 2590 691 quem,
2634 630 2692 676 ut
2723 622 2914 690 lgnatii
2951 622 3237 692 epistolam
3284 620 3437 674 vide—

1853 720 1953 777 ret,
1988 727 2095 765 non
2131 720 2257 765 ante
2292 712 2453 768 linem
2489 713 2702 783 imperii
2734 712 2953 783 Trajani
2988 713 3189 769 obiisse
3225 712 3361 767 volt.
3393 709 3438 764 Ε

1853 810 2039 856 contra
2081 801 2309 856 Photius
2340 804 2531 857 eodem
2577 803 2796 869 saeculo,
2828 803 2957 857 dum
2990 812 3312 873 argumenta
3350 818 3436 856 re-

1852 894 2006 965 petit,
2032 893 2234 963 quibus
2262 892 2582 950 Theodorus
2620 895 2902 965 presbyter
2934 894 3234 964 respondit,
3267 894 3437 948 inter-

1853 1000 1960 1056 que
1987 1000 2050 1039 ea
2085 984 2217 1038 illud
2254 985 2321 1040 de
2359 984 2552 1056 lgnatii
2581 984 2826 1056 Epistola
2860 986 2928 1041 ad
2960 985 3238 1041 Romanos
3276 985 3438 1055 paulo

1853 1087 1979 1135 ante
2009 1079 2333 1151 martyrium
2363 1080 2587 1150 scripta,
2620 1080 2788 1136 simul
2818 1088 2872 1136 et
2900 1078 3276 1136 defensionem
3303 1078 3435 1133 Dio-

1854 1170 1994 1242 nysii
2038 1171 2314 1226 inﬁrmam
2346 1186 2468 1227 esse
2508 1171 2732 1235 indicat,
2777 1180 2833 1226 et
2873 1171 3159 1242 epistolam
3201 1185 3322 1226 eam
3368 1169 3438 1224 ab

1853 1262 1973 1328 ipso
1994 1260 2227 1333 lgnatio,
2252 1264 2417 1334 paulo
2448 1273 2575 1319 ante
2602 1264 2951 1336 martyrium,
2983 1265 3236 1335 scriptam
3268 1262 3441 1319 fuisse

1852 1355 2165 1419 conﬁrmat,
2205 1356 2394 1410 codice
2424 1356 2622 1426 primo.
2665 1355 2923 1427 Idemque
2963 1356 3150 1411 codice
3176 1354 3282 1411 29.8
3308 1355 3440 1410 dum

1852 1445 2182 1515 patriarcha:
2218 1444 2513 1514 Ephrazmii
2550 1446 2874 1502 sententiam
2924 1446 3040 1502 suis
3070 1447 3255 1502 verbis
3298 1445 3440 1501 reci-

1854 1546 1971 1593 tat:
2007 1538 2184 1609 ’Ὀπερ
2218 1533 2310 1590 οὖν
2343 1537 2560 1610 εἴρηται
2606 1538 2746 1592 κατὰ
2793 1536 2853 1591 τὸ
2906 1539 3088 1611 τρίτον
3127 1536 3443 1607 κεφάλαιον,

1854 1628 1919 1682 ἐκ
1950 1646 2009 1681 τε
2044 1627 2151 1681 τῶν
2186 1628 2556 1697 εὐαγγελικῶν
2599 1628 2811 1699 φωνῶν,
2849 1628 2943 1682 καὶ
2977 1631 3042 1683 ἐκ
3074 1627 3182 1683 τῶν
3215 1629 3450 1683 ἀποστο-

1854 1717 2042 1782 λικῶν,
2081 1718 2173 1771 καὶ
2209 1717 2273 1789 δὴ
2301 1718 2393 1771 καὶ
2418 1720 2482 1771 ἐκ
2513 1718 2624 1772 τῶν
2660 1717 2947 1790 μακαρίων
2981 1718 3235 1791 πατέρων
3267 1717 3447 1789 ἡμῶν,

151 1800 283 1852 tuite.
318 1798 719 1871 Quemcunque
768 1805 910 1856 enim
955 1805 1121 1858 mittit
1154 1806 1546 1876 paterfamilias
1583 1813 1642 1859 ut
1676 1809 1750 1860 rei

1890 1810 2126 1880 Ιγνατίου
2178 1809 2271 1863 τοῦ
2325 1810 2585 1882 θεοφόρου
2609 1851 2623 1878 ,
2678 1810 2772 1864 καὶ
2819 1810 3076 1876 Ἰουλίου,
3129 1809 3224 1865 καὶ
3286 1808 3448 1867 Ἀθα-

147 1887 439 1944 domestica:
470 1893 691 1959 praesit,
718 1894 796 1947 sic
821 1894 963 1947 decet
988 1910 1080 1948 nos
1103 1897 1358 1965 excipere,
1384 1906 1441 1949 ut
1471 1898 1640 1965 ipsum
1665 1897 1756 1967 qui

148 1981 319 2033 mittit.
365 1980 719 2051 Episcopum
748 1983 919 2053 igitur
954 1995 1206 2055 tanquam
1243 1986 1529 2041 Dominum
1580 1989 1754 2057 ipsum

148 2080 336 2139 oportet
375 2075 705 2142 suspicere;
738 2089 807 2128 ex
835 2073 1076 2144 Epistola
1107 2077 1173 2131 ad
1212 2076 1497 2146 Ephesios.
1540 2079 1758 2143 Πάντας

148 2161 368 2232 βάσταξε
402 2163 486 2227 ὦς
525 2181 593 2217 σε
627 2166 659 2218 ὁ
692 2163 919 2237 Κύριος,
956 2166 1176 2220 πάντων
1209 2167 1405 2237 ἀνέχου
1440 2170 1497 2221 ὲν
1531 2167 1750 2239 ἀγάπῃ·

145 2254 283 2308 αίτοῦ
321 2254 553 2309 σύνεσιν
592 2255 825 2310 πλείονα
857 2253 926 2329 ἦς
959 2256 1124 2328 ἔχεις.
1161 2258 1389 2312 Πάντων
1434 2259 1533 2322 τὰς
1566 2260 1755 2323 νόσους

146 2345 367 2416 βάσταζε
390 2365 407 2380 ο
445 2350 598 2403 ὅπου
630 2348 746 2421 γὰρ
801 2349 1000 2403 πλείων
1034 2351 1223 2417 κόπος,
1260 2351 1394 2404 πολὺ
1429 2351 1489 2403 τὸ
1540 2351 1750 2423 κέρδος.

147 2436 323 2493 Omnes
355 2438 530 2507 ferto,
559 2448 627 2494 ut
667 2448 719 2494 te
756 2438 1045 2505 Dominus;
1077 2456 1252 2494 omnes
1283 2442 1484 2496 sustine
1526 2442 1582 2495 in
1623 2442 1757 2496 cha-

143 2531 309 2584 ritate.
346 2530 595 2584 Postula
640 2533 983 2601 prudentiam
1012 2533 1269 2602 majorem
1292 2550 1355 2587 ea
1385 2550 1543 2603 quam
1574 2533 1750 2589 habes.

145 2622 380 2675 Omnium
419 2625 656 2677 morbos
702 2632 897 2692 porta;
942 2623 1034 2676 ubi
1063 2624 1205 2677 enim
1254 2624 1373 2693 plus
1417 2624 1641 2691 laboris,
1679 2606 1754 2677 ibi

142 2713 265 2771 lucri
290 2714 534 2769 multum
552 2732 576 2781 ,'
613 2731 684 2770 ex
714 2713 959 2785 Epistola
986 2715 1054 2770 ad
1084 2713 1466 2788 Polycarpum.

202 2825 353 2884 Nono
398 2829 632 2885 saeculo
681 2829 909 2900 assigno
958 2829 1235 2886 Andream
1296 2830 1749 2904 Hierosolymita-

142 2935 280 2988 num,
316 2922 694 2978 Cretensium
742 2922 1240 2993 archiepiscopum,
1283 2925 1379 2994 qui
1420 2922 1661 2980 Homilia
1698 2928 1754 2981 in

1858 1902 2065 1967 νασίου,
2118 1902 2212 1955 καὶ
2262 1902 2628 1975 Γρηγορείων,
2681 1901 2776 1955 καὶ
2825 1901 3132 1967 Βασιλείου,
3184 1901 3451 1972 διελέγχει

1855 1995 1982 2058 τοὺς
2029 1993 2308 2058 δυσσεϐεῖς
2357 1993 2433 2058 ὡς
2464 1995 2498 2066 ή
2532 1992 2642 2047 τῶν
2691 1992 2913 2066 ἄρθρων
2961 1993 3159 2065 χρῆσις
3208 1990 3453 2065 (πάντες

1856 2085 1965 2158 γὰρ
1986 2079 2129 2139 οὗτοι
2157 2083 2369 2149 τούτοις
2399 2084 2723 2156 ἐχρήσαντο)
2744 2084 3005 2156 οὐδεμίαν
3037 2082 3211 2155 τομὴν
3243 2084 3278 2155 ἢ
3313 2083 3452 2138 διαί-

1858 2195 2009 2252 ρεσιν
2042 2179 2249 2231 ὲπινοεῐ
2281 2177 2379 2248 τῆς
2412 2175 2680 2241 ὲνώσεως.
2719 2174 2872 2241 Quod
2903 2176 3067 2246 igitur
3098 2176 3254 2230 tertio
3280 2175 3453 2244 capite

1856 2270 2056 2324 dictum
2104 2277 2216 2323 tum
2265 2283 2331 2322 es
2370 2268 2583 2338 scriptis
2630 2267 2950 2337 euangelicis
3020 2266 3449 2337 apostolicisque,

1859 2373 1971 2418 tum
2000 2378 2065 2416 ea:
2097 2360 2262 2415 beatis
2296 2359 2553 2414 Patribus
2584 2361 2799 2424 nostris,
2842 2359 3055 2430 lgnatio
3085 2360 3307 2430 deifero,
3343 2358 3451 2414 Ju-

1856 2459 1949 2525 lio,
1974 2457 2289 2523 Athanasio,
2316 2455 2583 2525 Gregoriis
2609 2465 2658 2510 et
2688 2454 2923 2523 Basilio,
2952 2456 3213 2510 convincit
3235 2456 3449 2525 impios,

1855 2551 1993 2621 quod
2022 2548 2375 2603 articulorum
2399 2565 2527 2603 usus
2555 2549 2756 2613 (omnes
2792 2550 2934 2602 enim
2968 2548 3022 2602 hi
3048 2547 3158 2601 illis
3189 2549 3275 2601 usi
3305 2547 3451 2619 sunt)

1855 2641 2058 2695 nullam
2093 2639 2373 2695 sectionem
2399 2649 2492 2694 aut
2522 2640 2835 2693 divisionem
2860 2640 3090 2694 unitatis
3118 2639 3449 2702 subindicat,

1855 2734 1991 2789 satis
2026 2733 2267 2789 ostendit
2295 2748 2353 2788 se
2383 2731 2645 2802 epistolas
2684 2730 2806 2786 illas
2847 2730 3043 2795 lgnatii
3074 2746 3173 2801 pro
3210 2730 3357 2787 veris
3398 2738 3455 2787 et

1855 2826 2110 2897 genuinis
2142 2823 2418 2880 habuisse.

1920 2918 2042 2979 Sub
2079 2918 2239 2973 initio
2281 2917 2479 2973 decimi
2529 2916 2713 2972 smculi
2767 2915 2995 2972 Simeon
3045 2918 3074 2970 ὀ
3110 2914 3448 2984 Λογοθέτης,

144 3009 491 3067 Nativitatem
524 3011 607 3066 Β.
647 3010 882 3081 Virginis
916 3014 1184 3081 secunda,
1227 3016 1371 3085 apud
1411 3015 1752 3073 Oxonienses
1852 3012 1948 3083 qui
1976 3013 2154 3067 dictus
2196 3021 2281 3067 est
2314 3010 2733 3081 Metaphrastes,
2784 3008 3115 3082 martyrium
3159 3005 3218 3062 S.
3256 2996 3452 3080 lgnatii

142 3120 261 3162 mss.
288 3106 407 3162 hmc
436 3104 629 3160 habet
656 3123 669 3158 :
698 3105 796 3168 Ὤς
823 3104 954 3178 φησι
987 3123 1088 3159 που
1114 3106 1269 3176 ἅγιος
1301 3107 1460 3179 ἀνὴρ,
1495 3109 1750 3178 Ἰγνάτιος

1890 3121 2021 3176 onga
2064 3105 2315 3161 oratione
2358 3104 2679 3171 exornavit,
2725 3102 3027 3175 Epistulam
3074 3103 3140 3159 ad
3172 3101 3454 3157 Romanos

143 3199 295 3271 ὄνομα
337 3197 499 3269 αὐτῷ
527 3215 543 3228 ·
588 3194 709 3250 Kal
742 3197 922 3250 ἔλαθε
952 3196 1059 3251 τὸν
1094 3197 1359 3267 ἄρχοντα
1401 3198 1509 3252 τοῦ
1544 3198 1754 3266 αἰῶνος

1890 3199 2037 3254 idem
2066 3197 2320 3266 intexuit,
2353 3196 2543 3253 Irenaei
2586 3198 2751 3253 etiam
2783 3205 2838 3253 et
2873 3196 3161 3269 Polycarpi
3205 3196 3455 3254 testimo-

142 3292 338 3347 τούτου
379 3292 423 3360 ἡ
459 3287 782 3358 παρθενια
825 3287 1085 3354 Μαρίας,
1121 3286 1220 3341 καὶ
1266 3291 1299 3342 ὁ
1334 3288 1511 3355 τόκος
1548 3286 1754 3356 αὐτῆς,

1890 3291 1955 3345 nia
1990 3292 2235 3361 protulit.

143 3386 338 3454 ὁμοίως
370 3384 479 3439 καὶ
511 3386 553 3438 ὀ
600 3380 865 3446 θάνατος
894 3380 1001 3435 τοῦ
1041 3381 1325 3449 Χριστοῦ,
1356 3383 1490 3450 τρία
1526 3380 1761 3452 μυστήη

136 3495 227 3544 pta
259 3477 506 3548 φρικτὰ,
544 3474 739 3532 ἅτινα
778 3472 849 3527 ἐν
888 3473 1121 3542 ἡσυχίᾳ
1168 3474 1318 3528 Θεοῦ
1359 3473 1651 3543 ἐπράχθη.
1691 3472 1760 3530 Ut

145 3571 212 3622 ait
251 3580 475 3625 sanctus
522 3570 644 3634 vir,
690 3568 781 3621 cui
830 3582 1014 3620 nomen
1067 3565 1314 3637 Ignatius
1352 3580 1371 3618 :
1407 3585 1426 3618 ι
1457 3566 1759 3637 Principem

144 3662 283 3730 hujus
328 3662 531 3718 seaculi
597 3659 771 3712 latuit
817 3660 1147 3729 virginitatis
1205 3658 1426 3725 Mariae,
1478 3670 1529 3713 et
1573 3672 1757 3730 partus

143 3757 263 3825 ejus,
292 3760 566 3813 similiter
597 3765 651 3810 et
682 3772 827 3809 mors
859 3754 1084 3820 Christi,
1112 3754 1216 3807 tria
1263 3753 1531 3807 tremenda
1566 3762 1761 3822 myste-

144 3849 237 3914 ria,
261 3866 380 3919 qut:
404 3851 469 3903 in
508 3847 740 3903 silentio
769 3845 867 3899 Dei
906 3846 1051 3915 facta
1075 3854 1234 3909 sunt;
1260 3864 1279 3897 ι
1305 3861 1371 3901 ex
1401 3844 1646 3914 Epistola
1691 3843 1759 3896 ad

145 3939 422 4011 Ephesios.

213 4033 581 4108 Freculphus
656 4030 1050 4096 Lexoviensis,
1101 4030 1195 4101 qui
1245 4030 1392 4085 circa
1436 4029 1503 4083 A.
1550 4029 1614 4084 C.
1655 4028 1760 4085 840

144 4129 385 4198 scripsit,
430 4127 641 4184 omnia
684 4140 813 4194 quae
863 4139 895 4179 a
937 4124 996 4179 S.
1023 4121 1357 4195 Hieronymo
1399 4124 1467 4179 de
1515 4123 1761 4193 epistolis

146 4211 195 4268 S.
232 4214 431 4287 lgnatii
486 4217 553 4270 in
596 4212 865 4284 Catulogo
918 4212 1119 4282 seri—pta
1167 4222 1329 4278 sunt,
1374 4213 1429 4266 in
1471 4213 1758 4267 historiam

144 4323 287 4361 suam
344 4305 695 4368 transtulit,
738 4312 797 4357 et
840 4302 1011 4357 tacito
1047 4302 1167 4373 ejus
1230 4302 1455 4357 nomine
1498 4319 1598 4372 pro
1644 4303 1761 4358 suis
1862 4310 1953 4363 bet
1998 4326 2012 4362 :
2049 4307 2329 4378 Ignatius,
2371 4304 2711 4359 Antiochentc
2763 4302 3018 4357 Ecclesia:
3062 4311 3179 4371 post
3228 4301 3447 4354 Petrum

145 4398 319 4454 haberi
337 4399 551 4454 voluit.
582 4395 825 4450 Michael
850 4393 1136 4465 Syngelus,
1163 4394 1257 4464 qui
1280 4394 1575 4463 aliquando
1598 4394 1760 4450 desti-
1864 4402 2162 4470 apostolum
2202 4399 2391 4453 tertius
2424 4398 2719 4467 episcopus,
2752 4397 2962 4466 scripsit
2992 4395 3243 4449 Ecclesia:
3272 4394 3447 4463 Ephe-

144 4491 365 4546 nabatur
396 4489 741 4560 patriarcha
781 4486 1455 4556 Constantinopolitanus,
1504 4492 1558 4540 et
1591 4485 1755 4541 Nice-
1790 4502 1833 4557 ι)
1864 4496 2064 4548 siorum
2096 4491 2397 4562 epistolam,
2439 4490 2663 4543 alteram
2692 4488 2761 4541 ad
2808 4487 3204 4557 Magnesianos,
3238 4485 3449 4538 tertiam

141 4582 288 4651 phori
320 4596 658 4645 successor,
694 4580 753 4633 in
800 4577 1064 4633 Encomio
1097 4578 1343 4649 Dionysii
1381 4578 1755 4648 Areopagitas,
1867 4584 1936 4637 ad
1986 4582 2318 4650 Trallenses,
2367 4589 2614 4651 quartam
2665 4578 2735 4631 ad
2795 4577 3095 4643 Romanos,
3146 4577 3334 4630 deinde
3382 4577 3452 4630 ad

144 4677 202 4729 ad
230 4677 319 4731 illa
347 4676 574 4732 verba:
602 4672 821 4743 Γράφει
861 4669 918 4722 δὲ
963 4671 993 4722 ὁ
1014 4669 1157 4733 θεῖος
1191 4670 1479 4739 Ἰγνάτιος·
1519 4669 1580 4721 '0
1620 4669 1754 4739 ἐμὸς

1890 4672 2302 4743 αΙιίιαάειρΙιὶοδ,
2352 4680 2401 4725 et
2455 4667 2779 4739 Stnyrnatos.
2822 4666 2928 4721 Hic
2991 4683 3178 4737 passus
3226 4677 3300 4721 est
3354 4665 3448 4721 sub

143 4767 275 4836 ἔρως
314 4766 737 4834 ἐσταύρωται,
772 4758 970 4814 Scribit
1004 4770 1180 4814 autem
1224 4762 1433 4814 divinus
1464 4760 1707 4831 Ignatius
1740 4774 1754 4813 .‘

1890 4765 2123 4831 l‘raiano.

149 4860 342 4913 cAmor
366 4874 526 4912 meus
553 4853 859 4922 cruciﬁxus
891 4860 1021 4919 est,»
1066 4856 1182 4907 haec
1209 4853 1369 4907 habet
1398 4870 1411 4906 :
1436 4852 1608 4906 Τοῦτο
1649 4851 1759 4922 γὰρ

144 4952 196 5005 τὺ
210 4954 369 5025 ῥητὸν
386 4955 418 5005 ὁ
441 4950 721 5022 θεοφόρος
738 4944 1022 5014 Ἰγνάτιος,
1046 4946 1254 5017 μέλλων
1278 4949 1334 5000 ὲν
1350 4945 1535 5020 Ῥώμῃ
1561 4964 1761 5018 μαρτυη

146 5046 303 5115 μκῶς
332 5045 634 5115 ἁθλήσειν,
668 5039 770 5095 καὶ
803 5039 917 5101 τοῖς
947 5037 1129 5091 λέουσι
1166 5036 1301 5109 βορὰ
1353 5038 1495 5092 κατὰ
1528 5040 1629 5109 τὴν
1662 5040 1756 5094 τοῦ

144 5140 397 5209 τυράννου
419 5133 713 5209 Τραϊανοῦ
742 5130 1041 5202 πρόσταξιν
1060 5130 1604 5203 παραϐληθήσεσθαι,
1630 5135 1758 5206 περὶ

143 5229 196 5283 τὸ
214 5232 311 5301 τῆς
331 5229 511 5284 αὑτοῦ
535 5223 876 5299 τυραννείας
910 5222 1126 5277 ἔννατον
1149 5223 1266 5287 έτος
1300 5224 1441 5277 κατὰ
1473 5224 1580 5278 τῶν
1611 5226 1760 5280 εὐσε-

146 5322 417 5378 ϐεστάτων
484 5317 852 5395 Χριστιανῶν
902 5317 1145 5389 διωγμὸν
1204 5318 1556 5391 ἐγείραντος,
1623 5320 1758 5373 Ῥω-

1933 3378 2233 3437 Undecimo
2283 3381 2484 3439 sarculo
2546 3381 2945 3452 as,ignandum
2996 3389 3128 3451 puto
3170 3387 3453 3436 auctorem

1860 3469 2126 3524 Locorum
2156 3472 2515 3525 communium
2546 3488 2681 3528 mss.
2718 3472 2773 3525 in
2806 3469 3142 3526 Bibliotheca
3174 3471 3453 3526 Oxonien-

1862 3562 1942 3628 si,
1975 3561 2071 3631 qui
2114 3562 2441 3617 sententiam
2495 3562 2668 3629 illam,
2697 3562 2899 3615 τέλειοι·
2925 3561 3079 3625 ὄντες
3109 3560 3290 3615 τέλεια
3319 3579 3453 3632 φρο-

1861 3658 2022 3723 νεῖτε,
2057 3672 2124 3712 ex
2152 3657 2392 3728 Epistola
2416 3658 2483 3713 ad
2510 3658 2822 3729 Smyrnaaos
2844 3659 2994 3714 citat.
3019 3656 3174 3713 Circa
3205 3660 3446 3714 medium

1862 3749 2025 3819 hujus
2050 3750 2232 3804 saeculi
2260 3748 2528 3806 Gervinus
2542 3750 2734 3815 abbas,
2762 3750 2903 3805 inter
2926 3748 3147 3803 XXXVI
3168 3751 3448 3807 volumina

1862 3842 1919 3896 in
1950 3841 2286 3897 Bibliotheca
2320 3842 2551 3897 abbatis:
2594 3841 3145 3911 Centulensis,primo
3183 3842 3305 3897 loco
3344 3859 3446 3913 po-

1863 3936 2073 3991 nendas
2101 3934 2313 3991 curavit
2344 3936 2601 4005 epistolas
2641 3933 2854 4006 lgnatii,
2898 3944 2959 3988 ut
2997 3934 3239 3990 ostendit
3267 3934 3447 3990 Chro-

1863 4030 1973 4084 nici
1996 4028 2344 4084 Centulensis
2370 4027 2576 4083 Auctor
2598 4028 2693 4081 lib.
2726 4043 2799 4092 ιν,
2828 4042 2949 4096 cap.
2974 4026 3066 4082 52.

1934 4122 2269 4179 Duodecimn
2324 4122 2527 4177 saeculo
2579 4121 2714 4175 vixit
2763 4118 3044 4174 Honorius
3091 4118 3445 4190 Augustodué

1864 4216 2071 4283 nensis,
2099 4214 2193 4285 qui
2220 4215 2275 4269 in
2304 4215 2399 4269 lib.
2432 4213 2508 4267 De
2530 4211 2886 4265 luminaribus
2918 4210 3167 4264 Ecclesia:
3197 4211 3310 4264 haec
3343 4211 3448 4264 ha-

1937 4854 2052 4911 Sub
2080 4854 2237 4909 initio
2267 4852 2465 4908 decimi
2499 4853 2642 4908 tertii
2680 4850 2866 4908 seaculi
2904 4849 3124 4909 Nicetas
3158 4849 3452 4907 Choniates

1863 4951 2054 5006 eadem
2106 4949 2335 5019 protulit
2390 4949 2447 5003 in
2495 4947 2784 5014 Thesauro,
2813 4961 2935 5017 quas
2967 4954 3124 5000 antea
3158 4943 3259 4999 sub
3304 4941 3451 4995 Ana-

1866 5042 2023 5097 stasii
2055 5041 2279 5097 Sinaitae
2301 5040 2523 5096 nomine
2553 5038 2937 5111 produximus.
2964 5035 3229 5105 Georgius
3266 5045 3451 5086 autem

1864 5133 2227 5205 Pachymeres
2258 5134 2324 5188 ad
2355 5132 2675 5204 Dionysium
2705 5129 3109 5199 Areopagitam,
3136 5124 3293 5195 Φέρει
3318 5120 3450 5192 γοῦν

1862 5227 1955 5280 τὸν
2008 5226 2300 5298 Σολομῶνα
2343 5225 2630 5297 μάρτυρα,
2675 5223 2768 5277 καὶ
2810 5222 2900 5275 τὸν
2952 5220 3123 5291 μέγαν
3169 5214 3447 5285 Ἱγνάτιον.

1865 5318 2119 5387 Epistolas
2170 5318 2336 5388 igitur
2367 5317 2433 5372 ad
2466 5316 2750 5371 Romanos
2790 5321 3099 5375 auctorem,
3125 5322 3287 5378 quem
3316 5307 3449 5362 citat

1866 5411 2194 5485 Dionysius,
2241 5428 2494 5482 magnum
2543 5410 2818 5481 Ignatium
2866 5403 3119 5475 appellat.
3173 5400 3447 5457 Robertus

1867 5514 2049 5560 autem
2096 5503 2497 5559 Lincolniensis
2545 5498 2872 5571 episcopusf,
2920 5495 3006 5550 vir
3052 5495 3139 5551 sui
3188 5492 3446 5564 temporis

1866 5596 2244 5664 doctissimus,
2275 5594 2790 5650 Commentariorum
2820 5591 2876 5644 in
2902 5587 3146 5660 Dionysii
3174 5584 3447 5640 Ecclesia-

1864 5690 2055 5744 sticam
2106 5688 2461 5743 hierarchiam
2519 5698 2639 5753 cap.
2700 5682 2772 5750 5,
2822 5681 2937 5736 huic
2987 5695 3055 5736 ex
3094 5676 3335 5749 Epistola
3376 5675 3445 5731 ad

1869 5781 2179 5847 Smyrnteos
2212 5779 2418 5850 profert
2450 5794 2464 5833 :
2496 5776 2594 5835 Est
2621 5776 2759 5834 enim
2786 5773 3129 5845 eucharistia,
3160 5768 3444 5828 secundum

147 5415 314 5483 μαίοις
360 5413 717 5469 ἐπιστέλλων
758 5410 1026 5481 γέγραφε.
1065 5408 1221 5463 Hanc
1260 5411 1397 5464 enim
1442 5412 1759 5465 sententiam

146 5508 304 5577 deifer
332 5508 628 5581 lgnatius,
664 5520 790 5560 cum
822 5502 942 5573 jam
980 5503 1163 5558 Romae
1191 5506 1508 5574 martyrium
1549 5505 1759 5560 subitu-

147 5615 252 5665 rus,
274 5611 326 5655 et
361 5610 630 5672 tanquam
667 5612 796 5653 esca
826 5595 1061 5650 leonibus
1099 5595 1459 5665 projiciendus
1481 5607 1634 5663 esset,
1675 5612 1759 5650 se—

146 5695 374 5747 cundum
406 5693 642 5763 Traiani
675 5690 898 5763 tyranni
934 5689 1221 5756 decretum,
1252 5690 1343 5760 qui
1368 5690 1523 5744 circa.
1558 5705 1759 5743 annum

148 5786 451 5855 tyrannidis
480 5804 594 5845 sum
618 5800 827 5840 nonum
854 5783 1102 5839 adversus
1131 5782 1399 5854 piissimus
1424 5781 1755 5837 Christianos
