3814 6198
361 301 437 358 95
1401 299 1459 354 8.
1498 294 1846 354 IGNATlUS.
1874 325 1942 336 —-
1970 291 2508 354 PROLEGOMENA.
3561 282 3639 338 96

363 424 569 480 beatum
603 419 891 492 Ignatiunt,
923 438 1047 476 caro
1071 420 1365 476 Saluatoris
1389 422 1559 475 nostri
1581 421 1708 474 Jesu
1737 417 1940 473 Christi
1973 423 2018 478 Α
2049 415 2252 470 Filium
2307 413 2401 468 Dei
2430 411 2685 469 creatoris
2716 410 2916 473 mundi,
2949 409 3196 478 dicetque
3226 403 3370 492 quod
3411 411 3492 456 est
3522 399 3638 455 itii:

361 533 456 586 pro
503 517 731 585 peccatis
764 516 956 568 nostris
1002 532 1190 584 passa,
1226 532 1383 585 quant
1427 513 1742 583 benignitate
1778 510 1941 564 Pater

364 609 718 663 resuscitavit.
770 606 838 662 Et
887 608 955 661 ad
1001 607 1199 661 librum
1249 607 1324 660 De
1377 607 1570 660 divinis
1619 603 1938 669 nominibus,

363 715 484 769 cap.
524 701 594 764 4,
629 700 793 754 tradit
837 697 1107 770 lgnatium
1153 699 1226 753 ita
1267 700 1617 754 vehementer
1657 697 1938 763 dilexisse,

362 793 510 862 quod
531 793 736 864 optavit
763 793 925 848 etiam
957 793 1097 848 tradi
1129 792 1290 846 malis
1314 791 1689 861 punitionihus
1712 791 1938 857 diaboli,

363 895 424 941 ut
457 887 577 956 ipso
603 886 906 953 frueretur;
937 902 1004 941 ex
1036 885 1276 955 Epistola
1307 885 1374 939 ad
1410 883 1708 938 Romanos.

434 976 642 1031 Decimi
673 977 855 1046 quarti
887 976 1071 1032 saeculi
1110 975 1265 1031 testis
1305 984 1389 1031 est
1413 973 1752 1044 Nicephorus
1777 973 1942 1030 Calli-

362 1074 500 1133 stus,
533 1069 645 1139 'qui
690 1083 774 1126 ex.
799 1068 1073 1126 veteribus
1097 1066 1492 1123 Ecclesiasticai
1527 1065 1779 1122 Historia:
1806 1069 1944 1130 scri-

361 1159 614 1228 ptoribus
642 1160 874 1230 plurima
905 1159 1200 1230 congessit,
1245 1159 1428 1214 omnia
1452 1174 1572 1229 qua:
1597 1159 1666 1214 ab
1704 1159 1943 1216 Eusebio

362 1246 431 1301 de
466 1246 656 1319 lgnatii
687 1249 932 1318 epistolis
965 1249 1164 1319 scripta
1200 1259 1334 1305 sunt
1372 1251 1429 1304 in
1471 1250 1752 1305 historiam
1781 1266 1944 1307 suam

361 1340 676 1406 transtulit,
705 1341 802 1394 lib.
849 1357 932 1405 in,
967 1357 1088 1411 cap.
1123 1341 1210 1396 19.
1237 1343 1446 1398 Auctor
1484 1343 1813 1400 Memorialis
1854 1345 1944 1402 hie

362 1433 678 1499 storiarum,
709 1434 832 1488 libri
867 1435 920 1488 in
964 1433 1297 1490 Bibliotheca
1335 1436 1768 1507 Cantabrigiensi
1793 1455 1895 1494 ms.
1925 1458 1940 1494 :

363 1523 565 1578 Beatus
602 1535 779 1579 autent
812 1526 1122 1597 Dionysius,
1149 1530 1203 1581 in
1231 1530 1454 1584 scientia
1486 1541 1595 1584 tam
1619 1531 1940 1600 profundus,

363 1617 583 1672 adducit
621 1621 775 1688 quasi
800 1637 895 1689 pro
928 1623 1283 1690 auctoritate,
1319 1623 1382 1677 de
1413 1623 1478 1678 Β.
1520 1622 1736 1694 Ignatio
1764 1624 1941 1679 dicens

362 1709 417 1764 in
459 1709 553 1764 lib.
587 1710 662 1766 De
704 1712 908 1768 divinis
949 1714 1300 1770 nominibus:
1383 1717 1549 1771 Amor
1577 1733 1720 1770 meus
1769 1717 1945 1770 cruci-

363 1799 504 1868 ﬁxus
551 1811 649 1857 est.
733 1802 879 1858 Idem
918 1804 1081 1859 etiam
1126 1805 1348 1860 adducit
1396 1805 1516 1861 loca
1567 1805 1624 1860 S.
1661 1804 1943 1876 Polyearpi

363 1898 417 1943 et
441 1889 498 1944 S.
526 1888 736 1959 lrenaii,
762 1893 1036 1963 verbaque
1062 1893 1225 1947 etiam
1257 1908 1324 1948 ex
1369 1893 1609 1964 Epistola
1638 1893 1703 1947 ad
1744 1892 1948 1947 Roma-

364 1995 469 2035 nos
495 1983 564 2036 ab
596 1982 834 2039 Eusebio
863 1983 1185 2054 transcripta
1223 1984 1497 2041 Macarius
1525 1985 1945 2057 Chrysocepha-

362 2071 450 2127 lus
478 2073 620 2128 inter
659 2075 875 2130 codices
905 2075 1238 2132 Barocianos
1281 2076 1479 2131 Osonii
1511 2092 1616 2132 ms.
1647 2077 1702 2130 in
1748 2090 1945 2144 magna

361 2165 678 2234 Alphabeto,
711 2167 825 2221 sive
855 2168 1078 2233 Catena,
1104 2185 1267 2238 quam
1308 2169 1362 2223 in
1407 2185 1467 2223 ea
1499 2167 1658 2224 Luem
1683 2183 1805 2236 quae
1834 2181 1945 2220 non

365 2267 494 2312 sunt
524 2258 577 2312 in
623 2258 878 2314 Μωιῂωο
923 2261 1163 2330 scripsit,
1208 2263 1456 2332 apposito
1505 2261 1723 2314 nomine
1755 2258 1946 2328 lgnatii

363 2345 482 2402 haec
513 2348 746 2404 inseruit
780 2368 794 2404 :
835 2350 1131 2424 Ἐγεννήθη
1165 2351 1274 2424 γὰρ
1307 2352 1398 2405 καὶ
1432 2348 1733 2418 ἐϐαπτίσθη
1767 2347 1854 2400 ἵνα
1884 2345 1945 2400 τὸ

365 2437 558 2510 θνητὸν
589 2441 746 2513 ἡμῶν
778 2443 1102 2517 καθαρισοῇ,
1127 2457 1284 2499 natus
1306 2455 1381 2498 est
1407 2445 1547 2498 enim
1571 2454 1616 2497 et
1644 2443 1945 2511 baptizatus

366 2541 426 2584 ut
454 2535 678 2588 mortale
708 2546 947 2590 nostrum
987 2537 1386 2606 puriﬁcaretur.
1410 2535 1712 2591 Gulielmus
1740 2533 1945 2588 Wode-

366 2623 487 2678 ford
515 2625 746 2697 Anglus,
785 2644 851 2683 ex
884 2631 1163 2686 academia
1195 2629 1498 2684 Oxoniensi
1534 2627 1820 2696 theologia:
1853 2627 1949 2681 do-

366 2723 504 2782 ctor,
540 2725 731 2773 contra
769 2718 1075 2792 Trialogum
1114 2720 1325 2776 Wicleli
1357 2719 1471 2774 haec
1513 2717 1704 2789 lgnatii
1734 2718 1941 2776 laudat.

365 2807 714 2865 Considerate
743 2813 973 2882 qualiter
1003 2811 1482 2883 Anthropomorphi
1512 2828 1545 2864 a
1583 2810 1946 2864 communione

363 2910 416 2956 et
450 2903 690 2958 oratione
719 2915 1020 2959 sanctorum
1051 2905 1332 2970 recedunt,
1365 2912 1642 2974 propterea
1677 2903 1815 2973 quod
1837 2919 1943 2957 non

362 2987 555 3044 habent
578 2993 813 3061 conﬁteri
836 2994 1215 3048 eucharistiam
1238 3011 1448 3048 carnem
1477 3010 1588 3048 esse
1613 2992 1908 3047 Saluatoris
1922 3008 1946 3060 ,'

2042 506 2188 576 ﬁlius
2229 506 2390 568 alius,
2423 512 2472 557 et
2502 501 2780 556 substituet
2808 515 2925 553 eum
2965 498 3082 550 loco
3113 496 3252 565 ejus,
3299 490 3364 545 de
3393 508 3500 560 quo
3543 506 3640 543 ua-

2043 599 2254 652 ticinati
2296 605 2418 650 sunt
2453 593 2738 665 prophetae,
2767 606 3016 662 quemque
3059 587 3429 658 prwdicarunt
3463 583 3637 634 disci-

2041 688 2174 758 puli,
2199 688 2461 757 palatium
2481 693 2558 742 est
2585 681 2807 737 diaboli.
2849 698 2868 733 ι
2903 678 2980 731 Ex
3010 677 3216 754 quibus
3245 673 3468 728 duobus
3498 670 3638 724 locis

2044 786 2287 846 apparet,
2320 773 2624 830 Jacobitam
2674 771 2830 826 illum
2879 769 3043 822 istam
3098 764 3292 836 lgnatii
3331 761 3636 817 editionem

2044 867 2326 930 habuisse,
2355 882 2521 936 quam
2578 878 2681 919 nos
2727 879 2792 918 ex
2828 860 3072 915 Mediceo
3114 856 3305 914 codice
3335 854 3638 908 habemus.

2043 959 2189 1014 Citat
2216 959 2436 1029 quidem
2469 955 2770 1027 Epistolam
2802 953 2869 1008 ad
2901 950 3302 1013 Antiochenos.
3332 960 3462 1015 quae
3494 945 3639 998 inter

2043 1051 2259 1122 spurias
2311 1049 2446 1117 fuit;
2478 1049 2644 1105 verba
2695 1053 2876 1101 autem
2928 1042 3114 1113 priora
3164 1054 3233 1094 ex
3284 1034 3536 1106 Epistula
3567 1033 3641 1087 ad

2045 1143 2357 1216 Sinyrnaaos
2405 1156 2517 1196 non
2573 1137 2916 1208 interpolata,
2965 1133 3060 1189 sed
3112 1131 3348 1202 genuina
3399 1141 3638 1198 prorsus

2042 1247 2170 1293 sunt
2205 1237 2543 1306 deprompta.
2590 1230 2776 1300 Neque
2807 1228 2952 1282 enim
2982 1241 3046 1280 ea
3087 1224 3252 1278 habet
3288 1236 3414 1290 quae
3442 1219 3513 1272 ab
3547 1219 3636 1272 in-

2042 1327 2369 1397 terpolatore
2400 1332 2529 1381 sunt
2565 1323 2789 1384 inserta,
2821 1317 2912 1371 τὺν
2935 1314 3279 1388 πρωτότοκον
3305 1311 3496 1380 πάσης
3526 1306 3640 1362 κτί-

2043 1435 2200 1482 σεως,
2233 1419 2324 1471 τὸν
2355 1415 2487 1468 Θεὸν
2521 1412 2712 1481 Λόγον,
2744 1410 2835 1462 τὸν
2873 1406 3132 1479 μονογενῆ
3161 1404 3312 1457 Υἱόν.
3345 1399 3498 1456 Usus
3536 1399 3640 1468 igi-

2044 1520 2133 1566 tur
2161 1519 2245 1564 est
2273 1507 2523 1564 Jacobita
2554 1505 2644 1558 ille
2669 1501 2907 1558 editione
2937 1498 3116 1564 tertia,
3144 1511 3255 1566 qua
3286 1492 3547 1563 genuinae
3582 1497 3640 1544 et

2041 1601 2304 1657 hactenus
2326 1601 2548 1671 integra!
2570 1595 2761 1669 lgnatii
2787 1593 3031 1664 epistolae
3049 1587 3479 1647 continebantur
3508 1598 3642 1639 cum

2050 1694 2262 1763 aliquot
2309 1693 2472 1750 etiam
2509 1691 2672 1756 ﬁctis,
2698 1687 2916 1758 qualem
2951 1685 3326 1739 Damascenus
3353 1687 3412 1734 et
3457 1677 3636 1732 Anto—

1976 1785 2017 1840 B
2045 1783 2172 1838 nius
2201 1782 2564 1852 usurpabant;
2600 1779 2845 1846 adeoque
2868 1783 3117 1840 testatur,
3139 1771 3408 1842 epistolas
3438 1767 3640 1839 lgnatii

2046 1874 2312 1944 genuinas
2373 1885 2482 1925 non
2526 1876 2738 1928 tantum
2791 1882 2822 1921 a
2871 1863 3075 1919 Graecis
3125 1871 3181 1918 et
3232 1859 3485 1924 Latinis,
3542 1856 3641 1912 sed

2045 1968 2209 2023 etiam
2257 1965 2326 2020 ab
2365 1962 2657 2026 Arabibus,
2691 1973 2802 2013 non
2851 1963 3062 2013 tantum
3093 1951 3421 2018 catholicis,
3455 1949 3553 2004 sed
3583 1956 3642 2005 et

2046 2056 2314 2113 haereticis
2342 2063 2587 2124 receptas
2609 2050 2800 2106 fuisse.

2655 2197 2884 2266 CAPUT
2922 2206 3008 2262 ιιι.

2045 2325 2372 2397 Argumenta
2397 2339 2492 2397 pro
2524 2319 2581 2376 S.
2613 2319 2849 2397 lgnatio,
2874 2318 3072 2397 partim
3103 2332 3135 2369 a
3164 2309 3643 2397 testibus,.par‘tint

2119 2384 2150 2450 ἆ
2182 2384 2495 2449 testimoniis
2520 2384 2705 2460 petita.
2736 2390 2778 2442 Α
2809 2384 3020 2443 testium
3046 2384 3642 2460 nitntet'o,_atttiqztlta.'e

2117 2475 2166 2520 et
2201 2466 2351 2520 serie.
2387 2467 2424 2516 Α
2460 2453 2879 2515 testimoniorum
2926 2467 3036 2510 tum
3079 2453 3332 2525 generali.
3363 2463 3481 2504 tum
3514 2465 3643 2519 par-

2117 2536 2334 2591 ticulari
2363 2533 2705 2588 indicatione.

2117 2649 2253 2703 Cum
2306 2654 2382 2700 tot
2426 2645 2674 2700 omnium
2727 2641 3050 2697 saeculorum
3101 2635 3421 2692 testimonia
3461 2632 3642 2688 addu-

2045 2740 2310 2803 xerimus,
2332 2737 2468 2790 nihil
2493 2735 2741 2800 ulterius,
2769 2732 2915 2803 quod
2946 2731 3012 2785 ad
3042 2735 3430 2797 argumentum
3458 2733 3644 2779 exter-

2047 2847 2179 2886 num
2212 2830 2423 2894 attinet,
2449 2823 2748 2882 desiderari
2779 2836 2939 2893 posse
2959 2820 3243 2881 videatur;
3275 2817 3339 2869 τὸ
3371 2816 3486 2887 γὰρ
3514 2831 3644 2867 1:06--

2045 2924 2222 2987 ούτοις
2276 2923 2540 2994 μάρτυσιν
2590 2916 2905 2971 ἀντιτείνειν
2951 2908 3338 2984 παραπληξίας
3372 2908 3641 2978 ἐσχάτης.

2051 3014 2150 3072 Tot
2195 3016 2334 3070 enim
2379 3025 2427 3068 et
2472 3014 2637 3066 tantis
2677 3007 2893 3062 testibus
2931 3003 3192 3075 refragari
3240 3011 3502 3055 extremae
3547 3000 3642 3052 de-

364 3093 434 3134 ex
491 3081 732 3150 Epistola
781 3084 846 3137 ad
900 3082 1186 3152 Ephesios.
1245 3083 1488 3154 Denique
1537 3083 1778 3139 Joannes
1824 3083 1945 3140 Tis-

2105 3105 2260 3160 entia:
2296 3111 2396 3169 est,
2427 3110 2486 3156 ut
2527 3099 2770 3169 loquitur
2813 3095 3190 3150 Thcodoretos
3233 3090 3460 3160 dialogo
3502 3105 3542 3144 ι.
3576 3086 3648 3143 Et

364 3171 611 3241 sington,
639 3174 802 3227 etiam
833 3175 1063 3246 Anglus,
1095 3177 1148 3229 in
1176 3175 1516 3246 Confessione
1537 3187 1721 3231 contra
1751 3177 1949 3234 Wicle-

367 3263 518 3331 funt,
568 3265 622 3318 in
671 3265 1007 3323 Bibliotheca
1055 3267 1350 3324 Usseriana
1402 3285 1504 3324 ms.
1548 3288 1560 3323 :
1602 3268 1950 3324 Considerate

363 3357 596 3426 qualiter
628 3357 1153 3433 [Anthropomorphi]
1189 3379 1221 3416 a
1243 3365 1608 3418 communione
1633 3373 1683 3418 et
1711 3364 1949 3420 oratione

365 3464 672 3507 sanctorum
715 3454 983 3520 recedunt,
1017 3464 1229 3525 propter
1273 3472 1373 3509 non
1420 3457 1660 3526 conﬁteri
1703 3457 1949 3511 euchari-

365 3543 527 3596 stiam
556 3559 768 3598 carnem
799 3561 908 3599 esse
938 3542 1259 3612 Salvatoris,
1285 3563 1443 3617 quam
1475 3546 1642 3602 Pater
1669 3564 1766 3601 sua
1804 3546 1949 3600 beni-

366 3637 570 3705 gnitate
605 3637 953 3692 resuscitavit.
992 3619 1420 3695 Contradicentes
1464 3641 1585 3694 huic
1644 3637 1798 3693 dono'
1824 3655 1946 3708 per-

365 3727 899 3782 scrutantes.Decens
931 3737 1009 3782 est
1034 3747 1067 3782 a
1096 3730 1291 3785 talibus
1320 3732 1574 3795 recedere,
1599 3741 1647 3786 et
1685 3747 1776 3785 nec
1805 3747 1949 3785 com-

365 3820 598 3872 muniter
651 3835 745 3872 nec
795 3821 1015 3873 seorsim
1061 3837 1181 3874 cum
1247 3823 1324 3876 eis
1392 3823 1573 3894 loqui,
1629 3838 1695 3878 ex
1757 3824 1948 3880 eodem

364 3909 511 3965 loco.

438 4001 642 4064 Przeter
677 4004 794 4059 haec
821 4014 1062 4060 veterum
1097 4005 1409 4061 testimonia
1449 4022 1552 4062 suo
1585 4022 1815 4077 quaeque
1845 4023 1945 4064 sae-

365 4093 492 4149 culo
523 4093 826 4165 assignata,
863 4105 958 4151 aut
986 4112 1052 4151 ex
1085 4096 1289 4152 Graecis
1329 4108 1425 4154 aut
1474 4097 1686 4154 Latinis
1719 4099 1950 4169 scripto-

366 4184 521 4240 ribus
567 4185 856 4254 producta,
884 4197 966 4244 est
1007 4196 1063 4243 et
1115 4189 1260 4244 aliud
1302 4205 1369 4244 ex
1420 4189 1655 4246 Arabico
1695 4191 1952 4261 deprom-

364 4282 556 4350 ptum;
595 4275 754 4345 cujus
787 4292 911 4332 cum
955 4294 1056 4334 nec
1098 4288 1292 4334 auctor
1324 4282 1458 4335 satis
1482 4291 1630 4336 certo
1651 4323 1664 4346 ,
1692 4297 1792 4338 nec
1820 4291 1952 4337 aetas

365 4365 502 4420 mihi
541 4366 808 4422 hactenus
832 4368 1089 4434 innotuit,
1127 4370 1257 4424 illud
1286 4383 1563 4441 postremo
1601 4372 1725 4427 loco
1756 4373 1951 4444 adjun—

2051 3205 2232 3252 tamen
2264 3203 2512 3264 repertus
2559 3200 2644 3246 est
2690 3188 3021 3254 Blondcllus,
3065 3183 3158 3256 qui
3207 3184 3263 3237 in
3307 3180 3647 3236 Praefatione

2050 3288 2284 3343 rotunde
2313 3285 2512 3341 dixerit
2542 3299 2555 3336 :
2588 3281 2691 3337 Sed
2739 3280 2948 3351 plenam
2987 3278 3095 3332 illis
3126 3275 3255 3345 ipsis
3301 3290 3441 3343 quas
3474 3272 3648 3340 conﬁ--

2051 3390 2164 3435 etas
2201 3390 2448 3450 putamus
2489 3373 2726 3446 epistolis
2761 3373 2920 3441 ﬁdem
2967 3368 3190 3422 habuere
3237 3364 3466 3418 Patres!
3500 3361 3646 3428 Quid

2053 3473 2206 3527 tum?
2242 3472 2351 3526 Ain
2381 3483 2532 3532 vero,
2562 3465 2688 3538 quid
2725 3463 2878 3518 tum?
2901 3461 3041 3515 Tum
3076 3467 3222 3515 certe
3250 3457 3528 3511 habemus
3555 3470 3648 3508 ar-

2053 3573 2370 3636 gumentum
2422 3577 2454 3615 a
2496 3555 2826 3615 testimoniis
2877 3555 3104 3624 petitum
3155 3550 3223 3605 de
3275 3548 3487 3618 scripto
3537 3545 3647 3600 viri

2057 3655 2341 3727 apostolici
2393 3652 2764 3709 ecclesiastico
2824 3644 3315 3718 locupletissimum
3384 3639 3648 3696 ﬁrmissi-

2053 3759 2348 3816 mumque,
2378 3752 2434 3798 et
2470 3741 2630 3812 quale
2671 3754 2953 3808 nunquam
2985 3737 3163 3792 adhuc
3184 3747 3529 3804 quemquam
3561 3729 3647 3786 le-

2052 3837 2216 3910 l'ellit;
2249 3850 2425 3905 neque
2475 3834 2520 3889 si
2549 3841 2743 3888 caetera
2780 3828 3165 3899 respondeant,
3207 3839 3332 3894 qua:
3364 3823 3422 3876 in
3471 3836 3648 3892 argu-

2052 3937 2238 3991 mento
2273 3927 2485 3982 interno
2510 3924 2821 3988 all‘eremus,
2846 3921 3032 3975 fallere
3058 3917 3303 3988 potuisse
3331 3913 3648 3984 putandum

2051 4026 2154 4074 est.
2188 4015 2302 4072 Hoc
2338 4026 2399 4070 ut
2422 4011 2714 4070 dilucidius
2745 4017 3026 4081 appareat,
3053 4024 3118 4064 cx
3151 4014 3278 4062 ante
3309 4004 3477 4060 dictis
3503 4016 3652 4058 non-

2052 4107 2201 4164 nulla
2229 4104 2663 4170 observabimus,
2702 4111 2756 4159 et
2801 4116 2966 4172 quam
3009 4115 3073 4153 ea
3103 4098 3211 4151 vim
3244 4096 3311 4150 ad
3346 4095 3514 4150 ﬁdem
3558 4093 3650 4157 la-

2053 4199 2302 4256 ciendam
2355 4197 2613 4262 habeant,
2645 4204 2759 4250 tum
2809 4208 2876 4249 ex
2924 4192 3156 4248 testibus
3198 4189 3358 4259 ipsis,
3404 4197 3526 4243 tum
3576 4202 3648 4242 ex

2053 4286 2298 4359 ipsorum
2329 4284 2658 4340 testimoniis
2680 4282 3098 4353 perpendcmus.

2122 4381 2167 4435 A
2200 4380 2429 4436 testibus
2462 4394 2570 4434 non
2608 4391 2778 4433 unum
2809 4375 3081 4430 sumimus
3121 4379 3539 4441 argumentum.
3572 4367 3648 4424 Ut

367 4459 604 4527 gendum
644 4459 852 4528 putavi,
885 4459 1345 4530 quemadmodum
1395 4479 1426 4518 a
1476 4463 1596 4519 viro
1629 4464 1788 4519 docto
1820 4464 1948 4520 Ber«
1980 4477 2027 4533 1)
2053 4483 2085 4523 a
2113 4481 2342 4522 numero
2375 4466 2722 4536 incipiamus,
2753 4471 2882 4518 sunt
2921 4463 2997 4516 illi
3031 4475 3165 4516 sane
3200 4459 3642 4530 quamplurimi;

367 4548 543 4604 nardo
591 4549 886 4605 Oxoniensi
919 4565 950 4606 e
993 4543 1182 4608 codice
1228 4569 1333 4608 ms.
1377 4554 1441 4610 D.
1478 4553 1810 4621 Thevenoti,
1859 4557 1955 4628 qui

369 4655 604 4695 numero
634 4649 862 4698 octavus
895 4652 980 4699 est
1024 4645 1079 4698 in
1127 4643 1387 4719 Catalogo
1435 4646 1700 4719 Vel-lanii,
1741 4651 1954 4707 exscri-

369 4739 547 4800 ptum,
582 4730 828 4801 mihique
876 4737 1343 4792 communicatum
1389 4750 1492 4796 est.
1537 4739 1612 4796 Ita
1664 4743 1829 4814 igitur
1857 4743 1953 4800 lbn

371 4825 551 4882 Zorha
601 4825 850 4884 Jacobita
891 4831 970 4899 (si
1005 4832 1141 4888 bene
1176 4835 1424 4891 meminit
1453 4837 1664 4893 amicus
1703 4838 1951 4907 noster),

373 4919 498 4974 libri
531 4921 616 4975 sui
662 4922 924 4976 Adversus
959 4923 1229 4995 Eutychen
1262 4944 1382 4998 cap.
1413 4929 1488 4988 4':
1525 4931 1672 4988 Dicit
1706 4930 1953 5003 Ignatius

374 5013 678 5083 patriarcha
726 5014 1088 5071 Antiochensis
1129 5023 1315 5076 tertius
1359 5040 1390 5076 a
1433 5023 1594 5078 Petro
1627 5026 1866 5095 apostolo
1897 5027 1955 5080 in

371 5105 594 5175 epistola
641 5123 742 5159 sua
787 5107 856 5160 ad
891 5107 1256 5178 Smyrnenses,
1302 5115 1433 5168 dicit
1472 5118 1735 5188 (inquam)
1769 5133 1786 5173 :
1824 5137 1841 5169 ι
1885 5117 1952 5171 Et

374 5209 461 5248 vos
507 5197 670 5250 etiam
719 5207 882 5252 estote
929 5203 1171 5268 persuasi
1215 5204 1269 5256 in
1312 5205 1538 5259 Domino
1590 5219 1770 5262 nostro
1822 5208 1952 5262 Jesu

379 5285 630 5355 Christo,
688 5292 778 5360 qui
824 5307 888 5344 ea:
945 5294 1140 5348 semine
1194 5295 1412 5352 Davidis
1461 5302 1726 5370 propheta:
1778 5301 1953 5370 quoad

378 5395 588 5448 corpus,
619 5392 675 5435 at
702 5382 881 5437 Filius
915 5384 1008 5439 Dei
1040 5387 1096 5440 in
1124 5391 1344 5446 ueritate
1371 5394 1506 5463 ejus,
1542 5404 1698 5450 natus
1733 5412 1799 5449 ex
1830 5395 1952 5450 Ma-

380 5472 462 5529 ria
510 5473 743 5543 virgine,
785 5486 836 5529 et
888 5478 1186 5547 baptizatus
1231 5501 1262 5536 a
1291 5485 1532 5556 Joanne,
1579 5499 1630 5544 et
1663 5489 1952 5559 cruciﬁxus

378 5571 590 5632 propter
623 5579 717 5650 nos
747 5564 841 5618 sub
873 5568 1188 5638 praefectura
1215 5573 1397 5632 Pontii
1429 5579 1618 5635 Pilati.
1663 5599 1682 5634 ι
1719 5578 1790 5634 Et
1819 5579 1952 5633 dicit

379 5655 540 5708 etiam
565 5655 619 5708 in
653 5653 896 5725 Epistola
925 5677 1023 5715 sua
1057 5665 1125 5718 ad
1152 5669 1566 5728 Antiochenses:
1601 5690 1618 5724 ι
1654 5671 1758 5738 Qui
1785 5669 1953 5724 credit

383 5761 521 5807 nunc
553 5746 606 5801 in
636 5748 870 5814 Christo.
899 5763 947 5810 et
981 5772 1082 5812 non
1121 5759 1174 5816 in
1205 5762 1474 5820 oblatione
1509 5781 1602 5821 sua
1641 5764 1772 5829 (esse
1809 5761 1949 5824 eum)

2057 4575 2234 4630 neque
2274 4559 2381 4614 ulla
2412 4558 2613 4626 scripta
2640 4565 2749 4610 tam
2781 4554 2965 4609 brevia
2991 4561 3069 4609 tot
3092 4551 3336 4607 fautores
3360 4561 3414 4606 et
3440 4560 3645 4617 testes,

2059 4658 2142 4705 tot
2168 4659 2516 4718 excerptores
2558 4646 2980 4713 laudatoresque
3008 4643 3191 4697 adhuc
3215 4643 3432 4712 uspiam
3479 4653 3648 4698 nacta

2055 4750 2203 4799 sunt.
2236 4739 2332 4795 Est
2360 4739 2504 4793 enim
2545 4737 2628 4791 vel
2681 4750 2786 4788 una
2837 4732 2896 4788 S.
2947 4734 3245 4790 Clementis
3297 4735 3537 4804 epistola
3580 4736 3652 4790 ad

2055 4838 2369 4894 Corinthios
2400 4839 2601 4906 scripta
2629 4836 2717 4890 his
2744 4841 2950 4902 septem
2993 4831 3050 4886 S.
3084 4831 3279 4902 lguatii
3304 4832 3450 4887 haud
3479 4832 3652 4902 paulo

2053 4932 2355 5002 prolixior;
2387 4929 2684 5001 praesertim
2731 4925 2779 4980 si
2829 4925 3021 4980 folium
3066 4925 3199 4980 illud
3247 4942 3353 4983 ms.
3390 4931 3650 4982 excisum

2053 5024 2486 5082 Considercmus,
2515 5019 2660 5088 quod
2707 5025 2830 5072 octo
2875 5017 2941 5070 ad
2972 5017 3259 5070 minimum
3298 5017 3557 5086 paginas,
3587 5027 3655 5073 ut

2054 5130 2200 5173 nunc
2225 5113 2474 5168 Clemens
2496 5109 2673 5162 editus
2702 5115 2806 5172 est,
2832 5115 3101 5175 exmquat.
3131 5107 3196 5162 Et
3227 5109 3485 5176 quamvis
3511 5107 3619 5162 Dal

2055 5206 2186 5258 lanis
2239 5203 2305 5257 de
2357 5215 2587 5256 numero
2628 5198 2847 5252 testium
2899 5207 3159 5268 provocet
3205 5201 3272 5253 ad
3325 5199 3654 5258 testimonia

2054 5296 2261 5369 lgnatio
2293 5295 2361 5349 ab
2397 5291 2640 5357 Usserio,
2673 5291 2940 5348 Clementi
2981 5307 3012 5346 a
3055 5290 3221 5346 Junio
3253 5292 3517 5361 praefixa;
3549 5294 3659 5349 ob-

2054 5388 2379 5446 servandum
2429 5385 2507 5439 illi
2554 5384 2710 5454 prius
2754 5383 2890 5452 fuit,
2935 5385 3005 5439 ab
3045 5384 3397 5439 Armachano
3428 5394 3656 5455 partem

2053 5483 2212 5552 longe
2242 5481 2534 5535 maximam
2567 5493 2691 5533 esse
2710 5480 3155 5548 praetermissam,
3187 5494 3218 5533 a
3247 5477 3416 5534 Junio
3445 5490 3658 5550 quam-

2053 5573 2321 5646 plurimos
2358 5588 2480 5628 esse
2509 5572 2796 5638 adductos,
2823 5574 2916 5642 qui
2957 5573 3167 5628 nullum
3199 5572 3450 5640 epistolae
3483 5575 3658 5629 testi-

2056 5665 2301 5721 monium
2345 5664 2664 5736 perhibent,
2699 5665 2888 5735 quales
2917 5673 3044 5720 sunt
3085 5661 3143 5718 S.
3176 5663 3416 5728 Paulus,
3446 5663 3660 5735 lgnatii

2056 5757 2428 5825 interpolator,
2456 5756 2708 5825 Optatos,
2731 5755 2999 5817 Bullinus.
3025 5756 3387 5826 Augustinus,
3420 5756 3659 5818 Eat-Le-
