3814 6198
397 242 471 295 09

1423 246 1479 301 S.
1522 246 1872 306 lGNATlUS.
1912 247 2547 306 —PROLEGOMENA.

3581 254 3675 309 100

393 377 546 427 esse;
580 376 757 431 neque
782 362 933 419 aliud
959 363 1261 435 quidquam
1282 364 1456 420 voluit
1488 364 1796 435 Syncellus.
1843 366 1975 421 Ter-

2162 385 2169 419 ;
2202 366 2297 419 καὶ
2329 366 2491 429 αὐτὸς
2524 366 2671 437 ἡμᾶς
2704 352 2987 438 ὑπομένῃξ
3013 383 3161 439 saepe
3193 367 3360 424 etiam
3398 364 3675 425 suam'exo

397 458 508 512 tius
537 472 637 527 pro
682 456 1024 512 Clementina
1072 459 1230 513 testis
1281 469 1370 514 est
1417 458 1675 525 lrenaaus,
1704 460 1890 515 itidem
1924 468 1980 515 et

400 563 500 619 pro
546 548 878 619 lgnatianis;
929 550 1021 603 sed
1066 547 1305 605 lrenazus
1358 550 1606 619 pluribus
1656 565 1822 620 quam
1883 552 1983 607 tri-

400 640 571 710 ginta,
596 640 707 694 imo
739 655 874 710 pene
922 640 1284 712 quadraginta
1330 642 1489 696 annis
1535 644 1605 697 ab
1635 643 1781 698 illius
1812 659 1978 713 quam

399 748 428 786 a
460 740 774 787 nostrarum
824 733 1121 803 scriptione
1154 734 1414 787 remotior
1460 733 1581 788 fuit.
1615 734 1854 800 Quartus
1883 752 1981 806 pro

398 824 678 881 Clemente
719 826 970 880 Romano
994 826 1150 881 testis
1168 836 1251 881 est
1278 826 1533 881 Clemens
1553 826 1977 895 Alexandrinus,

398 919 493 988 qui
525 928 647 988 post
679 930 910 975 mortem
947 920 1231 975 Commodi
1271 921 1523 989 scripsit,
1558 930 1776 977 centum
1811 930 1864 976 et
1894 923 1980 977 vi-

401 1009 536 1080 ginti
572 1011 639 1066 ad
686 1012 973 1066 minimum
1030 1013 1189 1068 annis
1224 1023 1511 1083 postquam
1548 1015 1693 1068 edita
1742 1015 1983 1071 creditur

353 1104 634 1185 .epistola
680 1103 1043 1159 Clementina.
1111 1104 1179 1159 At
1230 1121 1261 1159 a
1324 1106 1593 1176 martyrio
1647 1105 1840 1175 lgnatii
1904 1115 1983 1161 tot

349 1196 359 1253 ξ
402 1198 533 1251 anni
567 1213 677 1251 non
708 1198 1057 1260 elﬁuxerant,
1085 1202 1223 1252 'cum
1258 1196 1521 1269 Origenes
1550 1198 1845 1254 Clementis
1870 1200 1984 1254 dis-

354 1290 657 1359 ‘cipttlus,
710 1290 1207 1345 lnculentissimum
1274 1291 1350 1345 illi
1416 1292 1787 1347 testimonium
1845 1307 1985 1359 prte-

348 1423 353 1428 .
401 1380 558 1446 buit,
614 1381 869 1435 Hemi/iis
907 1383 961 1435 in
998 1381 1239 1448 Lucam,
1286 1399 1423 1451 quas
1475 1385 1695 1451 scripsit
1734 1384 1982 1452 juvenis.

340 1494 347 1502 ·
402 1484 539 1530 teste
568 1474 917 1545 Hieronymo,
955 1484 1080 1529 ante
1110 1476 1319 1529 virilem
1352 1484 1585 1538 aetatem,
1621 1477 1723 1531 hoc
1753 1487 1837 1531 est
1884 1479 1986 1532 sub

316 1566 339 1579 '
405 1567 606 1622 Severo
654 1568 737 1621 vel
788 1568 1107 1629 Caracalla.
1155 1584 1280 1623 cum
1332 1578 1478 1623 esset
1525 1570 1595 1623 ΞΟ
1644 1586 1779 1639 pene
1828 1571 1986 1626 annis

402 1660 628 1713 editioni
662 1658 963 1728 lgnatiante'
996 1667 1152 1714 attate
1182 1660 1560 1730 propinquior,
1607 1678 1771 1731 quam
1810 1662 1986 1717 fuerat

2081 460 2289 529 primit,
2326 469 2386 513 ut
2431 460 2497 513 ad
2548 458 2892 530 Smyrnteos:
2928 461 3117 515 Πάντα
3152 462 3412 535 ὑπομένω
3439 496 3455 521 .
3511 463 3674 518 αὐτοῦ

2087 568 2153 621 με
2219 550 2670 623 ὲνδυναμοῦντος,
2736 561 2791 606 et
2853 554 3085 622 gratiam
3155 555 3333 624 ipsam
3399 557 3681 625 patientia:

2084 644 2323 697 maxime
2355 643 2683 713 depraedicat
2716 661 2729 697 :
2795 644 2859 696 Ἠ
2910 645 3186 711 πίπιςώς
3204 646 3675 719 περικεφαλαία,ὴ

2082 735 2273 805 ἀγάπη
2304 734 2381 799 ὡς
2412 735 2561 805 δόρυ,
2596 738 2630 807 ἡ
2668 736 2913 808 ὑπομονὴ
2946 736 3022 800 ὡς
3075 738 3375 791 πανοπλία.
3427 739 3510 792 Ad
3545 740 3676 793 aedi—

2084 825 2395 881 ﬁcationem
2429 826 2666 896 denique
2715 826 2923 882 faciunt
2972 829 3395 884 exhortationes
3454 829 3678 884 commi-

2084 919 2448 987 nationesque
2498 934 2736 985 omnes,
2803 920 3005 989 quibus
3070 930 3183 974 tam
3252 920 3576 989 frequenter
3624 931 3677 977 et

2085 1009 2280 1063 crebro
2314 1009 2487 1063 utitur
2512 1050 2526 1074 ,
2563 1010 2630 1063 ad
2665 1025 2828 1064 omne
2884 1009 3261 1065 Christianum
3307 1011 3578 1075 oliicium,
3612 1013 3676 1067 ad

2084 1117 2276 1156 omnes
2310 1102 2528 1171 pietatis
2560 1110 2741 1171 partes
2791 1102 2993 1173 ubique
3044 1104 3335 1173 impellens
3372 1113 3435 1157 ut
3488 1104 3681 1160 tierent

2084 1194 2219 1248 λίθοι
2252 1194 2381 1249 ναοῦ
2416 1195 2629 1267 Πατρὸς
2657 1195 3046 1266 ἡτοιμασμένοι
3098 1200 3181 1259 εἰς
3212 1196 3511 1267 οἰκοδομὴν
3545 1196 3680 1251 Θεοῦ

2087 1286 2321 1358 Πατρὸς,
2348 1286 2808 1356 quemadmodum
2845 1287 2961 1357 ipse
2995 1288 3061 1341 ad
3098 1287 3373 1357 Ephesios
3407 1289 3678 1360 loquitur.

2087 1376 2208 1443 Quo
2241 1379 2406 1432 etiam
2443 1379 2718 1447 pertinent
2752 1378 2842 1432 illa
2887 1395 3010 1449 qua:
3042 1382 3211 1436 toties
3246 1382 3313 1436 de
3349 1382 3683 1442 concordia,

2089 1472 2315 1536 unitate,
2351 1479 2405 1526 et
2438 1472 2748 1526 obedientia
2782 1473 3056 1543 episcopis
3083 1485 3137 1529 et
3157 1476 3506 1546 presbyterio
3541 1490 3686 1544 prae-

2090 1565 2305 1627 standa,
2340 1579 2514 1633 usque
2550 1564 2616 1617 ad
2654 1564 2914 1618 invidiam
2953 1566 3232 1631 inculcat;
3266 1568 3480 1636 quibus
3515 1567 3683 1621 etiam

2091 1670 2223 1710 suos
2257 1656 2325 1709 ab
2359 1656 2710 1709 heterodoxis
2744 1656 2933 1711 eadem
2969 1672 3135 1726 opera
3170 1666 3420 1723 revocat,
3458 1672 3690 1712 eorum-

401 1751 777 1818 Clementinte,
807 1768 930 1807 cum
973 1752 1234 1807 scriberet
1262 1752 1515 1807 Clemens
1549 1752 1974 1809 Alexandrinus.

2162 1762 2187 1799 e
2222 1744 2441 1810 fabulis,
2476 1763 2592 1815 qua:
2625 1748 2943 1816 quwstiones
2997 1758 3254 1816 pra’stant
3300 1750 3479 1817 magis
3524 1766 3687 1819 quam

402 1842 471 1896 Et
490 1842 603 1913 jam
628 1845 752 1914 quis
776 1860 884 1899 non
915 1845 1078 1909 videt,
1107 1844 1302 1898 seriem
1329 1846 1550 1899 testium
1583 1846 1650 1900 ab
1679 1846 1799 1916 ipso
1832 1849 1985 1902 initio

405 1952 503 2007 per
535 1947 615 1991 tot
646 1938 844 1993 saecula
873 1938 1158 1993 deductam
1195 1938 1263 1994 ad
1312 1938 1473 1995 fidem
1519 1939 1824 1996 faciendam
1863 1942 1985 2012 plu-

405 2029 605 2084 rimum
638 2032 860 2087 valere?

480 2119 819 2176 Testimonia
844 2122 962 2189 ipsa
988 2123 1134 2193 quod
1162 2122 1376 2188 attinet,
1392 2122 1505 2176 sive
1528 2137 1589 2176 ea
1607 2121 1905 2193 generatim
1935 2130 1989 2176 et

401 2212 659 2267 universe
688 2214 832 2269 dicta
865 2224 1014 2276 sunt,
1048 2214 1163 2268 sive
1186 2214 1578 2282 particulatim,
1609 2222 1662 2267 et
1694 2213 1984 2280 distincte;

402 2305 589 2360 omnia
640 2316 791 2361 certe
848 2307 1096 2375 epistolis
1157 2307 1349 2370 hisce,
1416 2322 1553 2375 quas
1619 2304 1988 2360 defendendas

403 2399 770 2468 suscepimus,
806 2400 1061 2469 inprimis
1092 2408 1425 2469 congruunt,
1463 2414 1665 2469 easque
1688 2399 1771 2453 vel
1797 2415 1863 2453 eo
1892 2415 1991 2453 no-

403 2492 553 2545 mine
577 2492 803 2546 minime
820 2500 1103 2561 suspectas
1132 2492 1385 2545 reddunt.
1424 2490 1480 2544 S.
1507 2490 1861 2561 Polycarpus,
1895 2491 1988 2559 qui

402 2583 583 2651 primo
609 2584 751 2637 hanc
778 2583 1133 2653 epistolarum
1168 2583 1496 2653 συναγωγὴν
1530 2584 1718 2648 edidit,
1762 2583 1863 2636 hoc.
1895 2599 1990 2637 eas

403 2674 701 2730 admodum
737 2676 1042 2731 honorifico
1096 2676 1277 2747 elogio
1334 2677 1638 2746 insignivit,
1695 2685 1752 2730 et
1784 2674 1991 2745 Philip-

404 2771 655 2841 pensiuni
673 2768 929 2824 Ecclesiae
962 2784 1289 2839 magnopere
1306 2768 1742 2823 commendavit:
1782 2769 1870 2834 Ἐξ
1893 2762 1989 2833 ὧν,

406 2862 681 2933 inquiens,
706 2862 916 2933 μεγάλα
932 2860 1275 2932 ὠφεληθῆναι
1311 2860 1629 2932 δυνήσεσθε.
1667 2861 1991 2933 Περιέχουσι

404 2956 513 3031 γὰρ
535 2956 739 3021 πίστιν,
761 2955 855 3009 καὶ
870 2955 1167 3026 ὑπομονὴν,
1186 2955 1278 3007 καὶ
1296 2956 1472 3008 πᾶσαν
1492 2953 1778 3024 οἰκοδομὴν
1798 2954 1896 3024 τὴν
1913 2954 1991 3016 εἰς

404 3048 499 3103 τὸν
530 3046 735 3118 Κύριον
769 3046 1095 3118 ἀνήκουσαν,
1133 3056 1193 3101 ιιι
1226 3046 1452 3101 habetur
1486 3046 1672 3101 Graece
1705 3046 1848 3115 apud
1884 3044 1991 3097 Eu-

408 3138 644 3203 sebium,
680 3144 734 3191 et
768 3137 824 3190 in
858 3137 1025 3191 veteri
1078 3136 1273 3191 Latina
1333 3137 1625 3193 versione:
1663 3135 1749 3191 Ea:
1803 3138 1991 3208 quibus

408 3243 632 3298 magnus
674 3228 815 3283 vobis
846 3229 945 3282 erit
976 3228 1264 3297 profectus.
1298 3226 1581 3282 Continent
1624 3229 1763 3281 enim
1812 3228 1993 3296 ﬁdem,

405 3320 748 3391 patientiam,
799 3328 849 3375 et
893 3335 1102 3374 omnem
1132 3318 1543 3388 wdiﬁcationem
1589 3319 1659 3372 ad
1705 3318 1996 3373 Dominum

408 3421 651 3467 nostrum
707 3412 1074 3483 pertinentem.
1130 3412 1256 3466 Tria
1293 3411 1477 3482 itaque
1511 3411 1569 3466 S.
1604 3400 1773 3467 Pater
1801 3413 1993 3481 praeci-

408 3519 517 3574 pue
550 3504 782 3571 notavit,
816 3520 939 3575 quae
972 3504 1027 3559 in
1061 3503 1310 3575 epistolis
1358 3503 1657 3575 lgnatianis
1692 3519 1831 3573 quas
1863 3501 1994 3555 Plii-

410 3596 750 3667 lippei-sibus
783 3597 935 3653 misit
967 3597 1205 3651 maxime
1250 3597 1589 3663 eminerent;
1638 3596 1757 3650 haec
1809 3602 1992 3648 autem

410 3689 627 3760 singula
663 3689 717 3744 in
773 3690 863 3754 iis,
916 3706 1053 3759 quas
1102 3705 1249 3744 nunc
1302 3689 1590 3751 habemus,
1642 3688 1992 3757 potissimum

410 3783 651 3837 elucent.
709 3781 848 3837 Nam
904 3784 1017 3837 sive
1071 3782 1233 3837 (idem
1271 3782 1324 3834 in
1361 3783 1541 3851 seipsa
1598 3790 1831 3850 spectes,
1872 3795 1993 3831 eam

412 3873 656 3943 lgnatius
690 3873 848 3928 miris
881 3872 1037 3927 eﬂert
1081 3874 1371 3938 laudibus;
1426 3874 1492 3926 ad
1530 3872 1885 3943 Smyrnzeos:
1923 3871 1995 3925 Τὸ

411 3962 522 4033 γὰρ
554 3962 675 4015 ὅλον
708 3962 890 4025 πίστις
923 3960 1017 4015 καὶ
1048 3961 1257 4032 ἀγάπη,
1292 3954 1370 4016 ὧν
1401 3961 1553 4014 οὐδὲν
1600 3960 1989 4032 προκέκριται·

412 4053 483 4108 ad
541 4051 810 4123 Ephesios
865 4069 879 4105 :
939 4051 1006 4103 Ἦ
1056 4051 1115 4105 δὲ
1190 4051 1378 4115 πίστις
1448 4051 1604 4123 ὑμῶν
1673 4052 1995 4120 ἀναγωγεὺς

414 4143 592 4215 ὑμῶν,
626 4157 761 4198 voce
794 4142 1065 4212 eleganti,
1101 4151 1156 4196 et
1187 4141 1616 4214 Lexicographis
1650 4144 1867 4213 ignota;
1903 4144 1993 4197 ού-

411 4236 524 4300 δεὶς
557 4234 739 4288 πίστιν
784 4233 1253 4304 ἐπαγγελλόμενος
1304 4234 1629 4306 ἁμαρτάνει·
1684 4234 1752 4289 ad
1803 4234 1991 4288 Phila-

412 4328 738 4398 delplienses
765 4345 779 4380 :
815 4326 1000 4379 Πάντα
1032 4325 1169 4396 ὁμοῦ
1204 4325 1347 4379 καλά
1378 4329 1547 4393 ἐστιν,
1582 4326 1678 4380 ἐὰν
1711 4329 1767 4381 ὲν
1802 4327 1990 4400 ἀγάπῃ

413 4420 724 4476 πιστεύετε’
766 4422 881 4477 sive
915 4421 1039 4477 lidei
1075 4422 1321 4477 habitum
1356 4422 1409 4477 in
1444 4433 1669 4477 auctore
1701 4423 1989 4493 respicias,

414 4515 553 4569 vivis
608 4514 745 4568 adeo
779 4513 1057 4569 coloribus
1093 4514 1296 4583 ubique
1329 4514 1577 4585 depictus
1610 4525 1712 4581 est,
1748 4526 1808 4570 ut
1840 4514 1997 4569 Owe-

414 4620 521 4658 nns
555 4613 776 4659 nostras
812 4604 865 4657 in
900 4619 964 4659 eo
1000 4619 1223 4660 suavem
1260 4604 1385 4660 ﬁdei
1421 4606 1673 4675 spiritum
1709 4615 1992 4678 agnoscat.

418 4692 548 4747 Inde
581 4693 711 4746 illa:
780 4693 921 4762 Ἐγὼ
963 4693 1022 4749 δὲ
1072 4694 1211 4766 μετὰ
1243 4696 1347 4766 τὴν
1391 4696 1688 4751 ἀνάστασιν
1732 4698 1791 4750 ὲν
1836 4699 1997 4769 σαρκὶ

418 4783 582 4838 αὑτὸν
614 4778 730 4836 οἶδα
758 4786 855 4839 καὶ
882 4784 1121 4839 πιστεύω
1153 4786 1281 4839 ὄντα
1313 4786 1403 4855 (ad
1430 4785 1705 4857 Smyrn.);
1740 4792 1923 4863 Ὕδωρ
1942 4792 1999 4846 δὲ

419 4878 527 4944 ζῶν
555 4875 845 4946 ἀλλόμενον
866 4878 923 4931 ὲν
952 4878 1075 4949 ἐμοὶ
1102 4878 1303 4932 ἔσωθεν
1336 4896 1425 4948 μοι
1457 4880 1627 4949 λέγει·
1660 4881 1829 4953 Δεῦρο
1863 4884 2001 4954 πρὸς

416 4971 509 5025 τὸν
538 4970 759 5041 Πατέρα
787 4970 879 5041 (αά
920 4971 1122 5041 Rom.).
1157 4970 1285 5027 Sive
1310 4973 1465 5027 tidem
1518 4987 1619 5040 pro
1662 4972 1876 5041 obiecto
1908 4990 2002 5028 su-

418 5081 574 5131 mas,
626 5066 785 5120 multi
840 5065 894 5119 in
947 5065 1031 5121 his
1075 5066 1320 5135 epistolis
1357 5067 1574 5121 articuli
1616 5066 1739 5121 lidei
1766 5068 2001 5125 breviter

416 5161 781 5227 explicantur,
824 5158 891 5213 de
920 5158 1065 5221 Deo,
1101 5160 1169 5214 de
1212 5159 1426 5215 duabus
1471 5161 1527 5213 in
1567 5159 1787 5214 Christo
1840 5172 2001 5217 natu-

419 5252 513 5317 ris,
547 5255 614 5307 de
654 5253 789 5317 vita,
818 5261 871 5307 et
909 5262 1117 5314 morte,
1146 5263 1201 5307 et
1231 5254 1631 5308 resurrectione
1676 5252 1900 5320 Christi,
1933 5258 1997 5310 ad

418 5358 557 5410 quos
594 5348 803 5414 antiqui
852 5345 1040 5401 Patres
1074 5347 1235 5401 toties
1270 5348 1634 5414 appellarunt.
1675 5345 1753 5401 Ad
1784 5349 1999 5416 patieno

420 5434 549 5487 tiam
596 5446 649 5489 et
699 5440 1045 5495 tolerantiam
1096 5439 1465 5495 Christianam
1508 5438 1809 5507 saepissime
1859 5440 1999 5497 alios

1152 5550 1165 5585 :
1212 5531 1436 5603 ’Δμείόῃ
1482 5532 1612 5602 ὑμῖν
1644 5531 1794 5595 Θεὸς,
1841 5532 1906 5585 δι’
1938 5534 1998 5589 ὃν

418 5618 597 5672 πάντα
624 5620 984 5691 ὑπομένοντες
1011 5624 1175 5680 αὑτοῦ
1203 5624 1475 5691 τεύξεσθε·
1513 5632 1573 5679 ιιι
1594 5622 1951 5695 Polycarpum
1978 5643 1993 5681 :

380 5712 666 5789 ,Μάλιστα
708 5714 762 5768 δὲ
793 5714 955 5772 ἕνεκα
993 5719 1130 5774 Θεοῦ
1180 5720 1357 5775 πάντα
1391 5718 1681 5791 ὑπομένειν
1722 5720 1871 5791 ἡμᾶς
1894 5719 1992 5783 δεῖ.

420 5526 667 5597 impellit,
698 5540 758 5584 ut
792 5530 1105 5604 Smyrnteos

2020 3091 2061 3149 C

2088 1838 2499 1906 tedi/icationem
2534 1837 2630 1892 Dei
2662 1855 2779 1909 qua:
2831 1839 2887 1891 in
2939 1839 3043 1907 ﬁde
3088 1851 3187 1893 est.
3246 1838 3375 1895 Haec
3424 1840 3497 1895 de
3530 1843 3690 1895 testi-

2088 1931 2275 1985 monio
2310 1928 2370 1984 S.
2422 1929 2741 2001 Polyearpi,
2791 1947 2859 1986 ex
2910 1948 3022 2001 quo
3055 1940 3223 2003 patet.
3278 1942 3495 2003 quanta
3560 1950 3687 1988 cum

2086 2023 2303 2078 ratione
2335 2039 2673 2092 asseramus,
2711 2024 2859 2079 illius
2892 2034 3052 2079 aetate
3103 2027 3372 2096 epistolas
3408 2042 3555 2097 quas
3586 2028 3688 2081 de-

2090 2114 2367 2169 fendimus
2398 2115 2697 2169 exstitisse.
2748 2113 3019 2171 Eusebius
3053 2116 3217 2170 etiam
3252 2117 3398 2172 duos
3455 2133 3691 2188 genera-

2090 2206 2169 2261 lcs
2214 2206 2571 2276 epistolarum
2621 2206 2971 2263 characteras
3027 2219 3211 2274 notat,
3260 2209 3329 2263 de
3384 2210 3692 2263 traditione

2091 2298 2414 2368 apostolica.
2449 2308 2503 2353 et
2536 2298 2840 2354 baeresibns
2874 2301 2973 2354 aevi
3008 2298 3297 2370 lgnatiani,
3336 2301 3550 2370 quibus
3584 2318 3690 2354 no-

2092 2401 2219 2446 stra:
2252 2390 2458 2460 optime
2490 2391 2853 2459 respondent;
2879 2392 3024 2461 quod
3061 2392 3148 2446 hic
3183 2393 3529 2446 monendum
3567 2401 3692 2445 tan-

2091 2493 2205 2537 tum
2241 2483 2395 2549 duxi,
2421 2498 2519 2537 nec
2553 2482 2786 2538 ulterius
2821 2485 3159 2554 urgendum;
3196 2483 3345 2553 quod
3382 2483 3690 2537 Eusebium

2091 2579 2354 2647 epistolas
2389 2590 2608 2635 nostras
2646 2580 2848 2635 vidisse
2888 2589 3053 2648 atque
3078 2578 3445 2646 descripsisse
3470 2577 3556 2631 vel
3582 2576 3691 2646 ipsi

2092 2670 2390 2725 adversarii
2414 2671 2711 2726 fateantur.

2162 2761 2273 2818 Nec
2307 2773 2520 2819 tantum
2576 2765 2886 2820 testimonia
2940 2780 3064 2834 quae
3110 2763 3393 2835 lgnatiana
3454 2777 3695 2833 genera-

2091 2860 2189 2915 tim
2224 2870 2278 2914 et
2312 2859 2570 2914 universe
2603 2858 2945 2924 describunt,
2966 2858 3213 2926 epistolis
3247 2856 3401 2911 hisce
3436 2856 3696 2925 apprime

2092 2960 2419 3023 congruunt,
2456 2950 2551 3006 sed
2601 2960 2655 3005 et
2708 2966 2772 3005 ea
2806 2966 2929 3020 quae
2976 2950 3344 3019 particulatim
3382 2965 3413 3004 a
3451 2952 3695 3005 testibus

2095 3043 2377 3113 productis
2409 3058 2476 3097 ex
2510 3041 2721 3111 lgnatio
2755 3051 2886 3095 sunt
2934 3050 3188 3111 excerpta
3225 3048 3281 3094 et.
3314 3040 3369 3094 in
3432 3040 3693 3110 ipsorum

2097 3138 2268 3192 libros
2302 3136 2406 3191 sub
2437 3136 2557 3205 ejus
2591 3136 2815 3189 nomine
2849 3136 3200 3204 transcripta,
3239 3134 3293 3187 in
3331 3134 3531 3189 codice
3584 3148 3695 3186 no-

2096 3239 2214 3285 stro
2249 3229 2472 3284 totidem
2508 3226 2623 3282 fere
2652 3226 2835 3281 verbis
2888 3227 3275 3297 reperiuntur;
3328 3237 3389 3281 ut
3423 3243 3491 3281 ex
3530 3244 3698 3283 accu-

2094 3332 2213 3377 rata
2240 3322 2530 3377 collatione
2576 3321 2919 3391 singulorum
2956 3321 3402 3375 testimoniorum
3440 3336 3569 3389 quae
3604 3330 3696 3373 at-

2097 3415 2322 3469 tulimus
2366 3430 2490 3469 cum
2526 3412 2768 3467 Mediceo
2794 3413 2983 3467 codice
3018 3412 3339 3482 planissime
3371 3413 3694 3481 apparebit.

2084 3508 2219 3563 Cum
2255 3515 2439 3560 autem
2462 3522 2654 3561 omnes
2690 3507 2976 3560 sententiae
3009 3522 3039 3559 a
3075 3505 3346 3558 veteribus
3382 3505 3697 3573 particula-

2096 3599 2191 3652 tim
2230 3599 2593 3666 transcriptaz,
2631 3607 2924 3667 antequam
2975 3599 3095 3653 alia),
3127 3598 3372 3667 epistolae
3410 3598 3695 3661 conlict.e,

2097 3700 2192 3745 aut
2224 3690 2309 3743 hae
2343 3690 2473 3757 ipsa!
2537 3690 2877 3756 interpolata:
2920 3699 3088 3755 sunt,
3144 3705 3211 3741 ex
3260 3698 3454 3743 nostro
3502 3691 3699 3744 codice

2096 3781 2400 3846 desumpta:
2433 3788 2762 3847 appareant;
2787 3777 3023 3849 cumque
3058 3789 3244 3849 postea
3283 3779 3499 3833 nullum
3541 3783 3701 3835 testi-

2096 3870 2343 3923 inonium
2378 3868 2465 3923 vel
2498 3883 2562 3922 ex
2598 3867 2762 3935 ﬁctis,
2798 3871 2882 3924 vel
2934 3887 3001 3926 ex
3048 3871 3383 3925 assumentis
3437 3872 3700 3942 catalogo

2096 3971 2288 4019 nostro
2346 3963 2784 4029 adliibuerimus,
2823 3980 3027 4034 eosque
3084 3973 3249 4019 testes
3300 3970 3702 4023 tantummodo

2095 4055 2471 4122 citaverimus,
2506 4055 2601 4125 qui
2638 4056 2903 4125 antiquis,
2939 4056 3108 4121 veris,
3143 4063 3197 4109 et
3248 4057 3404 4125 puris
3439 4059 3703 4127 epistolis

2097 4148 2426 4215 utebantur;
2454 4163 2562 4203 non
2596 4155 2780 4217 potest
2813 4164 2922 4202 non
2957 4148 3073 4203 haec
3107 4148 3328 4202 testium
3365 4148 3705 4207 indeficiens

2097 4238 2376 4293 successio
2427 4253 2701 4293 summam
2751 4239 3002 4310 epistolis
3046 4239 3251 4294 nostris
3302 4238 3493 4305 tidem,
3544 4244 3704 4308 quod

2097 4329 2164 4383 ad
2207 4339 2494 4385 externum
2541 4342 2923 4403 argumentum
2968 4332 3199 4397 attinet,
3248 4332 3575 4388 conciliare.
3618 4334 3707 4389 Illi

2028 4447 2071 4501 υ
2100 4421 2246 4477 enim
2282 4423 2408 4491 ipsi,
2444 4423 2539 4493 qui
2574 4424 2642 4478 de
2676 4424 3034 4493 germanitate
3068 4430 3276 4491 septem
3324 4424 3706 4492 epistolarum

2100 4515 2170 4569 ab
2197 4513 2434 4569 Eusebio
2468 4523 2897 4568 memoratarum
2957 4514 3302 4578 dubitabant,
3341 4515 3489 4572 banc
3520 4520 3712 4587 potis-

2100 4606 2301 4661 simum
2337 4605 2604 4660 rationein
2642 4604 2964 4672 aﬂerebant,
2990 4606 3134 4674 quod
3170 4607 3335 4659 verba
3370 4608 3707 4675 Athanasii,

2100 4696 2427 4753 Theodoreti
2487 4698 2831 4767 aliorumque
2864 4708 3109 4751 veterum
3164 4698 3216 4750 in
3253 4698 3488 4765 iisdem,
3530 4718 3713 4772 prout

2100 4798 2230 4845 tunc
2261 4791 2425 4843 etiam
2459 4790 2669 4855 Graece,
2708 4788 2803 4844 sed
2838 4790 3199 4855 interpolatae,
3238 4792 3561 4857 exstabant,
3583 4811 3709 4850 non

2100 4890 2516 4949 comparerent;
2556 4890 2616 4933 ιιι
2668 4898 2731 4934 ex
2770 4882 2837 4936 iis
2887 4889 3124 4946 constat,
3156 4898 3277 4951 quae
3312 4882 3367 4934 in
3410 4881 3715 4941 Prorrmio

2100 4972 2265 5025 latius
2288 4971 2659 5025 disseruntur.
2688 4973 2757 5025 At
2793 4973 2888 5040 qui
2919 4970 3241 5040 Catalogum
3272 4972 3499 5027 testium
3538 4990 3569 5029 a
3611 4993 3717 5032 no-

2100 5063 2187 5117 bis
2221 5062 2534 5119 confectum
2572 5062 2862 5132 inspiciet,
2900 5065 3082 5119 omnia
3129 5065 3452 5120 testimonia
3482 5082 3514 5121 a
3555 5081 3719 5125 vete-

2100 5156 2254 5212 ribus
2279 5164 2537 5224 cxcerpta
2573 5154 2629 5206 in
2683 5153 2933 5222 epistolis
2966 5156 3197 5223 nostris,
3226 5157 3295 5210 ab
3332 5158 3486 5211 omni
3530 5174 3719 5215 assu-

2102 5257 2291 5302 mento
2322 5247 2537 5309 liberis,
2566 5244 2761 5299 iisdem
2799 5244 2913 5300 lere
2947 5246 3131 5302 verbis
3180 5248 3383 5302 diserte
3418 5251 3719 5309 contineri

2102 5337 2352 5405 reperiet.
2384 5333 2575 5403 Neque
2628 5348 2761 5389 vero
2804 5335 2979 5389 ullum
3026 5338 3093 5390 de
3148 5337 3424 5392 industria
3470 5351 3722 5408 praiter-

2102 5428 2387 5489 rnisimus,
2450 5434 2648 5494 prater
2695 5426 2921 5481 unicum
2980 5426 3115 5481 illud
3162 5427 3221 5483 S.
3276 5426 3639 5502 Hieronymi,
3679 5438 3720 5490 l.

2103 5535 2187 5585 ιιι,
2224 5518 2486 5572 Adversus
2515 5516 2873 5588 Pelagianos:
2922 5517 3175 5589 Ignatius
3221 5522 3301 5574 vir
3366 5526 3723 5590 apostolicus

2102 5621 2149 5666 et
2177 5621 2387 5680 martyr
2429 5611 2612 5667 scribit
2633 5612 2904 5669 'audacter
2934 5628 2949 5666 :
2996 5630 3015 5663 ι
3047 5610 3221 5685 Elegit
3276 5614 3543 5671 Dominus
3568 5635 3730 5683 apo-

2102 5704 2287 5774 stolas,
2326 5705 2416 5777 qui
2438 5722 2594 5776 super
2631 5722 2807 5762 omnes
2867 5705 3102 5761 homines
3156 5718 3463 5775 peccatores
3482 5730 3720 5772 erant.»
