3814 6198
150 237 215 294 lltl
895 245 943 301 J.
986 234 1350 302 PEARSONH
1408 243 1734 301 VlNDlCl/E
1779 242 2211 301 lCNATlANE.
2246 277 2315 287 --
2354 246 2533 306 PARS
2568 248 2607 303 Ι.

3316 257 3424 313 MS

152 361 337 417 Constat
369 361 534 417 enim
594 378 735 419 eum
790 363 846 418 in
908 367 1007 419 hac
1038 366 1305 420 sententia
1362 367 1577 421 eitanda
1614 381 1729 420 me—
1758 371 1804 428 Λ
1903 361 1974 416 At
1998 362 2285 433 delgnatii
2313 366 2562 434 epistolis
2614 374 2868 422 neutrum
2900 368 3097 423 horum
3125 368 3231 425 dici
3259 386 3423 440 posite

152 452 344 507 uioriam
404 452 699 519 fefelisse,
762 464 819 510 et
872 455 1141 525 lgnatium
1197 471 1295 525 pro
1356 456 1604 511 Barnaba
1634 472 1727 527 po-

154 544 323 609 suisse;
360 544 421 596 in
473 547 658 614 cujus
690 546 925 614 epistola
953 564 1115 614 quam
1147 563 1292 603 nunc
1335 548 1624 613 habemus,
1659 564 1723 603 ea

155 635 278 691 verba
308 644 583 701 exstant;
647 645 707 689 et
747 651 815 689 ex
849 651 958 705 quo
1011 635 1274 707 Origenes
1308 647 1433 692 ante
1461 637 1728 711 Hierony-

154 743 267 783 mum
299 726 502 781 eadem
536 730 913 796 produxerat.
937 728 1327 799 Posuititaque
1363 729 1728 803 Hieronymus

156 824 387 896 lgnatium
440 840 553 894 pro
598 824 890 892 Barnaba,
937 837 996 882 ut
1046 829 1175 882 alibi
1219 829 1468 883 Clemens
1501 828 1729 882 Alexan-

153 919 314 974 drinus
338 918 674 972 Barnabam
714 935 817 990 pro
840 919 1135 976 Clemente.
1170 922 1307 976 Cum
1347 922 1511 992 igitur
1540 921 1727 975 omnia

152 1011 441 1067 testimonia
477 1010 749 1079 priorum
804 1013 1151 1077 saeculorum,
1176 1028 1241 1067 ex
1280 1012 1338 1067 S.
1372 1013 1579 1083 lgnatio
1610 1029 1730 1084 par-

151 1104 391 1159 ticulatim
446 1114 748 1173 excerpta,
800 1105 927 1159 inde
978 1106 1131 1161 libris
1178 1115 1421 1161 veterum
1476 1106 1723 1173 Patrum,

149 1204 381 1266 tanquam
418 1205 507 1250 tot
558 1196 756 1262 ﬂores,
795 1214 1018 1267 sparsa;
1052 1214 1287 1267 cumque
1322 1207 1447 1267 post
1498 1198 1597 1252 has
1622 1200 1730 1268 epi-

150 1290 291 1343 stolas
310 1298 623 1358 corruptas
653 1289 909 1359 aliasque
941 1291 1223 1353 confictas,
1249 1299 1327 1344 tot
1350 1302 1529 1344 tamen
1560 1292 1725 1345 etiam

147 1394 201 1433 ex
232 1380 385 1447 puris
440 1378 719 1445 adducta,
788 1380 843 1433 in
888 1380 983 1433 -his
1039 1379 1287 1449 epistolis
1343 1381 1565 1433 totidem
1616 1380 1728 1434 fere

148 1471 302 1525 verbis
331 1477 734 1538 compareant,
778 1472 908 1539 jure
958 1486 1022 1525 ac
1069 1472 1265 1525 merito
1298 1472 1514 1525 easdem
1549 1471 1725 1525 eidem

145 1555 194 1613 S.
221 1556 453 1626 lgnatio,
486 1558 583 1612 cui
618 1558 699 1611 illi
750 1573 946 1614 omnes
1001 1559 1334 1627 tribuerunt,
1374 1560 1726 1616 ascribendas

138 1650 537 1705 contendimus.

198 1740 443 1810 Denique
479 1741 618 1796 hinc
649 1741 821 1795 etiam
857 1752 1239 1811 argumentum
1287 1744 1351 1797 ad
1401 1746 1725 1802 asserendas

140 1829 187 1886 S.
220 1831 434 1902 lgnatio
492 1833 598 1887 has
631 1834 902 1903 epistolas
940 1851 1049 1889 non
1096 1836 1215 1890 leve
1267 1837 1538 1902 elicimus,
1580 1839 1727 1907 quod

137 1924 267 1978 nulla
301 1925 682 1979 vetustiorum
714 1934 1024 1994 temporum
1048 1936 1257 1980 aetatem
1280 1944 1391 1997 prae
1415 1944 1472 1983 se
1498 1929 1724 1985 ferentia

135 2014 231 2081 jam
260 2014 471 2084 scripta
519 2023 782 2081 exstent;
832 2019 899 2071 de
931 2031 1165 2084 quorum
1225 2019 1375 2073 veris
1405 2020 1724 2075 auctoribus

138 2114 222 2157 aut
247 2106 351 2159 hoc
381 2112 484 2159 aut
521 2106 713 2174 priore
768 2106 971 2160 saeculo
1002 2108 1111 2160 ulla
1154 2124 1279 2162 cum
1323 2111 1535 2164 ratione
1564 2110 1724 2164 dubi-

138 2203 295 2248 tatum
321 2203 432 2261 est,
459 2197 602 2264 quin
632 2204 730 2249 aut
762 2213 794 2249 a
826 2198 1103 2252 veteribus
1129 2215 1235 2253 non
1264 2199 1468 2254 fuerint
1500 2203 1724 2258 omnino

140 2288 329 2356 agnita.
359 2295 462 2340 aut
503 2287 551 2340 si
614 2288 761 2342 forte
819 2290 889 2343 ab
942 2291 1217 2360 aliquibus
1270 2293 1453 2361 agnita
1485 2293 1614 2357 sint,
1654 2295 1723 2350 de

139 2374 314 2431 iisdem
350 2388 542 2432 tamen
606 2380 661 2432 in
722 2380 967 2434 Ecclesia
1000 2381 1093 2435 Dei
1127 2382 1196 2436 ab
1229 2382 1353 2437 aliis
1378 2393 1472 2436 aut
1502 2384 1720 2438 dubita-

139 2478 241 2523 tum
270 2482 361 2525 aut
389 2472 743 2541 disputatum
784 2472 965 2527 fuerit.
1007 2473 1064 2527 S.
1111 2474 1407 2530 Clementis
1430 2477 1718 2545 epistolam

137 2563 422 2616 secundam
458 2578 574 2617 non
605 2563 859 2633 ejusdem
893 2566 1139 2619 auctoris
1185 2582 1310 2621 esse
1366 2583 1490 2622 cum
1541 2569 1717 2638 prima

136 2653 316 2706 volunt
351 2653 456 2707 viri
490 2653 673 2718 docti,
712 2656 844 2709 licet
898 2665 1127 2726 utraque
1170 2657 1221 2710 in
1249 2659 1565 2713 Canonihus
1589 2676 1716 2730 ava

135 2742 333 2799 stolicis
367 2745 582 2813 pariter
609 2746 898 2814 probetur,
933 2756 987 2801 et
1033 2748 1102 2802 ab
1152 2746 1455 2817 Epiphanio
1487 2751 1720 2820 aliisque

135 2846 482 2904 agnoscatur.
519 2839 593 2892 At
628 2840 737 2893 hoc
770 2840 950 2908 primo
974 2841 1237 2896 indicavit
1269 2841 1561 2905 Eusebius,
1590 2844 1714 2899 dein

135 2922 497 2997 Hieronymus
530 2940 587 2982 et
615 2929 871 2984 Photius.
903 2929 1143 3000 Dionysii
1175 2932 1514 3003 Areopagitae
1546 2934 1714 2990 libros

135 3019 271 3073 male
303 3029 457 3075 tanto
494 3022 620 3075 viro
676 3023 971 3092 ascriptos,
1016 3033 1068 3077 et
1113 3025 1215 3078 sub
1260 3026 1379 3093 ejus
1408 3026 1627 3080 nomine
1660 3028 1716 3080 li-

132 3122 244 3166 ctos
289 3114 402 3182 jam
426 3113 661 3183 plurimi
696 3115 1060 3179 contendunt,
1092 3124 1259 3183 atque
1298 3115 1441 3169 inter
1482 3130 1578 3170 eos
1611 3132 1719 3169 ma-

133 3205 270 3260 xime
302 3207 564 3263 Dallazus.
616 3206 723 3262 Sed
764 3208 868 3261 hos
900 3209 1047 3277 ipsos
1082 3211 1256 3278 prius,
1283 3211 1353 3264 ob
1384 3211 1718 3265 testimonio-

130 3312 247 3352 rum
277 3300 581 3367 defectum,
612 3302 808 3371 rejecit
836 3317 960 3356 cum
1010 3307 1126 3357 suis
1177 3302 1480 3373 Hypatius;
1512 3313 1565 3358 et
1595 3314 1717 3373 post

130 3404 251 3444 eum
284 3393 467 3459 multi,
506 3395 681 3448 etiam
742 3394 816 3449 ob
858 3397 1167 3463 materiam,
1210 3398 1553 3468 AreOpagitaa
1595 3411 1716 3452 esse

129 3496 414 3553 negarunt,
478 3495 543 3541 ut
603 3488 907 3542 ostendunt
958 3487 1228 3544 Maximus
1268 3500 1323 3545 et
1369 3490 1711 3557 Theodorus,

128 3578 219 3642 qui
283 3580 507 3633 eosdem
577 3580 879 3635 infeliciter
950 3581 1241 3636 defendere
1308 3584 1486 3637 conati
1564 3593 1710 3638 sunt.

128 3665 335 3725 lle-rma;
362 3670 655 3727 Pastorem
708 3673 954 3727 universi
984 3674 1085 3727 hac
1108 3683 1267 3728 aetate
1313 3674 1426 3729 fere
1451 3676 1711 3730 condem-

126 3772 284 3826 nant;
331 3762 477 3818 idem
537 3766 700 3818 multi
755 3763 1006 3835 Origenis
1040 3782 1177 3830 aevo,
1212 3768 1330 3835 ipso
1361 3777 1518 3832 teste,
1570 3766 1713 3821 fece—

126 3859 270 3919 runt,
298 3868 357 3910 ut
407 3867 465 3912 et
520 3842 891 3924 Tertulliani;
944 3868 997 3913 et
1044 3861 1087 3914 si
1120 3876 1308 3915 verum
1359 3870 1524 3925 esset,
1564 3861 1711 3931 quod

122 3944 295 4003 Latini
327 3961 522 4020 postea
557 3951 931 4018 tradiderunt,
969 3953 1166 4006 librum
1197 3968 1319 4007 eum
1376 3968 1406 4005 a
1458 3952 1537 4005 Pii
1572 3968 1710 4022 pon-

124 4036 281 4094 tiﬁcis
302 4039 476 4096 fratre
503 4041 786 4110 scriptum
814 4040 1004 4105 fuisse,
1023 4051 1169 4097 esset
1194 4043 1312 4097 sine
1339 4042 1707 4096 controversia

121 4133 527 4200 supposititius.
567 4131 847 4187 Prochori
881 4132 1099 4188 libellus
1154 4132 1224 4187 De
1248 4135 1357 4186 vita
1388 4132 1446 4187 S.
1481 4132 1707 4187 Joannis

120 4218 261 4275 haud
282 4223 567 4278 immerito
622 4223 905 4292 rejicitur,
932 4233 994 4278 ut
1024 4233 1078 4278 et
1132 4222 1381 4276 Historia
1418 4224 1707 4293 apostolica

118 4312 297 4368 Abdize
326 4314 647 4386 Babylonii,
679 4329 847 4383 quem
881 4325 1003 4389 post
1030 4315 1389 4386 Hegesippum
1423 4318 1708 4387 scripsisse

118 4407 680 4462 ubservatGerardus
732 4404 986 4473 Vossius,
1043 4409 1244 4463 addere
1292 4411 1463 4475 potuit
1492 4419 1544 4462 et
1582 4419 1705 4479 post
1736 4409 1780 4463 ι)

119 4494 408 4566 Bullinum,
446 4514 577 4552 nam
616 4498 792 4552 verba
848 4496 1131 4568 Hegesippi
1164 4502 1304 4569 apud
1346 4502 1572 4555 Abdiam
1634 4518 1702 4557 ex

123 4586 307 4646 Ruﬂini
343 4593 722 4648 translatione
767 4600 897 4645 sunt
940 4593 1285 4660 transcripta.
1324 4593 1428 4647 Sed
1463 4594 1530 4648 de
1561 4604 1707 4649 ntro-

121 4696 221 4748 que
248 4685 413 4739 altum
451 4685 603 4755 apud
672 4691 886 4736 veteres
919 4683 1215 4737 silen'ium.
1266 4684 1455 4739 Passio
1490 4684 1547 4742 S.
1601 4687 1706 4739 An-

120 4774 252 4830 drete
278 4794 305 4830 a
336 4777 687 4848 presbyteris
711 4784 767 4828 et
795 4774 1038 4828 diaconis
1062 4774 1429 4829 Ecclesiarum
1462 4777 1701 4843 Achaiae,

118 4878 171 4920 ut
204 4872 403 4938 volunt,
435 4873 658 4941 scripta
729 4868 912 4922 adhuc
946 4871 1390 4932 controvertitur,
1448 4872 1539 4925 sed
1589 4879 1697 4925 tam

117 4960 310 5029 antiqui
337 4962 709 5028 maximeque
771 4959 1065 5013 venerandi
1100 4962 1461 5025 monumenti,
1511 4961 1556 5015 si
1614 4977 1702 5015 ve-

115 5060 224 5104 rum
249 5065 413 5120 esset,
456 5068 635 5109 nemo
693 5058 937 5105 veterum
970 5052 1238 5115 meminit,
1286 5068 1459 5122 neque
1494 5063 1619 5107 ante
1647 5053 1702 5107 li-

112 5155 223 5196 nem
248 5148 427 5201 octavi
455 5143 659 5202 saeculi
701 5157 733 5194 a
783 5140 1038 5209 quopiam
1076 5152 1430 5199 memoratur.
1470 5143 1693 5217 Reliqua

109 5233 256 5290 etiam
312 5254 437 5309 quae
498 5242 852 5290 vetustatem
912 5249 1181 5288 summam
1248 5250 1360 5303 prae
1406 5250 1463 5289 se
1516 5234 1694 5289 ferunt

103 5327 317 5397 scripta,
370 5340 429 5385 et
460 5331 598 5391 hoc,
640 5326 733 5379 vel
791 5327 1127 5394 prazcedente
1187 5328 1408 5391 saeculo,
1442 5327 1574 5381 viris
1607 5327 1697 5381 do-

98 5420 191 5474 ctis
224 5424 413 5489 spuria
451 5421 768 5479 ridentur;
810 5416 895 5469 vel
933 5417 1043 5470 alto
1065 5426 1229 5486 atque
1263 5417 1524 5472 diuturno
1557 5428 1695 5472 vete-

94 5526 204 5566 rna.
234 5516 462 5570 silentio
490 5514 873 5570 damnantur,
933 5510 1014 5563 vel
1049 5526 1079 5564 a
1120 5521 1362 5565 veterum
1393 5512 1688 5582 aliquibus,

85 5607 170 5659 diu
196 5618 324 5665 ante
372 5617 583 5663 nostra
644 5614 917 5671 tempora,
967 5604 1191 5675 rejecla,
1243 5613 1337 5659 aut
1393 5606 1583 5660 saltem
1635 5605 1688 5661 in

83 5698 299 5757 dubium
336 5711 543 5757 vocata
580 5706 747 5753 sunt.

1834 454 1924 508 illa
1954 471 2085 525 quae
2124 458 2454 512 adduximus
2490 458 2803 515 testimonia
2852 470 2908 516 et
2938 476 3061 530 quas
3110 472 3297 531 postea
3335 465 3421 518 di-

1832 547 2005 600 cenda
2043 559 2173 602 sunt
2200 548 2344 603 clare
2368 550 2657 619 evincunt;
2710 568 2834 608 nam
2874 554 2985 609 alto
3033 555 3250 610 silentio
3282 573 3418 612 con-

1832 637 2086 691 demnari
2121 654 2230 692 non
2265 650 2516 709 possunt,
2551 658 2675 713 quae
2702 645 2949 701 abinitio
2985 658 3221 716 recepta
3254 658 3419 718 atque

1831 738 2190 795 summopere
2223 729 2457 785 laudatae
2496 745 2655 801 sunt;
2703 748 2756 790 et
2788 751 2855 790 an
2901 735 2958 792 S.
2983 738 3176 809 lgnatii
3229 756 3418 796 revera

1830 815 2086 884 genuinae
2115 829 2339 884 essent,
2405 837 2570 877 nemo
2630 834 2899 890 veterum,
2950 842 3111 883 nemo
3146 831 3420 885 recentio-

1830 922 1955 960 rum
2006 908 2292 967 dubitasse
2339 926 2399 969 se
2451 916 2655 971 diserte
2696 918 3064 975 dixit:nemo
3116 925 3334 992 spurias
3365 934 3422 979 et

1830 1004 2242 1058 commentitias
2268 1004 2435 1061 fuisse
2461 1010 2776 1078 suspicatus
2798 1020 2901 1075 est,
2922 1022 3214 1083 antequam
3241 1018 3419 1085 primo

1830 1092 2029 1159 aliqua:
2072 1092 2264 1149 Latine
2296 1106 2425 1152 sunt
2463 1099 2746 1167 impressae
2764 1104 3038 1159 veteribus
3072 1121 3295 1174 prorsus
3336 1107 3420 1159 in-

1828 1183 2093 1251 cognitae,
2131 1186 2250 1241 alite
2304 1189 2467 1242 etiam
2518 1189 2711 1246 Latine
2758 1202 2968 1249 tantum
3026 1197 3235 1265 primo,
3292 1198 3415 1253 dein

1830 1270 2042 1331 Graece,
2082 1276 2177 1326 sed
2215 1291 2340 1329 cum
2378 1278 2503 1335 aliis
2550 1281 2754 1350 junctae
2779 1322 2792 1347 ,
2850 1300 2971 1354 quae
3023 1288 3419 1342 recentioribus
3458 1288 3466 1301 “

1830 1368 2042 1416 tantum
2080 1365 2287 1421 Graecis
2321 1372 2521 1441 agnitae
2557 1383 2719 1439 sunt,
2757 1374 2973 1446 illasque
3011 1379 3161 1448 ipsae,
3199 1395 3229 1434 a
3263 1390 3417 1435 vetc-

1828 1452 1983 1506 ribns
2020 1456 2283 1522 probatae,
2335 1463 2561 1517 nonnisi
2629 1465 2821 1519 multis
2854 1469 3186 1525 assumentis
3220 1479 3417 1526 conta-

1829 1544 2054 1598 minata:
2088 1560 2436 1616 apparerent.
2476 1553 2614 1607 Cum
2680 1555 2847 1626 igitur
2875 1558 2988 1626 jam
3024 1561 3241 1615 tandem
3278 1563 3422 1617 anti-

1829 1634 2111 1703 quissima:
2144 1638 2334 1708 lgnatii
2368 1645 2612 1712 epistolae
2645 1662 2674 1700 a
2711 1650 3060 1719 sequioribus
3095 1653 3205 1707 sint
3228 1652 3423 1709 discri-

1759 1728 1799 1782 B
1832 1726 2049 1781 minutae
2085 1740 2249 1799 atque
2283 1734 2595 1803 disjunctm,
2623 1738 2692 1793 ab
2725 1744 3064 1797 assumentis
3099 1753 3264 1813 atque
3298 1760 3421 1799 cor-

1830 1816 2062 1883 ruptelis
2098 1819 2363 1883 liberatae,
2435 1824 2710 1894 nitorique
2744 1829 2980 1896 pristino
3014 1833 3302 1895 restitutae,
3340 1834 3419 1888 sic

1827 1906 2050 1975 mulque
2098 1913 2554 1965 cumulatissimis
2613 1915 3057 1987 uniuscujusque
3109 1923 3295 1976 smculi
3345 1930 3420 1977 te-

1827 1998 2105 2054 stimoniis
2153 2002 2527 2068 confirmatae,
2597 2023 2775 2076 neque
2821 2012 3113 2079 quisquam
3167 2024 3416 2069 veterum

1825 2102 2103 2158 appareat,
2157 2093 2252 2173 qui
2308 2095 2375 2148 de
2426 2112 2615 2150 earum
2671 2102 3050 2168 suppositione
3112 2104 3413 2173 quidquam

1824 2178 2124 2236 hariolatus
2172 2183 2279 2248 sit;
2350 2186 2495 2238 nulla
2548 2187 2693 2242 ratio
2746 2190 2830 2242 vel
2865 2192 3169 2260 excogitari
3206 2204 3409 2262 potest,

1824 2272 1893 2325 ob
1928 2288 2091 2341 quam
2127 2290 2314 2328 earum
2341 2281 2651 2333 veneranda
2690 2282 2989 2351 antiquitas
3021 2294 3075 2339 et
3109 2287 3413 2344 auctoritas

1823 2360 2004 2415 debita
2043 2364 2097 2417 in
2134 2367 2360 2418 dubium
2398 2367 2467 2420 sit
2501 2373 2845 2436 revocanda;
2887 2379 2981 2425 aut
3014 2373 3060 2427 si
3113 2375 3221 2428 ulla
3257 2390 3414 2429 exco-

1823 2453 1981 2520 gitari
2017 2457 2213 2523 possit,
2250 2472 2317 2511 ea
2352 2474 2419 2512 ex
2455 2459 2571 2528 ipsa
2608 2461 2963 2530 epistolarum
3022 2466 3250 2520 materia
3285 2466 3412 2522 elici

1821 2542 2001 2607 debet,
2038 2561 2203 2611 quam
2240 2546 2293 2600 in
2360 2551 2611 2618 sequenti
2675 2552 3064 2610 dissertatione
3124 2558 3193 2612 ab
3256 2558 3413 2614 omni

1821 2634 2138 2702 suspicione
2205 2638 2605 2695 liberabimus:
2677 2643 2778 2698 hac
2826 2645 3044 2699 interim
3096 2649 3410 2716 justissima

1822 2728 2250 2795 prtesumptione
2285 2732 2563 2795 contenti,
2602 2740 2681 2786 tot
2715 2737 3125 2793 vetustissimos
3158 2740 3412 2795 doctissi-

1818 2832 2047 2888 mosque
2082 2819 2273 2876 Patres
2309 2838 2435 2876 cum
2472 2826 2813 2894 sequacibus
2848 2829 2901 2882 in
2966 2828 3264 2899 lgnatianis
3298 2848 3407 2887 non

1817 2921 2052 2973 errasse,
2090 2912 2185 2980 qui
2233 2922 2387 2967 tanto
2451 2929 2725 2971 consensu
2764 2920 2817 2972 in
2856 2921 3006 2974 nullo
3057 2923 3166 2976 alio
3201 2924 3403 2977 celebri

1817 3008 1871 3053 et
1916 3004 2142 3072 antiquo
2194 3006 2570 3063 ecclesiastico
2616 3013 2821 3082 scripto
2865 3028 2967 3067 nos
3022 3012 3284 3069 fefellisse
3317 3016 3410 3070 ha-

1820 3101 2009 3149 ctenus
2044 3096 2368 3165 deprehensi
2404 3110 2553 3156 sunt.

2436 3212 2666 3269 CAPUT
2706 3214 2796 3270 lV.

1816 3297 2198 3366 Argumentum
2224 3304 2672 3359 adversariorum
2704 3326 2737 3361 α
2786 3309 3107 3363 testimoniis
3141 3311 3400 3366 adversus

1922 3372 2175 3435 gnatiana
2204 3376 2542 3440 expungitur.
2568 3375 3015 3432 Stichometriam
3047 3397 3147 3432 non
3171 3398 3281 3433 esse
3297 3382 3403 3434 Ni—

1888 3440 2097 3513 cephori
2140 3444 2553 3513 patriarchaEt
2591 3446 2946 3513 Nicephorum
2972 3459 3021 3501 et
3052 3451 3400 3504 Anastasium

1895 3507 2099 3577 Ignatii
2124 3507 2369 3578 epistolas
2397 3515 2695 3567 admisisse.
2724 3507 3108 3571 Sticlrometrire
3132 3532 3397 3573 auctorem

1886 3596 1986 3633 non
2005 3582 2348 3657 condemnare
2370 3580 2570 3657 ignotis"
2600 3586 2874 3650 epistolas.
2902 3586 3151 3654 Defensio
3185 3606 3398 3657 respon-

1884 3652 2049 3723 sionis
2084 3649 2430 3723 ﬂammandi.
2463 3652 2585 3706 Non
2628 3649 2851 3721 probari
2882 3649 3294 3723 suppositionem
3331 3678 3397 3714 ex

1883 3720 2021 3797 nudo
2053 3720 2208 3797 titulo
2234 3720 2671 3797 apocrypltoruni.
2702 3725 2827 3797 έγοη
2850 3742 2913 3778 ex
2935 3720 3148 3797 reliquis
3175 3730 3393 3797 quicum

1884 3791 2096 3860 lgnatio
2141 3805 2511 3846 numerantur.
2564 3794 2641 3846 De
2693 3794 2904 3848 Hermae
2938 3791 3394 3855 Pastore'veteris

1886 3860 2138 3933 licclesite
2154 3860 2442 3933 judicium.
2470 3864 2767 3918 Consensus
2798 3865 3084 3933 Niceplrori
3112 3880 3160 3921 et
3194 3869 3393 3925 Gelasii

1882 3932 2085 3998 frustra
2129 3931 2452 3986 obtenditur.
2489 3933 2763 3986 Decretum
2794 3936 2887 3989 sub
2922 3931 3121 3991 Celasii
3178 3943 3391 3994 nomine

1883 4002 2085 4053 editum
2136 4002 2302 4069 ipsius
2348 4019 2457 4054 esse
2498 4020 2599 4057 non
2637 4006 2864 4059 videtur.
2905 4005 3150 4069 Defensio
3191 4008 3393 4063 Usserii

1882 4072 1945 4122 ab
1970 4069 2350 4145 objectionibus
2397 4072 2591 4145 Dallwi
2618 4076 2936 4145 vindicatur.
2970 4069 3258 4145 Responsio
3293 4097 3392 4131 no-

1880 4149 2017 4216 stra.
2052 4140 2163 4192 illis
2206 4140 2529 4216 ﬂammandi
2569 4153 2617 4216 et
2670 4143 2869 4198 Usserii
2921 4140 3288 4216 superaddita.
3324 4149 3391 4202 In

1880 4208 2378 4286 Stichome‘triansuo
2414 4210 2615 4286 lgnjatii
2646 4216 2853 4286 nomine
2885 4208 2994 4269 non.
3010 4218 3279 4286 epistolas,
3299 4220 3391 4273 sed

1878 4279 2391 4355 dtﬁaxijv‘iutelliqi.
2415 4279 2485 4355 De
2502 4284 2754 4336 indiculis
2777 4300 2795 4337 :
2818 4279 3046 4355 itemque
3067 4288 3129 4340 de
3143 4279 3390 4341 didascao

1878 4350 1987 4422 liis,
2014 4348 2071 4402 et
2102 4348 2582 4406 Constitutionibus
2624 4356 2929 4422 apostolicis
2958 4348 3145 4410 'brevis
3193 4359 3391 4410 disser«

1877 4421 2030 4471 talio.

1878 4508 1948 4563 Ut
1981 4511 2086 4563 hoc
2111 4519 2399 4566 externum
2429 4525 2814 4584 argumentum
2856 4532 2884 4570 a
2917 4517 3252 4572 testimoniis
3290 4535 3387 4589 pe-

1804 4602 1962 4655 titum
2004 4602 2111 4656 vim
2163 4619 2282 4658 eam
2337 4622 2445 4674 qua
2502 4608 2668 4675 pollet
2718 4608 2983 4671 obtineat,
3011 4619 3063 4664 et
3117 4611 3384 4666 illibatum

1804 4705 2181 4759 conservetur,
2218 4696 2359 4749 haud
2408 4698 2621 4751 meliori
2665 4700 2924 4754 methodo
2972 4702 3049 4755 uti
3095 4718 3182 4757 me
3225 4719 3386 4773 posse

1803 4785 2003 4849 sentio,
2034 4802 2198 4856 quam
2246 4788 2291 4839 si
2325 4802 2386 4840 ea
2421 4790 2631 4855 omnia,
2667 4807 2790 4860 qua:
2818 4792 3168 4848 adversarius
3201 4795 3265 4847 ad
3301 4794 3383 4862 ip-
3440 4785 3455 4805 "

1803 4893 1924 4933 sum
1959 4878 2400 4934 labefactandum
2451 4882 2803 4953 excogitavit,
2837 4899 3000 4952 porro
3022 4884 3381 4939 examinanda
3436 4925 3444 4932 .

1801 4986 2123 5040 proponam.
2177 4972 2415 5025 Observo
2453 4982 2633 5026 autem
2677 4989 2737 5028 ea
2776 4976 2842 5028 ad
2887 4977 2991 5030 tria
3030 4975 3204 5045 capita
3232 4990 3383 5027 conv

1800 5064 1960 5118 mode
1998 5062 2207 5128 reduci,
2236 5072 2287 5117 et
2328 5064 2381 5117 in
2426 5064 2570 5119 hunc
2605 5068 2851 5120 ordinem
2880 5064 3182 5122 luculenter
3211 5066 3378 5135 redigi

1799 5167 1983 5221 posse.
2020 5152 2227 5219 Primo,
2254 5153 2344 5208 ille
2375 5154 2537 5208 etiam
2566 5157 2878 5211 testimonia
2902 5156 3144 5217 adducit,
3175 5154 3379 5222 quibus

1798 5258 1955 5298 suam
1993 5246 2059 5300 de
2091 5246 2471 5315 suppositione
2494 5248 2851 5318 epistolarum
2886 5246 3215 5302 sententiam
3244 5260 3378 5299 con-

1797 5334 1997 5390 ﬁrmet.
2048 5336 2339 5405 Secundo,
2393 5348 2558 5394 testes
2610 5347 2862 5403 nostros,
2917 5338 2985 5390 ab
3031 5335 3376 5393 Hammondo

1796 5430 1950 5499 prius
1989 5431 2275 5497 adductos,
2299 5435 2704 5489 vetustissimos
2730 5431 3025 5500 pra-cipue,
3052 5431 3255 5502 rejicit;
3282 5441 3375 5485 aut

1796 5520 2100 5576 invalidum
2129 5526 2286 5593 plane
2313 5541 2501 5579 eorum
2530 5524 2902 5579 testimonium
2929 5524 3153 5579 reddere
3169 5525 3375 5596 sigilla-

1794 5615 1893 5667 tim
1925 5625 2177 5669 conatur.
2214 5616 2421 5682 Tertio,
2455 5626 2837 5686 argumentum
2874 5630 2904 5668 a
2935 5617 3244 5670 testimonio
3274 5632 3373 5671 ne-

1796 5703 2033 5771 gativum
2079 5704 2377 5761 fabricatus
2406 5714 2510 5765 cst.
2545 5720 2651 5774 qua
2686 5704 2916 5773 probare
2960 5707 3168 5769 nititur,
3198 5710 3371 5762 uerni-
