3786 6296
454 247 559 302 405

1453 244 1509 298 S.
1550 243 1896 298 lGNATIUS.
1929 272 1997 285 νυ
2029 239 2562 297 PROLEGOMENAt

3598 241 3691 292 1M

439 383 564 420 nem
612 362 969 435 epistularum
1020 376 1159 432 quas
1201 358 1567 427 defendimus,
1599 376 1697 431 per
1736 362 2018 417 ducentos
2048 366 2091 422 A
2123 376 2281 431 pares
2315 361 2539 416 habeas.
2581 357 2686 414 Sed
2721 375 2836 412 ecce
2863 366 3105 413 auctores
3143 358 3224 424 hi,
3253 366 3531 429 quotquot
3554 372 3691 424 sum,

440 468 567 528 post
594 458 783 527 lgnatii
817 468 1050 510 mortem
1088 469 1261 509 annos
1284 455 1624 517 meminisse,
1658 463 1713 509 et
1740 454 1866 510 inde
1892 471 2017 511 con-

439 550 631 616 cludit,
659 551 728 603 ab
762 548 969 618 Ignatio
998 563 1103 600 non
1137 545 1693 616 fuissc°conscriptas.

510 642 716 712 lncipio
749 657 778 695 a
808 642 1034 695 testibus
1052 639 1119 693 ab
1142 640 1457 694 adversario
1485 650 1678 694 contra
1702 648 2014 694 nostrorum

436 728 610 783 aciem
643 728 783 783 miro
821 728 981 781 modo
1032 728 1337 797 productis,
1370 728 1453 783 vel
1486 730 1666 798 potius
1709 730 2011 785 subductis.

436 821 560 876 Illos
604 822 770 886 enim,
816 837 919 873 non
959 830 1067 873 tam
1099 821 1166 872 ad
1204 822 1628 875 constituendam
1678 824 2011 889 sententiam,

433 929 592 981 quam
635 914 704 966 ad
742 911 1102 982 depellendam
1152 912 1413 966 invidiam
1444 913 1737 969 adduxisse
1781 928 1840 969 se
1887 913 2016 968 fate-

437 1016 524 1060 tur
549 1024 561 1037 -
599 1005 654 1059 in
688 1021 836 1061 eum.
882 1005 1114 1065 scilicet,
1156 1003 1343 1071 ﬁnem,
1372 1013 1433 1059 ut
1458 1007 1651 1075 probet
1682 1006 2011 1062 Salmasium

432 1112 486 1156 et
514 1100 858 1157 Blondcllum
888 1117 994 1155 non
1020 1098 1194 1155 fuisse
1226 1100 1460 1170 primos,
1493 1102 1587 1171 qui
1623 1103 1723 1156 has
1748 1103 2013 1172 epistolas

433 1196 697 1251 conﬁctas
726 1203 999 1264 putarent.
1034 1192 1288 1262 Quisquis
1314 1194 1451 1247 enim
1490 1204 1678 1249 auctor
1714 1194 2013 1249 Stichomc-

433 1287 572 1352 trite,
622 1301 789 1355 quam
830 1284 1069 1350 adducit,
1124 1284 1247 1353 fuit,
1289 1284 1385 1338 diu
1437 1294 1560 1338 ante
1608 1284 1935 1339 Salmasium
1963 1294 2013 1339 et

435 1378 774 1433 Blondellum
842 1378 994 1431 vixit.
1068 1374 1308 1446 Opponit
1364 1376 1532 1447 igitur
1581 1376 2014 1432 Stichomctria»:

435 1469 800 1534 Hammondo,
852 1486 1083 1539 prorsus
1132 1470 1481 1526 inconcinne.
1538 1468 1715 1539 Hujus
1747 1486 1886 1534 vero,
1929 1469 2015 1523 in-

434 1565 574 1633 quit,
608 1563 996 1635 Στιχομετρίας
1018 1564 1313 1617 auctoritas
1341 1579 1437 1616 cur
1466 1580 1567 1616 non
1601 1563 1735 1615 tanti
1758 1563 1898 1632 apud
1921 1578 2013 1616 nos

432 1672 543 1710 esse
560 1655 763 1720 debeat,
787 1656 975 1725 quanti
998 1671 1152 1710 suam
1180 1656 1281 1709 viri
1313 1654 1611 1708 doctissimi
1636 1670 1748 1709 esse
1767 1656 2009 1723 cupiunt,

436 1762 539 1800 non
560 1748 727 1802 video.
756 1747 827 1801 At
848 1749 894 1802 si
924 1763 1032 1816 qua
1068 1746 1139 1802 sit
1188 1747 1337 1801 illius
1395 1745 1785 1801 Stichomctria:
1823 1755 2015 1800 aucto-

435 1843 592 1903 ritas,
626 1856 689 1896 ea
717 1856 825 1894 non
856 1839 1222 1907 Hammondo,
1254 1841 1351 1896 sed
1402 1839 1658 1894 Patribus
1699 1839 2018 1909 opponenda

435 1933 558 1997 fuit,
596 1933 664 1987 ah
696 1931 1042 2009 l’lammondo
1089 1942 1280 1988 contra
1330 1931 1662 1988 Salmasium
1686 1942 1739 1986 et
1770 1929 2021 1984 Blondel-

436 2026 547 2079 lum
578 2024 881 2093 productis,
913 2023 1240 2097 Polycarpo,
1266 2022 1494 2091 Irenaeo,
1526 2022 1773 2095 Origeni,
1797 2023 1883 2077 vel
1911 2022 2021 2075 sale-

432 2125 540 2170 tem
572 2115 825 2170 Eusebio.
859 2113 1179 2178 Athanasio.
1204 2115 1431 2181 Basilio,
1456 2115 1873 2185 Chrysostomo,
1894 2111 2020 2166 Hie-

431 2225 685 2281 ronymo,
728 2201 1098 2276 Tlteodoreto,
1150 2208 1391 2274 Gelasio,
1435 2209 1705 2277 aliisque:
1734 2222 1842 2259 non
1875 2208 2019 2261 enim

431 2301 729 2371 quaeritur,
767 2317 836 2355 an
889 2300 1281 2355 Stichomctria:
1333 2301 1646 2356 auctoritati
1682 2299 2017 2370 praeferenda

433 2394 505 2448 sit
528 2395 829 2449 auctoritas
858 2392 1209 2457 Hammondi,
1230 2394 1322 2448 sed
1354 2393 1463 2447 utri
1483 2393 1663 2461 potius
1691 2390 2019 2446 credendum

434 2484 525 2547 sit,
561 2481 833 2537 Salmasio
865 2484 982 2539 sola
1034 2481 1410 2537 Stichomctria
1462 2490 1692 2547 armato,
1740 2495 1808 2535 an
1857 2478 2023 2533 Ham-

433 2577 637 2630 mondo
662 2575 761 2631 SS.
788 2574 1037 2639 Patrum,
1069 2584 1123 2630 et
1146 2577 1393 2630 omnium
1427 2575 1752 2631 saeculorum
1783 2574 2020 2627 testimo-

436 2666 547 2720 niis
583 2666 809 2735 stipato.
846 2664 1021 2719 Nimis
1049 2664 1211 2733 igitur
1241 2663 1469 2719 subdole
1499 2663 1603 2720 hoc
1638 2661 2020 2717 testimonium

436 2756 659 2810 adducit
688 2755 942 2816 Dallteus.
971 2756 1039 2809 ad
1084 2754 1451 2825 depellendam
1493 2753 1745 2807 invidiam
1792 2759 2019 2818 tantum,

435 2864 546 2916 quo
576 2856 766 2918 postea
797 2848 863 2901 ad
893 2847 1326 2903 conﬁrmandam
1376 2846 1707 2901 sententiam
1736 2859 1893 2915 suam
1926 2857 2023 2897 saa-

437 2939 663 3008 pissime
707 2940 919 2993 utitur:
953 2948 1007 2994 et
1040 2953 1206 3009 quam
1259 2938 1539 2993 inﬁrmum
1575 2937 1804 2992 sitcum
1854 2935 2022 3006 probe

2118 457 2297 509 omnia
2321 455 2522 526 Ignatii
2565 455 2767 523 scripta
2796 453 2865 506 ad
2899 452 3202 522 apocrypha
3241 452 3566 522 ret’egarunt.
3597 451 3693 505 Pro

2117 548 2283 602 unico
2321 548 2606 617 scriptore,
2648 545 2837 601 nescio
2871 560 3002 614 quo,
3038 554 3293 601 auctores
3335 546 3532 599 nescio
3571 556 3694 615 quot

2120 639 2370 709 Syncello
2422 638 2706 709 praeﬁxos;
2739 647 2794 693 et
2849 638 2943 692 ubi
3002 638 3207 692 nudum
3259 636 3454 707 lgnatii
3506 652 3691 691 nomen

2118 735 2384 803 scriptum
2417 740 2522 799 est,
2565 732 2745 785 omnia
2780 732 2901 802 ejus
2929 731 3131 801 scripta
3172 731 3277 802 legi
3319 730 3438 785 vult
3480 731 3567 784 vir
3605 730 3693 785 do-

2118 825 2418 879 ctissimus.

2190 914 2261 971 Ut
2292 925 2475 971 autem
2524 915 2790 985 majorem
2840 912 3232 970 Stichomctria:
3301 929 3418 969 suae
3473 914 3691 984 jamjam

2115 1007 2481 1077 producenda:
2513 1007 2898 1062 auctoritatem
2945 1003 3221 1070 conciliet,
3249 1019 3475 1074 gravem
3509 1020 3691 1070 quere-

2116 1099 2223 1154 lam
2253 1100 2406 1170 prius
2428 1100 2689 1163 instituit,
2725 1096 2871 1168 quod
2902 1105 3012 1152 tam
3045 1097 3311 1151 immerito
3336 1096 3439 1149 viri
3460 1095 3607 1148 docti
3640 1096 3693 1150 de

2118 1189 2377 1247 Salmasii
2433 1191 2537 1259 ﬁde
2585 1189 2966 1253 dubitaverint,
2990 1204 3154 1259 quem
3194 1188 3364 1243 editio
3408 1184 3693 1258 Nicephori

2115 1281 2366 1338 Parisina
2398 1283 2467 1337 ab
2506 1282 2658 1338 omni
2688 1281 3001 1351 suspicione
3031 1279 3303 1334 liberavit.
3335 1277 3581 1344 Quinam
3608 1293 3694 1331 au-

2116 1384 2224 1431 tem
2261 1384 2390 1431 sunt
2416 1390 2479 1430 ex
2515 1374 2721 1430 nostris
2743 1373 2993 1445 partibus
3018 1371 3122 1426 viri
3153 1372 3323 1438 docti,
3357 1371 3455 1441 qui
3489 1373 3559 1425 de
3583 1369 3692 1424 Sal-

2114 1469 2278 1525 masii
2322 1469 2428 1523 ﬁde
2472 1478 2583 1522 tam
2624 1467 2900 1522 immerito
2929 1464 3292 1521 dubitarunt?
3323 1463 3488 1519 Certe
3543 1461 3695 1518 Usse-

2115 1561 2232 1615 rius
2267 1558 2722 1626 Stichomctriam,
2753 1572 2919 1629 quam
2943 1555 3158 1627 Georgii
3184 1556 3419 1627 Syncelli
3450 1564 3509 1610 et
3534 1555 3693 1610 Theo-

2116 1652 2315 1723 phanis
2342 1652 2494 1721 operi
2543 1652 2820 1721 praetixam
2871 1650 2926 1704 in
2982 1647 3372 1718 antiquissimo
3404 1647 3694 1717 exemplari

2122 1761 2181 1802 se
2233 1745 2509 1800 invenisse
2550 1751 2742 1798 narrat
2775 1743 2847 1799 cl.
2881 1732 3208 1809 Salmasius,
3261 1758 3374 1797 non
3428 1741 3693 1797 diversam

2120 1853 2243 1895 esse
2273 1839 2342 1893 ab
2369 1854 2455 1904 ea,
2482 1854 2649 1907 quam
2680 1839 2823 1893 inter
2845 1836 2990 1893 Petri
3012 1836 3200 1891 Pitluri
3223 1836 3492 1906 Opuseula
3523 1834 3695 1890 Graece

2120 1940 2168 1986 et
2205 1929 2398 1985 Latine
2434 1930 2698 1985 habemus
2729 1930 2958 1993 editam,
2984 1931 3301 1986 existimare
3333 1944 3395 1984 se
3422 1927 3694 1998 professus

2119 2031 2223 2079 est.
2253 2022 2409 2090 Quod
2448 2039 2559 2078 non
2592 2033 2679 2079 est
2722 2024 2963 2079 hominis
3011 2024 3267 2079 Salmasii
3306 2023 3469 2078 ﬁdem
3490 2024 3696 2078 elevan-

2122 2116 2215 2179 tis,
2241 2118 2336 2172 sed
2370 2118 2555 2187 potius
2586 2116 2991 2181 conﬁrmantis,
3016 2124 3071 2170 et
3096 2131 3196 2170 sua
3232 2116 3554 2184 conjectura
3591 2116 3696 2170 suf—

2122 2208 2434 2274 fulcientis;
2464 2225 2629 2279 quam
2671 2225 2781 2262 non
2831 2210 3013 2262 minus
3052 2223 3215 2277 quam
3251 2205 3514 2264 Salmasii
3548 2211 3695 2264 ﬁdem

2122 2301 2306 2357 Editio
2356 2301 2607 2357 Parisina
2659 2310 2857 2371 postea
2909 2301 3273 2356 conﬁrmavit.
3326 2299 3697 2357 Hammondus

2121 2398 2287 2453 etiam
2321 2396 2389 2451 de
2415 2395 2740 2451 auctoritate
2777 2393 3165 2450 Stichomctria:
3199 2395 3407 2450 nullam
3440 2396 3548 2449 sibi
3580 2413 3694 2450 eum

2124 2489 2395 2545 Salmasio
2428 2489 2577 2541 litem
2609 2486 2726 2541 fore
2778 2486 3062 2556 professus
3093 2495 3196 2550 est,
3221 2487 3483 2556 illamque
3517 2502 3547 2539 a
3575 2485 3696 2540 Wa-

2124 2583 2247 2637 lone
2279 2580 2558 2635 laudatam
2590 2579 2660 2632 ab
2690 2578 2938 2633 lndieulo
2966 2593 2997 2631 a
3023 2576 3227 2633 Pitbaec
3254 2578 3403 2632 edito
3435 2593 3548 2631 non
3579 2594 3698 2647 pro-

2123 2675 2213 2731 cul
2240 2674 2435 2727 abesse
2468 2680 2615 2725 recte
2648 2670 2857 2739 colligi,
2894 2671 2979 2723 vel
3007 2685 3069 2724 ex
3101 2671 3258 2723 titulo
3288 2668 3509 2739 Georgii
3556 2686 3697 2724 asse-

2121 2765 2255 2820 ruit.
2289 2762 2407 2818 Non
2431 2762 2598 2833 igitur
2620 2761 2686 2816 de
2717 2760 2821 2816 ﬁde
2844 2760 3099 2816 Salmasii
3121 2759 3503 2817 Hammondus
3531 2764 3697 2833 magis

2123 2871 2288 2927 quam
2333 2855 2589 2910 Usserius
2617 2854 2924 2909 dubitavit:
2974 2852 3270 2907 ἀδέσποτον
3320 2854 3699 2925 στιχομετρίαν

2123 2965 2243 3005 eam
2278 2956 2443 3003 vocat
2466 2946 2842 3011 meritissime,
2867 2946 2995 3016 quia
3027 2946 3202 3016 ipsam
3259 2946 3333 3001 ita
3394 2946 3696 3001 Salmasius

436 3032 695 3087 conscius
728 3039 894 3095 esset,
940 3031 1011 3086 ita
1060 3030 1288 3086 omnino
1333 3030 1644 3101 proposuit,
1676 3038 1738 3084 ut
1782 3016 2012 3092 nescias,

2127 3042 2477 3113 produxerat,
2510 3056 2682 3111 neque
2705 3041 2753 3096 ei
2787 3040 2959 3095 ullum
2989 3049 3269 3096 auctorem
3301 3041 3694 3111 assignaverat.

440 3137 623 3182 utrum
662 3143 763 3197 pro
805 3136 1130 3198 argumento
1169 3126 1361 3181 haberi
1403 3125 1660 3189 voluerit,
1711 3137 1905 3177 necne.

438 3220 657 3275 titulum
692 3219 884 3290 capitis
915 3218 1123 3288 quarti,
1150 3218 1350 3288 quinti,
1376 3226 1432 3272 et
1465 3216 1806 3286 reliquorum
1841 3213 2014 3283 inspia

436 3310 672 3374 ciamus,
707 3318 1094 3379 argumentum
1125 3317 1210 3363 est
1248 3309 1527 3378 primum;
1572 3306 1616 3361 si
1644 3315 1808 3376 caput
1854 3308 2021 3374 quin-v

437 3412 553 3457 tum
574 3410 907 3470 spectemus,
934 3399 1145 3453 nullum
1169 3408 1288 3466 est;
1314 3399 1387 3454 ibi
1410 3399 1557 3453 enim
1586 3399 1822 3469 primum
1847 3396 2015 3461 aliud,

437 3507 467 3546 a
493 3490 710 3545 silentio
754 3491 1085 3560 scriptorum
1131 3490 1631 3545 eeclesiasticorum
1668 3498 1794 3544 ante
1848 3488 2019 3543 Euse-

437 3583 588 3637 bium
621 3582 860 3638 ducitur.
918 3578 1144 3651 Semper
1172 3590 1351 3635 tamen
1398 3589 1589 3652 postea
1633 3591 2017 3650 argumentum

440 3678 563 3740 hoc,
608 3676 725 3729 sive
760 3674 1023 3743 primum,
1061 3673 1176 3727 sive
1220 3674 1453 3737 nullum,
1503 3674 1727 3727 maximi
1776 3670 1926 3736 facit,
1966 3677 2019 3727 et

437 3764 641 3832 ubique
693 3762 806 3817 fere
842 3763 1102 3816 inculcat.
1135 3764 1213 3816 Ac
1255 3776 1444 3817 revera
1499 3762 1545 3816 si
1583 3761 1688 3815 hoc
1726 3777 2019 3831 argumen-

438 3866 578 3919 tum,
605 3856 720 3910 sive
750 3856 1014 3924 primum,
1043 3855 1158 3910 sive
1183 3855 1419 3918 nullum,
1456 3854 1535 3908 illi
1582 3854 1865 3923 eripiatur,
1891 3854 2019 3908 reli-

439 3966 545 4019 qua
581 3948 762 4017 plane,
796 3962 920 4017 qua:
946 3962 1048 4001 nos
1078 3955 1349 4016 spectant,
1387 3946 1537 4000 nulla
1567 3956 1747 4000 erunt.

510 4036 812 4091 Audiamus
838 4036 1004 4106 igitur
1033 4036 1335 4091 adversarii
1352 4044 1516 4091 testes
1546 4050 1653 4089 non
1679 4036 1795 4091 sine
1821 4051 2017 4105 pompa

440 4128 760 4199 pro'ductos.
796 4124 930 4180 Ecce
976 4136 1220 4179 auctores
1267 4125 1541 4193 habemus,
1570 4126 1767 4197 inquit,
1791 4137 1840 4180 et
1877 4128 2017 4181 mul-

440 4222 508 4276 tis
539 4229 661 4273 ante
687 4236 782 4274 nos
809 4218 1015 4274 saeculis
1045 4220 1284 4287 deuotos,
1313 4229 1363 4274 et
1411 4220 1474 4273 ab
1501 4222 1644 4274 omni
1672 4230 1857 4274 contra
1881 4222 2021 4275 hier-

440 4314 678 4367 archiam
737 4314 1038 4382 suspicione
1107 4322 1365 4380 semotas,
1410 4314 1501 4383 qui
1575 4315 1755 4368 omnia
1815 4312 2019 4385 Ignatii

2119 3134 2462 3190 Produxerat
2489 3150 2607 3189 eam
2641 3150 2704 3189 ex
2755 3149 2862 3188 ms.
2890 3134 3102 3200 codice,
3139 3142 3401 3202 tanquam
3447 3134 3550 3188 sibi
3602 3132 3695 3187 Soli

2122 3227 2259 3291 viso,
2298 3226 2447 3280 nulla
2480 3226 2722 3280 auctoris
2761 3225 3155 3281 Stichomctria?
3203 3225 3481 3279 mentione
3526 3223 3693 3287 facta;

2120 3317 2188 3373 de
2234 3316 2476 3372 tenebris
2536 3316 2702 3387 igitur
2733 3316 3094 3387 conqueritur
3143 3314 3526 3369 Hammondus
3557 3315 3694 3369 haud

2120 3408 2432 3474 immerito;
2461 3408 2554 3462 vix
2593 3409 2740 3463 enim
2784 3409 3047 3464 credibile
3089 3407 3214 3474 fuit,
3239 3408 3482 3464 voluisse
3512 3423 3697 3477 quem-

2121 3518 2287 3573 quam
2340 3501 2771 3557 Stichomctriam
2803 3503 2856 3556 in
2895 3518 3029 3558 mss.
3064 3501 3392 3567 latitantem,
3426 3510 3480 3556 et
3512 3500 3694 3555 incerti

2123 3593 2289 3658 tituli,
2338 3602 2532 3648 testem
2570 3594 2920 3661 citareﬂeum
2961 3595 3153 3649 eadem
3188 3594 3244 3648 in
3277 3595 3523 3648 maxima
3559 3595 3692 3657 luce,

2121 3693 2175 3740 et
2217 3685 2321 3740 sub
2356 3684 2767 3754 speciosissimo
2811 3686 2991 3748 titulo,
3040 3701 3149 3739 non
3186 3694 3397 3739 tantum
3435 3688 3693 3747 auctoris,

2122 3776 2219 3831 sed
2243 3776 2405 3831 etiam
2436 3775 2747 3847 interpretis
2778 3784 3093 3846 poneretur.
3120 3775 3376 3831 Ediderat
3408 3777 3558 3831 enim
3580 3793 3692 3831 eam

2121 3867 2311 3923 Graece
2357 3866 2425 3922 ad
2468 3867 2688 3924 Eusebii
2732 3868 2818 3923 sui
2863 3868 3070 3923 calcem
3116 3866 3389 3937 Iosephus
3435 3868 3691 3938 Scaliger,

2121 3959 2502 4030 Chronologiae
2532 3958 2826 4031 Nicephori
2865 3959 3192 4029 patriarcha:
3231 3960 3695 4030 Constantinopoc

2121 4049 2276 4103 litani
2308 4048 2556 4104 suﬂixam
2589 4067 2603 4103 :
2633 4048 2880 4104 ediderat
2917 4050 3166 4105 eamdem
3190 4052 3295 4105 sub
3333 4050 3512 4119 ipsius
3545 4050 3694 4105 Nice-

2121 4140 2282 4209 phori
2321 4140 2545 4194 nomine
2573 4154 2640 4194 ex
2672 4140 2838 4195 veteri
2872 4141 3062 4196 codice
3091 4140 3354 4211 Carpcnsi
3385 4140 3583 4197 Petrus
3606 4141 3691 4194 Pi-

2124 4232 2319 4297 thaeus,
2365 4246 2492 4285 cum
2537 4231 2815 4286 Anastasii
2864 4232 3170 4303 Nicephoro
3214 4233 3467 4303 supparis
3506 4232 3691 4287 Latina

2122 4323 2588 4392 interpretatione,
2616 4339 2779 4393 quam
2812 4340 2915 4379 nos
2945 4333 3133 4394 postea
3169 4324 3311 4379 inter
3336 4324 3574 4380 Criticos
3609 4340 3693 4378 sa-

438 4408 643 4476 scripta
675 4405 901 4459 rotunde
937 4421 999 4458 ac
1027 4406 1140 4458 sine
1172 4405 1283 4457 ulla
1320 4404 1650 4459 hazsitatione
1688 4404 1758 4458 ad
1796 4421 2012 4475 apocry-

2127 4430 2244 4470 cros
2273 4414 2538 4470 edendam
2563 4416 2901 4471 curavimus.
2933 4415 3221 4472 Monuerat
3242 4414 3485 4471 Joannes
3512 4415 3692 4471 Selde—

439 4500 541 4566 pha
584 4497 885 4569 relegarunt
915 4498 973 4550 in
1005 4492 1397 4551 Stichomctria
1438 4496 1662 4567 Georgio
1692 4496 1937 4567 Syncello
1961 4499 2016 4551 in

440 4593 573 4644 libro
600 4591 969 4661 antiquissimo
993 4590 1240 4659 prwﬁxa.
1264 4590 1461 4655 Quaeso
1484 4590 1654 4655 te,vir
1675 4590 2014 4656 doctissime,

439 4690 575 4748 quot
604 4691 858 4736 auctores
910 4681 1077 4735 habes
1122 4682 1174 4734 in
1215 4680 1305 4734 illa
1358 4668 1733 4734 Stichomctria
1768 4677 2017 4751 Syncello

442 4770 697 4840 praeﬁxa?
745 4772 1006 4827 ostendas
1052 4786 1371 4835 numerum,
1406 4771 1525 4827 cdic
1559 4772 1803 4827 nomina.
1827 4774 1908 4824 An
1940 4772 2014 4826 ita

440 4881 721 4931 numeras,
753 4863 1217 4933 quemadmodum
1253 4864 1342 4919 ille
1376 4866 1517 4935 apud
1546 4864 1840 4919 Plautum?

585 4970 724 5043 Quot
753 4973 945 5025 erunt?
970 4972 1101 5043 Ego,
1124 4985 1170 5029 et
1202 4974 1577 5040 Menwchmus,
1601 4986 1647 5031 et
1670 4974 1973 5031 Parasitus.

580 5042 707 5095 Jam
728 5042 818 5094 isti
841 5055 962 5097 sunt
993 5042 1204 5098 decem:
1232 5063 1353 5098 nam
1377 5045 1662 5100 Parasitus

586 5112 718 5168 Octo
745 5114 1015 5166 hominum
1048 5115 1211 5184 ofﬁcio
1244 5116 1503 5186 fungitur.

512 5221 908 5289 Stichametria,
961 5239 1126 5293 quam
1164 5227 1246 5281 vis
1280 5226 1534 5298 Syncello
1580 5230 1880 5299 praeﬁxum,
1920 5243 2015 5288 aut

444 5312 651 5365 nullum
684 5321 895 5367 certum
934 5323 1212 5369 auctorem
1249 5315 1431 5384 habet,
1466 5329 1562 5374 aut
1591 5321 1811 5376 unicum
1843 5334 2009 5379 certe.

440 5402 523 5455 An
555 5399 927 5472 Nicephorum
956 5413 1131 5470 tuum,
1158 5406 1204 5460 si
1233 5409 1395 5463 modo
1424 5410 1473 5465 is
1503 5411 1595 5474 sit,
1636 5426 1759 5466 cum
1804 5412 2012 5483 lgnatio

442 5503 536 5547 tuo
563 5493 855 5563 epistolico
890 5496 1260 5568 bicorporem,
1294 5509 1387 5554 aut
1432 5500 1785 5572 tricorporem
1837 5504 2015 5561 facis?

440 5581 600 5638 Certe
632 5584 683 5637 in
732 5586 903 5641 multo
937 5588 1121 5657 plures
1161 5590 1326 5645 dividi
1363 5603 1577 5662 oportet
1611 5596 1775 5651 istum
1820 5598 2009 5655 incerti

443 5676 573 5732 laris
608 5677 1052 5750 homuncionem,
1101 5692 1159 5739 ut
1210 5693 1375 5742 testes
1417 5687 1618 5745 nostris
1668 5690 1749 5743 vel
1784 5706 2012 5749 numero

2121 4521 2227 4562 nus
2248 4548 2263 4573 ,
2295 4507 2437 4561 libro
2482 4505 2555 4561 De
2597 4509 2923 4562 successione
2960 4509 3016 4561 in
3045 4510 3411 4578 pontiﬁcatum
3444 4508 3691 4565 Hebra’o-

2120 4615 2258 4664 rum,
2295 4598 2584 4669 Nicephori
2609 4600 3117 4672 Chronographiam
3146 4618 3248 4657 ms.
3278 4611 3501 4658 exstare
3533 4604 3583 4657 in
3608 4603 3690 4655 Bi-

2118 4691 2389 4746 bliotheca
2444 4690 2778 4748 Londinensi
2819 4693 3032 4764 collegii
3081 4691 3385 4759 Sionensis,
3420 4696 3511 4749 cui
3555 4696 3690 4748 hanc

2117 4782 2280 4836 etiam
2314 4779 2741 4837 Stichomctriam
2792 4782 3040 4838 suﬁixam
3091 4799 3212 4839 esse
3243 4794 3533 4839 testamur.
3574 4784 3687 4839 Non

2118 4874 2295 4941 potuit
2328 4874 2513 4941 itaque
2539 4890 2647 4928 non
2691 4875 2880 4929 mirari
2924 4874 3325 4940 Hammondus,
3357 4877 3403 4931 si
3435 4878 3551 4933 haec
3582 4890 3687 4931 tam

2116 4965 2335 5032 publice
2382 4975 2509 5021 nota
2539 4981 2604 5019 ex
2647 4968 2821 5020 nescio
2847 4984 2951 5037 qua
2993 4968 3196 5037 ofﬁcina
3227 4968 3554 5039 produceret
3575 4968 3688 5040 Sal;

2118 5058 2343 5113 masius.
3200 5106 3205 5111 .
3386 5056 3391 5059 ⁴

2187 5150 2406 5205 Interim
2453 5151 2521 5207 de
2573 5150 2962 5207 Stichometria’s
3019 5155 3346 5211 auctoritate
3386 5155 3538 5211 litem
3579 5172 3686 5211 non

2116 5241 2286 5294 movit
2340 5238 2610 5297 Salmasio
2657 5242 2739 5296 vir
2789 5244 2985 5299 doctus
3013 5263 3027 5299 :
3056 5246 3427 5315 suspicionem
3475 5257 3685 5303 tantum

2115 5333 2428 5403 parenthesi
2485 5335 2747 5402 inseruit;
2778 5351 2901 5405 qua:
2941 5338 3159 5407 quidem
3190 5348 3313 5408 post
3348 5342 3684 5411 splendidam

2116 5425 2261 5478 illam
2297 5426 2593 5481 editionem
2649 5426 2957 5483 Parisinam
3014 5431 3181 5486 haeret
3211 5432 3376 5488 altius
3412 5452 3427 5488 :
3459 5444 3514 5489 et
3558 5449 3679 5489 con-

2115 5514 2313 5570 sultius
2340 5517 2565 5572 omnino
2606 5517 2825 5575 fecisset
2889 5520 3145 5587 Dallaaus,
3176 5524 3220 5577 si
3253 5539 3373 5578 eam
3406 5541 3683 5596 nunquam

2116 5608 2475 5675 nominasset,
2506 5618 2601 5663 aut
2627 5612 2819 5667 saltem
2864 5613 2919 5667 in
2950 5628 3013 5668 ea
3051 5615 3396 5685 triumphare
3440 5618 3579 5674 adeo
3610 5620 3685 5671 vi—

2117 5711 2212 5749 sus
2245 5710 2355 5751 non
2387 5695 2602 5753 fuisset.
2630 5697 2705 5752 Ita
2736 5702 2881 5756 enim
2912 5704 3157 5773 loquitur
3191 5724 3204 5760 :
3245 5706 3356 5760 Viri
3388 5709 3535 5762 docti
3555 5713 3683 5764 Στι-
