3814 6198
200 245 263 299 ws
981 251 1029 306 ι.
1072 238 1437 305 PEARSONH
1471 232 1765 304 VINDICIA‘

1883 229 2261 302 :NA‘T'IANA-z.
2300 275 2370 285 —
2398 240 2581 301 PARS
2610 240 2649 303 ι.

3346 248 3456 307 108

202 363 470 433 χομετρίαν
496 368 845 425 ἀδέσποτον
866 381 1065 426 vocant.
1090 371 1268 425 Editio
1292 370 1588 442 Nicephoro
1612 370 1765 425 uindi-

1883 367 2003 422 dem
2036 367 2339 437 subjungit,
2384 368 2478 422 sed
2521 351 2815 439 NieephOri
2870 382 2992 424 esse
3040 383 3148 424 non
3184 369 3459 440 afﬁrmat;

200 470 267 523 cat,
301 460 658 529 amplissimo
688 465 841 529 viro,
863 466 1044 532 prinue
1062 466 1114 516 in
1137 466 1335 518 oriente
1353 464 1491 517 sedis
1522 465 1774 529 antistiti,

198 550 393 616 scriptori
416 553 776 621 gravissimo
799 567 955 624 atque
974 554 1422 624 eloquentissimo,
1444 565 1491 608 et
1508 554 1774 608 liberalis-

196 642 300 694 simis
322 640 510 696 Photii
526 644 819 700 laudibus
846 660 1048 701 ornato.
1071 646 1252 716 Hujus
1272 650 1409 701 enim
1427 648 1593 717 ipsius
1617 645 1775 702 Nice-

193 736 306 795 phori
350 748 429 791 est
474 737 583 790 illa
622 743 1048 810 Στιχομετρία,
1089 758 1191 795 non
1220 740 1435 797 alterius
1459 743 1772 813 cujusquam

194 829 463 883 recentioris
495 843 515 881 :
544 829 725 900 idque
769 832 940 886 solide
967 843 1013 886 et
1039 833 1154 903 fuse
1174 834 1502 889 demonstrat
1522 834 1773 888 eruditis-

188 920 317 973 simus
342 917 532 985 Goar;
560 939 733 992 quem
767 925 949 989 adeat,
974 925 1021 978 si
1051 926 1167 993 quis
1196 926 1367 979 adhuc
1400 925 1619 980 dubitet.
1651 924 1770 979 Non

182 1014 269 1087 jam
282 1013 343 1068 de
356 1012 665 1083 Salmasii,
686 1018 790 1073 sed
818 1017 1006 1073 Dallaei
1021 1018 1126 1073 lide
1139 1018 1424 1089 qureritur.
1443 1018 1583 1085 Quid
1597 1018 1771 1073 enim?

185 1120 238 1159 an
256 1107 685 1163 eruditissimus
716 1110 870 1165 Goar
901 1111 1005 1166 hoc
1027 1111 1194 1165 solide
1208 1111 1534 1165 demonstrat
1553 1112 1771 1165 .’neuti-

185 1213 321 1269 quam
339 1217 352 1252 :
372 1214 443 1254 an
461 1201 588 1271 fuse
607 1204 636 1257 2
651 1219 1043 1273 nequaquam:
1061 1220 1128 1258 an
1144 1205 1369 1259 omnino
1397 1205 1771 1259 demonstrat?

184 1292 307 1347 nullo
336 1293 509 1347 modo
536 1313 551 1349 :
576 1311 653 1349 an
688 1296 744 1350 id
773 1297 922 1352 nude
959 1296 1110 1362 dicit,
1133 1305 1227 1351 aut
1255 1295 1521 1351 aliirmat?
1547 1297 1771 1351 minime

184 1384 417 1454 gentium.
446 1384 570 1441 {mo
586 1389 798 1443 veroid
831 1389 981 1458 dicit,
998 1391 1141 1460 quod
1162 1399 1246 1445 est
1270 1389 1453 1444 Dalltei
1475 1390 1769 1444 assertioni

185 1477 318 1545 plane
351 1483 751 1547 contrarium;
787 1483 860 1537 ad
891 1483 1064 1552 prima
1097 1482 1239 1537 enim
1271 1484 1436 1539 verba
1488 1486 1768 1557 Στιχομε-

184 1570 326 1637 τρίας
358 1570 479 1626 ᾕρεε
509 1572 728 1628 diserte
758 1575 1028 1630 adnotat:
1056 1574 1355 1629 Canonicus
1379 1590 1654 1627 sacrorum
1695 1574 1765 1625 li-

184 1662 375 1715 brorum
399 1663 731 1731 laterculus,
753 1666 830 1718 ad
843 1666 1326 1737 Chronographiam
1346 1665 1483 1719 nihil
1502 1676 1763 1734 spectans,

1876 473 2107 528 eamque
2155 458 2266 512 duo
2317 475 2449 514 mss.
2498 460 2855 516 vetustissimi
2898 460 3070 516 (ἐπ’ωεί
3118 460 3464 518 Oxoniensis

1875 562 2036 620 atque
2064 549 2429 605 Londinensis
2481 568 2589 606 non
2622 563 2948 623 agnoscunt.
3013 552 3324 608 [ridiculum
3377 571 3466 608 re-

1872 656 1997 709 gum
2020 650 2071 693 et
2099 641 2433 694 sacerdotum
2453 640 2776 698 Anastasius
2794 660 2918 699 cum
2952 645 3310 715 sequentibus
3333 657 3468 715 post

1870 732 2163 790 Historiam
2198 747 2354 786 suam
2377 733 2495 787 sine
2517 732 3042 806 nomineNicephori
3065 736 3265 806 posuit,
3290 753 3462 807 quem

1874 836 1979 877 ms.
2008 822 2334 878 Oxoniensis
2366 834 2475 878 non
2526 824 2721 890 habet;
2754 824 3185 881 Stichometriam
3215 829 3467 900 denique

1875 912 2121 968 Indicqu
2158 915 2613 983 patriarcharum,
2646 918 2795 973 nulla
2825 917 3121 989 Nicephori
3176 924 3468 979 mentione

1873 1004 2037 1071 facta,
2078 1005 2395 1078 subiungit;
2427 1022 2660 1079 eamque
2709 1008 3138 1065 Stichometriam
3173 1028 3276 1067 ms.
3311 1013 3468 1069 Oxo-

1873 1096 2083 1152 niensis
2097 1112 2205 1151 non
2220 1099 2486 1169 agnoscit.
2504 1099 2562 1154 In
2578 1108 2690 1156 tota
2714 1102 2879 1174 igitur
2894 1105 2996 1159 hac
3030 1104 3305 1177 farragine
3323 1110 3465 1165 nihil

1872 1204 2113 1257 unquam
2145 1206 2175 1244 ιι
2200 1192 2458 1261 quopiam
2488 1190 2799 1264 Nicephoro
2825 1197 3090 1251 tributum
3122 1209 3207 1255 est
3226 1240 3240 1263 ,
3264 1212 3468 1270 praeter

1870 1279 2293 1353 Chronologiam
2308 1283 2376 1338 ab
2395 1282 2607 1340 Adamo
2628 1287 2694 1341 ad
2721 1285 3121 1358 Theophilum:
3147 1292 3214 1346 de
3248 1308 3356 1362 qua
3383 1303 3467 1348 tas

1873 1388 1995 1427 men
2019 1372 2199 1430 adhuc.
2221 1376 2365 1430 haud
2387 1376 2664 1433 immerito
2703 1379 2947 1435 dubitari
2970 1391 3170 1451 potest,
3188 1387 3459 1456 quidquid

1871 1462 2038 1528 Goar,
2065 1481 2228 1536 quem
2259 1466 2641 1524 doctissimum
2672 1472 2910 1541 appellat
2937 1473 3193 1543 Dallasus,
3225 1477 3454 1534 dixerit.

1940 1558 2021 1612 Ad
2054 1574 2167 1613 rem
2197 1560 2370 1629 ipsam
2401 1562 2547 1631 quod
2583 1565 2800 1633 attinet,
2824 1568 3132 1625 asserimus
3156 1585 3336 1640 neque
3363 1570 3463 1625 Ni-

1871 1649 2169 1718 cephorum
2214 1653 2601 1722 patriarcham,
2634 1671 2814 1727 neque
2852 1659 3208 1716 Anastasium
3255 1661 3462 1718 Biblio-

183 1752 371 1806 librarii
388 1756 678 1828 πάρεργον
695 1757 1007 1826 judicatur.
1025 1756 1188 1814 Teste
1211 1758 1374 1827 igitur
1393 1757 1765 1813 eruditissimo

1883 1740 2195 1810 :hecarium,
2218 1759 2287 1799 ne
2308 1744 2700 1804 Slichometria:
2722 1751 2948 1820 quidem
2968 1762 3277 1821 auctorem,
3301 1757 3462 1827 quis-

186 1842 333 1908 ϐοτη,
366 1844 756 1900 Stichometria
776 1863 809 1902 a
830 1847 1102 1903 Salmasio
1118 1849 1402 1919 producta,
1420 1849 1765 1905 Ilammondo

185 1932 441 2000 objecta,a
469 1934 679 1991 Dallaeo
693 1936 954 2005 defensa,
972 1954 1076 1995 non
1110 1951 1192 1995 est
1218 1940 1506 2010 Nicephori
1534 1942 1764 2011 patriar-

186 2024 289 2080 chae
326 2042 486 2097 Opus,
524 2029 622 2083 sed
672 2029 894 2084 librarii
934 2032 1228 2104 πάρεργον.
1265 2032 1450 2088 Fidem
1506 2034 1673 2102 igitur
1710 2034 1761 2086 in

187 2113 369 2172 Dallzeo
393 2119 763 2190 requirimus,
806 2119 1064 2177 Salmasii
1091 2139 1196 2178 non
1225 2132 1435 2178 tantum
1463 2124 1620 2178 ﬁdem
1672 2124 1767 2178 sed

185 2217 235 2262 et
253 2210 573 2266 modestiam
599 2212 926 2278 laudamus,
948 2214 1059 2283 qui.
1077 2213 1499 2271 Stichometriam
1533 2215 1764 2269 ἀδέσποι-

186 2319 267 2355 τον
318 2304 564 2370 tradidit,
594 2304 904 2375 Nicepliori
947 2321 1144 2361 nomen
1212 2322 1323 2363 non
1384 2309 1660 2378 apposuit,
1697 2310 1763 2363 ad

186 2395 434 2467 Scaligeri
454 2407 511 2453 et
538 2396 729 2451 Pithaai
750 2398 1027 2454 editiones
1049 2414 1149 2453 nos
1169 2416 1277 2454 non
1301 2401 1591 2472 ablegavit,
1617 2404 1765 2473 quod

182 2502 293 2542 eam
319 2488 629 2559 Nicephoro
650 2490 890 2545 minime
920 2492 1262 2546 tribuendam
1300 2502 1534 2562 putaret.

248 2578 348 2635 Sed
382 2591 513 2651 post
554 2582 927 2638 eruditissimi
959 2582 1104 2637 Goar
1131 2582 1317 2638 infelix
1347 2585 1760 2642 testimonium:

186 2668 259 2724 En
309 2674 425 2739 tibi,
471 2674 676 2743 inquit,
720 2674 986 2743 majorem
1022 2677 1166 2729 omni
1209 2678 1507 2744 exceptione
1557 2688 1761 2744 testem,

181 2763 521 2818 Anastasium
555 2766 1061 2833 Bibliothecarium,
1093 2769 1354 2830 hominem
1390 2773 1515 2823 noni
1553 2770 1759 2838 surculi,

181 2856 456 2929 Nicephori
478 2878 789 2931 suppurent.
817 2859 876 2915 Is
917 2863 1051 2915 enim
1082 2862 1136 2914 in
1163 2863 1475 2932 praefatione
1506 2862 1763 2919 Historia:

176 2953 580 3008 ecclesiastica:
619 2973 637 3006 ι
673 2954 816 3007 Iluic
848 2971 998 3020 sane,
1026 2956 1227 3024 inquit,
1254 2956 1397 3024 operi
1422 2965 1595 3009 ratum
1626 2958 1760 3009 duxi

1866 1833 1992 1902 quis
2030 1842 2135 1899 est,
2167 1852 2412 1907 unquam
2443 1839 2735 1897 tradidisse
2764 1844 3027 1913 epistolas
3070 1844 3289 1917 lgnaIil,
3318 1864 3461 1919 quas

1869 1942 1971 1981 nos
2008 1928 2398 1997 defendimus,
2458 1930 2631 1989 fuisse
2687 1938 3093 2005 supposititias.
3158 1939 3458 2011 Nicephori

1866 2018 2086 2073 elfatum
2130 2030 2214 2075 est
2268 2023 2322 2076 in
2363 2025 2595 2094 epistola
2635 2028 2702 2082 ad
2737 2027 2977 2086 Leonem
3010 2045 3209 2102 papam
3243 2033 3457 2089 Itoma-

1871 2127 2001 2165 num
2039 2112 2106 2167 de
2136 2117 2366 2185 receptis
2389 2116 2489 2172 SS.
2523 2116 2746 2174 Patrum
2778 2123 3039 2191 operibus
3060 2137 3076 2176 :
3096 2125 3324 2180 Πάντων
3346 2128 3461 2181 τῶν

1866 2203 2134 2273 ἐκκρίτων
2165 2206 2258 2259 καὶ
2291 2210 2577 2282 μακαρίων
2600 2212 2861 2287 Πατέρων
2893 2215 2966 2269 τά
2987 2234 3049 2270 τε
3079 2217 3326 2291 δόγματα
3362 2216 3458 2274 καὶ

1867 2296 2160 2366 πονήματα
2208 2300 2547 2373 ἀσπάζομαι,
2582 2303 2659 2367 ὡς
2700 2304 3051 2362 διδασκαλίαν
3086 2311 3458 2383 ἀνεπίληπτον

1867 2387 1959 2440 καὶ
1989 2392 2264 2463 σωτηρίας
2294 2393 2575 2465 θεμέλιον·
2610 2398 2702 2451 καὶ
2734 2398 2828 2464 οὓς
2860 2401 2894 2470 ή
2925 2402 3185 2476 καθολικὴ
3224 2405 3456 2477 Ἐκκλη-

1868 2478 1957 2531 σία
1997 2482 2279 2552 προσίεται
2322 2486 2679 2559 ἀποδέχομαι,
2711 2492 2805 2544 καὶ
2848 2491 2943 2559 οὓς
2987 2495 3358 2568 ἀποτρέπεται
3393 2501 3458 2551 ἀί

1866 2573 2263 2646 ποστρὲφομαι.
2306 2576 2556 2634 Omnium
2602 2582 2889 2638 electorum
2930 2589 3306 2659 beatorumque
3343 2589 3457 2644 Pa-

1866 2671 2007 2718 trum
2034 2667 2288 2737 dogmata
2312 2681 2362 2725 et
2386 2674 2666 2741 opuscula,
2694 2686 2750 2729 ut
2776 2694 2897 2747 qua:
2916 2679 2981 2732 ab
3003 2682 3150 2734 omni
3179 2682 3458 2753 repreheno-

1863 2758 2009 2811 sione
2065 2759 2294 2815 alienam
2347 2763 2648 2821 doctrinam
2699 2770 2991 2841 salutisque
3048 2772 3455 2843 fundamentum

1864 2853 2187 2921 contineant,
2222 2856 2545 2926 amplector;
2569 2869 2619 2913 et
2647 2876 2983 2934 quoscunque
3002 2863 3241 2919 Ecclesia
3262 2866 3452 2920 catho-

1867 2940 1974 2995 lica
2023 2946 2233 3013 recipit,
2277 2949 2495 3018 recipio,
2526 2965 2861 3022 quoscunque
2898 2953 2995 3007 illa
3044 2964 3341 3021 aversatur,
3370 2971 3455 3008 re-

177 3043 238 3097 B.
281 3044 572 3115 Nicephori
615 3047 1198 3116 Canstantinopolitani
1244 3048 1473 3116 episcopi
1522 3047 1760 3103 Chrono-

1883 3033 2011 3088 icia.
2069 3036 2139 3090 At
2188 3035 2457 3109 lgnatium
2508 3040 2649 3097 inter
2702 3042 2988 3117 ἐκκρίτους
3021 3045 3113 3099 καὶ
3147 3046 3454 3119 μακαρίους

1883 3124 2114 3154 παι---
2146 3138 2493 3154 ......-....-ι--...
2569 3142 2612 3154 Δι
2673 3135 2925 3154 __9-._a_-
2993 3138 3031 3154 ,ν
3087 3153 3092 3154 ,
3185 3146 3199 3154 .

175 3142 448 3209 graphium
486 3158 818 3211 pm'ponere.
845 3165 864 3194 ι
920 3142 1195 3208 Quaeritur
1240 3144 1306 3198 de
1354 3142 1755 3212 Stichometria,

1883 3124 2114 3198 Ῑατέρας
2146 3138 2518 3198 numeratum,
2563 3142 2617 3189 et
2666 3135 2931 3205 epistolas
2983 3138 3126 3207 ejus,
3183 3146 3451 3209 tanquam

176 3236 464 3303 respondet
500 3235 742 3290 Dallzeus
781 3236 850 3289 de
871 3235 1340 3306 Chronographia,
1370 3236 1437 3291 ad
1470 3252 1634 3307 quam
1668 3239 1759 3293 illa

174 3326 322 3381 nullo
368 3327 539 3382 modo
581 3337 817 3399 spectat.
857 3326 1035 3396 Hujus
1085 3338 1260 3381 autem
1307 3327 1759 3400 Chronographicr

170 3434 295 3486 pars
329 3420 529 3474 ultima
557 3432 660 3487 est,
695 3421 900 3491 inquit,
924 3420 1015 3473 illa
1041 3437 1070 3473 ο
1099 3420 1249 3474 nobis
1285 3421 1508 3475 laudata
1543 3421 1760 3477 Sticho-

171 3513 386 3578 metria,
415 3530 640 3583 eamque
660 3514 830 3568 editio
867 3512 1141 3566 Anastasii
1167 3513 1372 3567 exhibet
1402 3515 1458 3567 in
1488 3515 1630 3568 calce
1663 3514 1762 3568 lli-

170 3608 366 3659 storie.
408 3607 479 3660 At
525 3607 834 3676 quomodo,
867 3621 1075 3676 quaeso,
1109 3604 1484 3660 Stichometria
1517 3623 1646 3677 pars
1677 3616 1763 3662 est

169 3692 663 3768 Cbronographiaz,
714 3712 839 3768 quae
883 3699 955 3753 ab
989 3712 1053 3752 ea
1099 3706 1214 3753 toto
1254 3698 1395 3754 ccelo
1424 3699 1629 3755 distat?
1656 3701 1762 3756 As-

167 3798 288 3843 suta
325 3800 414 3845 est
458 3792 540 3844 illi
578 3791 807 3861 quidem
844 3791 898 3845 in
944 3792 1229 3848 codicibus
1256 3791 1484 3859 Graecis,
1519 3795 1613 3850 sed
1651 3812 1761 3850 non

167 3883 342 3953 magis
369 3884 491 3953 ipsa
530 3900 661 3953 pars
688 3891 775 3940 est
807 3883 1295 3956 Chronographiae,
1321 3902 1487 3957 quam
1509 3886 1764 3943 Chrono-

166 3977 394 4045 grapbia
452 3994 584 4048 pars
622 3987 708 4032 est
756 3977 1172 4034 Stichometrire.
1198 3979 1356 4050 Apud
1402 3980 1755 4037 Anastasium

165 4080 351 4125 autem
382 4088 451 4126 ne
472 4072 698 4140 quidem
728 4069 1203 4142 Chronograpbiae
1233 4081 1317 4127 est
1346 4072 1630 4143 adjuncta,
1665 4074 1759 4129 sed

165 4162 219 4214 in
248 4164 398 4219 calce
426 4162 687 4218 Historia:
716 4163 1121 4229 Anastasianas,
1154 4165 1590 4234 patriarcharum
1618 4166 1761 4220 indi-

167 4255 292 4309 culo
325 4254 999 4326 subjuncta.Anastasius
1014 4254 1081 4310 de
1119 4255 1412 4327 Nicephori
1446 4258 1757 4314 Chronolo-

165 4348 253 4416 gia
275 4350 539 4420 loquitur,
571 4366 741 4420 quam
771 4350 927 4415 operi
958 4364 1059 4405 suo
1092 4353 1445 4420 proposuisse
1480 4353 1590 4423 (vel
1624 4368 1760 4418 pra:-

166 4442 436 4513 posuisse)
454 4458 516 4498 se
546 4443 705 4497 dixit.
739 4441 888 4509 Quid
907 4441 1009 4497 hoc
1034 4442 1099 4496 ad
1121 4440 1571 4511 Stichometriam,
1596 4462 1759 4516 quam
1797 4459 1837 4514 ο

166 4536 310 4601 operi
345 4551 449 4590 suo
474 4552 585 4591 non
617 4535 921 4605 praeposuit
948 4534 1292 4599 Anastasius,
1325 4552 1491 4608 quam
1522 4539 1575 4592 in
1611 4540 1760 4595 calce

166 4623 331 4680 editio
379 4628 638 4681 exhibet?
668 4626 801 4681 Ideo
833 4624 1347 4697 Chronograpliiam
1393 4630 1760 4699 praeposuisse

169 4732 226 4771 se
250 4718 386 4774 dixit
420 4720 786 4782 Anastasius,
824 4728 886 4772 ut
916 4717 1157 4774 Joannes
1205 4720 1491 4788 diaconus,
1535 4723 1630 4792 qui
1679 4739 1762 4777 ec-

169 4810 517 4867 clesiasticam
551 4811 859 4866 Historiam
890 4812 1195 4881 scripturus
1242 4824 1378 4879 erat,
1412 4832 1477 4868 ex
1496 4832 1557 4868 ea
1587 4827 1760 4884 posset

170 4902 498 4973 aliquantam
526 4920 790 4975 carpere;
823 4902 957 4972 quid
992 4915 1173 4959 autem
1216 4906 1431 4961 confert
1462 4906 1758 4962 Stichome-

173 4999 273 5050 tria
302 5000 368 5053 ad
404 5000 837 5055 ecclesiasticam
874 4995 1218 5051 Historiam?
1249 4998 1551 5069 Scripsisse
1595 5002 1759 5071 igitur

172 5085 527 5161 Nicephorum
549 5092 999 5147 Stichometriam
1014 5090 1338 5147 Anastasius
1355 5093 1509 5148 testis
1525 5106 1636 5151 non
1651 5105 1753 5149 est.

234 5180 325 5239 Rei
359 5187 524 5256 hujus
557 5186 773 5241 veritas
806 5184 945 5238 satis
976 5183 1275 5238 innotescit
1313 5200 1377 5238 ex
1423 5185 1539 5255 ipsa
1585 5185 1760 5240 farra-

170 5276 301 5345 gine,
345 5297 467 5352 quae
522 5278 777 5349 Georgio
826 5275 1081 5348 Syncello
1132 5279 1424 5348 subjuncta
1470 5294 1574 5351 est,
1607 5291 1660 5337 et
1691 5299 1758 5337 ex

168 5370 396 5442 quinque
450 5372 717 5443 partibus
778 5367 1059 5424 distinctis
1114 5379 1350 5437 constat,
1401 5370 1759 5445 Chronologia

165 5456 315 5530 brevi,
340 5463 693 5535 Genealogia,
725 5458 980 5513 Indiculo
1003 5475 1181 5528 regum
1205 5470 1255 5515 et
1280 5464 1637 5528 sacerdotum,
1660 5465 1759 5519 In-

161 5554 331 5611 dicqu
385 5555 876 5623 patriarcharum,
914 5558 968 5604 et
1013 5547 1405 5608 Stichometria.
1435 5558 1759 5612 Anastasius

157 5654 360 5706 tantum
382 5644 901 5718 Chronographiam
927 5643 1142 5697 brevem
1170 5645 1238 5699 ab
1255 5646 1465 5702 Adamo
1486 5650 1551 5703 ad
1571 5647 1753 5705 Theo-

152 5740 353 5808 philum
396 5742 730 5812 Nicephoro
782 5735 1022 5791 tribuit:
1054 5737 1422 5809 Genealogiam
1475 5740 1601 5796 huic
1638 5740 1754 5812 qui-

476 5843 751 5899 Ριτιιυι.
830 5833 950 5893 Gn.
985 5831 1058 5893 V.

1862 3220 2127 3286 opuscula
2156 3220 2694 3292 irreprehensihilem
2727 3227 3035 3283 doctrinam
3081 3230 3449 3291 continentia.

1862 3309 1932 3364 ab
1961 3309 2204 3367 Ecclesia
2235 3316 2505 3371 catholica
2536 3333 2635 3387 per
2677 3319 2888 3389 aliquot
2925 3330 3051 3375 ante
3077 3321 3455 3393 Nicephorum

1862 3403 2060 3456 szecula
2112 3414 2361 3474 receptas
2417 3406 2610 3475 fuisse,
2660 3411 2771 3479 jam
2817 3422 2945 3466 ante
2991 3415 3353 3470 ostendimus.
3387 3416 3447 3469 S.

1862 3491 2053 3563 lgnatii
2080 3494 2248 3565 igitur
2268 3500 2531 3567 epistolas
2555 3501 2760 3571 recepit
2782 3513 2837 3557 et
2862 3506 3151 3573 amplexus
3173 3517 3261 3562 est
3284 3505 3447 3562 Nice-

1861 3584 2089 3653 phorus.
2124 3585 2415 3655 Praeterea,
2446 3588 2817 3660 Nicephowm
2871 3595 3080 3651 scimus
3112 3596 3447 3669 Dionysiana

1862 3690 1962 3744 pro
1995 3677 2138 3732 veris
2169 3677 2512 3752 Areopagitae
2536 3682 2797 3752 operibus
2836 3685 3115 3752 habuisse,
3157 3704 3221 3743 ex
3254 3690 3449 3760 dispu-

1863 3765 2069 3822 tatione
2096 3783 2221 3822 cum
2262 3767 2445 3826 Leone
2474 3770 2753 3842 Armeno;
2787 3774 2927 3831 idem
2958 3779 3200 3836 sensisse
3232 3791 3447 3837 certum

1861 3870 1947 3912 est
1984 3859 2337 3916 Anastasium
2368 3878 2434 3917 ex
2485 3864 2657 3933 ipsius
2704 3866 3022 3936 praefatione
3060 3870 3127 3925 ad
3158 3870 3450 3946 Dionysia»

1864 3965 1954 4004 na.
2006 3951 2075 4005 At
2112 3951 2405 4025 Dionysius
2438 3953 2498 4009 S.
2527 3954 2720 4027 lgnatii
2756 3961 3041 4030 epistolam
3100 3975 3208 4019 tam
3244 3966 3450 4022 diserte

1863 4041 2070 4109 laudat,
2096 4046 2272 4115 utqui
2299 4063 2488 4102 verum
2516 4049 2834 4121 Dionysium
2868 4052 3039 4111 fuisse
3067 4057 3258 4123 sensit,
3288 4058 3449 4115 aliter

1864 4135 1930 4190 de
1970 4135 2179 4206 lgnatio
2204 4140 2406 4195 sentire
2447 4157 2555 4195 non
2592 4144 2870 4212 potuerit;
2904 4161 3082 4216 neque
3108 4164 3442 4220 quemquam

1867 4232 2123 4284 novimus
2153 4231 2244 4300 qui
2275 4234 2660 4304 Areopagitam
2688 4235 2951 4305 defendit,
2982 4240 3116 4309 quin
3154 4241 3297 4295 idem
3321 4242 3443 4297 licet

1865 4319 1930 4372 ad
1960 4323 2242 4391 angustias
2269 4324 2541 4389 redactus,
2565 4328 2728 4381 etiam
2758 4328 2816 4381 S.
2845 4327 3112 4398 lgnatium
3136 4333 3441 4388 admiserit.

1937 4410 2230 4467 Auctorem
2268 4415 2431 4469 etiam
2471 4415 2878 4481 Stichometrice,
2922 4422 3175 4491 quisquis
3211 4432 3316 4488 est,
3350 4441 3445 4479 ne-

1867 4518 2059 4571 gamus
2088 4503 2145 4558 S.
2194 4504 2384 4575 lgnatii
2432 4508 2695 4577 epistolas
2746 4525 2885 4579 quas
2924 4512 3271 4570 defendimus
3314 4534 3445 4588 sups

1867 4592 2136 4660 posititias
2198 4597 2604 4664 pronuntiasse.
2652 4598 2783 4669 Ejus
2832 4602 3053 4671 quidem
3106 4606 3274 4662 verba
3332 4609 3446 4667 huic

1867 4694 2014 4747 sunt,
2046 4696 2207 4754 prout
2235 4686 2289 4740 in
2314 4688 2551 4741 editione
2581 4687 2828 4745 Parisina
2859 4693 3186 4750 exhibentur
3208 4715 3227 4754 :

2006 4800 2114 4882 {fat
2127 4870 2137 4882 '
2150 4798 2266 4882 ὅρα
2292 4800 2406 4882 ἰῆς
2439 4802 2593 4869 Νέας
2607 4806 2800 4882 sicis"
2814 4810 3152 4882 ᾀπόκρυφιι·

2007 4870 2256 4948 μερίοξος
2292 4871 2497 4948 ξίέτρου
2534 4874 2729 4945 στίχων
2762 4878 2913 4948 ,βψνῑ

2006 4939 2259 5021 Ηερίορος
2295 4939 2546 5021 ᾀιωάννου
2582 4939 2789 5021 dicime
2810 4939 2926 5021 ἧχ’.

2006 5009 2257 5091 Ηςρίοδος
2290 5012 2479 5081 Θωμᾶ,
2503 5009 2715 5091 ego»
2747 5009 2851 5091 ,αέίί

2006 5080 2337 5168 [ζὺθαγκξέκιον
2388 5085 2525 5168 κὲτὰ
2558 5080 2778 5168 Θωμᾶν,
2801 5080 3014 5163 ὀτίχων
3046 5112 3145 5162 ματ.

2005 5150 2202 5229 {nam}
2236 5153 2566 5229 ἁποαῖόλων,
2606 5150 2802 5229 σ’ἐίχων
2837 5162 2901 5215 α’.

2007 5218 2423 5301 Ιξλήμέγτος
2457 5226 2652 5301 ςτίχων
2685 5218 2798 5301 ξβχκ

2017 5291 2295 5358 Ἰγνατίου,
2331 5291 2711 5365 Πολυκᾶῥπουξ
2736 5291 3007 5373 ’Ποιμένος
3055 5305 3146 5357 καὶ
3192 5299 3387 5376 Ἑρμᾶ

1864 5381 1997 5447 Qua:
2020 5383 2086 5436 ad
2120 5384 2324 5441 calcem
2353 5387 2628 5446 Anastasii
2662 5387 2913 5450 Ilistoriw
2961 5394 3031 5448 ita
3085 5396 3272 5452 Latine
3314 5400 3434 5452 red-

1863 5474 2066 5530 duntur
2086 5494 2099 5531 :

2210 5567 2280 5622 Et
2316 5585 2431 5639 qua:
2460 5571 2596 5624 Neri
2617 5582 2740 5624 sunt
2777 5578 3099 5645 apocrypha.

1934 5675 2278 5747 itinerarium
2319 5680 2484 5743 Petri.
2518 5687 2705 5737 vers'us
2728 5683 2784 5747 2,
2810 5682 2934 5741 800.

1934 5746 2276 5804 ltinczarium
2317 5749 2563 5819 Joannis,
2593 5746 2786 5811 versus
2815 5756 2869 5826 2,
2899 5759 3021 5815 500.

3081 5859 3121 5921 ὁ
