3814 6198
384 197 481 253 ιον

424 348 429 352 ε
455 316 804 373 itinerarium
830 314 1072 380 Thomaz,
1108 328 1299 369 versus
1324 313 1376 376 1,
1413 311 1535 367 600.

462 388 814 457 Evangelium
846 386 1144 441 secundum
1174 382 1465 457 Thomam,
1492 399 1682 439 versus
1713 385 1765 447 1,
1800 380 1924 437 500.

459 452 715 513 Doctrina
748 457 1143 526 apostolorum,
1174 469 1367 526 versus
1394 452 1520 508 200.

444 529 758 583 ‘Clementis
786 524 875 595 Γ),
912 542 1100 581 versus
1120 526 1175 591 ‘2,
1209 524 1333 578 600.

463 599 658 668 lgnatii
687 610 740 652 et
761 596 1064 667 Polycarpi.

447 692 540 744 Ex
577 692 663 744 his
706 705 842 760 nego
878 690 991 743 ullo
1042 688 1205 742 modo
1242 687 1457 757 probari
1502 701 1664 756 posse
1709 687 1970 755 epistolas

391 780 451 837 S.
487 782 681 852 lgnatii
717 780 956 834 Eusebio
1003 780 1150 833 visas
1182 779 1253 834 ab
1307 789 1532 835 auctore
1577 776 1972 833 Stichometrite

387 887 486 941 pro
511 869 875 941 supposititiis
914 870 1129 924 habitas
1178 867 1367 923 fuisse.
1418 867 1635 922 Nudum
1688 868 1833 923 enim
1888 869 1977 923 hic

388 961 578 1033 lgnatii
607 978 809 1017 nomen
845 963 1090 1032 ponitur,
1123 976 1300 1031 neque
1342 962 1425 1017 vel
1472 962 1540 1016 de
1581 962 1849 1032 epistolis,
1889 963 1977 1017 vel

386 1055 453 1110 de
478 1054 862 1124 suppositione
894 1052 1193 1123 quidquam
1234 1042 1671 1108 aﬂirmaturfUt
1699 1063 1882 1108 autem
1920 1053 1976 1108 id

386 1148 532 1217 quod
568 1146 1023 1216 voluntlprobent
1062 1145 1391 1209 adversarii,
1435 1160 1659 1200 necesse
1698 1154 1782 1200 est
1829 1154 1888 1200 ut
1917 1146 1973 1200 in

386 1238 536 1292 hunc
592 1239 815 1293 modum
873 1238 1155 1307 disputent
1209 1254 1225 1292 :
1285 1236 1563 1307 Quidquid
1628 1238 1698 1292 ab
1750 1246 1975 1294 auctore

388 1329 776 1386 Stichometria:
802 1332 875 1385 ad
902 1330 1216 1401 apocrypha
1256 1330 1513 1394 refertur,
1550 1328 1604 1383 id
1635 1329 1806 1398 ipsius
1849 1344 1975 1386 sen-

382 1424 553 1478 tentia
611 1432 697 1477 est
738 1420 1170 1490 supposititium.
1213 1418 1468 1488 Epistolaa
1516 1419 1709 1489 lgnatii
1757 1420 1828 1474 ab
1874 1435 1977 1474 au-

382 1524 534 1569 ctore
569 1512 959 1568 Stichometria:
988 1510 1056 1564 ad
1095 1509 1401 1580 apocrypha
1454 1508 1786 1565 referuntur.
1830 1509 1961 1580 Epi-

382 1605 536 1659 stolae
560 1603 725 1673 igitur
756 1600 951 1671 lgnatii
985 1608 1207 1656 suntex
1247 1599 1515 1653 sententia
1562 1599 1805 1653 auctoris
1848 1598 1963 1653 Sti-

379 1696 683 1750 chometrite
700 1693 1081 1765 supposititiae.
1104 1691 1279 1762 Hujus
1304 1688 1961 1763 syllogismiHammondo

381 1797 569 1841 nostro
583 1786 846 1856 majorem
864 1783 1291 1854 propositionem
1305 1796 1438 1851 nega
1448 1796 1502 1835 re
1515 1822 1530 1846 ,
1552 1777 1773 1835 Usserio
1787 1781 1853 1834 de
1869 1780 1963 1833 nti-

383 1880 508 1933 nori
526 1880 704 1935 visum
726 1877 1187 1946 estdistiuguere.
1209 1874 1320 1943 Ego
1342 1884 1589 1929 neutram
1612 1873 1718 1928 ulla
1753 1873 1963 1926 ratione

381 1972 607 2042 probari
632 1986 791 2042 posse
808 1969 1111 2036 contendo,
1146 1979 1200 2023 et
1218 1978 1507 2037 utramque
1524 1968 1731 2037 pariter
1754 1981 1961 2037 negan-

375 2070 502 2122 tiam
530 2082 748 2132 censeo,
769 2076 826 2120 ut
849 2081 915 2120 ne
930 2065 1013 2120 vel
1038 2064 1230 2118 umbra
1264 2062 1573 2132 argumenti
1596 2061 1959 2129 relinquatur.

448 2156 634 2211 Primo
675 2157 822 2210 enim
862 2156 1171 2211 rectissime
1224 2150 1603 2206 Hammondus
1630 2160 1817 2205 noster
1849 2150 1965 2204 haec

379 2247 650 2302 Salmasio
685 2248 933 2315 reposuit
966 2264 979 2300 :
1014 2244 1138 2297 Non
1170 2246 1251 2297 ita
1275 2244 1414 2297 vocis
1445 2243 1624 2307 istius,
1646 2241 1962 2312 ἁπόκρυφα,

376 2341 703 2411 signiﬁcatio
750 2339 1061 2408 accipienda
1105 2346 1205 2403 est,
1255 2345 1314 2389 ut
1347 2336 1529 2389 statim
1582 2335 1824 2403 spurium
1869 2343 1962 2387 aut

377 2430 626 2501 κίϐδηλον
673 2440 766 2482 aut
808 2428 1266 2499 ψευδεπίγραφον,
1312 2427 1567 2496 sequioris
1603 2426 1700 2480 (cvi
1748 2427 1967 2495 ﬁgmen-

366 2534 489 2577 tum
524 2524 614 2588 sit,
648 2522 903 2592 quidquid
936 2521 1104 2575 ubivis
1146 2522 1282 2573 inter
1329 2518 1631 2588 apocrypha
1677 2520 1963 2587 repositum

374 2615 698 2669 inveniatur.
736 2612 881 2666 Nihil
906 2613 1009 2667 hoc
1041 2612 1204 2667 cﬂ‘ato
1238 2610 1421 2666 verius
1449 2620 1553 2666 est.
1589 2610 1814 2666 Fatetur
1840 2610 1965 2664 Dal-

374 2708 530 2771 laaus,
555 2723 665 2762 non
695 2721 818 2762 esse
846 2721 969 2760 eam
997 2704 1160 2774 hujus
1191 2705 1432 2760 nominis
1460 2720 1527 2760 ex
1555 2704 1722 2775 etymi
1748 2704 1833 2758 sui
1871 2718 1962 2757 ra-

374 2800 526 2853 tione
554 2799 701 2865 vim;
738 2798 853 2852 vult
896 2806 1076 2851 tamen
1121 2812 1187 2850 ea:
1215 2813 1315 2850 usu
1352 2795 1732 2859 ecclesiastico,
1773 2804 1832 2847 ut
1874 2795 1964 2865 qui

372 2892 509 2946 liber
550 2892 880 2961 apocryphus
925 2890 1126 2944 dicitur
1171 2889 1360 2960 isfere
1396 2889 1576 2960 aliqua
1616 2889 1846 2942 istorum
1892 2887 1965 2940 ri-

1472 187 1531 245 S.
1568 186 1915 245 lGNATlUs.
1958 218 2026 227 —
2069 185 2605 243 PROLEGOMENA.

2002 318 2046 373 A
2075 311 2483 381 mdiﬁcationem
2521 311 2775 367 Ecclesia:
2804 316 3148 381 pertinentem
3192 318 3476 387 epistolam
3524 338 3661 377 com-

3563 200 3661 255 108

2075 406 2274 473 posuit,
2317 421 2435 475 qua:
2492 406 2632 458 inter
2683 407 3010 476 apocryphas
3076 407 3386 479 Scripturas
3453 414 3658 486 legitur.

2077 489 2343 551 Barnabze
2394 497 2540 551 enim
2596 496 2887 567 epistolam
2946 498 3117 555 fuisse
3165 504 3365 569 tradit;
3403 521 3514 561 non
3559 506 3659 578 ipsi

2076 587 2444 657 suppositam,
2494 596 2588 641 aut
2642 587 2923 656 spuriam;
2973 589 3039 642 ad
3091 590 3516 648 aediﬁcationem
3563 595 3660 650 Ec-

2076 679 2260 733 clesia:
2296 677 2631 748 pertinuisse
2672 681 2910 746 asserit;
2959 695 3067 734 non
3122 680 3309 752 itaque
3350 683 3659 741 haereticam

2075 770 2318 840 putavit;
2358 768 2559 824 lectam
2598 778 2777 825 tamen
2814 773 2954 826 inter
2985 774 3331 845 apocryphas
3363 778 3663 847 scripturas

2076 864 2259 928 docet,
2289 879 2388 919 nec
2420 863 2489 919 ab
2521 860 2766 919 Ecclesia
2798 864 3139 933 repudiatam
3169 867 3372 923 innuit.
3421 868 3571 923 Idem
3606 871 3659 926 in

2077 955 2307 1024 epistola
2340 955 2443 1009 110
2485 972 2498 1008 :
2542 952 2773 1024 Exigitis
2794 956 2932 1010 enim
2964 968 3021 1011 ut
3046 957 3242 1011 librum
3274 958 3530 1014 Chaldceo
3558 976 3662 1015 ser-

2077 1065 2227 1101 mone
2272 1046 2626 1117 conscriptum
2686 1048 2755 1101 ad
2805 1047 3059 1102 Latinum
3100 1051 3299 1120 stylum
3330 1053 3564 1116 traham,
3595 1054 3661 1106 li-

2078 1138 2229 1192 brant
2254 1140 2431 1209 utique
2469 1136 2668 1207 Tobiw,
2709 1156 2861 1212 quem
2920 1141 3133 1196 Ilebrwi
3167 1143 3230 1196 de
3258 1145 3504 1214 catalogo
3536 1145 3663 1198 divi-

2078 1245 2267 1281 narum
2298 1229 2704 1300 Scripturarum
2749 1242 2982 1286 secantes
3014 1234 3093 1286 his
3148 1250 3265 1304 qua:
3306 1235 3661 1307 hagiographa

2080 1321 2218 1391 (lege
2253 1323 2577 1393 apocrypha)
2618 1334 2931 1389 memorant,
2965 1326 3366 1395 manciparunt.
3398 1326 3662 1384 Eruenda-

2078 1413 2284 1467 tioncm
2313 1413 2456 1467 hanc
2496 1429 2619 1467 cum
2657 1416 2827 1469 multa
2859 1414 2989 1482 alia,
3023 1424 3137 1469 tum
3180 1418 3345 1471 verba
3381 1422 3661 1488 sequentia

2079 1505 2215 1559 satis
2240 1504 2569 1560 conﬁrmant
2593 1524 2605 1559 :
2631 1505 2877 1576 Arguunt
2902 1508 3038 1561 enim
3062 1524 3157 1562 nos
3181 1507 3534 1563 Hebrworum
3554 1521 3661 1564 stu-

2079 1598 2191 1663 dia,
2229 1608 2279 1651 et
2310 1599 2575 1667 imputant
2606 1599 2754 1652 nobis
2781 1610 2968 1653 contra
2990 1616 3145 1653 suum
3169 1618 3424 1655 canonem
3458 1602 3661 1657 Latinis

2069 1691 2291 1745 auribus
2335 1692 2438 1744 ista
2481 1691 2792 1760 transferre.
2844 1691 2911 1746 Et
2964 1708 3158 1749 rursus
3209 1695 3445 1763 cpistola
3491 1696 3584 1749 111
3641 1721 3657 1758 ε

2068 1784 2223 1852 Apud
2276 1781 2527 1836 Hebrteos
2571 1783 2704 1836 liber
2735 1782 2929 1837 Iudith
2962 1786 3098 1838 inter
3120 1786 3491 1855 hagiographa
3528 1787 3661 1857 (lege

2068 1877 2267 1931 iterum
2298 1876 2619 1946 apocrypha)
2651 1877 2865 1946 legitur,
2894 1877 3046 1946 cujus
3070 1879 3367 1931 auctoritas
3397 1878 3469 1931 ad
3508 1879 3660 1931 robo-

2069 1970 2241 2022 renda
2273 1969 2391 2033 illa,
2424 1986 2540 2040 qua:
2565 1971 2620 2022 in
2660 1970 3045 2023 contentionem
3073 1971 3287 2024 veniunt
3320 1971 3499 2023 minus
3546 1972 3662 2022 ido-

2068 2077 2164 2114 nea
2201 2061 2503 2129 judicatur.
2547 2060 2800 2115 Chaldceo
2840 2072 3014 2115 tamen
3049 2078 3286 2114 sermone
3325 2064 3660 2131 conscriptus

2068 2152 2205 2205 inter
2223 2153 2477 2207 historias
2500 2163 2854 2223 computatur.
2884 2153 3066 2219 Quare
3097 2169 3162 2208 ex
3193 2168 3325 2208 voce
3360 2154 3508 2208 nuda
3532 2171 3659 2223 apo-

2069 2245 2288 2315 crypha,
2319 2245 2456 2298 nihil
2488 2245 2635 2299 aliud
2670 2255 2815 2300 recte
2852 2245 3107 2313 infertur,
3150 2245 3244 2300 ubi
3280 2246 3348 2301 de
3381 2246 3543 2301 libris
3569 2263 3631 2301 ca

2069 2334 2281 2389 nouicis
2310 2334 2510 2404 agitur,
2542 2351 2708 2405 quam
2744 2336 3010 2405 scriptum
3044 2337 3267 2405 aliquod
3308 2352 3435 2392 esse
3482 2353 3513 2391 a
3564 2355 3658 2393 ca-

2068 2442 2211 2480 none
2240 2425 2298 2479 S.
2331 2424 2632 2495 Scriptura:
2662 2428 3072 2499 removendum.
3108 2428 3272 2485 Extra
3300 2430 3474 2501 igitur
3494 2448 3659 2486 cano-

2070 2528 2192 2567 nem
2231 2511 2367 2567 Novi
2401 2511 2740 2571 Testamenti
2781 2516 3089 2573 certissime
3124 2520 3346 2589 ponitur
3380 2520 3655 2591 ignauus;

2068 2616 2246 2670 neque
2267 2604 2567 2674 quidquam
2596 2607 2744 2662 aliud
2772 2623 2840 2662 ex
2869 2610 2921 2663 vi
2945 2610 3240 2665 verborum
3265 2609 3656 2669 Stichometria'

2066 2707 2162 2761 per
2198 2698 2564 2751 necessariam
2592 2701 3043 2769 consequentiam
3072 2701 3252 2771 colligi
3285 2712 3491 2773 potest.

2137 2781 2321 2849 Quare
2367 2786 2514 2856 quod
2547 2803 2613 2842 ex
2646 2785 2862 2844 ‘Gelasii
2894 2791 3116 2846 decreto
3164 2793 3360 2862 arripit
3394 2793 3655 2863 Dallarus,

2067 2876 2226 2945 plane
2252 2887 2335 2932 est
2364 2871 2809 2951 ἀπροσδιονυσον.
2841 2881 2934 2937 lile
2965 2884 3111 2939 enim
3141 2886 3431 2957 utriusque
3464 2886 3657 2943 Testa-

372 2985 569 3037 tiorum
594 2984 817 3037 laboret.
854 2982 1006 3048 Fere,
1044 2982 1243 3051 inquit,
1279 2983 1383 3038 hoc
1409 2993 1495 3038 est
1529 2981 1849 3053 aliquando,
1877 2980 1960 3036 vel
1987 3013 2030 3072 ο
2071 2969 2237 3022 men“
2272 2983 2538 3026 οίιηοηεῐη
2583 2974 2769 3041 tradit,
2812 2974 2978 3030 ηυιῒίε
3030 2978 3258 3031 Omnino
3315 2980 3657 3053 apucrypl'is.

369 3077 717 3146 plerumque,
758 3076 905 3145 quod
952 3090 1054 3129 nec
1090 3074 1437 3130 Hammondo
1479 3074 1824 3142 contradicit,
1857 3090 1957 3131 nec

368 3164 669 3234 quidquam
702 3165 911 3234 probat.
938 3165 1182 3220 Allirmat
1215 3168 1524 3238 apocrypha
1563 3168 1764 3238 opponi
1812 3166 1955 3236 apud

369 3267 563 3312 veteres
604 3259 885 3326 scriptores
931 3259 1081 3312 libris
1121 3268 1171 3313 et
1221 3259 1417 3314 divinis
1460 3270 1509 3315 et
1557 3259 1950 3323 ecclesiasticis,

367 3350 464 3404 hoc
489 3358 589 3417 est,
627 3350 871 3404 omnibus
903 3351 1055 3404 libris
1079 3352 1221 3421 apud
1255 3351 1552 3411 Ecclesiam
1577 3354 1716 3405 notis
1739 3362 1789 3405 et
1830 3368 1955 3421 pro-

368 3442 532 3506 batis,
589 3443 733 3511 apud
785 3444 1025 3513 aliquos,
1069 3444 1298 3511 scilicet,
1338 3456 1393 3500 et
1436 3445 1729 3515 aliquando
1753 3443 1953 3515 (nemi-

367 3548 490 3585 ncm
524 3532 669 3586 enim
702 3533 949 3586 nominat
976 3543 1171 3603 [mter
1205 3532 1601 3588 Tcrtullianum
1651 3542 1813 3603 atque
1847 3532 1953 3587 Ge-

344 3622 617 3691 lasium),
649 3630 795 3692 quod
838 3625 1066 3678 omnino
1107 3624 1245 3677 nihil
1289 3626 1505 3693 probat.
1556 3623 1833 3689 Quasi-itur
1879 3637 1950 3675 an

338 3726 582 3780 semper
609 3727 675 3764 ex
714 3728 816 3766 usu
860 3712 1238 3768 ecclesiastico
1268 3713 1344 3765 ita
1370 3722 1643 3778 sumatur,
1677 3722 1738 3767 ut
1773 3726 1947 3781 oppo-

365 3813 528 3856 natur
552 3803 809 3857 omnibus
836 3804 990 3858 libris
1028 3804 1096 3857 ab
1126 3804 1371 3859 Ecclesia
1414 3818 1640 3874 quoquo
1670 3803 1835 3857 modo
1863 3818 1948 3856 re-

366 3893 575 3961 ceptis?
601 3891 877 3958 Quaeritur
910 3910 978 3947 an
1009 3893 1225 3962 quoties
1268 3893 1491 3962 aliquod
1537 3892 1803 3962 scriptum
1856 3892 1939 3947 di-

364 3986 506 4038 citur
535 3984 747 4039 Veteris
791 3985 875 4039 vel
917 3984 1055 4039 Novi
1099 3984 1430 4040 Testamenti
1465 3986 1859 4057 apocryphum,
1892 3986 1946 4041 id

344 4078 546 4131 statim
584 4078 844 4131 omnibus
879 4064 1269 4133 ecclesiasticis
1315 4089 1644 4147 opponatur,
1674 4087 1728 4133 et
1755 4094 1785 4132 a
1834 4087 1945 4133 tota

362 4167 608 4225 Ecclesia
656 4185 755 4238 pro
788 4171 974 4238 spurio
1009 4180 1063 4224 et
1109 4171 1361 4224 haeretica
1396 4171 1711 4240 rejiciatur?
1738 4172 1945 4225 Auctor

346 4259 753 4316 Stichometria:
800 4262 873 4315 ita
922 4262 1210 4331 loquitur:
1252 4261 1351 4315 Ha:
1387 4273 1509 4315 sunt
1560 4264 1752 4317 divina:
1796 4261 1943 4316 Scri-

2064 3063 2295 3131 additis;
2343 3066 2452 3121 imo
2502 3066 2715 3123 Veteris
2757 3067 3092 3124 Testamenti
3137 3074 3473 3144 apocryphis
3508 3089 3653 3128 non-

2060 3156 2226 3211 nullis
2279 3156 2332 3210 in
2386 3174 2654 3214 canonem
2700 3162 2955 3230 receptis,
2996 3163 3118 3218 aliis
3157 3180 3282 3218 cum
3317 3166 3654 3235 apocryphis

2058 3244 2196 3301 Novi
2232 3250 2288 3303 in
2331 3250 2589 3306 ultimum
2636 3262 2800 3323 caput
2846 3254 3085 3323 rejectis,
3129 3265 3183 3310 et
3218 3256 3361 3310 inter
3388 3257 3651 3311 haeretica

2058 3342 2263 3412 scripta
2293 3343 2510 3412 positis.
2544 3342 2701 3399 Unde
2736 3346 2846 3399 duo
2893 3345 3040 3402 facta
3081 3356 3226 3412 sunt,
3274 3348 3543 3417 primum,
3590 3357 3652 3403 ut

2056 3436 2369 3507 apocrypha
2420 3436 2664 3493 melioris
2713 3448 2858 3494 nota:
2910 3440 2975 3493 ad
3026 3440 3194 3495 Vetus
3222 3439 3648 3497 Testamentum

2054 3528 2405 3596 pertinentia,
2474 3529 2593 3583 sine
2634 3530 2746 3595 ulla
2804 3531 3179 3596 distinctione,
3214 3547 3314 3601 pro
3358 3537 3651 3590 canonicis

2057 3620 2386 3674 haberentur
2416 3621 2561 3689 (qua:
2602 3622 2763 3676 labes
2800 3624 2979 3679 adhuc
3022 3625 3220 3679 canoni
3258 3623 3515 3682 Romano
3545 3630 3649 3682 ati-

2054 3711 2359 3781 hmrescit);
2404 3711 2729 3778 secundum,
2778 3725 2839 3768 ut
2872 3716 3085 3784 reliqua
3123 3715 3337 3773 Veteris
3360 3729 3417 3773 et
3459 3722 3650 3776 omnia

2050 3801 2187 3857 Novi
2217 3802 2549 3858 Testamenti
2579 3809 2890 3878 apocrypha
2921 3810 3297 3879 cumoscriptis
3341 3811 3649 3880 hznreticis,

2052 3895 2260 3949 ﬁctitiis
2328 3904 2492 3966 atque
2541 3898 2817 3953 damnatis
2862 3911 3055 3956 contra
3105 3900 3363 3957 Veterum
3412 3903 3650 3961 Patrum

2050 3987 2380 4041 sententiam
2418 3988 2909 4048 coniunderentur.
2950 3992 3301 4063 iniquissime
3335 3995 3507 4065 igitur
3542 4012 3650 4067 po-

2049 4079 2307 4146 stulatur,
2359 4088 2418 4134 ut
2464 4095 2531 4133 ex
2587 4081 2691 4136 hoc
2736 4083 2955 4138 decreto
3002 4087 3106 4140 sub
3151 4086 3374 4141 nomine
3433 4088 3648 4145 Gelasii

2047 4173 2193 4227 edito
2218 4170 2648 4228 Stichometriam
2674 4175 3100 4245 interpretemur
3128 4196 3140 4231 :
3176 4193 3299 4232 cum
3334 4180 3388 4232 in
3420 4180 3649 4236 Sticho-

2046 4266 2263 4333 metria,
2299 4266 2437 4321 Novi
2470 4265 2793 4321 Testamenti
2820 4272 3121 4339 apocrypha
3147 4271 3425 4337 dicantur,
3459 4274 3515 4327 in
3538 4275 3646 4329 de-

358 4362 552 4421 ptume,
590 4369 707 4423 qua:
746 4353 1070 4420 recipiuntur
1129 4353 1193 4407 ab
1238 4352 1479 4408 Ecclesia
1518 4364 1568 4408 et
1616 4357 1941 4408 canonizan-
1973 4355 2016 4409 D
2045 4366 2195 4412 creto
2222 4367 2433 4412 tantum
2461 4359 2782 4429 apocrypha,
2813 4362 2951 4415 sine
2999 4363 3109 4416 ulla
3149 4364 3535 4432 restrictione;
3581 4368 3642 4422 in

362 4453 467 4498 tur.
503 4445 570 4498 Et
596 4462 712 4513 quce
734 4456 856 4498 sunt
889 4445 1213 4515 apocrypha,
1255 4444 1455 4501 Veteris
1495 4446 1834 4501 Testamenti.
1871 4446 1938 4501 Et

358 4552 474 4602 qua:
512 4535 649 4588 Novi
683 4548 806 4590 sunt
840 4538 1165 4607 apocrypha.
1214 4536 1314 4593 Hic
1352 4540 1500 4593 nulla
1535 4540 1740 4593 mentio
1769 4540 1940 4593 libro-

357 4639 480 4676 rum
510 4625 1032 4693 ecclesiasticorum,
1058 4635 1187 4696 puta
1218 4626 1498 4698 Cypriani,
1527 4628 1735 4691 Basilii,
1764 4627 1939 4699 Chry-

359 4716 612 4779 soswmi,
653 4731 680 4768 a
722 4732 954 4787 quorum
985 4720 1271 4773 consortio
1306 4720 1549 4790 lgnatius
1592 4730 1645 4776 et
1676 4720 1936 4793 Polycar-

336 4824 462 4878 ~pus
521 4808 940 4879 ablegarentur;
974 4812 1067 4865 sed
1102 4808 1315 4867 Veteris
1346 4821 1556 4868 tantum
1582 4823 1639 4868 et
1669 4812 1802 4868 Novi
1834 4812 1939 4867 Te-

340 4898 732 4955 stamentiuta
769 4898 1069 4971 Scriptura:
1103 4919 1314 4959 canone
1355 4906 1836 4975 rejicerenturuUt
1874 4905 1930 4960 S.

358 4991 724 5064 Hieronymus
766 4993 996 5064 epistola
1039 4994 1188 5049 £06:
1238 4994 1342 5049 Hic
1393 4996 1641 5068 prologus
1688 4997 1934 5067 Scriptu—

355 5101 560 5153 rarum,
615 5088 769 5156 quasi
813 5084 1077 5156 galeatum
1116 5089 1434 5157 principium
1471 5090 1711 5143 omnibus
1758 5090 1932 5157 libris,

264 5242 267 5247 ι
353 5193 483 5244 quos
518 5179 582 5232 de
614 5177 839 5235 Ilebrteo
866 5181 1113 5233 vertimus
1145 5184 1198 5234 in
1232 5181 1507 5249 Latinum,
1532 5183 1806 5236 convenire
1834 5198 1934 5251 po-

359 5277 561 5321 test:ut
587 5273 729 5327 scire
755 5272 1027 5327 valeamus
1058 5274 1316 5343 quidquid
1345 5285 1497 5328 extra
1536 5275 1628 5327 hos
1654 5284 1753 5338 est,
1796 5275 1933 5328 inter

2044 4449 2135 4504 illa
2176 4460 2301 4519 post
2337 4450 2635 4520 scriptores
2672 4452 2990 4520 canonicos,
3044 4454 3099 4508 in
3133 4455 3237 4509 hoc
3274 4466 3399 4526 post
3438 4473 3645 4514 omnes

2042 4541 2374 4609 catholicos;
2414 4542 2470 4595 in
2500 4542 2594 4597 illa
2617 4544 2922 4611 canonicis,
2958 4545 3015 4599 in
3056 4547 3162 4602 hoc
3194 4547 3457 4605 omnibus
3488 4551 3647 4607 scri-

2039 4632 2288 4701 ptoribus
2314 4634 2382 4688 ab
2411 4632 2655 4690 Ecclesia
2676 4636 2922 4705 probatis
2944 4649 3313 4707 opponantur.

2100 4724 2266 4791 ’Quod
2307 4736 2490 4781 autem
2530 4743 2597 4782 ex
2650 4729 2798 4783 nudo
2842 4728 3001 4783 titulo
3034 4728 3239 4783 frustra
3270 4731 3511 4799 probare
3532 4748 3646 4788 co-

2039 4828 2205 4872 natus
2233 4827 2316 4873 est
2342 4817 2671 4886 Salmasius,
2709 4820 2765 4875 id
2801 4836 2868 4875 ex
2902 4814 3099 4875 natura
3136 4821 3407 4876 librorum
3434 4825 3532 4893 qui
3566 4829 3647 4879 si-

2038 4910 2155 4963 mul
2211 4925 2338 4964 cum
2397 4909 2607 4983 lgnatiu
2660 4912 2805 4966 inter
2858 4913 3205 4983 apocryphos
3259 4926 3646 4972 numerantur

2034 5012 2296 5072 praestare
2330 5005 2514 5059 voluit
2583 5004 2835 5060 Dallazus.
2870 5004 2949 5059 lta
2994 5005 3142 5060 enim
3175 5005 3399 5060 videtur
3436 5008 3643 5079 dispu-

2036 5104 2185 5149 tare:
2213 5095 2416 5152 Omnes
2438 5097 2560 5150 libri
2593 5098 2685 5166 qui
2717 5097 2787 5151 ab
2816 5108 3042 5153 auctore
3060 5095 3448 5153 Stichometria:
3480 5101 3642 5154 inter

2034 5188 2375 5259 apocrypbos
2413 5198 2794 5256 numerantur,
2842 5191 2913 5245 ab
2958 5206 3025 5245 eo
3069 5200 3335 5259 tanquam
3374 5191 3637 5249 haeretici

2033 5280 2266 5334 aut‘ﬁcti
2297 5296 2324 5334 a
2352 5281 2567 5350 publica
2597 5280 2859 5336 Ecclesia:
2890 5283 3015 5337 luce
3052 5292 3409 5337 removentur
3442 5301 3456 5336 :
3491 5298 3637 5355 ergo

350 5362 650 5431 apocrypha
678 5382 788 5419 esse
821 5367 1142 5436 ponendum.
1179 5366 1283 5432 Qui
1326 5369 1491 5421 etiam
1531 5366 1723 5420 eodem
1771 5367 1932 5421 modo

347 5448 498 5517 loqui
531 5456 839 5511 censendus
871 5457 925 5511 in
954 5456 1238 5528 ~Catalogo
1280 5474 1295 5511 :
1330 5457 1609 5510 Barnabas
1651 5472 1813 5510 unam
1861 5456 1929 5509 ad

2031 5378 2084 5422 et
2126 5369 2369 5437 epistolae
2410 5368 2623 5439 lgnatii.
2667 5368 2773 5424 Sed
2822 5372 3128 5442 respondeo
3163 5373 3361 5441 primo,
3408 5375 3635 5429 nullam

2031 5475 2155 5515 esse
2217 5462 2598 5517 necessitatem
2649 5466 3080 5535 consequentiae.
3128 5463 3247 5519 Non
3289 5467 3442 5519 enim
3497 5466 3634 5524 leve

420 5562 484 5634 (‘)
510 5563 583 5617 De
628 5566 1028 5642 signiﬁcatione
1070 5574 1380 5627 litterarum
1403 5571 1469 5623 λϐ
1502 5584 1626 5642 qua:
1657 5572 1710 5625 in
1736 5571 1928 5642 Graeco

333 5643 494 5687 sexta
522 5644 774 5708 exstant,
806 5641 931 5698 vide
978 5644 1259 5701 infrwcol.
1289 5644 1410 5710 109,
1433 5643 1492 5712 C,
1522 5639 1578 5698 et
1596 5644 1702 5698 col.
1728 5639 1922 5708 129,8.

2028 5573 2164 5627 Nota
2190 5574 2387 5639 obiter,
2408 5590 2668 5631 numeros
2695 5591 2951 5633 versuum
3004 5580 3057 5633 in
3082 5577 3451 5635 Anastasiana
3483 5597 3630 5637 ver-

2031 5646 2184 5700 sione
2209 5659 2316 5698 non
2336 5647 2753 5716 semper-Graeco
2778 5649 3288 5706 textuiconsonare.
3306 5650 3407 5706 En.
3429 5651 3624 5711 Pun.
