  <div class='ocr_page' id='page_1' title='image "/cluster/home/n/w/nwhite01/storage/ocr_20150623/5/hvd.32044019206598/062.png"; bbox 0 0 3814 6198; ppageno 0'>
   <div class='ocr_carea' id='block_1_1' title="bbox 202 270 1755 339">
    <p class='ocr_par' dir='ltr' id='par_1_1' title="bbox 202 277 1755 339">
     <span class='ocr_line' id='line_1_1' title="bbox 202 277 1755 339; baseline -0.008 6"><span class='ocrx_word' id='word_1_1' title='bbox 202 281 289 336; x_wconf 67' lang='lat'><strong>‘09</strong></span> <span class='ocrx_word' id='word_1_2' title='bbox 949 280 993 339; x_wconf 73' lang='grc'><strong>1.</strong></span> <span class='ocrx_word' id='word_1_3' title='bbox 1032 278 1399 337; x_wconf 77' lang='lat' dir='ltr'><strong>PEARSONII</strong></span> <span class='ocrx_word' id='word_1_4' title='bbox 1437 277 1755 335; x_wconf 65' lang='lat' dir='ltr'><strong>VINDICIA‘I</strong></span> 
     </span>
    </p>
   </div>
   <div class='ocr_carea' id='block_1_2' title="bbox 1861 270 2630 339">
    <p class='ocr_par' dir='ltr' id='par_1_2' title="bbox 1861 272 2630 331">
     <span class='ocr_line' id='line_1_2' title="bbox 1861 272 2630 331; baseline -0.003 -2"><span class='ocrx_word' id='word_1_5' title='bbox 1861 272 2228 331; x_wconf 60' lang='grc' dir='ltr'><strong>ιΝΔΤιΑΝιλΕ.</strong></span> <span class='ocrx_word' id='word_1_6' title='bbox 2261 272 2329 315; x_wconf 62' lang='lat'><strong>4—</strong></span> <span class='ocrx_word' id='word_1_7' title='bbox 2364 273 2543 329; x_wconf 81' lang='lat' dir='ltr'><strong>PARS</strong></span> <span class='ocrx_word' id='word_1_8' title='bbox 2588 272 2630 327; x_wconf 88' lang='grc'><strong>1.</strong></span> 
     </span>
    </p>
   </div>
   <div class='ocr_carea' id='block_1_3' title="bbox 3339 274 3446 334">
    <p class='ocr_par' dir='ltr' id='par_1_3' title="bbox 3339 274 3446 334">
     <span class='ocr_line' id='line_1_3' title="bbox 3339 274 3446 334; baseline 0.047 -6"><span class='ocrx_word' id='word_1_9' title='bbox 3339 274 3446 334; x_wconf 77' lang='lat' dir='ltr'><strong>HO</strong></span> 
     </span>
    </p>
   </div>
   <div class='ocr_carea' id='block_1_4' title="bbox 197 391 1755 472">
    <p class='ocr_par' dir='ltr' id='par_1_4' title="bbox 197 401 1755 472">
     <span class='ocr_line' id='line_1_4' title="bbox 197 401 1755 472; baseline -0.002 -15"><span class='ocrx_word' id='word_1_10' title='bbox 197 418 387 471; x_wconf 83' lang='lat' dir='ltr'><strong>semper</strong></span> <span class='ocrx_word' id='word_1_11' title='bbox 411 402 717 461; x_wconf 91' lang='lat' dir='ltr'><strong>discrimen</strong></span> <span class='ocrx_word' id='word_1_12' title='bbox 758 405 1007 461; x_wconf 87' lang='lat' dir='ltr'><strong>habitum</strong></span> <span class='ocrx_word' id='word_1_13' title='bbox 1036 404 1286 461; x_wconf 79' lang='lat' dir='ltr'><strong>estinter</strong></span> <span class='ocrx_word' id='word_1_14' title='bbox 1312 417 1410 459; x_wconf 88' lang='lat' dir='ltr'><strong>eos</strong></span> <span class='ocrx_word' id='word_1_15' title='bbox 1434 402 1627 468; x_wconf 88' lang='lat' dir='ltr'><strong>libros,</strong></span> <span class='ocrx_word' id='word_1_16' title='bbox 1663 401 1755 472; x_wconf 88' lang='lat' dir='ltr'><strong>qui</strong></span> 
     </span>
    </p>
   </div>
   <div class='ocr_carea' id='block_1_5' title="bbox 1861 391 3448 472">
    <p class='ocr_par' dir='ltr' id='par_1_5' title="bbox 1867 391 3448 466">
     <span class='ocr_line' id='line_1_5' title="bbox 1867 391 3448 466; baseline -0.001 -15"><span class='ocrx_word' id='word_1_17' title='bbox 1867 399 2138 466; x_wconf 73' lang='grc' dir='ltr'><strong>αρτίσας,</strong></span> <span class='ocrx_word' id='word_1_18' title='bbox 2183 397 2279 452; x_wconf 75' lang='grc' dir='ltr'><strong>καὶ</strong></span> <span class='ocrx_word' id='word_1_19' title='bbox 2331 397 2402 452; x_wconf 82' lang='grc' dir='ltr'><strong>τὰ</strong></span> <span class='ocrx_word' id='word_1_20' title='bbox 2452 393 2602 466; x_wconf 78' lang='grc' dir='ltr'><strong>ἑξῆς.</strong></span> <span class='ocrx_word' id='word_1_21' title='bbox 2668 391 2794 447; x_wconf 84' lang='grc' dir='ltr'><strong>Νοη</strong></span> <span class='ocrx_word' id='word_1_22' title='bbox 2853 402 3062 447; x_wconf 85' lang='lat' dir='ltr'><strong>tantum</strong></span> <span class='ocrx_word' id='word_1_23' title='bbox 3110 392 3253 448; x_wconf 81' lang='lat' dir='ltr'><strong>novit</strong></span> <span class='ocrx_word' id='word_1_24' title='bbox 3300 394 3448 464; x_wconf 81' lang='lat' dir='ltr'><strong>(Ire-</strong></span> 
     </span>
    </p>
   </div>
   <div class='ocr_carea' id='block_1_6' title="bbox 193 493 1758 566">
    <p class='ocr_par' dir='ltr' id='par_1_6' title="bbox 193 493 1758 566">
     <span class='ocr_line' id='line_1_6' title="bbox 193 493 1758 566; baseline -0.001 -18"><span class='ocrx_word' id='word_1_25' title='bbox 193 493 460 565; x_wconf 79' lang='lat' dir='ltr'><strong>ap0crypbi</strong></span> <span class='ocrx_word' id='word_1_26' title='bbox 490 496 850 551; x_wconf 87' lang='lat' dir='ltr'><strong>dicebantur.</strong></span> <span class='ocrx_word' id='word_1_27' title='bbox 908 495 973 551; x_wconf 86' lang='lat' dir='ltr'><strong>Et</strong></span> <span class='ocrx_word' id='word_1_28' title='bbox 1023 497 1274 566; x_wconf 83' lang='lat' dir='ltr'><strong>quamvis</strong></span> <span class='ocrx_word' id='word_1_29' title='bbox 1317 512 1423 549; x_wconf 89' lang='lat' dir='ltr'><strong>una</strong></span> <span class='ocrx_word' id='word_1_30' title='bbox 1454 494 1758 563; x_wconf 87' lang='lat' dir='ltr'><strong>eademque,</strong></span> 
     </span>
    </p>
   </div>
   <div class='ocr_carea' id='block_1_7' title="bbox 193 586 1760 660">
    <p class='ocr_par' dir='ltr' id='par_1_7' title="bbox 193 586 1760 660">
     <span class='ocr_line' id='line_1_7' title="bbox 193 586 1760 660; baseline 0.001 -22"><span class='ocrx_word' id='word_1_31' title='bbox 193 602 278 638; x_wconf 82' lang='lat' dir='ltr'><strong>uno</strong></span> <span class='ocrx_word' id='word_1_32' title='bbox 296 590 571 657; x_wconf 85' lang='lat' dir='ltr'><strong>eodemque</strong></span> <span class='ocrx_word' id='word_1_33' title='bbox 602 591 846 657; x_wconf 78' lang='lat' dir='ltr'><strong>nomine,</strong></span> <span class='ocrx_word' id='word_1_34' title='bbox 884 591 988 644; x_wconf 83' lang='lat' dir='ltr'><strong>sive</strong></span> <span class='ocrx_word' id='word_1_35' title='bbox 1033 591 1226 660; x_wconf 84' lang='lat' dir='ltr'><strong>elogio.</strong></span> <span class='ocrx_word' id='word_1_36' title='bbox 1264 589 1328 643; x_wconf 88' lang='lat' dir='ltr'><strong>de</strong></span> <span class='ocrx_word' id='word_1_37' title='bbox 1362 587 1600 644; x_wconf 86' lang='lat' dir='ltr'><strong>omnibus</strong></span> <span class='ocrx_word' id='word_1_38' title='bbox 1644 586 1760 640; x_wconf 88' lang='lat' dir='ltr'><strong>lata</strong></span> 
     </span>
    </p>
   </div>
   <div class='ocr_carea' id='block_1_8' title="bbox 187 679 1761 751">
    <p class='ocr_par' dir='ltr' id='par_1_8' title="bbox 187 679 1761 751">
     <span class='ocr_line' id='line_1_8' title="bbox 187 679 1761 751; baseline 0.001 -20"><span class='ocrx_word' id='word_1_39' title='bbox 187 679 246 732; x_wconf 84' lang='lat' dir='ltr'><strong>sit</strong></span> <span class='ocrx_word' id='word_1_40' title='bbox 271 680 538 745; x_wconf 71' lang='lat' dir='ltr'><strong>sententia,</strong></span> <span class='ocrx_word' id='word_1_41' title='bbox 570 681 719 736; x_wconf 86' lang='lat' dir='ltr'><strong>nihil</strong></span> <span class='ocrx_word' id='word_1_42' title='bbox 750 692 933 737; x_wconf 87' lang='lat' dir='ltr'><strong>tamen</strong></span> <span class='ocrx_word' id='word_1_43' title='bbox 964 698 1135 736; x_wconf 88' lang='lat' dir='ltr'><strong>unum</strong></span> <span class='ocrx_word' id='word_1_44' title='bbox 1160 691 1323 751; x_wconf 90' lang='lat' dir='ltr'><strong>atque</strong></span> <span class='ocrx_word' id='word_1_45' title='bbox 1358 680 1501 735; x_wconf 89' lang='lat' dir='ltr'><strong>idem</strong></span> <span class='ocrx_word' id='word_1_46' title='bbox 1536 679 1604 733; x_wconf 90' lang='lat' dir='ltr'><strong>de</strong></span> <span class='ocrx_word' id='word_1_47' title='bbox 1640 693 1761 733; x_wconf 90' lang='lat' dir='ltr'><strong>om-</strong></span> 
     </span>
    </p>
   </div>
   <div class='ocr_carea' id='block_1_9' title="bbox 186 772 1760 843">
    <p class='ocr_par' dir='ltr' id='par_1_9' title="bbox 186 772 1760 843">
     <span class='ocr_line' id='line_1_9' title="bbox 186 772 1760 843; baseline -0.002 -17"><span class='ocrx_word' id='word_1_48' title='bbox 186 772 327 826; x_wconf 82' lang='lat' dir='ltr'><strong>nibus</strong></span> <span class='ocrx_word' id='word_1_49' title='bbox 370 772 667 839; x_wconf 88' lang='lat' dir='ltr'><strong>asseritur,</strong></span> <span class='ocrx_word' id='word_1_50' title='bbox 732 773 844 828; x_wconf 90' lang='lat' dir='ltr'><strong>nisi</strong></span> <span class='ocrx_word' id='word_1_51' title='bbox 890 774 1033 843; x_wconf 90' lang='lat' dir='ltr'><strong>quod</strong></span> <span class='ocrx_word' id='word_1_52' title='bbox 1075 788 1265 827; x_wconf 89' lang='lat' dir='ltr'><strong>omnes</strong></span> <span class='ocrx_word' id='word_1_53' title='bbox 1296 787 1325 825; x_wconf 90' lang='lat' dir='ltr'><strong>a</strong></span> <span class='ocrx_word' id='word_1_54' title='bbox 1356 786 1516 826; x_wconf 90' lang='lat' dir='ltr'><strong>sacro</strong></span> <span class='ocrx_word' id='word_1_55' title='bbox 1545 784 1760 824; x_wconf 84' lang='lat' dir='ltr'><strong>canone</strong></span> 
     </span>
    </p>
   </div>
   <div class='ocr_carea' id='block_1_10' title="bbox 184 861 1758 934">
    <p class='ocr_par' dir='ltr' id='par_1_10' title="bbox 184 861 1758 934">
     <span class='ocr_line' id='line_1_10' title="bbox 184 861 1758 934; baseline -0.001 -17"><span class='ocrx_word' id='word_1_56' title='bbox 184 872 532 917; x_wconf 75' lang='lat' dir='ltr'><strong>removentur.</strong></span> <span class='ocrx_word' id='word_1_57' title='bbox 588 863 747 918; x_wconf 85' lang='lat' dir='ltr'><strong>Fieri</strong></span> <span class='ocrx_word' id='word_1_58' title='bbox 792 865 977 934; x_wconf 77' lang='lat' dir='ltr'><strong>itaque</strong></span> <span class='ocrx_word' id='word_1_59' title='bbox 1027 867 1224 934; x_wconf 85' lang='lat' dir='ltr'><strong>potuit,</strong></span> <span class='ocrx_word' id='word_1_60' title='bbox 1269 873 1327 917; x_wconf 92' lang='lat' dir='ltr'><strong>ut</strong></span> <span class='ocrx_word' id='word_1_61' title='bbox 1376 879 1524 917; x_wconf 90' lang='lat' dir='ltr'><strong>unus</strong></span> <span class='ocrx_word' id='word_1_62' title='bbox 1556 861 1758 931; x_wconf 85' lang='lat' dir='ltr'><strong>aliquis</strong></span> 
     </span>
    </p>
   </div>
   <div class='ocr_carea' id='block_1_11' title="bbox 183 953 1757 1026">
    <p class='ocr_par' dir='ltr' id='par_1_11' title="bbox 183 953 1757 1026">
     <span class='ocr_line' id='line_1_11' title="bbox 183 953 1757 1026; baseline -0.003 -17"><span class='ocrx_word' id='word_1_63' title='bbox 183 956 383 1024; x_wconf 76' lang='lat' dir='ltr'><strong>reliquis</strong></span> <span class='ocrx_word' id='word_1_64' title='bbox 407 955 607 1010; x_wconf 81' lang='lat' dir='ltr'><strong>melior</strong></span> <span class='ocrx_word' id='word_1_65' title='bbox 652 955 849 1023; x_wconf 81' lang='lat' dir='ltr'><strong>fuerit,</strong></span> <span class='ocrx_word' id='word_1_66' title='bbox 884 958 1133 1026; x_wconf 78' lang='lat' dir='ltr'><strong>quamvis</strong></span> <span class='ocrx_word' id='word_1_67' title='bbox 1180 957 1319 1011; x_wconf 88' lang='lat' dir='ltr'><strong>inter</strong></span> <span class='ocrx_word' id='word_1_68' title='bbox 1366 953 1757 1017; x_wconf 79' lang='grc' dir='ltr'><strong>θεοπνεύστους</strong></span> 
     </span>
    </p>
   </div>
   <div class='ocr_carea' id='block_1_12' title="bbox 181 1047 1756 1120">
    <p class='ocr_par' dir='ltr' id='par_1_12' title="bbox 181 1047 1756 1120">
     <span class='ocr_line' id='line_1_12' title="bbox 181 1047 1756 1120; baseline 0 -21"><span class='ocrx_word' id='word_1_69' title='bbox 181 1056 475 1102; x_wconf 83' lang='lat' dir='ltr'><strong>numeratus</strong></span> <span class='ocrx_word' id='word_1_70' title='bbox 523 1065 639 1103; x_wconf 80' lang='lat' dir='ltr'><strong>nun</strong></span> <span class='ocrx_word' id='word_1_71' title='bbox 707 1050 807 1105; x_wconf 85' lang='lat' dir='ltr'><strong>sit.</strong></span> <span class='ocrx_word' id='word_1_72' title='bbox 868 1048 1187 1120; x_wconf 84' lang='lat' dir='ltr'><strong>Respondeo</strong></span> <span class='ocrx_word' id='word_1_73' title='bbox 1239 1049 1502 1112; x_wconf 89' lang='lat' dir='ltr'><strong>secundo,</strong></span> <span class='ocrx_word' id='word_1_74' title='bbox 1534 1047 1756 1116; x_wconf 89' lang='lat' dir='ltr'><strong>probari</strong></span> 
     </span>
    </p>
   </div>
   <div class='ocr_carea' id='block_1_13' title="bbox 177 1139 1756 1211">
    <p class='ocr_par' dir='ltr' id='par_1_13' title="bbox 177 1139 1756 1211">
     <span class='ocr_line' id='line_1_13' title="bbox 177 1139 1756 1211; baseline 0.001 -17"><span class='ocrx_word' id='word_1_75' title='bbox 177 1140 307 1194; x_wconf 84' lang='lat' dir='ltr'><strong>nullo</strong></span> <span class='ocrx_word' id='word_1_76' title='bbox 334 1140 494 1194; x_wconf 90' lang='lat' dir='ltr'><strong>modo</strong></span> <span class='ocrx_word' id='word_1_77' title='bbox 538 1156 723 1210; x_wconf 88' lang='lat' dir='ltr'><strong>posse</strong></span> <span class='ocrx_word' id='word_1_78' title='bbox 763 1150 1046 1195; x_wconf 89' lang='lat' dir='ltr'><strong>auctorem</strong></span> <span class='ocrx_word' id='word_1_79' title='bbox 1092 1139 1480 1194; x_wconf 75' lang='lat' dir='ltr'><strong>Stichomelriw</strong></span> <span class='ocrx_word' id='word_1_80' title='bbox 1513 1140 1756 1211; x_wconf 90' lang='lat' dir='ltr'><strong>reliquos</strong></span> 
     </span>
    </p>
   </div>
   <div class='ocr_carea' id='block_1_14' title="bbox 175 1231 1755 1303">
    <p class='ocr_par' dir='ltr' id='par_1_14' title="bbox 175 1231 1755 1303">
     <span class='ocr_line' id='line_1_14' title="bbox 175 1231 1755 1303; baseline -0.001 -17"><span class='ocrx_word' id='word_1_81' title='bbox 175 1248 345 1287; x_wconf 87' lang='lat' dir='ltr'><strong>omnes</strong></span> <span class='ocrx_word' id='word_1_82' title='bbox 396 1249 500 1303; x_wconf 90' lang='lat' dir='ltr'><strong>pro</strong></span> <span class='ocrx_word' id='word_1_83' title='bbox 549 1234 850 1288; x_wconf 72' lang='lat' dir='ltr'><strong>haereticis</strong></span> <span class='ocrx_word' id='word_1_84' title='bbox 886 1242 980 1287; x_wconf 91' lang='lat' dir='ltr'><strong>aut</strong></span> <span class='ocrx_word' id='word_1_85' title='bbox 1019 1232 1159 1287; x_wconf 85' lang='lat' dir='ltr'><strong>ﬁctis</strong></span> <span class='ocrx_word' id='word_1_86' title='bbox 1198 1231 1479 1295; x_wconf 88' lang='lat' dir='ltr'><strong>habuisse,</strong></span> <span class='ocrx_word' id='word_1_87' title='bbox 1507 1240 1562 1286; x_wconf 89' lang='lat' dir='ltr'><strong>et</strong></span> <span class='ocrx_word' id='word_1_88' title='bbox 1591 1247 1622 1285; x_wconf 92' lang='lat' dir='ltr'><strong>a</strong></span> <span class='ocrx_word' id='word_1_89' title='bbox 1654 1247 1755 1302; x_wconf 88' lang='lat' dir='ltr'><strong>pu-</strong></span> 
     </span>
    </p>
   </div>
   <div class='ocr_carea' id='block_1_15' title="bbox 171 1323 1751 1394">
    <p class='ocr_par' dir='ltr' id='par_1_15' title="bbox 171 1323 1751 1394">
     <span class='ocr_line' id='line_1_15' title="bbox 171 1323 1751 1394; baseline 0 -13"><span class='ocrx_word' id='word_1_90' title='bbox 171 1326 292 1381; x_wconf 88' lang='lat' dir='ltr'><strong>blica</strong></span> <span class='ocrx_word' id='word_1_91' title='bbox 319 1324 588 1383; x_wconf 54' lang='lat' dir='ltr'><strong>Ecclesiae</strong></span> <span class='ocrx_word' id='word_1_92' title='bbox 622 1327 756 1383; x_wconf 87' lang='lat' dir='ltr'><strong>luce</strong></span> <span class='ocrx_word' id='word_1_93' title='bbox 785 1341 1067 1381; x_wconf 89' lang='lat' dir='ltr'><strong>removere</strong></span> <span class='ocrx_word' id='word_1_94' title='bbox 1097 1325 1357 1381; x_wconf 81' lang='lat' dir='ltr'><strong>voluisse.</strong></span> <span class='ocrx_word' id='word_1_95' title='bbox 1389 1323 1524 1379; x_wconf 83' lang='lat' dir='ltr'><strong>Nam</strong></span> <span class='ocrx_word' id='word_1_96' title='bbox 1549 1326 1751 1394; x_wconf 89' lang='lat' dir='ltr'><strong>primo,</strong></span> 
     </span>
    </p>
   </div>
   <div class='ocr_carea' id='block_1_16' title="bbox 172 1417 1753 1492">
    <p class='ocr_par' dir='ltr' id='par_1_16' title="bbox 172 1417 1753 1492">
     <span class='ocr_line' id='line_1_16' title="bbox 172 1417 1753 1492; baseline 0.001 -21"><span class='ocrx_word' id='word_1_97' title='bbox 172 1417 501 1486; x_wconf 79' lang='lat' dir='ltr'><strong>Nicephorus,</strong></span> <span class='ocrx_word' id='word_1_98' title='bbox 550 1420 769 1492; x_wconf 88' lang='lat' dir='ltr'><strong>inquit,</strong></span> <span class='ocrx_word' id='word_1_99' title='bbox 812 1421 1093 1489; x_wconf 78' lang='lat' dir='ltr'><strong>epistolam</strong></span> <span class='ocrx_word' id='word_1_100' title='bbox 1130 1417 1414 1489; x_wconf 83' lang='lat' dir='ltr'><strong>Polycarpi</strong></span> <span class='ocrx_word' id='word_1_101' title='bbox 1458 1420 1597 1473; x_wconf 83' lang='lat' dir='ltr'><strong>inter</strong></span> <span class='ocrx_word' id='word_1_102' title='bbox 1624 1436 1753 1489; x_wconf 84' lang='lat' dir='ltr'><strong>apo-</strong></span> 
     </span>
    </p>
   </div>
   <div class='ocr_carea' id='block_1_17' title="bbox 165 1510 1751 1583">
    <p class='ocr_par' dir='ltr' id='par_1_17' title="bbox 165 1510 1751 1583">
     <span class='ocr_line' id='line_1_17' title="bbox 165 1510 1751 1583; baseline 0.001 -20"><span class='ocrx_word' id='word_1_103' title='bbox 165 1510 341 1581; x_wconf 79' lang='lat' dir='ltr'><strong>cryplta</strong></span> <span class='ocrx_word' id='word_1_104' title='bbox 384 1512 598 1566; x_wconf 85' lang='lat' dir='ltr'><strong>nullius</strong></span> <span class='ocrx_word' id='word_1_105' title='bbox 657 1512 808 1581; x_wconf 84' lang='lat' dir='ltr'><strong>apud</strong></span> <span class='ocrx_word' id='word_1_106' title='bbox 846 1528 902 1566; x_wconf 86' lang='lat' dir='ltr'><strong>se</strong></span> <span class='ocrx_word' id='word_1_107' title='bbox 932 1512 1092 1583; x_wconf 90' lang='lat' dir='ltr'><strong>pretii</strong></span> <span class='ocrx_word' id='word_1_108' title='bbox 1116 1520 1309 1566; x_wconf 82' lang='lat' dir='ltr'><strong>censet.</strong></span> <span class='ocrx_word' id='word_1_109' title='bbox 1337 1510 1483 1566; x_wconf 88' lang='lat' dir='ltr'><strong>Inter</strong></span> <span class='ocrx_word' id='word_1_110' title='bbox 1516 1527 1751 1582; x_wconf 85' lang='lat' dir='ltr'><strong>apocry-</strong></span> 
     </span>
    </p>
   </div>
   <div class='ocr_carea' id='block_1_18' title="bbox 164 1603 1751 1675">
    <p class='ocr_par' dir='ltr' id='par_1_18' title="bbox 164 1603 1751 1675">
     <span class='ocr_line' id='line_1_18' title="bbox 164 1603 1751 1675; baseline 0.003 -20"><span class='ocrx_word' id='word_1_111' title='bbox 164 1604 255 1671; x_wconf 85' lang='lat' dir='ltr'><strong>pha</strong></span> <span class='ocrx_word' id='word_1_112' title='bbox 277 1604 496 1670; x_wconf 86' lang='lat' dir='ltr'><strong>quidem</strong></span> <span class='ocrx_word' id='word_1_113' title='bbox 531 1614 832 1671; x_wconf 92' lang='lat' dir='ltr'><strong>numerat,</strong></span> <span class='ocrx_word' id='word_1_114' title='bbox 865 1605 963 1661; x_wconf 85' lang='lat' dir='ltr'><strong>sed</strong></span> <span class='ocrx_word' id='word_1_115' title='bbox 989 1604 1148 1675; x_wconf 86' lang='lat' dir='ltr'><strong>cujus</strong></span> <span class='ocrx_word' id='word_1_116' title='bbox 1185 1604 1346 1674; x_wconf 85' lang='lat' dir='ltr'><strong>pretii</strong></span> <span class='ocrx_word' id='word_1_117' title='bbox 1377 1604 1521 1674; x_wconf 89' lang='lat' dir='ltr'><strong>apud</strong></span> <span class='ocrx_word' id='word_1_118' title='bbox 1550 1620 1609 1659; x_wconf 89' lang='lat' dir='ltr'><strong>se</strong></span> <span class='ocrx_word' id='word_1_119' title='bbox 1633 1603 1751 1660; x_wconf 80' lang='lat' dir='ltr'><strong>lue-</strong></span> 
     </span>
    </p>
   </div>
   <div class='ocr_carea' id='block_1_19' title="bbox 162 1695 1745 1767">
    <p class='ocr_par' dir='ltr' id='par_1_19' title="bbox 162 1695 1745 1767">
     <span class='ocr_line' id='line_1_19' title="bbox 162 1695 1745 1767; baseline 0.001 -19"><span class='ocrx_word' id='word_1_120' title='bbox 162 1695 239 1760; x_wconf 90' lang='lat' dir='ltr'><strong>rit,</strong></span> <span class='ocrx_word' id='word_1_121' title='bbox 266 1695 413 1749; x_wconf 87' lang='lat' dir='ltr'><strong>nullo</strong></span> <span class='ocrx_word' id='word_1_122' title='bbox 446 1696 631 1751; x_wconf 90' lang='lat' dir='ltr'><strong>modo</strong></span> <span class='ocrx_word' id='word_1_123' title='bbox 658 1696 891 1751; x_wconf 85' lang='lat' dir='ltr'><strong>indicat.</strong></span> <span class='ocrx_word' id='word_1_124' title='bbox 915 1696 983 1751; x_wconf 84' lang='lat' dir='ltr'><strong>At</strong></span> <span class='ocrx_word' id='word_1_125' title='bbox 1008 1712 1171 1751; x_wconf 91' lang='lat' dir='ltr'><strong>nemo</strong></span> <span class='ocrx_word' id='word_1_126' title='bbox 1196 1712 1437 1766; x_wconf 86' lang='lat' dir='ltr'><strong>unquam</strong></span> <span class='ocrx_word' id='word_1_127' title='bbox 1461 1695 1745 1767; x_wconf 87' lang='lat' dir='ltr'><strong>Polycarpi</strong></span> 
     </span>
    </p>
   </div>
   <div class='ocr_carea' id='block_1_20' title="bbox 1864 484 3444 557">
    <p class='ocr_par' dir='ltr' id='par_1_20' title="bbox 1864 484 3444 557">
     <span class='ocr_line' id='line_1_20' title="bbox 1864 484 3444 557; baseline -0.001 -15"><span class='ocrx_word' id='word_1_128' title='bbox 1864 494 2034 556; x_wconf 77' lang='lat' dir='ltr'><strong>meus)</strong></span> <span class='ocrx_word' id='word_1_129' title='bbox 2094 488 2184 542; x_wconf 88' lang='lat' dir='ltr'><strong>sed</strong></span> <span class='ocrx_word' id='word_1_130' title='bbox 2239 498 2289 541; x_wconf 86' lang='lat' dir='ltr'><strong>et</strong></span> <span class='ocrx_word' id='word_1_131' title='bbox 2355 488 2540 557; x_wconf 80' lang='lat' dir='ltr'><strong>recipit</strong></span> <span class='ocrx_word' id='word_1_132' title='bbox 2586 486 2832 541; x_wconf 82' lang='lat' dir='ltr'><strong>Pastoris</strong></span> <span class='ocrx_word' id='word_1_133' title='bbox 2877 486 3234 555; x_wconf 80' lang='lat' dir='ltr'><strong>scripturam,</strong></span> <span class='ocrx_word' id='word_1_134' title='bbox 3264 484 3444 540; x_wconf 84' lang='lat' dir='ltr'><strong>dicens</strong></span> 
     </span>
    </p>
   </div>
   <div class='ocr_carea' id='block_1_21' title="bbox 1863 577 3445 650">
    <p class='ocr_par' dir='ltr' id='par_1_21' title="bbox 1863 577 3445 650">
     <span class='ocr_line' id='line_1_21' title="bbox 1863 577 3445 650; baseline -0.003 -18"><span class='ocrx_word' id='word_1_135' title='bbox 1863 581 1979 650; x_wconf 87' lang='lat' dir='ltr'><strong>(lib.</strong></span> <span class='ocrx_word' id='word_1_136' title='bbox 2025 594 2099 645; x_wconf 82' lang='lat' dir='ltr'><strong>tv,</strong></span> <span class='ocrx_word' id='word_1_137' title='bbox 2136 595 2186 633; x_wconf 93' lang='lat' dir='ltr'><strong>c.</strong></span> <span class='ocrx_word' id='word_1_138' title='bbox 2224 577 2315 643; x_wconf 76' lang='lat'><strong>57,</strong></span> <span class='ocrx_word' id='word_1_139' title='bbox 2368 578 2668 633; x_wconf 91' lang='lat' dir='ltr'><strong>secundum</strong></span> <span class='ocrx_word' id='word_1_140' title='bbox 2736 578 3087 646; x_wconf 84' lang='lat' dir='ltr'><strong>interpretem</strong></span> <span class='ocrx_word' id='word_1_141' title='bbox 3131 577 3391 645; x_wconf 86' lang='lat' dir='ltr'><strong>veterem)</strong></span> <span class='ocrx_word' id='word_1_142' title='bbox 3432 593 3445 628; x_wconf 93' lang='lat'><strong>:</strong></span> 
     </span>
    </p>
   </div>
   <div class='ocr_carea' id='block_1_22' title="bbox 1878 665 3449 739">
    <p class='ocr_par' dir='ltr' id='par_1_22' title="bbox 1878 665 3449 739">
     <span class='ocr_line' id='line_1_22' title="bbox 1878 665 3449 739; baseline -0.002 -17"><span class='ocrx_word' id='word_1_143' title='bbox 1878 690 1897 722; x_wconf 76' lang='grc' dir='ltr'><strong>ι</strong></span> <span class='ocrx_word' id='word_1_144' title='bbox 1932 670 2072 724; x_wconf 84' lang='lat' dir='ltr'><strong>Bene</strong></span> <span class='ocrx_word' id='word_1_145' title='bbox 2107 685 2229 739; x_wconf 84' lang='lat' dir='ltr'><strong>ergo</strong></span> <span class='ocrx_word' id='word_1_146' title='bbox 2268 665 2547 738; x_wconf 82' lang='lat' dir='ltr'><strong>Scriptura</strong></span> <span class='ocrx_word' id='word_1_147' title='bbox 2582 669 2713 722; x_wconf 83' lang='lat' dir='ltr'><strong>dicit</strong></span> <span class='ocrx_word' id='word_1_148' title='bbox 2758 682 2780 723; x_wconf 89' lang='lat'><strong><em>:</em></strong></span> <span class='ocrx_word' id='word_1_149' title='bbox 2809 666 2995 721; x_wconf 88' lang='lat' dir='ltr'><strong>Primo</strong></span> <span class='ocrx_word' id='word_1_150' title='bbox 3035 667 3272 721; x_wconf 83' lang='lat' dir='ltr'><strong>omnium</strong></span> <span class='ocrx_word' id='word_1_151' title='bbox 3297 667 3449 720; x_wconf 77' lang='lat' dir='ltr'><strong>crede</strong></span> 
     </span>
    </p>
   </div>
   <div class='ocr_carea' id='block_1_23' title="bbox 1859 760 3449 834">
    <p class='ocr_par' dir='ltr' id='par_1_23' title="bbox 1859 760 3449 834">
     <span class='ocr_line' id='line_1_23' title="bbox 1859 760 3449 834; baseline -0.003 -18"><span class='ocrx_word' id='word_1_152' title='bbox 1859 764 2113 834; x_wconf 88' lang='lat' dir='ltr'><strong>quoniam</strong></span> <span class='ocrx_word' id='word_1_153' title='bbox 2140 778 2277 815; x_wconf 89' lang='lat' dir='ltr'><strong>unus</strong></span> <span class='ocrx_word' id='word_1_154' title='bbox 2304 770 2382 815; x_wconf 87' lang='lat' dir='ltr'><strong>est</strong></span> <span class='ocrx_word' id='word_1_155' title='bbox 2411 760 2576 826; x_wconf 82' lang='lat' dir='ltr'><strong>Deus,</strong></span> <span class='ocrx_word' id='word_1_156' title='bbox 2605 763 2694 832; x_wconf 87' lang='lat' dir='ltr'><strong>qui</strong></span> <span class='ocrx_word' id='word_1_157' title='bbox 2720 760 2901 815; x_wconf 86' lang='lat' dir='ltr'><strong>omnia</strong></span> <span class='ocrx_word' id='word_1_158' title='bbox 2938 760 3217 814; x_wconf 75' lang='lat' dir='ltr'><strong>constituit</strong></span> <span class='ocrx_word' id='word_1_159' title='bbox 3246 768 3297 813; x_wconf 85' lang='lat' dir='ltr'><strong>et</strong></span> <span class='ocrx_word' id='word_1_160' title='bbox 3322 775 3449 812; x_wconf 89' lang='lat' dir='ltr'><strong>con-</strong></span> 
     </span>
    </p>
   </div>
   <div class='ocr_carea' id='block_1_24' title="bbox 1859 850 3447 921">
    <p class='ocr_par' dir='ltr' id='par_1_24' title="bbox 1859 850 3447 921">
     <span class='ocr_line' id='line_1_24' title="bbox 1859 850 3447 921; baseline -0.003 -14"><span class='ocrx_word' id='word_1_161' title='bbox 1859 855 2167 918; x_wconf 86' lang='lat' dir='ltr'><strong>summavit,</strong></span> <span class='ocrx_word' id='word_1_162' title='bbox 2198 861 2248 906; x_wconf 89' lang='lat' dir='ltr'><strong>et</strong></span> <span class='ocrx_word' id='word_1_163' title='bbox 2295 853 2418 921; x_wconf 70' lang='lat' dir='ltr'><strong>fecit</strong></span> <span class='ocrx_word' id='word_1_164' title='bbox 2473 867 2540 906; x_wconf 77' lang='lat' dir='ltr'><strong>ea:</strong></span> <span class='ocrx_word' id='word_1_165' title='bbox 2594 866 2658 905; x_wconf 91' lang='lat' dir='ltr'><strong>eo</strong></span> <span class='ocrx_word' id='word_1_166' title='bbox 2711 850 2851 921; x_wconf 88' lang='lat' dir='ltr'><strong>quod</strong></span> <span class='ocrx_word' id='word_1_167' title='bbox 2888 866 2992 904; x_wconf 89' lang='lat' dir='ltr'><strong>non</strong></span> <span class='ocrx_word' id='word_1_168' title='bbox 3021 859 3156 913; x_wconf 88' lang='lat' dir='ltr'><strong>erat,</strong></span> <span class='ocrx_word' id='word_1_169' title='bbox 3186 859 3245 903; x_wconf 89' lang='lat' dir='ltr'><strong>ut</strong></span> <span class='ocrx_word' id='word_1_170' title='bbox 3278 860 3447 904; x_wconf 83' lang='lat' dir='ltr'><strong>essent</strong></span> 
     </span>
    </p>
   </div>
   <div class='ocr_carea' id='block_1_25' title="bbox 1860 942 3442 1013">
    <p class='ocr_par' dir='ltr' id='par_1_25' title="bbox 1860 942 3442 1013">
     <span class='ocr_line' id='line_1_25' title="bbox 1860 942 3442 1013; baseline 0 -20"><span class='ocrx_word' id='word_1_171' title='bbox 1860 945 2059 1011; x_wconf 81' lang='lat' dir='ltr'><strong>omnia,</strong></span> <span class='ocrx_word' id='word_1_172' title='bbox 2094 945 2330 997; x_wconf 89' lang='lat' dir='ltr'><strong>omnium</strong></span> <span class='ocrx_word' id='word_1_173' title='bbox 2363 958 2554 1012; x_wconf 72' lang='lat' dir='ltr'><strong>capax,</strong></span> <span class='ocrx_word' id='word_1_174' title='bbox 2588 950 2638 996; x_wconf 91' lang='lat' dir='ltr'><strong>et</strong></span> <span class='ocrx_word' id='word_1_175' title='bbox 2667 945 2757 1013; x_wconf 86' lang='lat' dir='ltr'><strong>qui</strong></span> <span class='ocrx_word' id='word_1_176' title='bbox 2798 960 2831 997; x_wconf 91' lang='lat' dir='ltr'><strong>a</strong></span> <span class='ocrx_word' id='word_1_177' title='bbox 2874 942 3078 996; x_wconf 86' lang='lat' dir='ltr'><strong>nemine</strong></span> <span class='ocrx_word' id='word_1_178' title='bbox 3116 942 3384 1011; x_wconf 88' lang='lat' dir='ltr'><strong>capiatur.</strong></span> <span class='ocrx_word' id='word_1_179' title='bbox 3423 961 3442 993; x_wconf 73' lang='grc' dir='ltr'><strong>ι</strong></span> 
     </span>
    </p>
   </div>
   <div class='ocr_carea' id='block_1_26' title="bbox 1859 1035 3446 1104">
    <p class='ocr_par' dir='ltr' id='par_1_26' title="bbox 1859 1035 3446 1104">
     <span class='ocr_line' id='line_1_26' title="bbox 1859 1035 3446 1104; baseline -0.001 -12"><span class='ocrx_word' id='word_1_180' title='bbox 1859 1035 1992 1104; x_wconf 69' lang='lat' dir='ltr'><strong>Quas</strong></span> <span class='ocrx_word' id='word_1_181' title='bbox 2022 1037 2189 1093; x_wconf 88' lang='lat' dir='ltr'><strong>verba</strong></span> <span class='ocrx_word' id='word_1_182' title='bbox 2216 1047 2437 1092; x_wconf 75' lang='lat' dir='ltr'><strong>exstant</strong></span> <span class='ocrx_word' id='word_1_183' title='bbox 2461 1035 2675 1093; x_wconf 68' lang='lat' dir='ltr'><strong>Hermae</strong></span> <span class='ocrx_word' id='word_1_184' title='bbox 2714 1037 2752 1090; x_wconf 94' lang='lat'><strong>1.</strong></span> <span class='ocrx_word' id='word_1_185' title='bbox 2789 1052 2847 1103; x_wconf 83' lang='grc' dir='ltr'><strong><em>ιι,</em></strong></span> <span class='ocrx_word' id='word_1_186' title='bbox 2891 1036 3151 1091; x_wconf 88' lang='lat' dir='ltr'><strong>mandato</strong></span> <span class='ocrx_word' id='word_1_187' title='bbox 3186 1035 3242 1101; x_wconf 80' lang='lat' dir='ltr'><strong>l,</strong></span> <span class='ocrx_word' id='word_1_188' title='bbox 3284 1035 3446 1090; x_wconf 83' lang='lat' dir='ltr'><strong>toties</strong></span> 
     </span>
    </p>
   </div>
   <div class='ocr_carea' id='block_1_27' title="bbox 1861 1124 3448 1183">
    <p class='ocr_par' dir='ltr' id='par_1_27' title="bbox 1861 1124 3448 1183">
     <span class='ocr_line' id='line_1_27' title="bbox 1861 1124 3448 1183; baseline 0 -3"><span class='ocrx_word' id='word_1_189' title='bbox 1861 1139 1975 1182; x_wconf 86' lang='lat' dir='ltr'><strong>tum</strong></span> <span class='ocrx_word' id='word_1_190' title='bbox 2012 1142 2045 1180; x_wconf 90' lang='lat' dir='ltr'><strong>a</strong></span> <span class='ocrx_word' id='word_1_191' title='bbox 2067 1126 2366 1183; x_wconf 87' lang='lat' dir='ltr'><strong>Catholicis</strong></span> <span class='ocrx_word' id='word_1_192' title='bbox 2398 1134 2514 1180; x_wconf 89' lang='lat' dir='ltr'><strong>tum</strong></span> <span class='ocrx_word' id='word_1_193' title='bbox 2543 1126 2613 1180; x_wconf 91' lang='lat' dir='ltr'><strong>ab</strong></span> <span class='ocrx_word' id='word_1_194' title='bbox 2664 1126 2933 1181; x_wconf 81' lang='lat' dir='ltr'><strong>haereticis</strong></span> <span class='ocrx_word' id='word_1_195' title='bbox 2977 1127 3159 1183; x_wconf 89' lang='lat' dir='ltr'><strong>citata.</strong></span> <span class='ocrx_word' id='word_1_196' title='bbox 3194 1124 3448 1181; x_wconf 85' lang='lat' dir='ltr'><strong>Clemens</strong></span> 
     </span>
    </p>
   </div>
   <div class='ocr_carea' id='block_1_28' title="bbox 1867 1212 3449 1286">
    <p class='ocr_par' dir='ltr' id='par_1_28' title="bbox 1867 1212 3449 1286">
     <span class='ocr_line' id='line_1_28' title="bbox 1867 1212 3449 1286; baseline -0.004 -15"><span class='ocrx_word' id='word_1_197' title='bbox 1867 1215 2272 1271; x_wconf 83' lang='lat' dir='ltr'><strong>Alexandrinus</strong></span> <span class='ocrx_word' id='word_1_198' title='bbox 2316 1213 2521 1270; x_wconf 68' lang='lat' dir='ltr'><strong>Irenaeo</strong></span> <span class='ocrx_word' id='word_1_199' title='bbox 2566 1213 2880 1286; x_wconf 82' lang='grc' dir='ltr'>σύγχρονος,</span> <span class='ocrx_word' id='word_1_200' title='bbox 2927 1212 3138 1268; x_wconf 65' lang='lat' dir='ltr'><strong>Hermas</strong></span> <span class='ocrx_word' id='word_1_201' title='bbox 3189 1212 3449 1282; x_wconf 78' lang='lat' dir='ltr'><strong>frequen-</strong></span> 
     </span>
    </p>
   </div>
   <div class='ocr_carea' id='block_1_29' title="bbox 1861 1307 3446 1379">
    <p class='ocr_par' dir='ltr' id='par_1_29' title="bbox 1861 1307 3446 1379">
     <span class='ocr_line' id='line_1_29' title="bbox 1861 1307 3446 1379; baseline -0.003 -15"><span class='ocrx_word' id='word_1_202' title='bbox 1861 1311 1989 1375; x_wconf 85' lang='lat' dir='ltr'><strong>tius,</strong></span> <span class='ocrx_word' id='word_1_203' title='bbox 2031 1324 2201 1379; x_wconf 89' lang='lat' dir='ltr'><strong>quam</strong></span> <span class='ocrx_word' id='word_1_204' title='bbox 2243 1309 2554 1379; x_wconf 89' lang='lat' dir='ltr'><strong>cujuspiam</strong></span> <span class='ocrx_word' id='word_1_205' title='bbox 2594 1308 2885 1378; x_wconf 88' lang='lat' dir='ltr'><strong>scriptoris</strong></span> <span class='ocrx_word' id='word_1_206' title='bbox 2936 1307 3295 1363; x_wconf 83' lang='lat' dir='ltr'><strong>ecclesiastici</strong></span> <span class='ocrx_word' id='word_1_207' title='bbox 3344 1321 3446 1361; x_wconf 85' lang='lat' dir='ltr'><strong>au-</strong></span> 
     </span>
    </p>
   </div>
   <div class='ocr_carea' id='block_1_30' title="bbox 1856 1398 3422 1470">
    <p class='ocr_par' dir='ltr' id='par_1_30' title="bbox 1856 1398 3422 1470">
     <span class='ocr_line' id='line_1_30' title="bbox 1856 1398 3422 1470; baseline -0.001 -16"><span class='ocrx_word' id='word_1_208' title='bbox 1856 1399 2114 1455; x_wconf 86' lang='lat' dir='ltr'><strong>ctoritate</strong></span> <span class='ocrx_word' id='word_1_209' title='bbox 2142 1400 2336 1465; x_wconf 88' lang='lat' dir='ltr'><strong>utitur,</strong></span> <span class='ocrx_word' id='word_1_210' title='bbox 2386 1414 2623 1470; x_wconf 85' lang='lat' dir='ltr'><strong>eumque</strong></span> <span class='ocrx_word' id='word_1_211' title='bbox 2660 1399 2861 1469; x_wconf 67' lang='lat' dir='ltr'><strong>smpius</strong></span> <span class='ocrx_word' id='word_1_212' title='bbox 2902 1398 3140 1469; x_wconf 79' lang='lat' dir='ltr'><strong>explicat</strong></span> <span class='ocrx_word' id='word_1_213' title='bbox 3190 1408 3244 1453; x_wconf 90' lang='lat' dir='ltr'><strong>et</strong></span> <span class='ocrx_word' id='word_1_214' title='bbox 3277 1399 3422 1453; x_wconf 87' lang='lat' dir='ltr'><strong>inter</strong></span> 
     </span>
    </p>
   </div>
   <div class='ocr_carea' id='block_1_31' title="bbox 1852 1490 3448 1562">
    <p class='ocr_par' dir='ltr' id='par_1_31' title="bbox 1852 1490 3448 1562">
     <span class='ocr_line' id='line_1_31' title="bbox 1852 1490 3448 1562; baseline 0.001 -17"><span class='ocrx_word' id='word_1_215' title='bbox 1852 1501 2122 1562; x_wconf 87' lang='lat' dir='ltr'><strong>pretatur.</strong></span> <span class='ocrx_word' id='word_1_216' title='bbox 2170 1490 2511 1547; x_wconf 85' lang='lat' dir='ltr'><strong>Sententiam</strong></span> <span class='ocrx_word' id='word_1_217' title='bbox 2544 1491 2667 1561; x_wconf 89' lang='lat' dir='ltr'><strong>ejus</strong></span> <span class='ocrx_word' id='word_1_218' title='bbox 2698 1492 2767 1561; x_wconf 85' lang='lat' dir='ltr'><strong>de</strong></span> <span class='ocrx_word' id='word_1_219' title='bbox 2810 1491 2952 1546; x_wconf 89' lang='lat' dir='ltr'><strong>libro</strong></span> <span class='ocrx_word' id='word_1_220' title='bbox 2992 1492 3113 1562; x_wconf 86' lang='lat' dir='ltr'><strong>ipso</strong></span> <span class='ocrx_word' id='word_1_221' title='bbox 3150 1492 3235 1547; x_wconf 85' lang='lat' dir='ltr'><strong>vel</strong></span> <span class='ocrx_word' id='word_1_222' title='bbox 3261 1508 3329 1547; x_wconf 82' lang='lat' dir='ltr'><strong>ex</strong></span> <span class='ocrx_word' id='word_1_223' title='bbox 3361 1491 3448 1547; x_wconf 82' lang='lat' dir='ltr'><strong>his</strong></span> 
     </span>
    </p>
   </div>
   <div class='ocr_carea' id='block_1_32' title="bbox 1851 1581 3449 1653">
    <p class='ocr_par' dir='ltr' id='par_1_32' title="bbox 1851 1581 3449 1653">
     <span class='ocr_line' id='line_1_32' title="bbox 1851 1581 3449 1653; baseline 0.001 -18"><span class='ocrx_word' id='word_1_224' title='bbox 1851 1581 1987 1637; x_wconf 91' lang='lat' dir='ltr'><strong>locis</strong></span> <span class='ocrx_word' id='word_1_225' title='bbox 2046 1582 2305 1653; x_wconf 79' lang='lat' dir='ltr'><strong>colligere</strong></span> <span class='ocrx_word' id='word_1_226' title='bbox 2355 1597 2677 1652; x_wconf 89' lang='lat' dir='ltr'><strong>possumus.</strong></span> <span class='ocrx_word' id='word_1_227' title='bbox 2724 1584 3023 1651; x_wconf 83' lang='grc' dir='ltr'><strong>Στρωματ.</strong></span> <span class='ocrx_word' id='word_1_228' title='bbox 3059 1583 3098 1637; x_wconf 94' lang='lat' dir='ltr'><strong>l.</strong></span> <span class='ocrx_word' id='word_1_229' title='bbox 3140 1598 3158 1636; x_wconf 90' lang='grc' dir='ltr'><strong>ι</strong></span> <span class='ocrx_word' id='word_1_230' title='bbox 3208 1601 3222 1638; x_wconf 89' lang='lat'><strong>:</strong></span> <span class='ocrx_word' id='word_1_231' title='bbox 3275 1582 3449 1646; x_wconf 81' lang='grc' dir='ltr'><strong>Θειως</strong></span> 
     </span>
    </p>
   </div>
   <div class='ocr_carea' id='block_1_33' title="bbox 1850 1671 3448 1744">
    <p class='ocr_par' dir='ltr' id='par_1_33' title="bbox 1850 1671 3448 1744">
     <span class='ocr_line' id='line_1_33' title="bbox 1850 1671 3448 1744; baseline 0.001 -20"><span class='ocrx_word' id='word_1_232' title='bbox 1850 1672 2027 1725; x_wconf 83' lang='grc' dir='ltr'><strong>τοίνυν</strong></span> <span class='ocrx_word' id='word_1_233' title='bbox 2061 1675 2094 1744; x_wconf 83' lang='grc' dir='ltr'><strong>ή</strong></span> <span class='ocrx_word' id='word_1_234' title='bbox 2128 1672 2354 1743; x_wconf 80' lang='grc' dir='ltr'><strong>δύναμις</strong></span> <span class='ocrx_word' id='word_1_235' title='bbox 2386 1674 2419 1743; x_wconf 74' lang='grc' dir='ltr'>ἡ</span> <span class='ocrx_word' id='word_1_236' title='bbox 2457 1671 2535 1742; x_wconf 83' lang='grc' dir='ltr'><strong>τῷ</strong></span> <span class='ocrx_word' id='word_1_237' title='bbox 2578 1673 2758 1744; x_wconf 77' lang='grc' dir='ltr'>Ἑρμᾷ</span> <span class='ocrx_word' id='word_1_238' title='bbox 2789 1672 2933 1727; x_wconf 75' lang='grc' dir='ltr'><strong>κατὰ</strong></span> <span class='ocrx_word' id='word_1_239' title='bbox 2978 1673 3321 1743; x_wconf 72' lang='grc' dir='ltr'><strong>ἀποκάλυψιν</strong></span> <span class='ocrx_word' id='word_1_240' title='bbox 3352 1672 3448 1726; x_wconf 82' lang='grc' dir='ltr'>λα·</span> 
     </span>
    </p>
   </div>
   <div class='ocr_carea' id='block_1_34' title="bbox 161 1764 1755 1864">
    <p class='ocr_par' dir='ltr' id='par_1_34' title="bbox 161 1764 1748 1859">
     <span class='ocr_line' id='line_1_34' title="bbox 161 1764 1748 1859; baseline 0.002 -17"><span class='ocrx_word' id='word_1_241' title='bbox 161 1789 424 1857; x_wconf 84' lang='lat' dir='ltr'><strong>cpistolam</strong></span> <span class='ocrx_word' id='word_1_242' title='bbox 450 1799 560 1844; x_wconf 87' lang='lat' dir='ltr'><strong>aut</strong></span> <span class='ocrx_word' id='word_1_243' title='bbox 596 1805 707 1859; x_wconf 89' lang='lat' dir='ltr'><strong>pro</strong></span> <span class='ocrx_word' id='word_1_244' title='bbox 741 1790 999 1845; x_wconf 66' lang='lat' dir='ltr'><strong>haeretica</strong></span> <span class='ocrx_word' id='word_1_245' title='bbox 1044 1798 1140 1844; x_wconf 91' lang='lat' dir='ltr'><strong>aut</strong></span> <span class='ocrx_word' id='word_1_246' title='bbox 1177 1764 1444 1859; x_wconf 45' lang='lat' dir='ltr'><strong>pro—ﬁcta</strong></span> <span class='ocrx_word' id='word_1_247' title='bbox 1490 1764 1748 1845; x_wconf 78' lang='lat' dir='ltr'><strong>habuisse</strong></span> 
     </span>
    </p>
   </div>
   <div class='ocr_carea' id='block_1_35' title="bbox 1861 1764 3448 1864">
    <p class='ocr_par' dir='ltr' id='par_1_35' title="bbox 1861 1764 3448 1836">
     <span class='ocr_line' id='line_1_35' title="bbox 1861 1764 3448 1836; baseline 0.001 -18"><span class='ocrx_word' id='word_1_248' title='bbox 1861 1764 2037 1818; x_wconf 65' lang='grc' dir='ltr'>λοῦσαο</span> <span class='ocrx_word' id='word_1_249' title='bbox 2079 1765 2157 1819; x_wconf 83' lang='grc' dir='ltr'><strong>Τὰ</strong></span> <span class='ocrx_word' id='word_1_250' title='bbox 2190 1765 2474 1833; x_wconf 80' lang='grc' dir='ltr'><strong>ὁράματα,</strong></span> <span class='ocrx_word' id='word_1_251' title='bbox 2512 1765 2667 1836; x_wconf 77' lang='grc' dir='ltr'><strong>φησὶ,</strong></span> <span class='ocrx_word' id='word_1_252' title='bbox 2703 1764 2801 1819; x_wconf 78' lang='grc' dir='ltr'><strong>καὶ</strong></span> <span class='ocrx_word' id='word_1_253' title='bbox 2836 1764 2909 1818; x_wconf 84' lang='grc' dir='ltr'><strong>τὰ</strong></span> <span class='ocrx_word' id='word_1_254' title='bbox 2935 1765 3448 1835; x_wconf 78' lang='grc' dir='ltr'><strong>ἀποκαλύμματα’</strong></span> 
     </span>
    </p>
   </div>
   <div class='ocr_carea' id='block_1_36' title="bbox 158 1876 1751 1950">
    <p class='ocr_par' dir='ltr' id='par_1_36' title="bbox 158 1876 1751 1950">
     <span class='ocr_line' id='line_1_36' title="bbox 158 1876 1751 1950; baseline 0.002 -17"><span class='ocrx_word' id='word_1_255' title='bbox 158 1880 624 1949; x_wconf 80' lang='lat' dir='ltr'><strong>deprehenditur;</strong></span> <span class='ocrx_word' id='word_1_256' title='bbox 663 1876 1017 1950; x_wconf 83' lang='lat' dir='ltr'><strong>Nicephorus</strong></span> <span class='ocrx_word' id='word_1_257' title='bbox 1056 1879 1241 1950; x_wconf 87' lang='lat' dir='ltr'><strong>itaque</strong></span> <span class='ocrx_word' id='word_1_258' title='bbox 1269 1879 1453 1935; x_wconf 73' lang='lat' dir='ltr'><strong>Dallazi</strong></span> <span class='ocrx_word' id='word_1_259' title='bbox 1494 1880 1613 1935; x_wconf 91' lang='lat' dir='ltr'><strong>sine</strong></span> <span class='ocrx_word' id='word_1_260' title='bbox 1641 1882 1751 1936; x_wconf 91' lang='lat' dir='ltr'><strong>ullo</strong></span> 
     </span>
    </p>
   </div>
   <div class='ocr_carea' id='block_1_37' title="bbox 160 1970 1752 2041">
    <p class='ocr_par' dir='ltr' id='par_1_37' title="bbox 160 1970 1752 2041">
     <span class='ocr_line' id='line_1_37' title="bbox 160 1970 1752 2041; baseline 0.004 -20"><span class='ocrx_word' id='word_1_261' title='bbox 160 1970 499 2026; x_wconf 78' lang='lat' dir='ltr'><strong>fundamento</strong></span> <span class='ocrx_word' id='word_1_262' title='bbox 543 1987 660 2041; x_wconf 85' lang='lat' dir='ltr'><strong>pro</strong></span> <span class='ocrx_word' id='word_1_263' title='bbox 724 1971 824 2025; x_wconf 91' lang='lat' dir='ltr'><strong>tali</strong></span> <span class='ocrx_word' id='word_1_264' title='bbox 859 1972 1117 2027; x_wconf 85' lang='lat' dir='ltr'><strong>habuisse</strong></span> <span class='ocrx_word' id='word_1_265' title='bbox 1139 1970 1367 2037; x_wconf 90' lang='lat' dir='ltr'><strong>dicitur;</strong></span> <span class='ocrx_word' id='word_1_266' title='bbox 1410 1979 1465 2026; x_wconf 91' lang='lat' dir='ltr'><strong>et</strong></span> <span class='ocrx_word' id='word_1_267' title='bbox 1518 1972 1752 2041; x_wconf 90' lang='lat' dir='ltr'><strong>iniquis-</strong></span> 
     </span>
    </p>
   </div>
   <div class='ocr_carea' id='block_1_38' title="bbox 156 2064 1752 2136">
    <p class='ocr_par' dir='ltr' id='par_1_38' title="bbox 156 2064 1752 2136">
     <span class='ocr_line' id='line_1_38' title="bbox 156 2064 1752 2136; baseline 0.001 -17"><span class='ocrx_word' id='word_1_268' title='bbox 156 2064 278 2119; x_wconf 86' lang='lat' dir='ltr'><strong>sime</strong></span> <span class='ocrx_word' id='word_1_269' title='bbox 302 2078 641 2133; x_wconf 84' lang='lat' dir='ltr'><strong>accusatur,</strong></span> <span class='ocrx_word' id='word_1_270' title='bbox 695 2083 765 2123; x_wconf 89' lang='lat' dir='ltr'><strong>ac</strong></span> <span class='ocrx_word' id='word_1_271' title='bbox 794 2067 844 2123; x_wconf 88' lang='lat' dir='ltr'><strong>si</strong></span> <span class='ocrx_word' id='word_1_272' title='bbox 874 2067 1104 2122; x_wconf 85' lang='lat' dir='ltr'><strong>voluerit</strong></span> <span class='ocrx_word' id='word_1_273' title='bbox 1130 2081 1250 2121; x_wconf 89' lang='lat' dir='ltr'><strong>eam</strong></span> <span class='ocrx_word' id='word_1_274' title='bbox 1279 2066 1588 2135; x_wconf 87' lang='lat' dir='ltr'><strong>epistolam,</strong></span> <span class='ocrx_word' id='word_1_275' title='bbox 1629 2082 1752 2136; x_wconf 68' lang='lat' dir='ltr'><strong>qua:</strong></span> 
     </span>
    </p>
   </div>
   <div class='ocr_carea' id='block_1_39' title="bbox 157 2156 1751 2226">
    <p class='ocr_par' dir='ltr' id='par_1_39' title="bbox 157 2156 1751 2226">
     <span class='ocr_line' id='line_1_39' title="bbox 157 2156 1751 2226; baseline 0.001 -16"><span class='ocrx_word' id='word_1_276' title='bbox 157 2165 249 2211; x_wconf 81' lang='lat' dir='ltr'><strong>tam</strong></span> <span class='ocrx_word' id='word_1_277' title='bbox 280 2156 372 2212; x_wconf 92' lang='lat' dir='ltr'><strong>diu</strong></span> <span class='ocrx_word' id='word_1_278' title='bbox 403 2160 461 2214; x_wconf 89' lang='lat' dir='ltr'><strong>in</strong></span> <span class='ocrx_word' id='word_1_279' title='bbox 506 2158 671 2214; x_wconf 67' lang='lat' dir='ltr'><strong>Asiae</strong></span> <span class='ocrx_word' id='word_1_280' title='bbox 714 2166 995 2213; x_wconf 90' lang='lat' dir='ltr'><strong>conventu</strong></span> <span class='ocrx_word' id='word_1_281' title='bbox 1046 2157 1182 2212; x_wconf 86' lang='lat' dir='ltr'><strong>lecta</strong></span> <span class='ocrx_word' id='word_1_282' title='bbox 1211 2156 1416 2221; x_wconf 77' lang='lat' dir='ltr'><strong>fuerat,</strong></span> <span class='ocrx_word' id='word_1_283' title='bbox 1458 2172 1489 2209; x_wconf 89' lang='lat' dir='ltr'><strong>a</strong></span> <span class='ocrx_word' id='word_1_284' title='bbox 1534 2156 1751 2226; x_wconf 88' lang='lat' dir='ltr'><strong>publica</strong></span> 
     </span>
    </p>
   </div>
   <div class='ocr_carea' id='block_1_40' title="bbox 155 2247 1752 2316">
    <p class='ocr_par' dir='ltr' id='par_1_40' title="bbox 155 2247 1752 2316">
     <span class='ocr_line' id='line_1_40' title="bbox 155 2247 1752 2316; baseline 0.001 -14"><span class='ocrx_word' id='word_1_285' title='bbox 155 2250 381 2304; x_wconf 88' lang='lat' dir='ltr'><strong>omnium</strong></span> <span class='ocrx_word' id='word_1_286' title='bbox 425 2249 832 2306; x_wconf 86' lang='lat' dir='ltr'><strong>Ecclesiarum</strong></span> <span class='ocrx_word' id='word_1_287' title='bbox 874 2250 993 2305; x_wconf 92' lang='lat' dir='ltr'><strong>luce</strong></span> <span class='ocrx_word' id='word_1_288' title='bbox 1024 2264 1324 2305; x_wconf 81' lang='lat' dir='ltr'><strong>removere.</strong></span> <span class='ocrx_word' id='word_1_289' title='bbox 1365 2247 1637 2316; x_wconf 89' lang='lat' dir='ltr'><strong>Secundo,</strong></span> <span class='ocrx_word' id='word_1_290' title='bbox 1671 2251 1752 2303; x_wconf 81' lang='grc' dir='ltr'><strong>Δι-</strong></span> 
     </span>
    </p>
   </div>
   <div class='ocr_carea' id='block_1_41' title="bbox 150 2340 1751 2413">
    <p class='ocr_par' dir='ltr' id='par_1_41' title="bbox 150 2340 1751 2413">
     <span class='ocr_line' id='line_1_41' title="bbox 150 2340 1751 2413; baseline 0.001 -19"><span class='ocrx_word' id='word_1_291' title='bbox 150 2340 271 2413; x_wconf 75' lang='grc' dir='ltr'>δαχὴ</span> <span class='ocrx_word' id='word_1_292' title='bbox 307 2342 705 2407; x_wconf 61' lang='grc' dir='ltr'><strong>,ἀποστ-ὅλων,</strong></span> <span class='ocrx_word' id='word_1_293' title='bbox 764 2358 1027 2397; x_wconf 79' lang='lat' dir='ltr'><strong>versuum</strong></span> <span class='ocrx_word' id='word_1_294' title='bbox 1072 2341 1198 2408; x_wconf 73' lang='lat'><strong>200,</strong></span> <span class='ocrx_word' id='word_1_295' title='bbox 1244 2341 1387 2397; x_wconf 90' lang='lat' dir='ltr'><strong>inter</strong></span> <span class='ocrx_word' id='word_1_296' title='bbox 1439 2342 1751 2413; x_wconf 83' lang='lat' dir='ltr'><strong>apocrypha</strong></span> 
     </span>
    </p>
   </div>
   <div class='ocr_carea' id='block_1_42' title="bbox 153 2435 1751 2508">
    <p class='ocr_par' dir='ltr' id='par_1_42' title="bbox 153 2435 1751 2508">
     <span class='ocr_line' id='line_1_42' title="bbox 153 2435 1751 2508; baseline 0.002 -21"><span class='ocrx_word' id='word_1_297' title='bbox 153 2445 487 2490; x_wconf 88' lang='lat' dir='ltr'><strong>numeratur.</strong></span> <span class='ocrx_word' id='word_1_298' title='bbox 524 2435 622 2490; x_wconf 79' lang='lat' dir='ltr'><strong>An</strong></span> <span class='ocrx_word' id='word_1_299' title='bbox 659 2435 837 2508; x_wconf 82' lang='lat' dir='ltr'><strong>igitur</strong></span> <span class='ocrx_word' id='word_1_300' title='bbox 882 2450 1003 2491; x_wconf 89' lang='lat' dir='ltr'><strong>eam</strong></span> <span class='ocrx_word' id='word_1_301' title='bbox 1042 2443 1302 2506; x_wconf 88' lang='lat' dir='ltr'><strong>tanquam</strong></span> <span class='ocrx_word' id='word_1_302' title='bbox 1327 2435 1579 2505; x_wconf 75' lang='lat' dir='ltr'><strong>pessimae</strong></span> <span class='ocrx_word' id='word_1_303' title='bbox 1606 2444 1751 2491; x_wconf 76' lang='lat' dir='ltr'><strong>nota:</strong></span> 
     </span>
    </p>
   </div>
   <div class='ocr_carea' id='block_1_43' title="bbox 150 2520 1752 2591">
    <p class='ocr_par' dir='ltr' id='par_1_43' title="bbox 150 2520 1752 2591">
     <span class='ocr_line' id='line_1_43' title="bbox 150 2520 1752 2591; baseline 0.002 -17"><span class='ocrx_word' id='word_1_304' title='bbox 150 2522 423 2590; x_wconf 89' lang='lat' dir='ltr'><strong>scriptum,</strong></span> <span class='ocrx_word' id='word_1_305' title='bbox 464 2522 545 2577; x_wconf 85' lang='lat' dir='ltr'><strong>ab</strong></span> <span class='ocrx_word' id='word_1_306' title='bbox 578 2520 842 2577; x_wconf 85' lang='lat' dir='ltr'><strong>Ecclesia</strong></span> <span class='ocrx_word' id='word_1_307' title='bbox 866 2522 1081 2591; x_wconf 86' lang='lat' dir='ltr'><strong>penitus</strong></span> <span class='ocrx_word' id='word_1_308' title='bbox 1106 2521 1497 2577; x_wconf 89' lang='lat' dir='ltr'><strong>eliminandam</strong></span> <span class='ocrx_word' id='word_1_309' title='bbox 1536 2523 1752 2577; x_wconf 88' lang='lat' dir='ltr'><strong>censuit</strong></span> 
     </span>
    </p>
   </div>
   <div class='ocr_carea' id='block_1_44' title="bbox 151 2612 1750 2684">
    <p class='ocr_par' dir='ltr' id='par_1_44' title="bbox 151 2612 1750 2684">
     <span class='ocr_line' id='line_1_44' title="bbox 151 2612 1750 2684; baseline 0.001 -17"><span class='ocrx_word' id='word_1_310' title='bbox 151 2612 543 2671; x_wconf 78' lang='lat' dir='ltr'><strong>Stichometria:</strong></span> <span class='ocrx_word' id='word_1_311' title='bbox 576 2615 817 2671; x_wconf 82' lang='lat' dir='ltr'><strong>auctor?</strong></span> <span class='ocrx_word' id='word_1_312' title='bbox 851 2613 1138 2681; x_wconf 85' lang='lat' dir='ltr'><strong>Quodnam</strong></span> <span class='ocrx_word' id='word_1_313' title='bbox 1171 2614 1337 2684; x_wconf 87' lang='lat' dir='ltr'><strong>hujus</strong></span> <span class='ocrx_word' id='word_1_314' title='bbox 1380 2629 1625 2669; x_wconf 76' lang='lat' dir='ltr'><strong>censura:</strong></span> <span class='ocrx_word' id='word_1_315' title='bbox 1668 2615 1750 2668; x_wconf 87' lang='lat' dir='ltr'><strong>in-</strong></span> 
     </span>
    </p>
   </div>
   <div class='ocr_carea' id='block_1_45' title="bbox 147 2706 1750 2780">
    <p class='ocr_par' dir='ltr' id='par_1_45' title="bbox 147 2706 1750 2780">
     <span class='ocr_line' id='line_1_45' title="bbox 147 2706 1750 2780; baseline 0.001 -19"><span class='ocrx_word' id='word_1_316' title='bbox 147 2708 355 2775; x_wconf 88' lang='lat' dir='ltr'><strong>dicium,</strong></span> <span class='ocrx_word' id='word_1_317' title='bbox 386 2726 530 2780; x_wconf 77' lang='lat' dir='ltr'><strong>qua:</strong></span> <span class='ocrx_word' id='word_1_318' title='bbox 557 2709 710 2763; x_wconf 86' lang='lat' dir='ltr'><strong>ratio</strong></span> <span class='ocrx_word' id='word_1_319' title='bbox 734 2707 1037 2778; x_wconf 82' lang='lat' dir='ltr'><strong>excogitari</strong></span> <span class='ocrx_word' id='word_1_320' title='bbox 1064 2707 1273 2777; x_wconf 80' lang='lat' dir='ltr'><strong>potest?</strong></span> <span class='ocrx_word' id='word_1_321' title='bbox 1291 2707 1375 2762; x_wconf 83' lang='lat' dir='ltr'><strong>Ab</strong></span> <span class='ocrx_word' id='word_1_322' title='bbox 1402 2706 1511 2762; x_wconf 89' lang='lat' dir='ltr'><strong>illis</strong></span> <span class='ocrx_word' id='word_1_323' title='bbox 1531 2723 1653 2777; x_wconf 73' lang='lat' dir='ltr'><strong>qua:</strong></span> <span class='ocrx_word' id='word_1_324' title='bbox 1681 2709 1750 2763; x_wconf 90' lang='lat' dir='ltr'><strong>ab</strong></span> 
     </span>
    </p>
   </div>
   <div class='ocr_carea' id='block_1_46' title="bbox 148 2798 1745 2870">
    <p class='ocr_par' dir='ltr' id='par_1_46' title="bbox 148 2798 1745 2870">
     <span class='ocr_line' id='line_1_46' title="bbox 148 2798 1745 2870; baseline -0.001 -13"><span class='ocrx_word' id='word_1_325' title='bbox 148 2800 414 2857; x_wconf 71' lang='lat' dir='ltr'><strong>btereticis</strong></span> <span class='ocrx_word' id='word_1_326' title='bbox 447 2804 697 2857; x_wconf 82' lang='lat' dir='ltr'><strong>conﬁcta</strong></span> <span class='ocrx_word' id='word_1_327' title='bbox 724 2810 878 2866; x_wconf 87' lang='lat' dir='ltr'><strong>sunt,</strong></span> <span class='ocrx_word' id='word_1_328' title='bbox 907 2808 1127 2870; x_wconf 90' lang='lat' dir='ltr'><strong>separat</strong></span> <span class='ocrx_word' id='word_1_329' title='bbox 1159 2799 1263 2855; x_wconf 89' lang='lat' dir='ltr'><strong>hoc</strong></span> <span class='ocrx_word' id='word_1_330' title='bbox 1288 2813 1427 2869; x_wconf 86' lang='lat' dir='ltr'><strong>Opus</strong></span> <span class='ocrx_word' id='word_1_331' title='bbox 1454 2798 1745 2855; x_wconf 89' lang='lat' dir='ltr'><strong>Eusebius.</strong></span> 
     </span>
    </p>
   </div>
   <div class='ocr_carea' id='block_1_47' title="bbox 145 2892 1750 2965">
    <p class='ocr_par' dir='ltr' id='par_1_47' title="bbox 145 2892 1750 2965">
     <span class='ocr_line' id='line_1_47' title="bbox 145 2892 1750 2965; baseline 0.001 -19"><span class='ocrx_word' id='word_1_332' title='bbox 145 2892 358 2965; x_wconf 81' lang='lat' dir='ltr'><strong>llagnus</strong></span> <span class='ocrx_word' id='word_1_333' title='bbox 397 2894 753 2950; x_wconf 78' lang='lat' dir='ltr'><strong>Athanasius</strong></span> <span class='ocrx_word' id='word_1_334' title='bbox 789 2894 846 2947; x_wconf 93' lang='lat' dir='ltr'><strong>iu</strong></span> <span class='ocrx_word' id='word_1_335' title='bbox 879 2892 1108 2962; x_wconf 91' lang='lat' dir='ltr'><strong>epistola</strong></span> <span class='ocrx_word' id='word_1_336' title='bbox 1141 2892 1464 2964; x_wconf 77' lang='grc' dir='ltr'><strong>ὲορταστικῇ</strong></span> <span class='ocrx_word' id='word_1_337' title='bbox 1499 2902 1750 2948; x_wconf 83' lang='lat' dir='ltr'><strong>numerat</strong></span> 
     </span>
    </p>
   </div>
   <div class='ocr_carea' id='block_1_48' title="bbox 146 2984 1751 3058">
    <p class='ocr_par' dir='ltr' id='par_1_48' title="bbox 146 2984 1751 3058">
     <span class='ocr_line' id='line_1_48' title="bbox 146 2984 1751 3058; baseline 0.002 -19"><span class='ocrx_word' id='word_1_338' title='bbox 146 2984 272 3042; x_wconf 85' lang='lat' dir='ltr'><strong>inter</strong></span> <span class='ocrx_word' id='word_1_339' title='bbox 291 3004 407 3044; x_wconf 87' lang='lat' dir='ltr'><strong>eos</strong></span> <span class='ocrx_word' id='word_1_340' title='bbox 438 2988 642 3053; x_wconf 85' lang='lat' dir='ltr'><strong>libros,</strong></span> <span class='ocrx_word' id='word_1_341' title='bbox 669 3001 821 3057; x_wconf 90' lang='lat' dir='ltr'><strong>quos</strong></span> <span class='ocrx_word' id='word_1_342' title='bbox 853 2984 954 3041; x_wconf 89' lang='lat' dir='ltr'><strong>SS.</strong></span> <span class='ocrx_word' id='word_1_343' title='bbox 988 2984 1178 3040; x_wconf 89' lang='lat' dir='ltr'><strong>Patres</strong></span> <span class='ocrx_word' id='word_1_344' title='bbox 1207 2987 1425 3058; x_wconf 62' lang='lat' dir='ltr'><strong>praelegi</strong></span> <span class='ocrx_word' id='word_1_345' title='bbox 1457 2987 1751 3043; x_wconf 87' lang='lat' dir='ltr'><strong>voluerunt</strong></span> 
     </span>
    </p>
   </div>
   <div class='ocr_carea' id='block_1_49' title="bbox 144 3078 1744 3149">
    <p class='ocr_par' dir='ltr' id='par_1_49' title="bbox 144 3078 1744 3149">
     <span class='ocr_line' id='line_1_49' title="bbox 144 3078 1744 3149; baseline 0.003 -16"><span class='ocrx_word' id='word_1_346' title='bbox 144 3080 591 3145; x_wconf 84' lang='lat' dir='ltr'><strong>catechumenis,</strong></span> <span class='ocrx_word' id='word_1_347' title='bbox 632 3088 695 3134; x_wconf 90' lang='lat' dir='ltr'><strong>ut</strong></span> <span class='ocrx_word' id='word_1_348' title='bbox 725 3078 859 3133; x_wconf 80' lang='lat' dir='ltr'><strong>inde</strong></span> <span class='ocrx_word' id='word_1_349' title='bbox 894 3079 1112 3148; x_wconf 89' lang='lat' dir='ltr'><strong>pietatis</strong></span> <span class='ocrx_word' id='word_1_350' title='bbox 1151 3078 1417 3134; x_wconf 87' lang='lat' dir='ltr'><strong>rationem</strong></span> <span class='ocrx_word' id='word_1_351' title='bbox 1448 3094 1744 3149; x_wconf 83' lang='lat' dir='ltr'><strong>cognosce—</strong></span> 
     </span>
    </p>
   </div>
   <div class='ocr_carea' id='block_1_50' title="bbox 144 3183 269 3228">
    <p class='ocr_par' dir='ltr' id='par_1_50' title="bbox 144 3183 269 3228">
     <span class='ocr_line' id='line_1_50' title="bbox 144 3183 269 3228; baseline 0.016 -2"><span class='ocrx_word' id='word_1_352' title='bbox 144 3183 269 3228; x_wconf 85' lang='lat' dir='ltr'><strong>rent.</strong></span> 
     </span>
    </p>
   </div>
   <div class='ocr_carea' id='block_1_51' title="bbox 205 3263 1751 3337">
    <p class='ocr_par' dir='ltr' id='par_1_51' title="bbox 205 3263 1751 3337">
     <span class='ocr_line' id='line_1_51' title="bbox 205 3263 1751 3337; baseline 0.002 -18"><span class='ocrx_word' id='word_1_353' title='bbox 205 3263 427 3335; x_wconf 79' lang='lat' dir='ltr'><strong>Tertio,</strong></span> <span class='ocrx_word' id='word_1_354' title='bbox 461 3279 726 3337; x_wconf 70' lang='lat' dir='ltr'><strong>quaenam</strong></span> <span class='ocrx_word' id='word_1_355' title='bbox 761 3263 972 3319; x_wconf 79' lang='lat' dir='ltr'><strong>iuerint</strong></span> <span class='ocrx_word' id='word_1_356' title='bbox 1009 3264 1101 3320; x_wconf 91' lang='lat' dir='ltr'><strong>illa</strong></span> <span class='ocrx_word' id='word_1_357' title='bbox 1132 3264 1497 3331; x_wconf 87' lang='lat' dir='ltr'><strong>Clementina,</strong></span> <span class='ocrx_word' id='word_1_358' title='bbox 1531 3282 1653 3336; x_wconf 75' lang='lat' dir='ltr'><strong>qua:</strong></span> <span class='ocrx_word' id='word_1_359' title='bbox 1696 3267 1751 3321; x_wconf 92' lang='lat' dir='ltr'><strong>in</strong></span> 
     </span>
    </p>
   </div>
   <div class='ocr_carea' id='block_1_52' title="bbox 146 3355 1753 3422">
    <p class='ocr_par' dir='ltr' id='par_1_52' title="bbox 146 3355 1753 3422">
     <span class='ocr_line' id='line_1_52' title="bbox 146 3355 1753 3422; baseline 0.003 -12"><span class='ocrx_word' id='word_1_360' title='bbox 146 3355 239 3412; x_wconf 87' lang='lat' dir='ltr'><strong>hoc</strong></span> <span class='ocrx_word' id='word_1_361' title='bbox 269 3357 542 3413; x_wconf 88' lang='lat' dir='ltr'><strong>ludiculo</strong></span> <span class='ocrx_word' id='word_1_362' title='bbox 575 3364 984 3422; x_wconf 87' lang='lat' dir='ltr'><strong>memorantur,</strong></span> <span class='ocrx_word' id='word_1_363' title='bbox 1020 3372 1130 3411; x_wconf 88' lang='lat' dir='ltr'><strong>non</strong></span> <span class='ocrx_word' id='word_1_364' title='bbox 1158 3358 1317 3413; x_wconf 89' lang='lat' dir='ltr'><strong>docet</strong></span> <span class='ocrx_word' id='word_1_365' title='bbox 1351 3357 1585 3415; x_wconf 69' lang='lat' dir='ltr'><strong>Dallaeus</strong></span> <span class='ocrx_word' id='word_1_366' title='bbox 1618 3375 1753 3415; x_wconf 86' lang='lat' dir='ltr'><strong>:vo-</strong></span> 
     </span>
    </p>
   </div>
   <div class='ocr_carea' id='block_1_53' title="bbox 144 3447 1751 3522">
    <p class='ocr_par' dir='ltr' id='par_1_53' title="bbox 144 3447 1751 3522">
     <span class='ocr_line' id='line_1_53' title="bbox 144 3447 1751 3522; baseline 0.001 -16"><span class='ocrx_word' id='word_1_367' title='bbox 144 3461 222 3506; x_wconf 81' lang='lat' dir='ltr'><strong>cat</strong></span> <span class='ocrx_word' id='word_1_368' title='bbox 248 3452 490 3522; x_wconf 88' lang='lat' dir='ltr'><strong>quidem</strong></span> <span class='ocrx_word' id='word_1_369' title='bbox 522 3449 715 3503; x_wconf 88' lang='lat' dir='ltr'><strong>Libros</strong></span> <span class='ocrx_word' id='word_1_370' title='bbox 767 3447 1054 3503; x_wconf 86' lang='lat' dir='ltr'><strong>Clementis</strong></span> <span class='ocrx_word' id='word_1_371' title='bbox 1093 3450 1182 3504; x_wconf 71' lang='lat'><strong>52.</strong></span> <span class='ocrx_word' id='word_1_372' title='bbox 1221 3450 1326 3507; x_wconf 85' lang='lat' dir='ltr'><strong>Sed</strong></span> <span class='ocrx_word' id='word_1_373' title='bbox 1363 3453 1587 3522; x_wconf 90' lang='lat' dir='ltr'><strong>quinam</strong></span> <span class='ocrx_word' id='word_1_374' title='bbox 1632 3451 1751 3507; x_wconf 82' lang='lat' dir='ltr'><strong>fue-</strong></span> 
     </span>
    </p>
   </div>
   <div class='ocr_carea' id='block_1_54' title="bbox 146 3540 1751 3613">
    <p class='ocr_par' dir='ltr' id='par_1_54' title="bbox 146 3540 1751 3613">
     <span class='ocr_line' id='line_1_54' title="bbox 146 3540 1751 3613; baseline 0.002 -17"><span class='ocrx_word' id='word_1_375' title='bbox 146 3544 245 3597; x_wconf 85' lang='lat' dir='ltr'><strong>rint</strong></span> <span class='ocrx_word' id='word_1_376' title='bbox 266 3544 410 3598; x_wconf 84' lang='lat' dir='ltr'><strong>libri</strong></span> <span class='ocrx_word' id='word_1_377' title='bbox 437 3542 513 3596; x_wconf 70' lang='lat'><strong>32</strong></span> <span class='ocrx_word' id='word_1_378' title='bbox 534 3543 630 3612; x_wconf 91' lang='lat' dir='ltr'><strong>qui</strong></span> <span class='ocrx_word' id='word_1_379' title='bbox 653 3540 955 3605; x_wconf 86' lang='lat' dir='ltr'><strong>Clementi,</strong></span> <span class='ocrx_word' id='word_1_380' title='bbox 980 3550 1174 3610; x_wconf 77' lang='lat' dir='ltr'><strong>przeter</strong></span> <span class='ocrx_word' id='word_1_381' title='bbox 1192 3558 1287 3599; x_wconf 91' lang='lat' dir='ltr'><strong>eos</strong></span> <span class='ocrx_word' id='word_1_382' title='bbox 1307 3545 1402 3613; x_wconf 88' lang='lat' dir='ltr'><strong>qui</strong></span> <span class='ocrx_word' id='word_1_383' title='bbox 1429 3544 1484 3598; x_wconf 91' lang='lat' dir='ltr'><strong>in</strong></span> <span class='ocrx_word' id='word_1_384' title='bbox 1506 3541 1751 3599; x_wconf 88' lang='lat' dir='ltr'><strong>lndiculo</strong></span> 
     </span>
    </p>
   </div>
   <div class='ocr_carea' id='block_1_55' title="bbox 146 3634 1749 3704">
    <p class='ocr_par' dir='ltr' id='par_1_55' title="bbox 146 3634 1749 3704">
     <span class='ocr_line' id='line_1_55' title="bbox 146 3634 1749 3704; baseline 0.003 -17"><span class='ocrx_word' id='word_1_385' title='bbox 146 3637 408 3704; x_wconf 85' lang='lat' dir='ltr'><strong>superius</strong></span> <span class='ocrx_word' id='word_1_386' title='bbox 448 3643 861 3699; x_wconf 86' lang='lat' dir='ltr'><strong>memorantur,</strong></span> <span class='ocrx_word' id='word_1_387' title='bbox 917 3634 1142 3688; x_wconf 86' lang='lat' dir='ltr'><strong>attribui</strong></span> <span class='ocrx_word' id='word_1_388' title='bbox 1178 3635 1440 3702; x_wconf 90' lang='lat' dir='ltr'><strong>solerent,</strong></span> <span class='ocrx_word' id='word_1_389' title='bbox 1488 3650 1557 3690; x_wconf 90' lang='lat' dir='ltr'><strong>ne</strong></span> <span class='ocrx_word' id='word_1_390' title='bbox 1584 3635 1749 3692; x_wconf 79' lang='lat' dir='ltr'><strong>fando</strong></span> 
     </span>
    </p>
   </div>
   <div class='ocr_carea' id='block_1_56' title="bbox 146 3724 1749 3799">
    <p class='ocr_par' dir='ltr' id='par_1_56' title="bbox 146 3724 1749 3799">
     <span class='ocr_line' id='line_1_56' title="bbox 146 3724 1749 3799; baseline 0 -18"><span class='ocrx_word' id='word_1_391' title='bbox 146 3729 444 3799; x_wconf 78' lang='lat' dir='ltr'><strong>quisquam</strong></span> <span class='ocrx_word' id='word_1_392' title='bbox 476 3727 661 3781; x_wconf 87' lang='lat' dir='ltr'><strong>adhuc</strong></span> <span class='ocrx_word' id='word_1_393' title='bbox 695 3725 929 3780; x_wconf 82' lang='lat' dir='ltr'><strong>audivit.</strong></span> <span class='ocrx_word' id='word_1_394' title='bbox 980 3724 1122 3792; x_wconf 85' lang='lat' dir='ltr'><strong>Quid</strong></span> <span class='ocrx_word' id='word_1_395' title='bbox 1174 3724 1339 3799; x_wconf 80' lang='lat' dir='ltr'><strong>igitur</strong></span> <span class='ocrx_word' id='word_1_396' title='bbox 1395 3730 1441 3782; x_wconf 88' lang='lat' dir='ltr'><strong>si</strong></span> <span class='ocrx_word' id='word_1_397' title='bbox 1481 3743 1580 3797; x_wconf 85' lang='lat' dir='ltr'><strong>pro</strong></span> <span class='ocrx_word' id='word_1_398' title='bbox 1624 3730 1669 3781; x_wconf 85' lang='lat' dir='ltr'><strong>A</strong></span> <span class='ocrx_word' id='word_1_399' title='bbox 1707 3728 1749 3781; x_wconf 91' lang='grc' dir='ltr'><strong>Β</strong></span> 
     </span>
    </p>
   </div>
   <div class='ocr_carea' id='block_1_57' title="bbox 147 3818 1749 3890">
    <p class='ocr_par' dir='ltr' id='par_1_57' title="bbox 147 3818 1749 3890">
     <span class='ocr_line' id='line_1_57' title="bbox 147 3818 1749 3890; baseline 0 -16"><span class='ocrx_word' id='word_1_400' title='bbox 147 3818 398 3890; x_wconf 77' lang='lat' dir='ltr'><strong>legamus</strong></span> <span class='ocrx_word' id='word_1_401' title='bbox 424 3820 473 3873; x_wconf 82' lang='lat' dir='ltr'><strong>A</strong></span> <span class='ocrx_word' id='word_1_402' title='bbox 496 3818 538 3871; x_wconf 88' lang='grc' dir='ltr'>Β</span> <span class='ocrx_word' id='word_1_403' title='bbox 571 3818 639 3889; x_wconf 84' lang='grc' dir='ltr'><strong>(Λ</strong></span> <span class='ocrx_word' id='word_1_404' title='bbox 664 3820 820 3874; x_wconf 88' lang='lat' dir='ltr'><strong>enim</strong></span> <span class='ocrx_word' id='word_1_405' title='bbox 848 3827 904 3873; x_wconf 91' lang='lat' dir='ltr'><strong>et</strong></span> <span class='ocrx_word' id='word_1_406' title='bbox 938 3819 985 3870; x_wconf 83' lang='grc' dir='ltr'><strong>Α</strong></span> <span class='ocrx_word' id='word_1_407' title='bbox 1013 3834 1155 3887; x_wconf 69' lang='lat' dir='ltr'><strong>smpe</strong></span> <span class='ocrx_word' id='word_1_408' title='bbox 1198 3819 1255 3873; x_wconf 90' lang='lat' dir='ltr'><strong>in</strong></span> <span class='ocrx_word' id='word_1_409' title='bbox 1311 3836 1445 3874; x_wconf 87' lang='lat' dir='ltr'><strong>mss.</strong></span> <span class='ocrx_word' id='word_1_410' title='bbox 1515 3819 1749 3875; x_wconf 82' lang='lat' dir='ltr'><strong>confun-</strong></span> 
     </span>
    </p>
   </div>
   <div class='ocr_carea' id='block_1_58' title="bbox 146 3910 1748 3983">
    <p class='ocr_par' dir='ltr' id='par_1_58' title="bbox 146 3910 1748 3983">
     <span class='ocr_line' id='line_1_58' title="bbox 146 3910 1748 3983; baseline 0.001 -19"><span class='ocrx_word' id='word_1_411' title='bbox 146 3912 405 3981; x_wconf 81' lang='lat' dir='ltr'><strong>duntur),</strong></span> <span class='ocrx_word' id='word_1_412' title='bbox 440 3923 500 3967; x_wconf 87' lang='lat' dir='ltr'><strong>et</strong></span> <span class='ocrx_word' id='word_1_413' title='bbox 532 3913 672 3966; x_wconf 91' lang='lat' dir='ltr'><strong>duas</strong></span> <span class='ocrx_word' id='word_1_414' title='bbox 710 3910 1015 3965; x_wconf 84' lang='lat' dir='ltr'><strong>Clementis</strong></span> <span class='ocrx_word' id='word_1_415' title='bbox 1053 3911 1312 3981; x_wconf 87' lang='lat' dir='ltr'><strong>epistolas</strong></span> <span class='ocrx_word' id='word_1_416' title='bbox 1344 3911 1748 3983; x_wconf 83' lang='lat' dir='ltr'><strong>intelligamus?</strong></span> 
     </span>
    </p>
   </div>
   <div class='ocr_carea' id='block_1_59' title="bbox 147 4002 1748 4075">
    <p class='ocr_par' dir='ltr' id='par_1_59' title="bbox 147 4002 1748 4075">
     <span class='ocr_line' id='line_1_59' title="bbox 147 4002 1748 4075; baseline 0.003 -19"><span class='ocrx_word' id='word_1_417' title='bbox 147 4012 270 4059; x_wconf 87' lang='lat' dir='ltr'><strong>tunc</strong></span> <span class='ocrx_word' id='word_1_418' title='bbox 299 4005 459 4059; x_wconf 88' lang='lat' dir='ltr'><strong>enim</strong></span> <span class='ocrx_word' id='word_1_419' title='bbox 493 4014 550 4059; x_wconf 90' lang='lat' dir='ltr'><strong>et</strong></span> <span class='ocrx_word' id='word_1_420' title='bbox 575 4020 773 4060; x_wconf 82' lang='lat' dir='ltr'><strong>versus</strong></span> <span class='ocrx_word' id='word_1_421' title='bbox 805 4002 974 4071; x_wconf 65' lang='lat'><strong>9,600</strong></span> <span class='ocrx_word' id='word_1_422' title='bbox 1009 4004 1116 4059; x_wconf 90' lang='lat' dir='ltr'><strong>illis</strong></span> <span class='ocrx_word' id='word_1_423' title='bbox 1154 4005 1288 4059; x_wconf 90' lang='lat' dir='ltr'><strong>satis</strong></span> <span class='ocrx_word' id='word_1_424' title='bbox 1323 4005 1460 4060; x_wconf 89' lang='lat' dir='ltr'><strong>bene</strong></span> <span class='ocrx_word' id='word_1_425' title='bbox 1509 4006 1748 4075; x_wconf 85' lang='lat' dir='ltr'><strong>quadra-</strong></span> 
     </span>
    </p>
   </div>
   <div class='ocr_carea' id='block_1_60' title="bbox 148 4095 1747 4168">
    <p class='ocr_par' dir='ltr' id='par_1_60' title="bbox 148 4095 1747 4168">
     <span class='ocr_line' id='line_1_60' title="bbox 148 4095 1747 4168; baseline 0.003 -20"><span class='ocrx_word' id='word_1_426' title='bbox 148 4095 283 4151; x_wconf 90' lang='lat' dir='ltr'><strong>bunt</strong></span> <span class='ocrx_word' id='word_1_427' title='bbox 321 4097 479 4167; x_wconf 78' lang='lat' dir='ltr'><strong>(nam</strong></span> <span class='ocrx_word' id='word_1_428' title='bbox 514 4106 811 4166; x_wconf 85' lang='lat' dir='ltr'><strong>utramque</strong></span> <span class='ocrx_word' id='word_1_429' title='bbox 854 4096 1020 4151; x_wconf 91' lang='lat' dir='ltr'><strong>simul</strong></span> <span class='ocrx_word' id='word_1_430' title='bbox 1051 4108 1326 4167; x_wconf 87' lang='lat' dir='ltr'><strong>sumptam</strong></span> <span class='ocrx_word' id='word_1_431' title='bbox 1363 4114 1487 4153; x_wconf 90' lang='lat' dir='ltr'><strong>cum</strong></span> <span class='ocrx_word' id='word_1_432' title='bbox 1515 4099 1631 4168; x_wconf 83' lang='lat' dir='ltr'><strong>jam</strong></span> <span class='ocrx_word' id='word_1_433' title='bbox 1661 4099 1747 4153; x_wconf 92' lang='lat' dir='ltr'><strong>in-</strong></span> 
     </span>
    </p>
   </div>
   <div class='ocr_carea' id='block_1_61' title="bbox 148 4188 1746 4262">
    <p class='ocr_par' dir='ltr' id='par_1_61' title="bbox 148 4188 1746 4262">
     <span class='ocr_line' id='line_1_61' title="bbox 148 4188 1746 4262; baseline 0.003 -19"><span class='ocrx_word' id='word_1_434' title='bbox 148 4199 315 4262; x_wconf 76' lang='lat' dir='ltr'><strong>tegrae</strong></span> <span class='ocrx_word' id='word_1_435' title='bbox 342 4203 554 4257; x_wconf 86' lang='lat' dir='ltr'><strong>essent,</strong></span> <span class='ocrx_word' id='word_1_436' title='bbox 586 4205 845 4261; x_wconf 68' lang='lat' dir='ltr'><strong>aequasse</strong></span> <span class='ocrx_word' id='word_1_437' title='bbox 882 4188 1234 4262; x_wconf 83' lang='lat' dir='ltr'><strong>Evangelium</strong></span> <span class='ocrx_word' id='word_1_438' title='bbox 1286 4192 1591 4247; x_wconf 89' lang='lat' dir='ltr'><strong>secundum</strong></span> <span class='ocrx_word' id='word_1_439' title='bbox 1644 4192 1746 4246; x_wconf 86' lang='lat' dir='ltr'><strong>Lu-</strong></span> 
     </span>
    </p>
   </div>
   <div class='ocr_carea' id='block_1_62' title="bbox 146 4284 1744 4357">
    <p class='ocr_par' dir='ltr' id='par_1_62' title="bbox 146 4284 1744 4357">
     <span class='ocr_line' id='line_1_62' title="bbox 146 4284 1744 4357; baseline 0.003 -19"><span class='ocrx_word' id='word_1_440' title='bbox 146 4300 296 4352; x_wconf 85' lang='lat' dir='ltr'><strong>cam,</strong></span> <span class='ocrx_word' id='word_1_441' title='bbox 321 4286 413 4340; x_wconf 91' lang='lat' dir='ltr'><strong>cui</strong></span> <span class='ocrx_word' id='word_1_442' title='bbox 457 4287 687 4341; x_wconf 76' lang='lat' dir='ltr'><strong>totidem</strong></span> <span class='ocrx_word' id='word_1_443' title='bbox 725 4284 894 4356; x_wconf 87' lang='lat' dir='ltr'><strong>plane</strong></span> <span class='ocrx_word' id='word_1_444' title='bbox 929 4301 1120 4341; x_wconf 86' lang='lat' dir='ltr'><strong>versus</strong></span> <span class='ocrx_word' id='word_1_445' title='bbox 1159 4285 1535 4354; x_wconf 88' lang='lat' dir='ltr'><strong>ascribuntur,</strong></span> <span class='ocrx_word' id='word_1_446' title='bbox 1563 4287 1744 4357; x_wconf 85' lang='lat' dir='ltr'><strong>quivis</strong></span> 
     </span>
    </p>
   </div>
   <div class='ocr_carea' id='block_1_63' title="bbox 146 4377 1744 4449">
    <p class='ocr_par' dir='ltr' id='par_1_63' title="bbox 146 4377 1744 4449">
     <span class='ocr_line' id='line_1_63' title="bbox 146 4377 1744 4449; baseline 0.001 -17"><span class='ocrx_word' id='word_1_447' title='bbox 146 4379 460 4449; x_wconf 84' lang='lat' dir='ltr'><strong>concedet),</strong></span> <span class='ocrx_word' id='word_1_448' title='bbox 492 4389 547 4433; x_wconf 84' lang='lat' dir='ltr'><strong>et</strong></span> <span class='ocrx_word' id='word_1_449' title='bbox 573 4379 882 4449; x_wconf 80' lang='lat' dir='ltr'><strong>genuinum</strong></span> <span class='ocrx_word' id='word_1_450' title='bbox 920 4377 1214 4432; x_wconf 88' lang='lat' dir='ltr'><strong>Clementis</strong></span> <span class='ocrx_word' id='word_1_451' title='bbox 1269 4393 1407 4448; x_wconf 91' lang='lat' dir='ltr'><strong>opus</strong></span> <span class='ocrx_word' id='word_1_452' title='bbox 1450 4377 1744 4448; x_wconf 78' lang='lat' dir='ltr'><strong>lgnatiaais</strong></span> 
     </span>
    </p>
   </div>
   <div class='ocr_carea' id='block_1_64' title="bbox 144 4471 1741 4543">
    <p class='ocr_par' dir='ltr' id='par_1_64' title="bbox 144 4471 1741 4543">
     <span class='ocr_line' id='line_1_64' title="bbox 144 4471 1741 4543; baseline 0.002 -18"><span class='ocrx_word' id='word_1_453' title='bbox 144 4472 471 4540; x_wconf 82' lang='lat' dir='ltr'><strong>adjunctum</strong></span> <span class='ocrx_word' id='word_1_454' title='bbox 532 4473 890 4536; x_wconf 88' lang='lat' dir='ltr'><strong>habebimus,</strong></span> <span class='ocrx_word' id='word_1_455' title='bbox 942 4471 1087 4541; x_wconf 91' lang='lat' dir='ltr'><strong>quod</strong></span> <span class='ocrx_word' id='word_1_456' title='bbox 1127 4488 1191 4526; x_wconf 88' lang='lat' dir='ltr'><strong>ea</strong></span> <span class='ocrx_word' id='word_1_457' title='bbox 1237 4473 1495 4541; x_wconf 88' lang='lat' dir='ltr'><strong>paritera</strong></span> <span class='ocrx_word' id='word_1_458' title='bbox 1541 4489 1741 4543; x_wconf 85' lang='lat' dir='ltr'><strong>suppo-</strong></span> 
     </span>
    </p>
   </div>
   <div class='ocr_carea' id='block_1_65' title="bbox 145 4651 1741 4728">
    <p class='ocr_par' dir='ltr' id='par_1_65' title="bbox 145 4651 1741 4728">
     <span class='ocr_line' id='line_1_65' title="bbox 145 4651 1741 4728; baseline 0.004 -20"><span class='ocrx_word' id='word_1_459' title='bbox 145 4651 448 4723; x_wconf 72' lang='lat' dir='ltr'><strong>lgnatianis</strong></span> <span class='ocrx_word' id='word_1_460' title='bbox 508 4657 857 4720; x_wconf 84' lang='lat' dir='ltr'><strong>nominetur,</strong></span> <span class='ocrx_word' id='word_1_461' title='bbox 914 4657 1103 4726; x_wconf 77' lang='lat' dir='ltr'><strong>negari</strong></span> <span class='ocrx_word' id='word_1_462' title='bbox 1153 4674 1263 4713; x_wconf 89' lang='lat' dir='ltr'><strong>non</strong></span> <span class='ocrx_word' id='word_1_463' title='bbox 1313 4672 1474 4727; x_wconf 89' lang='lat' dir='ltr'><strong>posse</strong></span> <span class='ocrx_word' id='word_1_464' title='bbox 1516 4660 1741 4728; x_wconf 88' lang='lat' dir='ltr'><strong>volunt,</strong></span> 
     </span>
    </p>
   </div>
   <div class='ocr_carea' id='block_1_66' title="bbox 147 4748 1743 4825">
    <p class='ocr_par' dir='ltr' id='par_1_66' title="bbox 147 4748 1743 4825">
     <span class='ocr_line' id='line_1_66' title="bbox 147 4748 1743 4825; baseline 0.006 -26"><span class='ocrx_word' id='word_1_465' title='bbox 147 4748 286 4815; x_wconf 78' lang='lat' dir='ltr'><strong>quin</strong></span> <span class='ocrx_word' id='word_1_466' title='bbox 314 4749 652 4820; x_wconf 75' lang='lat' dir='ltr'><strong>Nicephorus</strong></span> <span class='ocrx_word' id='word_1_467' title='bbox 688 4750 881 4804; x_wconf 88' lang='lat' dir='ltr'><strong>eadem</strong></span> <span class='ocrx_word' id='word_1_468' title='bbox 910 4750 1154 4805; x_wconf 75' lang='lat' dir='ltr'><strong>habuerit</strong></span> <span class='ocrx_word' id='word_1_469' title='bbox 1181 4769 1277 4822; x_wconf 83' lang='lat' dir='ltr'><strong>pro</strong></span> <span class='ocrx_word' id='word_1_470' title='bbox 1301 4754 1477 4822; x_wconf 85' lang='lat' dir='ltr'><strong>falsis,</strong></span> <span class='ocrx_word' id='word_1_471' title='bbox 1511 4755 1743 4825; x_wconf 84' lang='lat' dir='ltr'><strong>adeoque</strong></span> 
     </span>
    </p>
   </div>
   <div class='ocr_carea' id='block_1_67' title="bbox 150 4838 1746 4919">
    <p class='ocr_par' dir='ltr' id='par_1_67' title="bbox 150 4838 1746 4919">
     <span class='ocr_line' id='line_1_67' title="bbox 150 4838 1746 4919; baseline 0.007 -29"><span class='ocrx_word' id='word_1_472' title='bbox 150 4838 289 4905; x_wconf 69' lang='lat' dir='ltr'><strong>ﬁctis</strong></span> <span class='ocrx_word' id='word_1_473' title='bbox 342 4853 393 4895; x_wconf 87' lang='lat' dir='ltr'><strong>et</strong></span> <span class='ocrx_word' id='word_1_474' title='bbox 444 4843 673 4911; x_wconf 86' lang='lat' dir='ltr'><strong>spuriis.</strong></span> <span class='ocrx_word' id='word_1_475' title='bbox 723 4841 841 4896; x_wconf 88' lang='lat' dir='ltr'><strong>lmo</strong></span> <span class='ocrx_word' id='word_1_476' title='bbox 869 4857 999 4897; x_wconf 89' lang='lat' dir='ltr'><strong>vero</strong></span> <span class='ocrx_word' id='word_1_477' title='bbox 1036 4844 1141 4898; x_wconf 88' lang='lat' dir='ltr'><strong>hoc</strong></span> <span class='ocrx_word' id='word_1_478' title='bbox 1185 4846 1371 4914; x_wconf 82' lang='lat' dir='ltr'><strong>negari</strong></span> <span class='ocrx_word' id='word_1_479' title='bbox 1414 4847 1579 4917; x_wconf 89' lang='lat' dir='ltr'><strong>idque</strong></span> <span class='ocrx_word' id='word_1_480' title='bbox 1620 4863 1746 4919; x_wconf 78' lang='lat' dir='ltr'><strong>jure</strong></span> 
     </span>
    </p>
   </div>
   <div class='ocr_carea' id='block_1_68' title="bbox 150 4926 1747 5012">
    <p class='ocr_par' dir='ltr' id='par_1_68' title="bbox 150 4926 1747 5012">
     <span class='ocr_line' id='line_1_68' title="bbox 150 4926 1747 5012; baseline 0.008 -29"><span class='ocrx_word' id='word_1_481' title='bbox 150 4932 355 5000; x_wconf 80' lang='lat' dir='ltr'><strong>Optimo</strong></span> <span class='ocrx_word' id='word_1_482' title='bbox 375 4945 580 5006; x_wconf 84' lang='lat' dir='ltr'><strong>potest.</strong></span> <span class='ocrx_word' id='word_1_483' title='bbox 603 4937 651 4991; x_wconf 89' lang='lat' dir='ltr'><strong>si</strong></span> <span class='ocrx_word' id='word_1_484' title='bbox 669 4936 1178 5007; x_wconf 73' lang='lat' dir='ltr'><strong>vetustissimorum</strong></span> <span class='ocrx_word' id='word_1_485' title='bbox 1194 4926 1747 5012; x_wconf 87' lang='lat' dir='ltr'><strong>doctissimorumque</strong></span> 
     </span>
    </p>
   </div>
   <div class='ocr_carea' id='block_1_69' title="bbox 126 5022 1742 5103">
    <p class='ocr_par' dir='ltr' id='par_1_69' title="bbox 126 5022 1742 5103">
     <span class='ocr_line' id='line_1_69' title="bbox 126 5022 1742 5103; baseline 0.01 -28"><span class='ocrx_word' id='word_1_486' title='bbox 126 5022 204 5103; x_wconf 28' lang='lat' dir='ltr'><strong>ain</strong></span> <span class='ocrx_word' id='word_1_487' title='bbox 240 5025 483 5085; x_wconf 87' lang='lat' dir='ltr'><strong>Ecclesia</strong></span> <span class='ocrx_word' id='word_1_488' title='bbox 514 5031 865 5100; x_wconf 87' lang='lat' dir='ltr'><strong>scriptorum</strong></span> <span class='ocrx_word' id='word_1_489' title='bbox 899 5031 1183 5085; x_wconf 64' lang='lat' dir='ltr'><strong>sententiae</strong></span> <span class='ocrx_word' id='word_1_490' title='bbox 1211 5033 1742 5103; x_wconf 83' lang='lat' dir='ltr'><strong>animadvertantur,</strong></span> 
     </span>
    </p>
   </div>
   <div class='ocr_carea' id='block_1_70' title="bbox 128 5108 1747 5196">
    <p class='ocr_par' dir='ltr' id='par_1_70' title="bbox 128 5108 1747 5196">
     <span class='ocr_line' id='line_1_70' title="bbox 128 5108 1747 5196; baseline 0.007 -26"><span class='ocrx_word' id='word_1_491' title='bbox 128 5108 284 5196; x_wconf 42' lang='lat' dir='ltr'><strong>&#39;4quos</strong></span> <span class='ocrx_word' id='word_1_492' title='bbox 310 5132 567 5177; x_wconf 86' lang='lat' dir='ltr'><strong>secutum</strong></span> <span class='ocrx_word' id='word_1_493' title='bbox 593 5121 776 5179; x_wconf 80' lang='lat' dir='ltr'><strong>fuisse</strong></span> <span class='ocrx_word' id='word_1_494' title='bbox 803 5129 1088 5176; x_wconf 87' lang='lat' dir='ltr'><strong>auctorem</strong></span> <span class='ocrx_word' id='word_1_495' title='bbox 1119 5120 1510 5181; x_wconf 73' lang='lat' dir='ltr'><strong>Stichometriaz</strong></span> <span class='ocrx_word' id='word_1_496' title='bbox 1538 5142 1638 5196; x_wconf 91' lang='lat' dir='ltr'><strong>par</strong></span> <span class='ocrx_word' id='word_1_497' title='bbox 1660 5135 1747 5183; x_wconf 86' lang='lat' dir='ltr'><strong>est</strong></span> 
     </span>
    </p>
   </div>
   <div class='ocr_carea' id='block_1_71' title="bbox 150 5217 383 5272">
    <p class='ocr_par' dir='ltr' id='par_1_71' title="bbox 150 5217 383 5272">
     <span class='ocr_line' id='line_1_71' title="bbox 150 5217 383 5272; baseline 0.03 -7"><span class='ocrx_word' id='word_1_498' title='bbox 150 5217 383 5272; x_wconf 85' lang='lat' dir='ltr'><strong>credere.</strong></span> 
     </span>
    </p>
   </div>
   <div class='ocr_carea' id='block_1_72' title="bbox 213 5308 1742 5381">
    <p class='ocr_par' dir='ltr' id='par_1_72' title="bbox 213 5308 1742 5381">
     <span class='ocr_line' id='line_1_72' title="bbox 213 5308 1742 5381; baseline 0.004 -18"><span class='ocrx_word' id='word_1_499' title='bbox 213 5308 345 5375; x_wconf 69' lang='lat' dir='ltr'><strong>Quae</strong></span> <span class='ocrx_word' id='word_1_500' title='bbox 368 5311 537 5369; x_wconf 72' lang='lat' dir='ltr'><strong>fuerit</strong></span> <span class='ocrx_word' id='word_1_501' title='bbox 565 5310 627 5367; x_wconf 90' lang='lat' dir='ltr'><strong>S.</strong></span> <span class='ocrx_word' id='word_1_502' title='bbox 676 5309 877 5365; x_wconf 70' lang='lat' dir='ltr'><strong>lraanei</strong></span> <span class='ocrx_word' id='word_1_503' title='bbox 919 5310 987 5365; x_wconf 90' lang='lat' dir='ltr'><strong>de</strong></span> <span class='ocrx_word' id='word_1_504' title='bbox 1029 5308 1243 5366; x_wconf 77' lang='lat' dir='ltr'><strong>Herma:</strong></span> <span class='ocrx_word' id='word_1_505' title='bbox 1270 5311 1413 5367; x_wconf 88' lang='lat' dir='ltr'><strong>libro</strong></span> <span class='ocrx_word' id='word_1_506' title='bbox 1445 5316 1742 5381; x_wconf 88' lang='lat' dir='ltr'><strong>sententia,</strong></span> 
     </span>
    </p>
   </div>
   <div class='ocr_carea' id='block_1_73' title="bbox 147 5400 1742 5477">
    <p class='ocr_par' dir='ltr' id='par_1_73' title="bbox 147 5400 1742 5477">
     <span class='ocr_line' id='line_1_73' title="bbox 147 5400 1742 5477; baseline 0.004 -22"><span class='ocrx_word' id='word_1_507' title='bbox 147 5400 211 5456; x_wconf 84' lang='lat' dir='ltr'><strong>ab</strong></span> <span class='ocrx_word' id='word_1_508' title='bbox 244 5404 481 5463; x_wconf 85' lang='lat' dir='ltr'><strong>Eusebio</strong></span> <span class='ocrx_word' id='word_1_509' title='bbox 535 5408 910 5463; x_wconf 85' lang='lat' dir='ltr'><strong>observatum</strong></span> <span class='ocrx_word' id='word_1_510' title='bbox 953 5414 1055 5472; x_wconf 87' lang='lat' dir='ltr'><strong>est,</strong></span> <span class='ocrx_word' id='word_1_511' title='bbox 1101 5405 1244 5460; x_wconf 78' lang='lat' dir='ltr'><strong>Hist.</strong></span> <span class='ocrx_word' id='word_1_512' title='bbox 1277 5408 1460 5463; x_wconf 88' lang='lat' dir='ltr'><strong>eccles.</strong></span> <span class='ocrx_word' id='word_1_513' title='bbox 1529 5410 1567 5466; x_wconf 92' lang='grc' dir='ltr'><strong>Ι.</strong></span> <span class='ocrx_word' id='word_1_514' title='bbox 1602 5426 1655 5477; x_wconf 90' lang='lat' dir='ltr'><strong>v,</strong></span> <span class='ocrx_word' id='word_1_515' title='bbox 1689 5424 1742 5463; x_wconf 93' lang='lat' dir='ltr'><strong>c.</strong></span> 
     </span>
    </p>
   </div>
   <div class='ocr_carea' id='block_1_74' title="bbox 141 5492 1743 5574">
    <p class='ocr_par' dir='ltr' id='par_1_74' title="bbox 141 5492 1743 5574">
     <span class='ocr_line' id='line_1_74' title="bbox 141 5492 1743 5574; baseline 0.004 -26"><span class='ocrx_word' id='word_1_516' title='bbox 141 5492 173 5546; x_wconf 86' lang='lat'><strong>8</strong></span> <span class='ocrx_word' id='word_1_517' title='bbox 200 5514 214 5548; x_wconf 88' lang='lat'><strong>:</strong></span> <span class='ocrx_word' id='word_1_518' title='bbox 248 5500 323 5551; x_wconf 80' lang='grc' dir='ltr'><strong>Οὐ</strong></span> <span class='ocrx_word' id='word_1_519' title='bbox 361 5503 525 5571; x_wconf 86' lang='grc' dir='ltr'>μόνον</span> <span class='ocrx_word' id='word_1_520' title='bbox 559 5501 619 5555; x_wconf 83' lang='grc' dir='ltr'><strong>δὲ</strong></span> <span class='ocrx_word' id='word_1_521' title='bbox 656 5496 832 5564; x_wconf 73' lang='grc' dir='ltr'><strong>οἶδεν,</strong></span> <span class='ocrx_word' id='word_1_522' title='bbox 869 5497 1001 5551; x_wconf 77' lang='grc' dir='ltr'>ἀλλὰ</span> <span class='ocrx_word' id='word_1_523' title='bbox 1036 5499 1128 5552; x_wconf 78' lang='grc' dir='ltr'>καὶ</span> <span class='ocrx_word' id='word_1_524' title='bbox 1161 5500 1481 5571; x_wconf 84' lang='grc' dir='ltr'><strong>ἀποδέχεται</strong></span> <span class='ocrx_word' id='word_1_525' title='bbox 1516 5502 1613 5574; x_wconf 85' lang='grc' dir='ltr'><strong>τὴν</strong></span> <span class='ocrx_word' id='word_1_526' title='bbox 1645 5500 1743 5557; x_wconf 80' lang='grc' dir='ltr'><strong>τοῦ</strong></span> 
     </span>
    </p>
   </div>
   <div class='ocr_carea' id='block_1_75' title="bbox 135 5590 1742 5670">
    <p class='ocr_par' dir='ltr' id='par_1_75' title="bbox 135 5590 1742 5670">
     <span class='ocr_line' id='line_1_75' title="bbox 135 5590 1742 5670; baseline 0.005 -29"><span class='ocrx_word' id='word_1_527' title='bbox 135 5590 423 5662; x_wconf 76' lang='grc' dir='ltr'>Ποιμένος</span> <span class='ocrx_word' id='word_1_528' title='bbox 482 5595 743 5670; x_wconf 76' lang='grc' dir='ltr'>γραφὴν,</span> <span class='ocrx_word' id='word_1_529' title='bbox 806 5592 999 5662; x_wconf 79' lang='grc' dir='ltr'>λέγων’</span> <span class='ocrx_word' id='word_1_530' title='bbox 1056 5593 1268 5660; x_wconf 67' lang='grc' dir='ltr'><strong>Καλῶςε</strong></span> <span class='ocrx_word' id='word_1_531' title='bbox 1319 5594 1432 5649; x_wconf 80' lang='grc' dir='ltr'><strong>οὖν</strong></span> <span class='ocrx_word' id='word_1_532' title='bbox 1479 5596 1649 5650; x_wconf 78' lang='grc' dir='ltr'><strong>εἶπεν</strong></span> <span class='ocrx_word' id='word_1_533' title='bbox 1701 5596 1742 5662; x_wconf 78' lang='grc' dir='ltr'>ἡ</span> 
     </span>
    </p>
   </div>
   <div class='ocr_carea' id='block_1_76' title="bbox 130 5684 1745 5762">
    <p class='ocr_par' dir='ltr' id='par_1_76' title="bbox 130 5684 1745 5762">
     <span class='ocr_line' id='line_1_76' title="bbox 130 5684 1745 5762; baseline 0.006 -26"><span class='ocrx_word' id='word_1_534' title='bbox 130 5687 345 5759; x_wconf 58' lang='grc' dir='ltr'><strong>Γιτιρὴ</strong></span> <span class='ocrx_word' id='word_1_535' title='bbox 392 5693 429 5760; x_wconf 75' lang='grc' dir='ltr'>ἡ</span> <span class='ocrx_word' id='word_1_536' title='bbox 484 5692 797 5762; x_wconf 56' lang='grc' dir='ltr'><strong>λέγουσα·</strong></span> <span class='ocrx_word' id='word_1_537' title='bbox 846 5684 1087 5754; x_wconf 76' lang='grc' dir='ltr'><strong>Πρῶτον</strong></span> <span class='ocrx_word' id='word_1_538' title='bbox 1136 5686 1374 5742; x_wconf 78' lang='grc' dir='ltr'><em>πάντων</em></span> <span class='ocrx_word' id='word_1_539' title='bbox 1406 5693 1745 5745; x_wconf 80' lang='grc' dir='ltr'><strong>πίστευσον</strong></span> 
     </span>
    </p>
   </div>
   <div class='ocr_carea' id='block_1_77' title="bbox 127 5777 1744 5855">
    <p class='ocr_par' dir='ltr' id='par_1_77' title="bbox 127 5777 1744 5855">
     <span class='ocr_line' id='line_1_77' title="bbox 127 5777 1744 5855; baseline 0.006 -24"><span class='ocrx_word' id='word_1_540' title='bbox 127 5777 211 5833; x_wconf 74' lang='grc' dir='ltr'><strong>ἔτι</strong></span> <span class='ocrx_word' id='word_1_541' title='bbox 242 5784 335 5853; x_wconf 77' lang='grc' dir='ltr'><strong><em>εἷς</em></strong></span> <span class='ocrx_word' id='word_1_542' title='bbox 365 5786 541 5843; x_wconf 75' lang='grc' dir='ltr'><em>ἐστιν</em></span> <span class='ocrx_word' id='word_1_543' title='bbox 574 5790 611 5842; x_wconf 80' lang='grc' dir='ltr'><em>ό</em></span> <span class='ocrx_word' id='word_1_544' title='bbox 651 5781 808 5855; x_wconf 83' lang='grc' dir='ltr'><strong>Θεὸς</strong></span> <span class='ocrx_word' id='word_1_545' title='bbox 841 5782 876 5835; x_wconf 81' lang='grc' dir='ltr'><em>ό</em></span> <span class='ocrx_word' id='word_1_546' title='bbox 909 5780 981 5836; x_wconf 86' lang='grc' dir='ltr'><em>τὰ</em></span> <span class='ocrx_word' id='word_1_547' title='bbox 1012 5779 1207 5836; x_wconf 81' lang='grc' dir='ltr'><strong>πάντα</strong></span> <span class='ocrx_word' id='word_1_548' title='bbox 1235 5784 1449 5852; x_wconf 79' lang='grc' dir='ltr'><em>κτίσας</em></span> <span class='ocrx_word' id='word_1_549' title='bbox 1482 5786 1581 5840; x_wconf 83' lang='grc' dir='ltr'><strong>καὶ</strong></span> <span class='ocrx_word' id='word_1_550' title='bbox 1606 5802 1744 5840; x_wconf 81' lang='grc' dir='ltr'><em>κατ-</em></span> 
     </span>
    </p>
   </div>
   <div class='ocr_carea' id='block_1_78' title="bbox 1852 1855 3447 1926">
    <p class='ocr_par' dir='ltr' id='par_1_78' title="bbox 1852 1855 3447 1926">
     <span class='ocr_line' id='line_1_78' title="bbox 1852 1855 3447 1926; baseline 0.001 -16"><span class='ocrx_word' id='word_1_551' title='bbox 1852 1856 2043 1911; x_wconf 88' lang='lat' dir='ltr'><strong>Divine</strong></span> <span class='ocrx_word' id='word_1_552' title='bbox 2072 1872 2197 1926; x_wconf 89' lang='lat' dir='ltr'><strong>ergo</strong></span> <span class='ocrx_word' id='word_1_553' title='bbox 2225 1865 2457 1924; x_wconf 85' lang='lat' dir='ltr'><strong>potestas</strong></span> <span class='ocrx_word' id='word_1_554' title='bbox 2479 1855 2577 1909; x_wconf 89' lang='lat' dir='ltr'><strong>illa</strong></span> <span class='ocrx_word' id='word_1_555' title='bbox 2606 1872 2724 1926; x_wconf 80' lang='lat' dir='ltr'><strong>qua:</strong></span> <span class='ocrx_word' id='word_1_556' title='bbox 2749 1855 2965 1910; x_wconf 69' lang='lat' dir='ltr'><strong>Hermae</strong></span> <span class='ocrx_word' id='word_1_557' title='bbox 3000 1855 3240 1926; x_wconf 86' lang='lat' dir='ltr'><strong>loquitur</strong></span> <span class='ocrx_word' id='word_1_558' title='bbox 3266 1857 3321 1911; x_wconf 86' lang='lat' dir='ltr'><strong>in</strong></span> <span class='ocrx_word' id='word_1_559' title='bbox 3369 1874 3447 1912; x_wconf 87' lang='lat' dir='ltr'><strong>re-</strong></span> 
     </span>
    </p>
   </div>
   <div class='ocr_carea' id='block_1_79' title="bbox 1853 1945 3447 2017">
    <p class='ocr_par' dir='ltr' id='par_1_79' title="bbox 1853 1945 3447 2017">
     <span class='ocr_line' id='line_1_79' title="bbox 1853 1945 3447 2017; baseline 0.003 -18"><span class='ocrx_word' id='word_1_560' title='bbox 1853 1946 2135 2011; x_wconf 76' lang='lat' dir='ltr'><strong>uelatione,</strong></span> <span class='ocrx_word' id='word_1_561' title='bbox 2173 1966 2193 1998; x_wconf 82' lang='grc'><strong>‹</strong></span> <span class='ocrx_word' id='word_1_562' title='bbox 2238 1945 2501 2011; x_wconf 84' lang='lat' dir='ltr'><strong>Visiones,</strong></span> <span class='ocrx_word' id='word_1_563' title='bbox 2527 1947 2728 2017; x_wconf 90' lang='lat' dir='ltr'><strong>inquit,</strong></span> <span class='ocrx_word' id='word_1_564' title='bbox 2757 1956 2806 2000; x_wconf 90' lang='lat' dir='ltr'><strong>et</strong></span> <span class='ocrx_word' id='word_1_565' title='bbox 2846 1946 3209 2017; x_wconf 81' lang='lat' dir='ltr'><strong>revelationes,</strong></span> <span class='ocrx_word' id='word_1_566' title='bbox 3245 1968 3263 2000; x_wconf 72' lang='grc' dir='ltr'><strong>ι</strong></span> <span class='ocrx_word' id='word_1_567' title='bbox 3305 1958 3447 2015; x_wconf 88' lang='lat' dir='ltr'><strong>etc.;</strong></span> 
     </span>
    </p>
   </div>
   <div class='ocr_carea' id='block_1_80' title="bbox 1854 2033 3449 2107">
    <p class='ocr_par' dir='ltr' id='par_1_80' title="bbox 1854 2033 3449 2107">
     <span class='ocr_line' id='line_1_80' title="bbox 1854 2033 3449 2107; baseline 0.003 -20"><span class='ocrx_word' id='word_1_568' title='bbox 1854 2033 1892 2089; x_wconf 92' lang='lat' dir='ltr'><strong>l.</strong></span> <span class='ocrx_word' id='word_1_569' title='bbox 1932 2050 1983 2088; x_wconf 86' lang='lat' dir='ltr'><strong>Vl</strong></span> <span class='ocrx_word' id='word_1_570' title='bbox 2020 2054 2034 2089; x_wconf 91' lang='lat'><strong>:</strong></span> <span class='ocrx_word' id='word_1_571' title='bbox 2068 2035 2179 2088; x_wconf 78' lang='grc' dir='ltr'><strong>Καὶ</strong></span> <span class='ocrx_word' id='word_1_572' title='bbox 2214 2035 2395 2099; x_wconf 81' lang='grc' dir='ltr'>καλῶς</span> <span class='ocrx_word' id='word_1_573' title='bbox 2444 2034 2660 2107; x_wconf 75' lang='grc' dir='ltr'><strong>εἴρηται</strong></span> <span class='ocrx_word' id='word_1_574' title='bbox 2695 2035 2774 2107; x_wconf 83' lang='grc' dir='ltr'>τῷ</span> <span class='ocrx_word' id='word_1_575' title='bbox 2807 2037 3056 2107; x_wconf 85' lang='grc' dir='ltr'><strong>Ποιμένι,</strong></span> <span class='ocrx_word' id='word_1_576' title='bbox 3091 2037 3449 2106; x_wconf 79' lang='grc' dir='ltr'><strong>Κατέϐησαν</strong></span> 
     </span>
    </p>
   </div>
   <div class='ocr_carea' id='block_1_81' title="bbox 1852 2127 3449 2199">
    <p class='ocr_par' dir='ltr' id='par_1_81' title="bbox 1852 2127 3449 2199">
     <span class='ocr_line' id='line_1_81' title="bbox 1852 2127 3449 2199; baseline 0.003 -19"><span class='ocrx_word' id='word_1_577' title='bbox 1852 2127 1962 2181; x_wconf 79' lang='grc' dir='ltr'><strong>οὖν</strong></span> <span class='ocrx_word' id='word_1_578' title='bbox 1974 2128 2103 2196; x_wconf 77' lang='grc' dir='ltr'><strong>μετ’</strong></span> <span class='ocrx_word' id='word_1_579' title='bbox 2132 2127 2331 2182; x_wconf 77' lang='grc' dir='ltr'><em>αὐτῶν</em></span> <span class='ocrx_word' id='word_1_580' title='bbox 2352 2129 2448 2198; x_wconf 90' lang='lat' dir='ltr'><strong>(ita</strong></span> <span class='ocrx_word' id='word_1_581' title='bbox 2475 2128 2785 2198; x_wconf 78' lang='lat' dir='ltr'><strong>legendum)</strong></span> <span class='ocrx_word' id='word_1_582' title='bbox 2804 2131 2891 2195; x_wconf 81' lang='grc' dir='ltr'><em>εις</em></span> <span class='ocrx_word' id='word_1_583' title='bbox 2920 2128 2985 2183; x_wconf 86' lang='grc' dir='ltr'><strong>τὸ</strong></span> <span class='ocrx_word' id='word_1_584' title='bbox 3013 2128 3187 2198; x_wconf 80' lang='grc' dir='ltr'><strong>ὕδωρ.</strong></span> <span class='ocrx_word' id='word_1_585' title='bbox 3213 2128 3283 2183; x_wconf 83' lang='lat' dir='ltr'><strong>Et</strong></span> <span class='ocrx_word' id='word_1_586' title='bbox 3308 2146 3449 2199; x_wconf 81' lang='lat' dir='ltr'><strong>prte—</strong></span> 
     </span>
    </p>
   </div>
   <div class='ocr_carea' id='block_1_82' title="bbox 1852 2220 3446 2294">
    <p class='ocr_par' dir='ltr' id='par_1_82' title="bbox 1852 2220 3446 2294">
     <span class='ocr_line' id='line_1_82' title="bbox 1852 2220 3446 2294; baseline 0.002 -21"><span class='ocrx_word' id='word_1_587' title='bbox 1852 2220 1996 2275; x_wconf 86' lang='lat' dir='ltr'><strong>clare</strong></span> <span class='ocrx_word' id='word_1_588' title='bbox 2049 2221 2255 2275; x_wconf 87' lang='lat' dir='ltr'><strong>dictum</strong></span> <span class='ocrx_word' id='word_1_589' title='bbox 2306 2231 2385 2275; x_wconf 89' lang='lat' dir='ltr'><strong>est</strong></span> <span class='ocrx_word' id='word_1_590' title='bbox 2439 2239 2473 2275; x_wconf 88' lang='lat' dir='ltr'><strong>a</strong></span> <span class='ocrx_word' id='word_1_591' title='bbox 2524 2220 2792 2275; x_wconf 87' lang='lat' dir='ltr'><strong>Pastore:</strong></span> <span class='ocrx_word' id='word_1_592' title='bbox 2834 2240 2853 2273; x_wconf 76' lang='lat' dir='ltr'><strong>t</strong></span> <span class='ocrx_word' id='word_1_593' title='bbox 2898 2221 3285 2277; x_wconf 87' lang='lat' dir='ltr'><strong>Descenderunt</strong></span> <span class='ocrx_word' id='word_1_594' title='bbox 3320 2239 3446 2294; x_wconf 89' lang='lat' dir='ltr'><strong>ergo</strong></span> 
     </span>
    </p>
   </div>
   <div class='ocr_carea' id='block_1_83' title="bbox 1852 2314 3438 2386">
    <p class='ocr_par' dir='ltr' id='par_1_83' title="bbox 1852 2314 3438 2386">
     <span class='ocr_line' id='line_1_83' title="bbox 1852 2314 3438 2386; baseline 0.004 -22"><span class='ocrx_word' id='word_1_595' title='bbox 1852 2328 1972 2365; x_wconf 87' lang='lat' dir='ltr'><strong>cum</strong></span> <span class='ocrx_word' id='word_1_596' title='bbox 1993 2315 2069 2366; x_wconf 86' lang='lat' dir='ltr'><strong>eis</strong></span> <span class='ocrx_word' id='word_1_597' title='bbox 2094 2314 2249 2385; x_wconf 93' lang='lat' dir='ltr'><strong>(non,</strong></span> <span class='ocrx_word' id='word_1_598' title='bbox 2280 2330 2483 2378; x_wconf 89' lang='lat' dir='ltr'><strong>eorum,</strong></span> <span class='ocrx_word' id='word_1_599' title='bbox 2510 2323 2571 2369; x_wconf 89' lang='lat' dir='ltr'><strong>ut</strong></span> <span class='ocrx_word' id='word_1_600' title='bbox 2600 2314 2744 2369; x_wconf 89' lang='lat' dir='ltr'><strong>male</strong></span> <span class='ocrx_word' id='word_1_601' title='bbox 2767 2314 3056 2385; x_wconf 86' lang='lat' dir='ltr'><strong>interpres)</strong></span> <span class='ocrx_word' id='word_1_602' title='bbox 3088 2316 3145 2369; x_wconf 88' lang='lat' dir='ltr'><strong>in</strong></span> <span class='ocrx_word' id='word_1_603' title='bbox 3166 2333 3381 2386; x_wconf 89' lang='lat' dir='ltr'><strong>aquam.</strong></span> <span class='ocrx_word' id='word_1_604' title='bbox 3417 2336 3438 2370; x_wconf 73' lang='grc' dir='ltr'><strong>ι</strong></span> 
     </span>
    </p>
   </div>
   <div class='ocr_carea' id='block_1_84' title="bbox 1851 2402 3448 2478">
    <p class='ocr_par' dir='ltr' id='par_1_84' title="bbox 1851 2402 3448 2478">
     <span class='ocr_line' id='line_1_84' title="bbox 1851 2402 3448 2478; baseline 0.004 -21"><span class='ocrx_word' id='word_1_605' title='bbox 1851 2402 2143 2474; x_wconf 79' lang='lat' dir='ltr'><strong>Origenes,</strong></span> <span class='ocrx_word' id='word_1_606' title='bbox 2171 2404 2471 2461; x_wconf 90' lang='lat' dir='ltr'><strong>Clementis</strong></span> <span class='ocrx_word' id='word_1_607' title='bbox 2501 2406 2842 2478; x_wconf 87' lang='lat' dir='ltr'><strong>discipulus,</strong></span> <span class='ocrx_word' id='word_1_608' title='bbox 2878 2406 3094 2463; x_wconf 65' lang='lat' dir='ltr'><strong>Hermas</strong></span> <span class='ocrx_word' id='word_1_609' title='bbox 3132 2408 3448 2465; x_wconf 88' lang='lat' dir='ltr'><strong>testimonio</strong></span> 
     </span>
    </p>
   </div>
   <div class='ocr_carea' id='block_1_85' title="bbox 1851 2497 3447 2572">
    <p class='ocr_par' dir='ltr' id='par_1_85' title="bbox 1851 2497 3447 2572">
     <span class='ocr_line' id='line_1_85' title="bbox 1851 2497 3447 2572; baseline 0.003 -20"><span class='ocrx_word' id='word_1_610' title='bbox 1851 2497 2190 2553; x_wconf 87' lang='lat' dir='ltr'><strong>creberrime</strong></span> <span class='ocrx_word' id='word_1_611' title='bbox 2224 2498 2420 2567; x_wconf 89' lang='lat' dir='ltr'><strong>utitur,</strong></span> <span class='ocrx_word' id='word_1_612' title='bbox 2454 2506 2512 2555; x_wconf 91' lang='lat' dir='ltr'><strong>et</strong></span> <span class='ocrx_word' id='word_1_613' title='bbox 2542 2508 2660 2555; x_wconf 90' lang='lat' dir='ltr'><strong>tum</strong></span> <span class='ocrx_word' id='word_1_614' title='bbox 2708 2514 2875 2556; x_wconf 88' lang='lat' dir='ltr'><strong>suum</strong></span> <span class='ocrx_word' id='word_1_615' title='bbox 2922 2506 3042 2555; x_wconf 91' lang='lat' dir='ltr'><strong>tum</strong></span> <span class='ocrx_word' id='word_1_616' title='bbox 3082 2499 3319 2556; x_wconf 88' lang='lat' dir='ltr'><strong>aliorum</strong></span> <span class='ocrx_word' id='word_1_617' title='bbox 3346 2501 3447 2572; x_wconf 82' lang='lat' dir='ltr'><strong>ju--</strong></span> 
     </span>
    </p>
   </div>
   <div class='ocr_carea' id='block_1_86' title="bbox 1851 2587 3445 2660">
    <p class='ocr_par' dir='ltr' id='par_1_86' title="bbox 1851 2587 3445 2660">
     <span class='ocr_line' id='line_1_86' title="bbox 1851 2587 3445 2660; baseline 0.001 -17"><span class='ocrx_word' id='word_1_618' title='bbox 1851 2587 2061 2643; x_wconf 90' lang='lat' dir='ltr'><strong>dicium</strong></span> <span class='ocrx_word' id='word_1_619' title='bbox 2116 2589 2184 2645; x_wconf 94' lang='lat' dir='ltr'><strong>de</strong></span> <span class='ocrx_word' id='word_1_620' title='bbox 2244 2589 2404 2645; x_wconf 87' lang='lat' dir='ltr'><strong>libris</strong></span> <span class='ocrx_word' id='word_1_621' title='bbox 2449 2588 2571 2660; x_wconf 89' lang='lat' dir='ltr'><strong>ejus</strong></span> <span class='ocrx_word' id='word_1_622' title='bbox 2619 2604 2763 2660; x_wconf 68' lang='lat' dir='ltr'><strong>saepe</strong></span> <span class='ocrx_word' id='word_1_623' title='bbox 2804 2589 3086 2659; x_wconf 82' lang='lat' dir='ltr'><strong>exprimit.</strong></span> <span class='ocrx_word' id='word_1_624' title='bbox 3145 2590 3445 2646; x_wconf 83' lang='lat' dir='ltr'><strong>Auctorem</strong></span> 
     </span>
    </p>
   </div>
   <div class='ocr_carea' id='block_1_87' title="bbox 1852 2680 3445 2753">
    <p class='ocr_par' dir='ltr' id='par_1_87' title="bbox 1852 2680 3445 2753">
     <span class='ocr_line' id='line_1_87' title="bbox 1852 2680 3445 2753; baseline 0.002 -19"><span class='ocrx_word' id='word_1_625' title='bbox 1852 2680 2105 2751; x_wconf 76' lang='lat' dir='ltr'><strong>agnoscit</strong></span> <span class='ocrx_word' id='word_1_626' title='bbox 2142 2680 2402 2736; x_wconf 86' lang='lat' dir='ltr'><strong>Hermam</strong></span> <span class='ocrx_word' id='word_1_627' title='bbox 2438 2680 2615 2749; x_wconf 90' lang='lat' dir='ltr'><strong>illum,</strong></span> <span class='ocrx_word' id='word_1_628' title='bbox 2639 2682 2800 2753; x_wconf 87' lang='lat' dir='ltr'><strong>cujus</strong></span> <span class='ocrx_word' id='word_1_629' title='bbox 2832 2683 2887 2737; x_wconf 91' lang='lat' dir='ltr'><strong>in</strong></span> <span class='ocrx_word' id='word_1_630' title='bbox 2932 2680 3179 2753; x_wconf 86' lang='lat' dir='ltr'><strong>Epistola</strong></span> <span class='ocrx_word' id='word_1_631' title='bbox 3213 2683 3283 2738; x_wconf 90' lang='lat' dir='ltr'><strong>ad</strong></span> <span class='ocrx_word' id='word_1_632' title='bbox 3324 2681 3445 2737; x_wconf 81' lang='lat' dir='ltr'><strong>Ro-</strong></span> 
     </span>
    </p>
   </div>
   <div class='ocr_carea' id='block_1_88' title="bbox 1850 2772 3445 2845">
    <p class='ocr_par' dir='ltr' id='par_1_88' title="bbox 1850 2772 3445 2845">
     <span class='ocr_line' id='line_1_88' title="bbox 1850 2772 3445 2845; baseline 0.005 -22"><span class='ocrx_word' id='word_1_633' title='bbox 1850 2784 2049 2825; x_wconf 89' lang='lat' dir='ltr'><strong>manos</strong></span> <span class='ocrx_word' id='word_1_634' title='bbox 2087 2772 2294 2827; x_wconf 89' lang='lat' dir='ltr'><strong>mentio</strong></span> <span class='ocrx_word' id='word_1_635' title='bbox 2340 2774 2422 2840; x_wconf 86' lang='lat' dir='ltr'><strong>lit,</strong></span> <span class='ocrx_word' id='word_1_636' title='bbox 2449 2782 2504 2829; x_wconf 91' lang='lat' dir='ltr'><strong>et</strong></span> <span class='ocrx_word' id='word_1_637' title='bbox 2528 2788 2669 2845; x_wconf 85' lang='lat' dir='ltr'><strong>opus</strong></span> <span class='ocrx_word' id='word_1_638' title='bbox 2706 2773 2885 2844; x_wconf 88' lang='lat' dir='ltr'><strong>ipsum</strong></span> <span class='ocrx_word' id='word_1_639' title='bbox 2932 2773 2988 2830; x_wconf 90' lang='lat' dir='ltr'><strong>in</strong></span> <span class='ocrx_word' id='word_1_640' title='bbox 3016 2774 3445 2832; x_wconf 87' lang='lat' dir='ltr'><strong>Commentariis</strong></span> 
     </span>
    </p>
   </div>
   <div class='ocr_carea' id='block_1_89' title="bbox 1850 2861 3442 2936">
    <p class='ocr_par' dir='ltr' id='par_1_89' title="bbox 1850 2861 3442 2936">
     <span class='ocr_line' id='line_1_89' title="bbox 1850 2861 3442 2936; baseline 0.005 -21"><span class='ocrx_word' id='word_1_641' title='bbox 1850 2861 1917 2917; x_wconf 79' lang='lat' dir='ltr'><strong>ad</strong></span> <span class='ocrx_word' id='word_1_642' title='bbox 1952 2877 2079 2917; x_wconf 93' lang='lat' dir='ltr'><strong>eum</strong></span> <span class='ocrx_word' id='word_1_643' title='bbox 2114 2863 2293 2919; x_wconf 90' lang='lat' dir='ltr'><strong>locum</strong></span> <span class='ocrx_word' id='word_1_644' title='bbox 2324 2881 2655 2936; x_wconf 78' lang='lat' dir='ltr'><strong>magnopere</strong></span> <span class='ocrx_word' id='word_1_645' title='bbox 2685 2866 2895 2922; x_wconf 89' lang='lat' dir='ltr'><strong>laudat.</strong></span> <span class='ocrx_word' id='word_1_646' title='bbox 2936 2865 3077 2921; x_wconf 86' lang='lat' dir='ltr'><strong>Puto</strong></span> <span class='ocrx_word' id='word_1_647' title='bbox 3118 2876 3317 2935; x_wconf 85' lang='lat' dir='ltr'><strong>tamen,</strong></span> <span class='ocrx_word' id='word_1_648' title='bbox 3351 2867 3442 2923; x_wconf 87' lang='lat' dir='ltr'><strong>in-</strong></span> 
     </span>
    </p>
   </div>
   <div class='ocr_carea' id='block_1_90' title="bbox 1850 2950 3445 3028">
    <p class='ocr_par' dir='ltr' id='par_1_90' title="bbox 1850 2950 3445 3028">
     <span class='ocr_line' id='line_1_90' title="bbox 1850 2950 3445 3028; baseline 0.005 -24"><span class='ocrx_word' id='word_1_649' title='bbox 1850 2950 1991 3021; x_wconf 90' lang='lat' dir='ltr'><strong>quit,</strong></span> <span class='ocrx_word' id='word_1_650' title='bbox 2024 2952 2164 3021; x_wconf 86' lang='lat' dir='ltr'><strong>quod</strong></span> <span class='ocrx_word' id='word_1_651' title='bbox 2210 2952 2438 3009; x_wconf 85' lang='lat' dir='ltr'><strong>Hermas</strong></span> <span class='ocrx_word' id='word_1_652' title='bbox 2465 2955 2567 3009; x_wconf 83' lang='lat' dir='ltr'><strong>iste</strong></span> <span class='ocrx_word' id='word_1_653' title='bbox 2610 2956 2680 3010; x_wconf 89' lang='lat' dir='ltr'><strong>sit</strong></span> <span class='ocrx_word' id='word_1_654' title='bbox 2722 2958 2954 3026; x_wconf 85' lang='lat' dir='ltr'><strong>scriptor</strong></span> <span class='ocrx_word' id='word_1_655' title='bbox 2980 2954 3148 3011; x_wconf 84' lang='lat' dir='ltr'><strong>libelli</strong></span> <span class='ocrx_word' id='word_1_656' title='bbox 3175 2956 3321 3011; x_wconf 84' lang='lat' dir='ltr'><strong>illius</strong></span> <span class='ocrx_word' id='word_1_657' title='bbox 3350 2960 3445 3028; x_wconf 87' lang='lat' dir='ltr'><strong>qui</strong></span> 
     </span>
    </p>
   </div>
   <div class='ocr_carea' id='block_1_91' title="bbox 1851 3042 3444 3117">
    <p class='ocr_par' dir='ltr' id='par_1_91' title="bbox 1851 3042 3444 3117">
     <span class='ocr_line' id='line_1_91' title="bbox 1851 3042 3444 3117; baseline 0.004 -21"><span class='ocrx_word' id='word_1_658' title='bbox 1851 3042 2049 3099; x_wconf 84' lang='lat' dir='ltr'><strong>Pastor</strong></span> <span class='ocrx_word' id='word_1_659' title='bbox 2075 3044 2397 3113; x_wconf 78' lang='lat' dir='ltr'><strong>appellatur.</strong></span> <span class='ocrx_word' id='word_1_660' title='bbox 2453 3047 2588 3112; x_wconf 76' lang='lat' dir='ltr'><strong>Qua:</strong></span> <span class='ocrx_word' id='word_1_661' title='bbox 2630 3049 2898 3117; x_wconf 86' lang='lat' dir='ltr'><strong>scriptura</strong></span> <span class='ocrx_word' id='word_1_662' title='bbox 2936 3049 3089 3102; x_wconf 82' lang='lat' dir='ltr'><strong>valde</strong></span> <span class='ocrx_word' id='word_1_663' title='bbox 3128 3050 3258 3103; x_wconf 85' lang='lat' dir='ltr'><strong>mihi</strong></span> <span class='ocrx_word' id='word_1_664' title='bbox 3290 3048 3444 3104; x_wconf 86' lang='lat' dir='ltr'><strong>utilis</strong></span> 
     </span>
    </p>
   </div>
   <div class='ocr_carea' id='block_1_92' title="bbox 1782 3135 3444 3224">
    <p class='ocr_par' dir='ltr' id='par_1_92' title="bbox 1782 3135 3444 3224">
     <span class='ocr_line' id='line_1_92' title="bbox 1782 3135 3444 3224; baseline 0.004 -36"><span class='ocrx_word' id='word_1_665' title='bbox 1782 3167 1824 3224; x_wconf 64' lang='grc' dir='ltr'>Ο</span> <span class='ocrx_word' id='word_1_666' title='bbox 1857 3135 2083 3203; x_wconf 83' lang='lat' dir='ltr'><strong>videtur,</strong></span> <span class='ocrx_word' id='word_1_667' title='bbox 2127 3146 2199 3203; x_wconf 87' lang='lat' dir='ltr'><strong>et,</strong></span> <span class='ocrx_word' id='word_1_668' title='bbox 2247 3149 2302 3191; x_wconf 89' lang='lat' dir='ltr'><strong>ut</strong></span> <span class='ocrx_word' id='word_1_669' title='bbox 2337 3148 2486 3208; x_wconf 86' lang='lat' dir='ltr'><strong>puto,</strong></span> <span class='ocrx_word' id='word_1_670' title='bbox 2525 3139 2782 3193; x_wconf 84' lang='lat' dir='ltr'><strong>divinitus</strong></span> <span class='ocrx_word' id='word_1_671' title='bbox 2828 3140 3114 3210; x_wconf 87' lang='lat' dir='ltr'><strong>inspirata.</strong></span> <span class='ocrx_word' id='word_1_672' title='bbox 3147 3138 3347 3195; x_wconf 82' lang='lat' dir='ltr'><strong>Homil.</strong></span> <span class='ocrx_word' id='word_1_673' title='bbox 3386 3141 3444 3195; x_wconf 91' lang='lat' dir='ltr'><strong>in</strong></span> 
     </span>
    </p>
   </div>
   <div class='ocr_carea' id='block_1_93' title="bbox 1859 3224 3445 3302">
    <p class='ocr_par' dir='ltr' id='par_1_93' title="bbox 1859 3224 3445 3302">
     <span class='ocr_line' id='line_1_93' title="bbox 1859 3224 3445 3302; baseline 0.004 -23"><span class='ocrx_word' id='word_1_674' title='bbox 1859 3224 2089 3289; x_wconf 82' lang='lat' dir='ltr'><strong>Lucam,</strong></span> <span class='ocrx_word' id='word_1_675' title='bbox 2111 3226 2180 3281; x_wconf 77' lang='grc'><strong>55</strong></span> <span class='ocrx_word' id='word_1_676' title='bbox 2210 3245 2222 3280; x_wconf 93' lang='lat'>:</span> <span class='ocrx_word' id='word_1_677' title='bbox 2253 3225 2498 3297; x_wconf 87' lang='lat' dir='ltr'><strong>Legimus</strong></span> <span class='ocrx_word' id='word_1_678' title='bbox 2525 3230 2593 3300; x_wconf 91' lang='lat' dir='ltr'><strong>(si</strong></span> <span class='ocrx_word' id='word_1_679' title='bbox 2624 3240 2797 3285; x_wconf 87' lang='lat' dir='ltr'><strong>tamen</strong></span> <span class='ocrx_word' id='word_1_680' title='bbox 2827 3231 2913 3284; x_wconf 91' lang='lat' dir='ltr'><strong>cui</strong></span> <span class='ocrx_word' id='word_1_681' title='bbox 2939 3234 3108 3300; x_wconf 88' lang='lat' dir='ltr'><strong>placet</strong></span> <span class='ocrx_word' id='word_1_682' title='bbox 3140 3232 3445 3302; x_wconf 83' lang='lat' dir='ltr'><strong>hujusmods</strong></span> 
     </span>
    </p>
   </div>
   <div class='ocr_carea' id='block_1_94' title="bbox 1855 3317 3446 3392">
    <p class='ocr_par' dir='ltr' id='par_1_94' title="bbox 1855 3317 3446 3392">
     <span class='ocr_line' id='line_1_94' title="bbox 1855 3317 3446 3392; baseline 0.004 -23"><span class='ocrx_word' id='word_1_683' title='bbox 1855 3317 2177 3384; x_wconf 82' lang='lat' dir='ltr'><strong>scripturam</strong></span> <span class='ocrx_word' id='word_1_684' title='bbox 2219 3318 2470 3388; x_wconf 88' lang='lat' dir='ltr'><strong>recipere)</strong></span> <span class='ocrx_word' id='word_1_685' title='bbox 2511 3318 2748 3387; x_wconf 81' lang='lat' dir='ltr'><strong>justititn</strong></span> <span class='ocrx_word' id='word_1_686' title='bbox 2804 3329 2855 3373; x_wconf 85' lang='lat' dir='ltr'><strong>et</strong></span> <span class='ocrx_word' id='word_1_687' title='bbox 2898 3320 3194 3391; x_wconf 88' lang='lat' dir='ltr'><strong>iniquitatis</strong></span> <span class='ocrx_word' id='word_1_688' title='bbox 3231 3322 3446 3392; x_wconf 87' lang='lat' dir='ltr'><strong>angelos</strong></span> 
     </span>
    </p>
   </div>
   <div class='ocr_carea' id='block_1_95' title="bbox 1854 3406 3445 3481">
    <p class='ocr_par' dir='ltr' id='par_1_95' title="bbox 1854 3406 3445 3481">
     <span class='ocr_line' id='line_1_95' title="bbox 1854 3406 3445 3481; baseline 0.004 -21"><span class='ocrx_word' id='word_1_689' title='bbox 1854 3421 2010 3475; x_wconf 88' lang='lat' dir='ltr'><strong>super</strong></span> <span class='ocrx_word' id='word_1_690' title='bbox 2043 3406 2268 3460; x_wconf 75' lang='lat' dir='ltr'><strong>Abralta:</strong></span> <span class='ocrx_word' id='word_1_691' title='bbox 2315 3407 2488 3467; x_wconf 83' lang='lat' dir='ltr'><strong>salute</strong></span> <span class='ocrx_word' id='word_1_692' title='bbox 2535 3419 2585 3462; x_wconf 87' lang='lat' dir='ltr'><strong>et</strong></span> <span class='ocrx_word' id='word_1_693' title='bbox 2625 3410 2850 3463; x_wconf 89' lang='lat' dir='ltr'><strong>interitu</strong></span> <span class='ocrx_word' id='word_1_694' title='bbox 2899 3411 3283 3481; x_wconf 85' lang='lat' dir='ltr'><strong>disceptantes;</strong></span> <span class='ocrx_word' id='word_1_695' title='bbox 3314 3414 3445 3467; x_wconf 84' lang='lat' dir='ltr'><strong>dum</strong></span> 
     </span>
    </p>
   </div>
   <div class='ocr_carea' id='block_1_96' title="bbox 1851 3500 3440 3567">
    <p class='ocr_par' dir='ltr' id='par_1_96' title="bbox 1851 3500 3440 3567">
     <span class='ocr_line' id='line_1_96' title="bbox 1851 3500 3440 3567; baseline 0.004 -16"><span class='ocrx_word' id='word_1_696' title='bbox 1851 3506 2090 3567; x_wconf 69' lang='lat' dir='ltr'><strong>utrinque</strong></span> <span class='ocrx_word' id='word_1_697' title='bbox 2139 3506 2330 3555; x_wconf 77' lang='lat' dir='ltr'><strong>turma:</strong></span> <span class='ocrx_word' id='word_1_698' title='bbox 2383 3515 2479 3553; x_wconf 86' lang='lat' dir='ltr'><strong>suo</strong></span> <span class='ocrx_word' id='word_1_699' title='bbox 2537 3517 2659 3553; x_wconf 86' lang='lat' dir='ltr'><strong>eum</strong></span> <span class='ocrx_word' id='word_1_700' title='bbox 2724 3500 2906 3554; x_wconf 85' lang='lat' dir='ltr'><strong>volunt</strong></span> <span class='ocrx_word' id='word_1_701' title='bbox 2950 3504 3107 3555; x_wconf 74' lang='lat' dir='ltr'><strong>canui</strong></span> <span class='ocrx_word' id='word_1_702' title='bbox 3150 3504 3440 3559; x_wconf 79' lang='lat' dir='ltr'><strong>vindicare.</strong></span> 
     </span>
    </p>
   </div>
   <div class='ocr_carea' id='block_1_97' title="bbox 1853 3588 3444 3664">
    <p class='ocr_par' dir='ltr' id='par_1_97' title="bbox 1853 3588 3444 3664">
     <span class='ocr_line' id='line_1_97' title="bbox 1853 3588 3444 3664; baseline 0.005 -23"><span class='ocrx_word' id='word_1_703' title='bbox 1853 3588 2009 3653; x_wconf 80' lang='lat' dir='ltr'><strong>Quod</strong></span> <span class='ocrx_word' id='word_1_704' title='bbox 2035 3591 2082 3643; x_wconf 86' lang='lat' dir='ltr'><strong>si</strong></span> <span class='ocrx_word' id='word_1_705' title='bbox 2112 3589 2198 3643; x_wconf 84' lang='lat' dir='ltr'><strong>cui</strong></span> <span class='ocrx_word' id='word_1_706' title='bbox 2219 3590 2490 3659; x_wconf 82' lang='lat' dir='ltr'><strong>displicet,</strong></span> <span class='ocrx_word' id='word_1_707' title='bbox 2526 3601 2764 3647; x_wconf 86' lang='lat' dir='ltr'><strong>transeat</strong></span> <span class='ocrx_word' id='word_1_708' title='bbox 2802 3593 2870 3645; x_wconf 86' lang='lat' dir='ltr'><strong>ad</strong></span> <span class='ocrx_word' id='word_1_709' title='bbox 2911 3596 3173 3657; x_wconf 85' lang='lat' dir='ltr'><strong>volumen,</strong></span> <span class='ocrx_word' id='word_1_710' title='bbox 3207 3598 3347 3664; x_wconf 86' lang='lat' dir='ltr'><strong>quod</strong></span> <span class='ocrx_word' id='word_1_711' title='bbox 3374 3598 3444 3649; x_wconf 84' lang='lat' dir='ltr'><strong>ti-</strong></span> 
     </span>
    </p>
   </div>
   <div class='ocr_carea' id='block_1_98' title="bbox 1853 3679 3442 3749">
    <p class='ocr_par' dir='ltr' id='par_1_98' title="bbox 1853 3679 3442 3749">
     <span class='ocr_line' id='line_1_98' title="bbox 1853 3679 3442 3749; baseline 0.003 -14"><span class='ocrx_word' id='word_1_712' title='bbox 1853 3680 1964 3735; x_wconf 82' lang='lat' dir='ltr'><strong>tulo</strong></span> <span class='ocrx_word' id='word_1_713' title='bbox 1988 3679 2235 3736; x_wconf 81' lang='lat' dir='ltr'><strong>Pastoris</strong></span> <span class='ocrx_word' id='word_1_714' title='bbox 2264 3681 2536 3749; x_wconf 85' lang='lat' dir='ltr'><strong>scribitur,</strong></span> <span class='ocrx_word' id='word_1_715' title='bbox 2561 3695 2610 3737; x_wconf 89' lang='lat' dir='ltr'><strong>et</strong></span> <span class='ocrx_word' id='word_1_716' title='bbox 2654 3686 2879 3739; x_wconf 85' lang='lat' dir='ltr'><strong>inveniet</strong></span> <span class='ocrx_word' id='word_1_717' title='bbox 2912 3685 3115 3738; x_wconf 86' lang='lat' dir='ltr'><strong>cunctis</strong></span> <span class='ocrx_word' id='word_1_718' title='bbox 3140 3685 3442 3740; x_wconf 84' lang='lat' dir='ltr'><strong>hominibus</strong></span> 
     </span>
    </p>
   </div>
   <div class='ocr_carea' id='block_1_99' title="bbox 1851 3773 3442 3844">
    <p class='ocr_par' dir='ltr' id='par_1_99' title="bbox 1851 3773 3442 3844">
     <span class='ocr_line' id='line_1_99' title="bbox 1851 3773 3442 3844; baseline 0.004 -18"><span class='ocrx_word' id='word_1_719' title='bbox 1851 3774 1985 3826; x_wconf 89' lang='lat' dir='ltr'><strong>duos</strong></span> <span class='ocrx_word' id='word_1_720' title='bbox 2017 3773 2200 3827; x_wconf 89' lang='lat' dir='ltr'><strong>adesse</strong></span> <span class='ocrx_word' id='word_1_721' title='bbox 2221 3773 2456 3844; x_wconf 86' lang='lat' dir='ltr'><strong>angelos.</strong></span> <span class='ocrx_word' id='word_1_722' title='bbox 2484 3774 2660 3830; x_wconf 88' lang='lat' dir='ltr'><strong>Tomo</strong></span> <span class='ocrx_word' id='word_1_723' title='bbox 2685 3792 2801 3843; x_wconf 81' lang='lat' dir='ltr'><strong>xw,</strong></span> <span class='ocrx_word' id='word_1_724' title='bbox 2839 3778 2893 3831; x_wconf 92' lang='lat' dir='ltr'><strong>in</strong></span> <span class='ocrx_word' id='word_1_725' title='bbox 2920 3777 3352 3833; x_wconf 67' lang='lat' dir='ltr'><strong>MatthaeunnEt</strong></span> <span class='ocrx_word' id='word_1_726' title='bbox 3383 3780 3442 3833; x_wconf 83' lang='grc' dir='ltr'><strong>δὲ</strong></span> 
     </span>
    </p>
   </div>
   <div class='ocr_carea' id='block_1_100' title="bbox 1849 3862 3440 3943">
    <p class='ocr_par' dir='ltr' id='par_1_100' title="bbox 1849 3862 3440 3943">
     <span class='ocr_line' id='line_1_100' title="bbox 1849 3862 3440 3943; baseline 0 -27"><span class='ocrx_word' id='word_1_727' title='bbox 1849 3862 1954 3935; x_wconf 79' lang='grc' dir='ltr'><strong>χρὴ</strong></span> <span class='ocrx_word' id='word_1_728' title='bbox 1987 3862 2334 3934; x_wconf 79' lang='grc' dir='ltr'><strong>τολμήσαντα</strong></span> <span class='ocrx_word' id='word_1_729' title='bbox 2366 3864 2462 3918; x_wconf 81' lang='grc' dir='ltr'><strong>καὶ</strong></span> <span class='ocrx_word' id='word_1_730' title='bbox 2493 3866 2603 3919; x_wconf 81' lang='grc' dir='ltr'><strong>ἀπό</strong></span> <span class='ocrx_word' id='word_1_731' title='bbox 2639 3884 2783 3931; x_wconf 85' lang='grc' dir='ltr'>τινος</span> <span class='ocrx_word' id='word_1_732' title='bbox 2817 3869 3125 3941; x_wconf 78' lang='grc' dir='ltr'><strong>φερομένης</strong></span> <span class='ocrx_word' id='word_1_733' title='bbox 3160 3870 3258 3941; x_wconf 82' lang='grc' dir='ltr'>μὲν</span> <span class='ocrx_word' id='word_1_734' title='bbox 3291 3872 3349 3923; x_wconf 75' lang='grc' dir='ltr'>ὲν</span> <span class='ocrx_word' id='word_1_735' title='bbox 3374 3873 3440 3943; x_wconf 66' lang='grc' dir='ltr'><strong>τῇ</strong></span> 
     </span>
    </p>
   </div>
   <div class='ocr_carea' id='block_1_101' title="bbox 1864 3955 3442 4035">
    <p class='ocr_par' dir='ltr' id='par_1_101' title="bbox 1864 3955 3442 4035">
     <span class='ocr_line' id='line_1_101' title="bbox 1864 3955 3442 4035; baseline 0.006 -28"><span class='ocrx_word' id='word_1_736' title='bbox 1864 3955 2161 4028; x_wconf 79' lang='grc' dir='ltr'><strong>Ἐκκλησξᾳ</strong></span> <span class='ocrx_word' id='word_1_737' title='bbox 2193 3958 2433 4029; x_wconf 75' lang='grc' dir='ltr'><strong>γραφῆς,</strong></span> <span class='ocrx_word' id='word_1_738' title='bbox 2469 3959 2530 4012; x_wconf 81' lang='grc' dir='ltr'>οὐ</span> <span class='ocrx_word' id='word_1_739' title='bbox 2566 3959 2716 4031; x_wconf 85' lang='grc' dir='ltr'><strong>παρά</strong></span> <span class='ocrx_word' id='word_1_740' title='bbox 2750 3963 2883 4015; x_wconf 79' lang='grc' dir='ltr'><strong>πᾶσι</strong></span> <span class='ocrx_word' id='word_1_741' title='bbox 2915 3962 2970 4015; x_wconf 81' lang='grc' dir='ltr'>δὲ</span> <span class='ocrx_word' id='word_1_742' title='bbox 3002 3962 3442 4035; x_wconf 78' lang='grc' dir='ltr'>ὀμολογουμένης</span> 
     </span>
    </p>
   </div>
   <div class='ocr_carea' id='block_1_102' title="bbox 1848 4041 3441 4129">
    <p class='ocr_par' dir='ltr' id='par_1_102' title="bbox 1848 4041 3441 4129">
     <span class='ocr_line' id='line_1_102' title="bbox 1848 4041 3441 4129; baseline 0.008 -30"><span class='ocrx_word' id='word_1_743' title='bbox 1848 4041 1984 4101; x_wconf 73' lang='grc' dir='ltr'><strong>εἶναι</strong></span> <span class='ocrx_word' id='word_1_744' title='bbox 2018 4047 2185 4113; x_wconf 79' lang='grc' dir='ltr'><strong>Θείας,</strong></span> <span class='ocrx_word' id='word_1_745' title='bbox 2222 4049 2281 4102; x_wconf 83' lang='grc' dir='ltr'>τὸ</span> <span class='ocrx_word' id='word_1_746' title='bbox 2313 4051 2520 4104; x_wconf 79' lang='grc' dir='ltr'>τοιοῦτο</span> <span class='ocrx_word' id='word_1_747' title='bbox 2553 4053 3074 4126; x_wconf 78' lang='grc' dir='ltr'><strong>παραμυθήσασθαι,</strong></span> <span class='ocrx_word' id='word_1_748' title='bbox 3114 4055 3341 4129; x_wconf 84' lang='grc' dir='ltr'><strong>ληφθείη</strong></span> <span class='ocrx_word' id='word_1_749' title='bbox 3375 4056 3441 4111; x_wconf 83' lang='grc' dir='ltr'>ἂν</span> 
     </span>
    </p>
   </div>
   <div class='ocr_carea' id='block_1_103' title="bbox 1847 4139 3442 4212">
    <p class='ocr_par' dir='ltr' id='par_1_103' title="bbox 1847 4139 3442 4212">
     <span class='ocr_line' id='line_1_103' title="bbox 1847 4139 3442 4212; baseline 0.009 -21"><span class='ocrx_word' id='word_1_750' title='bbox 1847 4139 1908 4191; x_wconf 82' lang='grc' dir='ltr'><strong>τὸ</strong></span> <span class='ocrx_word' id='word_1_751' title='bbox 1940 4140 2048 4193; x_wconf 85' lang='grc' dir='ltr'><strong>ἀπὸ</strong></span> <span class='ocrx_word' id='word_1_752' title='bbox 2081 4141 2175 4195; x_wconf 78' lang='grc' dir='ltr'>τοῦ</span> <span class='ocrx_word' id='word_1_753' title='bbox 2208 4143 2516 4212; x_wconf 79' lang='grc' dir='ltr'><strong>Ποιμένος.</strong></span> <span class='ocrx_word' id='word_1_754' title='bbox 2556 4143 2653 4199; x_wconf 86' lang='lat' dir='ltr'><strong>Sin</strong></span> <span class='ocrx_word' id='word_1_755' title='bbox 2681 4146 2981 4203; x_wconf 87' lang='lat' dir='ltr'><strong>audendum</strong></span> <span class='ocrx_word' id='word_1_756' title='bbox 3008 4149 3077 4202; x_wconf 89' lang='lat' dir='ltr'><strong>sit</strong></span> <span class='ocrx_word' id='word_1_757' title='bbox 3104 4149 3249 4202; x_wconf 86' lang='lat' dir='ltr'><strong>istud</strong></span> <span class='ocrx_word' id='word_1_758' title='bbox 3284 4149 3442 4205; x_wconf 85' lang='lat' dir='ltr'><strong>emol-</strong></span> 
     </span>
    </p>
   </div>
   <div class='ocr_carea' id='block_1_104' title="bbox 1847 4229 3441 4310">
    <p class='ocr_par' dir='ltr' id='par_1_104' title="bbox 1847 4229 3441 4310">
     <span class='ocr_line' id='line_1_104' title="bbox 1847 4229 3441 4310; baseline 0.008 -28"><span class='ocrx_word' id='word_1_759' title='bbox 1847 4229 1946 4284; x_wconf 85' lang='lat' dir='ltr'><strong>lire</strong></span> <span class='ocrx_word' id='word_1_760' title='bbox 1964 4245 2031 4284; x_wconf 77' lang='lat' dir='ltr'><strong>ea:</strong></span> <span class='ocrx_word' id='word_1_761' title='bbox 2053 4232 2289 4300; x_wconf 89' lang='lat' dir='ltr'><strong>quadam</strong></span> <span class='ocrx_word' id='word_1_762' title='bbox 2318 4235 2607 4303; x_wconf 86' lang='lat' dir='ltr'><strong>scriptura,</strong></span> <span class='ocrx_word' id='word_1_763' title='bbox 2633 4252 2751 4306; x_wconf 74' lang='lat' dir='ltr'><strong>qua:</strong></span> <span class='ocrx_word' id='word_1_764' title='bbox 2772 4234 2823 4289; x_wconf 88' lang='lat' dir='ltr'><strong>in</strong></span> <span class='ocrx_word' id='word_1_765' title='bbox 2854 4236 3100 4293; x_wconf 87' lang='lat' dir='ltr'><strong>Ecclesia</strong></span> <span class='ocrx_word' id='word_1_766' title='bbox 3123 4241 3441 4310; x_wconf 61' lang='lat' dir='ltr'><strong>circumfero</strong></span> 
     </span>
    </p>
   </div>
   <div class='ocr_carea' id='block_1_105' title="bbox 1848 4324 3441 4394">
    <p class='ocr_par' dir='ltr' id='par_1_105' title="bbox 1848 4324 3441 4394">
     <span class='ocr_line' id='line_1_105' title="bbox 1848 4324 3441 4394; baseline 0.005 -18"><span class='ocrx_word' id='word_1_767' title='bbox 1848 4333 1955 4388; x_wconf 87' lang='lat' dir='ltr'><strong>tur,</strong></span> <span class='ocrx_word' id='word_1_768' title='bbox 1984 4324 2075 4378; x_wconf 88' lang='lat' dir='ltr'><strong>sed</strong></span> <span class='ocrx_word' id='word_1_769' title='bbox 2108 4340 2210 4378; x_wconf 90' lang='lat' dir='ltr'><strong>non</strong></span> <span class='ocrx_word' id='word_1_770' title='bbox 2237 4324 2301 4377; x_wconf 90' lang='lat' dir='ltr'><strong>ab</strong></span> <span class='ocrx_word' id='word_1_771' title='bbox 2325 4325 2566 4379; x_wconf 86' lang='lat' dir='ltr'><strong>omnibus</strong></span> <span class='ocrx_word' id='word_1_772' title='bbox 2590 4342 2685 4394; x_wconf 86' lang='lat' dir='ltr'><strong>pro</strong></span> <span class='ocrx_word' id='word_1_773' title='bbox 2707 4326 2890 4380; x_wconf 88' lang='lat' dir='ltr'><strong>divina</strong></span> <span class='ocrx_word' id='word_1_774' title='bbox 2913 4327 3157 4392; x_wconf 82' lang='lat' dir='ltr'><strong>habetur,</strong></span> <span class='ocrx_word' id='word_1_775' title='bbox 3185 4329 3441 4383; x_wconf 83' lang='lat' dir='ltr'><strong>adhibea-</strong></span> 
     </span>
    </p>
   </div>
   <div class='ocr_carea' id='block_1_106' title="bbox 1850 4411 3436 4487">
    <p class='ocr_par' dir='ltr' id='par_1_106' title="bbox 1850 4411 3436 4487">
     <span class='ocr_line' id='line_1_106' title="bbox 1850 4411 3436 4487; baseline 0.006 -22"><span class='ocrx_word' id='word_1_776' title='bbox 1850 4422 1935 4470; x_wconf 80' lang='lat' dir='ltr'><strong>tur</strong></span> <span class='ocrx_word' id='word_1_777' title='bbox 1994 4411 2133 4466; x_wconf 87' lang='lat' dir='ltr'><strong>illud</strong></span> <span class='ocrx_word' id='word_1_778' title='bbox 2175 4429 2239 4467; x_wconf 79' lang='lat' dir='ltr'><strong>ea:</strong></span> <span class='ocrx_word' id='word_1_779' title='bbox 2294 4414 2430 4467; x_wconf 89' lang='lat' dir='ltr'><strong>libro</strong></span> <span class='ocrx_word' id='word_1_780' title='bbox 2477 4414 2744 4473; x_wconf 85' lang='lat' dir='ltr'><strong>Pastoris.</strong></span> <span class='ocrx_word' id='word_1_781' title='bbox 2780 4418 2921 4485; x_wconf 71' lang='grc' dir='ltr'><strong>Περὶ</strong></span> <span class='ocrx_word' id='word_1_782' title='bbox 2956 4418 3179 4487; x_wconf 75' lang='grc' dir='ltr'><strong>ἀρχῶν,</strong></span> <span class='ocrx_word' id='word_1_783' title='bbox 3217 4419 3310 4473; x_wconf 89' lang='lat' dir='ltr'><strong>lib.</strong></span> <span class='ocrx_word' id='word_1_784' title='bbox 3349 4435 3436 4474; x_wconf 80' lang='lat' dir='ltr'><strong>tv:</strong></span> 
     </span>
    </p>
   </div>
   <div class='ocr_carea' id='block_1_107' title="bbox 177 4503 3440 4584">
    <p class='ocr_par' dir='ltr' id='par_1_107' title="bbox 177 4503 3440 4584">
     <span class='ocr_line' id='line_1_107' title="bbox 177 4503 3440 4584; baseline 0.002 -27"><span class='ocrx_word' id='word_1_785' title='bbox 177 4503 471 4540; x_wconf 64' lang='lat' dir='ltr'><strong>“’“m’w&#39;”</strong></span> <span class='ocrx_word' id='word_1_786' title='bbox 532 4503 890 4536; x_wconf 70' lang='lat'><strong>”“”“”&quot;”&quot;°’</strong></span> <span class='ocrx_word' id='word_1_787' title='bbox 942 4503 1087 4541; x_wconf 62' lang='lat' dir='ltr'><strong>““w</strong></span> <span class='ocrx_word' id='word_1_788' title='bbox 1127 4503 1191 4526; x_wconf 60' lang='grc'><strong>⁵⁸⁸</strong></span> <span class='ocrx_word' id='word_1_789' title='bbox 1237 4503 1434 4541; x_wconf 57' lang='lat' dir='ltr'><strong>&quot;mm</strong></span> <span class='ocrx_word' id='word_1_790' title='bbox 1465 4503 1495 4527; x_wconf 81' lang='lat'>&quot;</span> <span class='ocrx_word' id='word_1_791' title='bbox 1541 4503 1741 4543; x_wconf 59' lang='lat' dir='ltr'><strong>“&quot;WU&#39;</strong></span> <span class='ocrx_word' id='word_1_792' title='bbox 1775 4514 1820 4569; x_wconf 78' lang='grc' dir='ltr'><strong>Ι)</strong></span> <span class='ocrx_word' id='word_1_793' title='bbox 1844 4503 1943 4558; x_wconf 80' lang='grc' dir='ltr'><strong>Διά</strong></span> <span class='ocrx_word' id='word_1_794' title='bbox 1975 4504 2134 4558; x_wconf 76' lang='grc' dir='ltr'>τοῦτο</span> <span class='ocrx_word' id='word_1_795' title='bbox 2167 4508 2329 4577; x_wconf 82' lang='grc' dir='ltr'><strong>ἡμεῖς</strong></span> <span class='ocrx_word' id='word_1_796' title='bbox 2364 4507 2456 4560; x_wconf 82' lang='grc' dir='ltr'><strong>καὶ</strong></span> <span class='ocrx_word' id='word_1_797' title='bbox 2490 4508 2550 4561; x_wconf 83' lang='grc' dir='ltr'><strong>τὸ</strong></span> <span class='ocrx_word' id='word_1_798' title='bbox 2583 4510 2642 4561; x_wconf 85' lang='grc' dir='ltr'>ἐν</span> <span class='ocrx_word' id='word_1_799' title='bbox 2675 4508 2753 4579; x_wconf 84' lang='grc' dir='ltr'><strong>τῷ</strong></span> <span class='ocrx_word' id='word_1_800' title='bbox 2803 4510 2910 4562; x_wconf 84' lang='grc' dir='ltr'><strong>ἀπό</strong></span> <span class='ocrx_word' id='word_1_801' title='bbox 2960 4526 3121 4563; x_wconf 86' lang='grc' dir='ltr'>τινων</span> <span class='ocrx_word' id='word_1_802' title='bbox 3173 4528 3440 4584; x_wconf 76' lang='grc' dir='ltr'><strong>καταφρο-</strong></span> 
     </span>
     <span class='ocr_line' id='line_1_108' title="bbox 177 4563 1549 4584; baseline 0 0"><span class='ocrx_word' id='word_1_803' title='bbox 177 4565 267 4584; x_wconf 52' lang='grc' dir='ltr'><strong>ηε-</strong></span> <span class='ocrx_word' id='word_1_804' title='bbox 319 4566 355 4584; x_wconf 21' lang='grc' dir='ltr'>9ο</span> <span class='ocrx_word' id='word_1_805' title='bbox 400 4564 902 4584; x_wconf 38' lang='grc' dir='ltr'><strong>,ν·ᾉξ--181μ-μ-1ς2ι</strong></span> <span class='ocrx_word' id='word_1_806' title='bbox 952 4563 1143 4584; x_wconf 24' lang='lat' dir='ltr'><strong>nugs..-</strong></span> <span class='ocrx_word' id='word_1_807' title='bbox 1204 4582 1214 4584; x_wconf 65' lang='lat'><strong><em>_</em></strong></span> <span class='ocrx_word' id='word_1_808' title='bbox 1256 4565 1549 4584; x_wconf 31' lang='lat' dir='ltr'><strong>,_Jll_,,r,</strong></span> 
     </span>
    </p>
   </div>
   <div class='ocr_carea' id='block_1_108' title="bbox 145 4563 1755 4665">
    <p class='ocr_par' dir='ltr' id='par_1_108' title="bbox 145 4563 1744 4635">
     <span class='ocr_line' id='line_1_109' title="bbox 145 4563 1744 4635; baseline 0.004 -18"><span class='ocrx_word' id='word_1_809' title='bbox 145 4565 365 4620; x_wconf 80' lang='lat' dir='ltr'><strong>sitionis</strong></span> <span class='ocrx_word' id='word_1_810' title='bbox 390 4565 624 4621; x_wconf 86' lang='lat' dir='ltr'><strong>crimine</strong></span> <span class='ocrx_word' id='word_1_811' title='bbox 644 4564 923 4621; x_wconf 88' lang='lat' dir='ltr'><strong>liberabit.</strong></span> <span class='ocrx_word' id='word_1_812' title='bbox 951 4563 1171 4631; x_wconf 88' lang='lat' dir='ltr'><strong>Quinto,</strong></span> <span class='ocrx_word' id='word_1_813' title='bbox 1195 4566 1339 4635; x_wconf 91' lang='lat' dir='ltr'><strong>quod</strong></span> <span class='ocrx_word' id='word_1_814' title='bbox 1364 4565 1593 4623; x_wconf 89' lang='lat' dir='ltr'><strong>llermas</strong></span> <span class='ocrx_word' id='word_1_815' title='bbox 1617 4583 1744 4623; x_wconf 88' lang='lat' dir='ltr'><strong>cum</strong></span> 
     </span>
    </p>
   </div>
   <div class='ocr_carea' id='block_1_109' title="bbox 1861 4563 2092 4665">
    <p class='ocr_par' dir='ltr' id='par_1_109' title="bbox 1861 4594 2092 4665">
     <span class='ocr_line' id='line_1_110' title="bbox 1861 4594 2092 4665; baseline 0 -19"><span class='ocrx_word' id='word_1_816' title='bbox 1861 4594 2092 4665; x_wconf 69' lang='grc' dir='ltr'>ιουμένῳ</span> 
     </span>
    </p>
   </div>
   <div class='ocr_carea' id='block_1_110' title="bbox 2127 4594 3440 4673">
    <p class='ocr_par' dir='ltr' id='par_1_110' title="bbox 2127 4594 3440 4673">
     <span class='ocr_line' id='line_1_111' title="bbox 2127 4594 3440 4673; baseline 0.007 -25"><span class='ocrx_word' id='word_1_817' title='bbox 2127 4594 2339 4667; x_wconf 78' lang='grc' dir='ltr'><strong>βιϐλίῳ,</strong></span> <span class='ocrx_word' id='word_1_818' title='bbox 2375 4596 2453 4667; x_wconf 87' lang='grc' dir='ltr'><strong>τῷ</strong></span> <span class='ocrx_word' id='word_1_819' title='bbox 2486 4598 2751 4665; x_wconf 83' lang='grc' dir='ltr'><strong>Ποιμένι,</strong></span> <span class='ocrx_word' id='word_1_820' title='bbox 2789 4599 2918 4670; x_wconf 81' lang='grc' dir='ltr'>περὶ</span> <span class='ocrx_word' id='word_1_821' title='bbox 2971 4599 3065 4653; x_wconf 81' lang='grc' dir='ltr'><strong>τοῦ</strong></span> <span class='ocrx_word' id='word_1_822' title='bbox 3101 4603 3440 4673; x_wconf 82' lang='grc' dir='ltr'><strong>προστάσσε-</strong></span> 
     </span>
    </p>
   </div>
   <div class='ocr_carea' id='block_1_111' title="bbox 1847 4684 3442 4763">
    <p class='ocr_par' dir='ltr' id='par_1_111' title="bbox 1847 4684 3442 4763">
     <span class='ocr_line' id='line_1_112' title="bbox 1847 4684 3442 4763; baseline 0.006 -25"><span class='ocrx_word' id='word_1_823' title='bbox 1847 4684 1970 4739; x_wconf 82' lang='grc' dir='ltr'><strong>σθαι</strong></span> <span class='ocrx_word' id='word_1_824' title='bbox 2002 4685 2093 4738; x_wconf 86' lang='grc' dir='ltr'><strong>τὸν</strong></span> <span class='ocrx_word' id='word_1_825' title='bbox 2143 4686 2350 4757; x_wconf 78' lang='grc' dir='ltr'>Ἑρμᾶν</span> <span class='ocrx_word' id='word_1_826' title='bbox 2381 4687 2476 4740; x_wconf 71' lang='grc' dir='ltr'><strong>δύο</strong></span> <span class='ocrx_word' id='word_1_827' title='bbox 2496 4688 2706 4759; x_wconf 71' lang='grc' dir='ltr'>γράψαι</span> <span class='ocrx_word' id='word_1_828' title='bbox 2736 4690 2942 4760; x_wconf 77' lang='grc' dir='ltr'><strong>βιϐλία,</strong></span> <span class='ocrx_word' id='word_1_829' title='bbox 2977 4692 3071 4744; x_wconf 80' lang='grc' dir='ltr'><strong>καὶ</strong></span> <span class='ocrx_word' id='word_1_830' title='bbox 3103 4694 3243 4763; x_wconf 79' lang='grc' dir='ltr'>μετὰ</span> <span class='ocrx_word' id='word_1_831' title='bbox 3264 4694 3442 4748; x_wconf 78' lang='grc' dir='ltr'><strong>ταῦτα.</strong></span> 
     </span>
    </p>
   </div>
   <div class='ocr_carea' id='block_1_112' title="bbox 1844 4779 3437 4858">
    <p class='ocr_par' dir='ltr' id='par_1_112' title="bbox 1844 4779 3437 4858">
     <span class='ocr_line' id='line_1_113' title="bbox 1844 4779 3437 4858; baseline 0.003 -23"><span class='ocrx_word' id='word_1_832' title='bbox 1844 4780 2006 4835; x_wconf 81' lang='grc' dir='ltr'>αὐτὸν</span> <span class='ocrx_word' id='word_1_833' title='bbox 2056 4779 2410 4849; x_wconf 77' lang='grc' dir='ltr'><strong>ἀναγγέλλειν</strong></span> <span class='ocrx_word' id='word_1_834' title='bbox 2458 4784 2572 4845; x_wconf 82' lang='grc' dir='ltr'>τοῖς</span> <span class='ocrx_word' id='word_1_835' title='bbox 2622 4783 3015 4856; x_wconf 73' lang='grc' dir='ltr'><strong>πρεσϐυτέροις</strong></span> <span class='ocrx_word' id='word_1_836' title='bbox 3063 4786 3163 4856; x_wconf 76' lang='grc' dir='ltr'><strong>τῆς</strong></span> <span class='ocrx_word' id='word_1_837' title='bbox 3210 4787 3437 4858; x_wconf 68' lang='grc' dir='ltr'><strong>Ἐκκλη-</strong></span> 
     </span>
    </p>
   </div>
   <div class='ocr_carea' id='block_1_113' title="bbox 1849 4870 3438 4949">
    <p class='ocr_par' dir='ltr' id='par_1_113' title="bbox 1849 4870 3438 4949">
     <span class='ocr_line' id='line_1_114' title="bbox 1849 4870 3438 4949; baseline 0.004 -24"><span class='ocrx_word' id='word_1_838' title='bbox 1849 4873 1970 4937; x_wconf 71' lang='lat' dir='ltr'><strong>cia;</strong></span> <span class='ocrx_word' id='word_1_839' title='bbox 2017 4872 2054 4928; x_wconf 76' lang='grc' dir='ltr'><strong>ἃ.</strong></span> <span class='ocrx_word' id='word_1_840' title='bbox 2107 4870 2425 4944; x_wconf 80' lang='grc' dir='ltr'>μεμάθηκεν</span> <span class='ocrx_word' id='word_1_841' title='bbox 2475 4874 2584 4927; x_wconf 80' lang='grc' dir='ltr'><strong>ἀπὸ</strong></span> <span class='ocrx_word' id='word_1_842' title='bbox 2632 4874 2725 4928; x_wconf 79' lang='grc' dir='ltr'><strong>τοῦ</strong></span> <span class='ocrx_word' id='word_1_843' title='bbox 2759 4875 3100 4947; x_wconf 76' lang='grc' dir='ltr'><strong>ΙΙνεύματος,</strong></span> <span class='ocrx_word' id='word_1_844' title='bbox 3152 4877 3293 4933; x_wconf 70' lang='grc' dir='ltr'><strong>οὕτω</strong></span> <span class='ocrx_word' id='word_1_845' title='bbox 3324 4878 3438 4949; x_wconf 73' lang='grc' dir='ltr'><strong>διη-</strong></span> 
     </span>
    </p>
   </div>
   <div class='ocr_carea' id='block_1_114' title="bbox 1847 4963 3438 5040">
    <p class='ocr_par' dir='ltr' id='par_1_114' title="bbox 1847 4963 3438 5040">
     <span class='ocr_line' id='line_1_115' title="bbox 1847 4963 3438 5040; baseline 0.006 -24"><span class='ocrx_word' id='word_1_846' title='bbox 1847 4964 2110 5037; x_wconf 82' lang='grc' dir='ltr'><strong>γούμεθα.</strong></span> <span class='ocrx_word' id='word_1_847' title='bbox 2148 4963 2437 5034; x_wconf 85' lang='lat' dir='ltr'><strong>Propterea</strong></span> <span class='ocrx_word' id='word_1_848' title='bbox 2477 4984 2572 5020; x_wconf 87' lang='lat' dir='ltr'><strong>nos</strong></span> <span class='ocrx_word' id='word_1_849' title='bbox 2607 4967 2743 5020; x_wconf 85' lang='lat' dir='ltr'><strong>illud</strong></span> <span class='ocrx_word' id='word_1_850' title='bbox 2782 4969 2837 5022; x_wconf 88' lang='lat' dir='ltr'><strong>in</strong></span> <span class='ocrx_word' id='word_1_851' title='bbox 2873 4968 3127 5033; x_wconf 85' lang='lat' dir='ltr'><strong>Pastore,</strong></span> <span class='ocrx_word' id='word_1_852' title='bbox 3165 4970 3300 5023; x_wconf 91' lang='lat' dir='ltr'><strong>libro</strong></span> <span class='ocrx_word' id='word_1_853' title='bbox 3346 4973 3438 5040; x_wconf 87' lang='lat' dir='ltr'><strong>qui</strong></span> 
     </span>
    </p>
   </div>
   <div class='ocr_carea' id='block_1_115' title="bbox 1848 5054 3433 5125">
    <p class='ocr_par' dir='ltr' id='par_1_115' title="bbox 1848 5054 3433 5125">
     <span class='ocr_line' id='line_1_116' title="bbox 1848 5054 3433 5125; baseline -0.001 -17"><span class='ocrx_word' id='word_1_854' title='bbox 1848 5054 1913 5109; x_wconf 90' lang='lat' dir='ltr'><strong>ab</strong></span> <span class='ocrx_word' id='word_1_855' title='bbox 1938 5054 2207 5125; x_wconf 90' lang='lat' dir='ltr'><strong>aliquibus</strong></span> <span class='ocrx_word' id='word_1_856' title='bbox 2235 5056 2609 5120; x_wconf 87' lang='lat' dir='ltr'><strong>contemnitur,</strong></span> <span class='ocrx_word' id='word_1_857' title='bbox 2636 5055 2701 5109; x_wconf 91' lang='lat' dir='ltr'><strong>de</strong></span> <span class='ocrx_word' id='word_1_858' title='bbox 2740 5056 2868 5110; x_wconf 90' lang='lat' dir='ltr'><strong>dato</strong></span> <span class='ocrx_word' id='word_1_859' title='bbox 2901 5055 3115 5111; x_wconf 75' lang='lat' dir='ltr'><strong>Hei-ma:</strong></span> <span class='ocrx_word' id='word_1_860' title='bbox 3151 5065 3433 5125; x_wconf 66' lang='lat' dir='ltr'><strong>praecepto,</strong></span> 
     </span>
    </p>
   </div>
   <div class='ocr_carea' id='block_1_116' title="bbox 1848 5145 3435 5219">
    <p class='ocr_par' dir='ltr' id='par_1_116' title="bbox 1848 5145 3435 5219">
     <span class='ocr_line' id='line_1_117' title="bbox 1848 5145 3435 5219; baseline 0.003 -21"><span class='ocrx_word' id='word_1_861' title='bbox 1848 5156 1907 5198; x_wconf 87' lang='lat' dir='ltr'><strong>ut</strong></span> <span class='ocrx_word' id='word_1_862' title='bbox 1940 5146 2072 5199; x_wconf 87' lang='lat' dir='ltr'><strong>duos</strong></span> <span class='ocrx_word' id='word_1_863' title='bbox 2126 5146 2291 5199; x_wconf 89' lang='lat' dir='ltr'><strong>libros</strong></span> <span class='ocrx_word' id='word_1_864' title='bbox 2324 5146 2598 5214; x_wconf 89' lang='lat' dir='ltr'><strong>scriberet,</strong></span> <span class='ocrx_word' id='word_1_865' title='bbox 2650 5148 2861 5218; x_wconf 89' lang='lat' dir='ltr'><strong>ipseque</strong></span> <span class='ocrx_word' id='word_1_866' title='bbox 2915 5159 3094 5219; x_wconf 85' lang='lat' dir='ltr'><strong>postea</strong></span> <span class='ocrx_word' id='word_1_867' title='bbox 3140 5145 3435 5202; x_wconf 85' lang='lat' dir='ltr'><strong>senioribus</strong></span> 
     </span>
    </p>
   </div>
   <div class='ocr_carea' id='block_1_117' title="bbox 1850 5235 3439 5310">
    <p class='ocr_par' dir='ltr' id='par_1_117' title="bbox 1850 5235 3439 5310">
     <span class='ocr_line' id='line_1_118' title="bbox 1850 5235 3439 5310; baseline 0.003 -22"><span class='ocrx_word' id='word_1_868' title='bbox 1850 5235 2104 5291; x_wconf 74' lang='lat' dir='ltr'><strong>Ecclesia:</strong></span> <span class='ocrx_word' id='word_1_869' title='bbox 2129 5239 2466 5293; x_wconf 86' lang='lat' dir='ltr'><strong>annuntiaret</strong></span> <span class='ocrx_word' id='word_1_870' title='bbox 2490 5256 2607 5310; x_wconf 78' lang='lat' dir='ltr'><strong>qua:</strong></span> <span class='ocrx_word' id='word_1_871' title='bbox 2639 5258 2671 5293; x_wconf 91' lang='lat' dir='ltr'><strong>a</strong></span> <span class='ocrx_word' id='word_1_872' title='bbox 2695 5239 2900 5310; x_wconf 89' lang='lat' dir='ltr'><strong>Spiritu</strong></span> <span class='ocrx_word' id='word_1_873' title='bbox 2929 5240 3216 5307; x_wconf 79' lang='lat' dir='ltr'><strong>didicerat,</strong></span> <span class='ocrx_word' id='word_1_874' title='bbox 3238 5239 3315 5292; x_wconf 85' lang='lat' dir='ltr'><strong>ita</strong></span> <span class='ocrx_word' id='word_1_875' title='bbox 3353 5239 3439 5293; x_wconf 80' lang='lat' dir='ltr'><strong>in-</strong></span> 
     </span>
    </p>
   </div>
   <div class='ocr_carea' id='block_1_118' title="bbox 1849 5328 3435 5396">
    <p class='ocr_par' dir='ltr' id='par_1_118' title="bbox 1849 5328 3435 5396">
     <span class='ocr_line' id='line_1_119' title="bbox 1849 5328 3435 5396; baseline 0.002 -17"><span class='ocrx_word' id='word_1_876' title='bbox 1849 5336 2221 5396; x_wconf 88' lang='lat' dir='ltr'><strong>terpretamur.</strong></span> <span class='ocrx_word' id='word_1_877' title='bbox 2258 5328 2494 5384; x_wconf 82' lang='lat' dir='ltr'><strong>llomilia</strong></span> <span class='ocrx_word' id='word_1_878' title='bbox 2528 5331 2581 5396; x_wconf 89' lang='lat'><strong>8,</strong></span> <span class='ocrx_word' id='word_1_879' title='bbox 2624 5332 2681 5385; x_wconf 89' lang='lat' dir='ltr'><strong>in</strong></span> <span class='ocrx_word' id='word_1_880' title='bbox 2716 5330 2986 5384; x_wconf 86' lang='lat' dir='ltr'><strong>Numeros</strong></span> <span class='ocrx_word' id='word_1_881' title='bbox 3020 5346 3033 5380; x_wconf 91' lang='lat'><strong>:</strong></span> <span class='ocrx_word' id='word_1_882' title='bbox 3072 5328 3225 5394; x_wconf 74' lang='lat' dir='ltr'><strong>Quod</strong></span> <span class='ocrx_word' id='word_1_883' title='bbox 3256 5339 3435 5385; x_wconf 87' lang='lat' dir='ltr'><strong>autem</strong></span> 
     </span>
    </p>
   </div>
   <div class='ocr_carea' id='block_1_119' title="bbox 1848 5422 3437 5493">
    <p class='ocr_par' dir='ltr' id='par_1_119' title="bbox 1848 5422 3437 5493">
     <span class='ocr_line' id='line_1_120' title="bbox 1848 5422 3437 5493; baseline 0.003 -20"><span class='ocrx_word' id='word_1_884' title='bbox 1848 5422 1959 5474; x_wconf 86' lang='lat' dir='ltr'><strong>dies</strong></span> <span class='ocrx_word' id='word_1_885' title='bbox 1997 5423 2199 5490; x_wconf 90' lang='lat' dir='ltr'><strong>peccati</strong></span> <span class='ocrx_word' id='word_1_886' title='bbox 2226 5423 2282 5476; x_wconf 91' lang='lat' dir='ltr'><strong>in</strong></span> <span class='ocrx_word' id='word_1_887' title='bbox 2313 5440 2510 5477; x_wconf 87' lang='lat' dir='ltr'><strong>annum</strong></span> <span class='ocrx_word' id='word_1_888' title='bbox 2541 5441 2705 5493; x_wconf 73' lang='lat' dir='ltr'><strong>pinna:</strong></span> <span class='ocrx_word' id='word_1_889' title='bbox 2727 5432 3011 5492; x_wconf 75' lang='lat' dir='ltr'><strong>reputatur,</strong></span> <span class='ocrx_word' id='word_1_890' title='bbox 3044 5439 3147 5476; x_wconf 87' lang='lat' dir='ltr'><strong>non</strong></span> <span class='ocrx_word' id='word_1_891' title='bbox 3185 5424 3357 5477; x_wconf 85' lang='lat' dir='ltr'><strong>solum</strong></span> <span class='ocrx_word' id='word_1_892' title='bbox 3378 5426 3437 5478; x_wconf 84' lang='lat' dir='ltr'><strong>in</strong></span> 
     </span>
    </p>
   </div>
   <div class='ocr_carea' id='block_1_120' title="bbox 1848 5512 3434 5586">
    <p class='ocr_par' dir='ltr' id='par_1_120' title="bbox 1848 5512 3434 5586">
     <span class='ocr_line' id='line_1_121' title="bbox 1848 5512 3434 5586; baseline 0.004 -22"><span class='ocrx_word' id='word_1_893' title='bbox 1848 5514 1945 5565; x_wconf 81' lang='lat' dir='ltr'><strong>hoc</strong></span> <span class='ocrx_word' id='word_1_894' title='bbox 1972 5512 2131 5577; x_wconf 88' lang='lat' dir='ltr'><strong>libro,</strong></span> <span class='ocrx_word' id='word_1_895' title='bbox 2166 5515 2222 5567; x_wconf 88' lang='lat' dir='ltr'><strong>in</strong></span> <span class='ocrx_word' id='word_1_896' title='bbox 2249 5532 2350 5585; x_wconf 90' lang='lat' dir='ltr'><strong>quo</strong></span> <span class='ocrx_word' id='word_1_897' title='bbox 2379 5516 2511 5568; x_wconf 82' lang='lat' dir='ltr'><strong>nihil</strong></span> <span class='ocrx_word' id='word_1_898' title='bbox 2538 5517 2749 5569; x_wconf 85' lang='lat' dir='ltr'><strong>omnino</strong></span> <span class='ocrx_word' id='word_1_899' title='bbox 2776 5525 2852 5570; x_wconf 81' lang='lat' dir='ltr'><strong>est</strong></span> <span class='ocrx_word' id='word_1_900' title='bbox 2875 5516 3014 5585; x_wconf 85' lang='lat' dir='ltr'><strong>quod</strong></span> <span class='ocrx_word' id='word_1_901' title='bbox 3039 5515 3276 5570; x_wconf 87' lang='lat' dir='ltr'><strong>dubitari</strong></span> <span class='ocrx_word' id='word_1_902' title='bbox 3308 5533 3434 5586; x_wconf 87' lang='lat' dir='ltr'><strong>pos-</strong></span> 
     </span>
    </p>
   </div>
   <div class='ocr_carea' id='block_1_121' title="bbox 1848 5605 3432 5674">
    <p class='ocr_par' dir='ltr' id='par_1_121' title="bbox 1848 5605 3432 5674">
     <span class='ocr_line' id='line_1_122' title="bbox 1848 5605 3432 5674; baseline 0.001 -14"><span class='ocrx_word' id='word_1_903' title='bbox 1848 5607 1944 5669; x_wconf 85' lang='lat' dir='ltr'><strong>sit,</strong></span> <span class='ocrx_word' id='word_1_904' title='bbox 1990 5606 2309 5674; x_wconf 86' lang='lat' dir='ltr'><strong>ostenditur,</strong></span> <span class='ocrx_word' id='word_1_905' title='bbox 2357 5608 2447 5661; x_wconf 90' lang='lat' dir='ltr'><strong>sed</strong></span> <span class='ocrx_word' id='word_1_906' title='bbox 2482 5616 2531 5660; x_wconf 84' lang='lat' dir='ltr'><strong>et</strong></span> <span class='ocrx_word' id='word_1_907' title='bbox 2564 5608 2617 5658; x_wconf 89' lang='lat' dir='ltr'><strong>in</strong></span> <span class='ocrx_word' id='word_1_908' title='bbox 2639 5606 2815 5660; x_wconf 88' lang='lat' dir='ltr'><strong>libello</strong></span> <span class='ocrx_word' id='word_1_909' title='bbox 2853 5605 3118 5670; x_wconf 84' lang='lat' dir='ltr'><strong>Pastoris,</strong></span> <span class='ocrx_word' id='word_1_910' title='bbox 3149 5609 3197 5661; x_wconf 91' lang='lat' dir='ltr'><strong>si</strong></span> <span class='ocrx_word' id='word_1_911' title='bbox 3225 5610 3312 5662; x_wconf 87' lang='lat' dir='ltr'><strong>cui</strong></span> <span class='ocrx_word' id='word_1_912' title='bbox 3343 5619 3432 5663; x_wconf 86' lang='lat' dir='ltr'><strong>ta-</strong></span> 
     </span>
    </p>
   </div>
   <div class='ocr_carea' id='block_1_122' title="bbox 1851 5698 3429 5767">
    <p class='ocr_par' dir='ltr' id='par_1_122' title="bbox 1851 5698 3429 5767">
     <span class='ocr_line' id='line_1_123' title="bbox 1851 5698 3429 5767; baseline 0.001 -18"><span class='ocrx_word' id='word_1_913' title='bbox 1851 5714 1967 5751; x_wconf 86' lang='lat' dir='ltr'><strong>men</strong></span> <span class='ocrx_word' id='word_1_914' title='bbox 1997 5700 2267 5767; x_wconf 85' lang='lat' dir='ltr'><strong>scriptura</strong></span> <span class='ocrx_word' id='word_1_915' title='bbox 2300 5699 2398 5752; x_wconf 87' lang='lat' dir='ltr'><strong>illa</strong></span> <span class='ocrx_word' id='word_1_916' title='bbox 2437 5698 2737 5767; x_wconf 83' lang='lat' dir='ltr'><strong>recipienda</strong></span> <span class='ocrx_word' id='word_1_917' title='bbox 2783 5699 3009 5767; x_wconf 82' lang='lat' dir='ltr'><strong>videtur,</strong></span> <span class='ocrx_word' id='word_1_918' title='bbox 3046 5699 3247 5754; x_wconf 87' lang='lat' dir='ltr'><strong>similia</strong></span> <span class='ocrx_word' id='word_1_919' title='bbox 3295 5701 3429 5755; x_wconf 82' lang='lat' dir='ltr'><strong>desi-</strong></span> 
     </span>
    </p>
   </div>
   <div class='ocr_carea' id='block_1_123' title="bbox 1852 5787 3433 5866">
    <p class='ocr_par' dir='ltr' id='par_1_123' title="bbox 1852 5787 3433 5866">
     <span class='ocr_line' id='line_1_124' title="bbox 1852 5787 3433 5866; baseline 0.003 -24"><span class='ocrx_word' id='word_1_920' title='bbox 1852 5800 2098 5860; x_wconf 83' lang='lat' dir='ltr'><strong>qnantur.</strong></span> <span class='ocrx_word' id='word_1_921' title='bbox 2128 5789 2418 5857; x_wconf 81' lang='lat' dir='ltr'><strong>Eusebius,</strong></span> <span class='ocrx_word' id='word_1_922' title='bbox 2450 5787 2594 5846; x_wconf 78' lang='lat' dir='ltr'><strong>Hist.</strong></span> <span class='ocrx_word' id='word_1_923' title='bbox 2630 5791 2757 5847; x_wconf 84' lang='lat' dir='ltr'><strong>eccl.</strong></span> <span class='ocrx_word' id='word_1_924' title='bbox 2802 5792 2840 5849; x_wconf 84' lang='grc' dir='ltr'><strong>Ι.</strong></span> <span class='ocrx_word' id='word_1_925' title='bbox 2873 5811 2961 5866; x_wconf 85' lang='grc' dir='ltr'><strong><em>ιιι,</em></strong></span> <span class='ocrx_word' id='word_1_926' title='bbox 2988 5810 3035 5851; x_wconf 90' lang='lat' dir='ltr'><strong>c.</strong></span> <span class='ocrx_word' id='word_1_927' title='bbox 3067 5794 3101 5849; x_wconf 76' lang='grc'><strong>5</strong></span> <span class='ocrx_word' id='word_1_928' title='bbox 3132 5812 3144 5847; x_wconf 93' lang='lat'><strong>:</strong></span> <span class='ocrx_word' id='word_1_929' title='bbox 3197 5792 3349 5849; x_wconf 77' lang='grc' dir='ltr'><strong>Ἐπεὶ</strong></span> <span class='ocrx_word' id='word_1_930' title='bbox 3378 5792 3433 5846; x_wconf 71' lang='grc' dir='ltr'><strong>δὲ</strong></span> 
     </span>
    </p>
   </div>
  </div>
