3786 6326
399 269 493 322 ιιι

1457 278 1513 331 S.
1558 277 1910 336 IGNATIUS.
1952 313 2018 322 -—
2050 282 2582 342 PROLEGOMENA.

3568 295 3660 350 H2

388 397 415 445 ο
449 395 609 459 αὐτὸς
669 398 989 462 Ἀπόστολος
1041 400 1098 451 ὲν
1155 402 1274 463 ταῖς
1325 401 1417 454 ἐπὶ
1451 402 1594 457 τέλει
1648 408 1989 477 προσρήσεσι
2022 414 2065 469 Λ
2096 410 2196 483 ϐὴς
2220 407 2313 465 οὖν
2333 411 2555 466 ἃπασαν
2575 410 2674 482 τὴν
2693 410 2968 483 διαγωγὴν
2987 413 3047 465 ὲν
3060 414 3193 485 οἴκῳ
3211 414 3408 477 κακίας
3429 414 3641 485 ἔχειδια

390 489 487 559 τῆς
520 490 658 561 πρὸς
716 491 1017 562 Ῥωμαίους
1069 493 1288 565 μνήμην
1335 496 1629 567 πεποίηται
1685 499 1823 569 μετὰ
1874 499 1980 552 τῶν

382 581 564 636 ἄλλων
598 584 690 637 καὶ
735 584 930 656 Ἑρμᾶ,
967 578 1027 639 οὗ
1062 602 1224 655 φασιν
1258 586 1524 659 ὑπάρχειν
1557 589 1617 642 τὸ
1648 590 1741 643 τοῦ
1776 591 1981 660 Ποιμέ-

388 691 497 741 νος
532 675 753 747 βιϐλίον·
794 678 966 748 ἰστέον
997 678 1074 743 ὡς
1124 677 1217 734 καὶ
1266 680 1426 735 τοῦτο
1479 682 1617 754 πρὸς
1670 683 1771 754 μέν
1819 702 1980 739 τινων

387 768 782 835 ἀπιλέλεκται,
831 772 898 825 δι’
950 771 1044 837 οὓς
1076 773 1177 827 οὐκ
1202 772 1275 844 ,ἂν
1308 776 1366 828 ὲν
1416 776 1868 847 ὁμολογουμένοις
1901 797 1981 832 τι-

391 859 532 933 θείησ
572 864 661 931 ὑφ’
711 865 912 937 ἐτέρων
943 865 1001 919 δὲ
1041 867 1470 936 ἀναγκαιότατον
1520 864 1602 933 οἷς
1637 870 1870 941 μάλιστα
1902 869 1983 924 δεῖ

392 956 777 1027 στοιχειώσεως
809 961 1177 1032 εἰσαγωγικῆς
1210 961 1478 1033 κέκριται·
1510 963 1632 1016 ὅθεν
1664 962 1763 1035 ἤδη
1794 963 1888 1017 καὶ
1921 965 1981 1019 ἐν

402 1048 746 1122 Ἐκκλησίαις
794 1052 950 1124 ἴσμεν
1000 1054 1133 1108 αὐτὸ
1179 1054 1682 1127 δεδημοσιωμένον,
1729 1057 1822 1111 καὶ
1871 1057 1979 1112 τῶν

385 1143 765 1199 παλαιοτάτων
827 1146 883 1199 δὲ
949 1148 1315 1219 συγγραφέων
1396 1149 1765 1221 κεχρημένους
1829 1150 1980 1215 τινὰς

386 1236 536 1309 αὐτῷ
568 1234 893 1309 κατείληφα.
944 1239 1210 1306 Quoniam
1244 1257 1363 1295 vero
1408 1242 1548 1295 idem
1590 1241 1871 1311 Apostolus
1920 1244 1978 1297 in

386 1328 803 1384 salutationibus
835 1331 906 1385 ad
948 1332 1107 1401 finem
1145 1326 1405 1402 Epistola:
1440 1333 1510 1387 ad
1538 1333 1807 1389 Romanos
1842 1336 1979 1389 inter

387 1421 524 1477 alios
568 1424 886 1477 mentionem
943 1424 1068 1493 fecit
1123 1422 1357 1491 Hermae,
1404 1425 1556 1493 cujus
1593 1443 1704 1481 esse
1730 1428 1881 1481 aiunt
1911 1427 1980 1481 li-

388 1520 539 1567 brum
581 1512 862 1581 Pastoris;
908 1516 1180 1569 sciendum
1210 1526 1309 1583 est,
1343 1518 1505 1571 etiam
1531 1519 1654 1572 huic
1690 1536 1722 1572 a
1761 1518 1978 1590 quibus-

385 1605 511 1658 dam
546 1607 862 1670 contradici,
900 1617 1115 1678 propter
1146 1626 1275 1679 quos
1313 1611 1451 1665 inter
1484 1620 1706 1682 receptte
1737 1614 1976 1666 auctori-

388 1697 519 1750 tatis
555 1697 717 1752 libros
748 1700 875 1768 poni
919 1716 1023 1753 non
1064 1708 1255 1769 potest.
1290 1701 1367 1754 Ab
1418 1700 1543 1756 aliis
1584 1718 1703 1756 vero
1743 1703 1977 1757 maxime

2083 504 2395 576 λελυμένος,
2417 506 2559 557 κατὰ
2575 503 2703 567 τοὺς
2723 503 2828 570 ἔξω
2855 506 2954 576 τῆς
2980 505 3269 577 οἰκοδομῆς
3287 506 3489 570 λίθους,
3506 507 3555 560 οἳ
3577 509 3663 578 οὐχ

2084 598 2381 671 ἁρμόζουσι
2415 601 2480 669 τῇ
2519 597 2774 669 οἰκοδομῇ
2829 596 2926 651 τοῦ
2979 598 3189 669 πύργου
3232 599 3375 652 κατὰ
3423 599 3518 665 τὸν
3547 601 3661 652 lict-

2086 691 2240 762 μένα.
2278 690 2411 743 Tota
2442 691 2607 760 igitur
2656 690 2807 760 impii
2847 693 3175 745 conversatio
3214 692 3269 746 in
3301 692 3460 745 domo
3499 695 3662 761 praci-

2085 784 2210 837 tatis
2240 794 2341 847 est,
2375 799 2493 837 cum
2520 783 2588 837 sit
2618 783 2910 837 dissolutus
2943 801 3048 838 non
3076 784 3233 837 aliter
3261 801 3421 854 quam
3469 784 3661 853 lapides

2082 886 2235 929 extra
2271 874 2582 944 aedi/icium,
2622 876 2713 945 qui
2749 875 3082 943 wdiﬁcandas
3132 878 3269 931 turri
3317 876 3479 946 plane
3514 876 3661 944 inepti

2082 978 2228 1030 sunt,
2259 965 2419 1035 juxta
2461 965 2762 1020 Pastorem.
2795 965 3061 1030 Bullinus,
3100 966 3310 1039 Didymi
3344 968 3662 1037 discipulus,

2081 1061 2175 1130 qui
2209 1060 2261 1112 in
2291 1058 2533 1114 Ecclesia
2580 1058 2769 1113 Graeca
2804 1059 3100 1129 plurimum
3133 1072 3384 1115 versatus
3426 1068 3539 1124 est,
3564 1058 3661 1113 Ex-

2082 1148 2351 1218 positione
2388 1148 2440 1201 in
2464 1147 2782 1218 Symbolum
2817 1149 3214 1216 apostolorum,
3247 1165 3372 1204 cum
3403 1164 3663 1203 canonem

2083 1239 2140 1295 S.
2190 1238 2487 1309 Scriptura:
2535 1239 2689 1309 prius
2743 1238 3100 1306 tradidisset,
3150 1241 3349 1295 addit:
3387 1238 3662 1294 Sciendum

2083 1342 2257 1386 tamen
2287 1341 2364 1386 est
2395 1332 2535 1403 quod
2557 1340 2607 1384 et
2660 1331 2755 1385 alii
2781 1330 2904 1384 libri
2948 1340 3092 1397 sunt,
3117 1334 3207 1403 qui
3256 1349 3359 1386 non
3406 1333 3664 1396 canonici,

2080 1424 2170 1479 sed
2201 1423 2548 1478 ecclesiastici
2595 1439 2628 1475 a
2684 1422 2976 1492 majoribus
3021 1423 3272 1493 appellati
3308 1434 3457 1491 sunt,
3493 1434 3549 1477 ut
3594 1431 3664 1478 est

2081 1516 2357 1585 Sapientia
2391 1514 2715 1582 Salomonis,
2759 1525 2810 1569 et
2850 1517 2961 1570 alia
3001 1517 3274 1586 Sapientia
3312 1535 3434 1589 quae
3478 1519 3665 1571 dicitur

2079 1610 2181 1679 ﬁlii
2213 1607 2423 1663 Siraclt.
2443 1607 2699 1678 Ejusdem
2724 1609 2927 1663 ordinis
2955 1620 3030 1663 est
3053 1609 3264 1665 libellus
3296 1610 3481 1665 Tobia:
3508 1625 3554 1665 e:
3573 1611 3664 1665 Ju-

2079 1701 2213 1761 ditlt,
2244 1710 2294 1755 et
2343 1699 2775 1756 Hac/tabworum
2828 1699 2974 1754 libri.
3023 1700 3089 1754 ln
3146 1700 3297 1755 Novo
3335 1720 3455 1756 vero
3488 1703 3531 1755 Τ
3533 1712 3664 1755 esta-

385 1789 712 1843 necessarius
738 1788 1043 1857 judicatur,
1084 1791 1150 1843 iis
1185 1792 1480 1859 prtesertim
1508 1792 1599 1862 qui
1631 1790 1972 1847 elementaria
2007 1795 2046 1848 Β
2076 1804 2250 1848 mento
2283 1792 2490 1847 libellus
2529 1794 2621 1863 qui
2649 1794 2850 1848 dicitur
2898 1793 3144 1849 Pastoris
3166 1835 3183 1860 ,
3219 1795 3327 1848 sive
3373 1793 3664 1860 Ilerntatis,

384 1879 719 1934 institutione
769 1881 1024 1951 indigent.
1071 1876 1218 1935 Unde
1255 1883 1417 1935 etiam
1469 1884 1524 1936 in
1556 1881 1805 1938 Ecclesiis
1857 1898 1975 1938 eum

380 1971 712 2041 publicatum
745 1973 977 2038 scimus;
1007 1982 1057 2028 et
1084 1973 1196 2043 ipse
1216 1974 1471 2044 quosdam
1504 1991 1571 2030 ea:
1600 1977 1976 2032 vetustissimis

381 2066 729 2137 scriptoribus
762 2068 931 2138 ipsius
963 2066 1265 2123 testimonio
1298 2086 1421 2125 usos
1449 2088 1563 2126 esse
1596 2070 1934 2143 deprehendi.

457 2155 515 2212 S.
555 2156 915 2224 Athanasius,
960 2154 1203 2214 Eusebio
1237 2161 1611 2231 synchronus,
1650 2163 1705 2217 in
1744 2166 1973 2235 epistola

382 2246 731 2322 ἑορταστικῇ,
758 2265 882 2305 cum
919 2250 1091 2306 libros
1132 2251 1191 2307 S.
1238 2251 1537 2323 Scriptura:
1567 2257 1863 2313 canonicos
1890 2274 1977 2315 re-

382 2343 630 2409 citasset,
662 2343 876 2398 monuit
906 2358 1030 2399 esse
1056 2346 1150 2399 καὶ
1183 2345 1348 2418 ἕτερα
1386 2347 1568 2418 βιϐλία
1602 2348 1807 2405 τούτων
1841 2351 1975 2418 ἔξω·

378 2434 493 2500 Θεν,
518 2436 580 2489 οὐ
609 2434 1005 2508 κανονιξόμενα
1041 2437 1160 2508 μὲν,
1196 2438 1560 2511 τετυπωμένα
1590 2441 1648 2495 δὲ
1682 2444 1834 2515 παρὰ
1868 2445 1976 2500 τῶν

383 2522 643 2599 Πατέρων
677 2526 1144 2597 ἀναγινώσκεσθαι
1178 2533 1290 2595 τοῖς
1339 2530 1466 2603 ἄρτι
1520 2536 1977 2607 προσερχομένοις

383 2620 477 2673 καὶ
513 2619 857 2690 βουλομένοις
889 2621 1246 2691 κατηχεϊσθαι
1278 2622 1371 2676 τὸν
1421 2623 1524 2694 τῆς
1574 2625 1867 2692 εὐσεϐείας·
1888 2628 1977 2682 λό-

382 2728 498 2780 γον’
565 2713 736 2784 Σοφία
800 2715 1173 2786 Σολομῶντος,
1228 2714 1322 2768 καὶ
1375 2716 1565 2784 Σοφία
1592 2717 1817 2785 Σιρὰχ,
1884 2718 1977 2773 καὶ

408 2804 640 2874 Εσθὴρ,
666 2810 757 2861 καὶ
782 2800 1017 2871 Ἵουδὶθ,
1047 2807 1139 2861 καὶ
1166 2806 1390 2872 Tobiae,
1414 2805 1506 2861 καὶ
1528 2806 1751 2877 Διδαχὴ
1787 2810 1979 2863 καλουιι

386 2896 523 2968 μὲνη
558 2897 678 2952 τῶν
715 2900 1104 2964 ἀποστόλων,
1140 2897 1234 2951 καὶ
1268 2899 1302 2953 ό
1322 2897 1574 2968 Ποιμήν.
1614 2898 1797 2954 Etiam
1842 2900 1976 2955 alios

384 2991 547 3048 libros
577 3001 729 3046 extra
764 2993 877 3060 hos,
907 3010 1011 3047 non
1055 3006 1253 3047 canone
1293 2994 1504 3063 quidem
1554 2993 1824 3063 probatos,
1884 2996 1975 3050 sed

2077 1884 2168 1955 qui
2192 1883 2497 1953 appellatur
2523 1883 2656 1937 Dure
2681 1885 2800 1950 via',
2833 1884 2911 1938 vel
2942 1885 3209 1954 judicium
3240 1885 3533 1937 secundum
3576 1883 3667 1937 Pe-

2080 1985 2221 2027 trum
2251 1988 2268 2026 :
2296 1991 2413 2045 quae
2443 1974 2620 2028 omnia
2638 1974 2741 2045 legi
2773 1976 2982 2044 quidem
3010 1976 3064 2028 in
3093 1973 3341 2029 Ecclesiis
3369 1976 3666 2039 voluerunt,

2078 2083 2181 2120 non
2207 2077 2383 2121 tamen
2424 2068 2656 2138 proferri
2689 2067 2757 2121 ad
2787 2070 3157 2122 auctoritatem
3181 2085 3245 2122 ex
3275 2069 3356 2120 liis
3384 2068 3515 2136 fidei
3544 2083 3666 2119 con~

2077 2160 2416 2230 ﬁrmandam.
2451 2161 2512 2217 S.
2541 2160 2929 2233 Hieronymus,
2951 2163 3044 2233 qui
3079 2162 3221 2216 inter
3250 2159 3479 2216 Graecos
3534 2177 3664 2216 con-

2079 2253 2293 2322 senuit,
2355 2255 2407 2309 in
2470 2255 2733 2327 Catalogo
2797 2256 2914 2311 hinc
2970 2255 3172 2310 habet:
3211 2253 3466 2307 Hermum
3522 2256 3668 2323 cujus

2079 2347 2350 2416 apostolus
2387 2347 2584 2403 Paulus
2629 2350 2697 2402 ad
2726 2347 2994 2402 Romanos
3026 2347 3258 2401 scribens
3289 2348 3558 2409 meminit,
3587 2364 3667 2398 as-

2079 2450 2260 2495 serunt
2293 2453 2564 2495 auctorem
2594 2457 2707 2495 esse
2749 2439 2873 2494 libri
2898 2441 2987 2510 qui
3040 2439 3341 2509 appellatur
3364 2437 3587 2499 Pastor,
3622 2447 3668 2491 et

2079 2532 2220 2600 apud
2248 2534 2505 2603 quasdam
2557 2530 2780 2587 Graeciaa
2814 2531 3077 2585 Ecclesias
3120 2532 3280 2585 etiam
3316 2531 3528 2601 publice
3551 2531 3667 2600 legi-

2081 2634 2186 2679 tur.
2224 2625 2423 2679 Revera
2454 2625 2605 2679 utilis
2646 2625 2799 2692 liber,
2834 2625 3090 2695 multique
3120 2623 3185 2677 de
3228 2640 3287 2677 eo
3342 2624 3669 2691 scriptorum

2079 2728 2309 2773 veterum
2340 2728 2731 2789 usurpaverant
2772 2717 3111 2782 testimonia;
3147 2716 3236 2769 sed
3268 2716 3411 2787 apud
3444 2715 3670 2768 Latinos

2079 2826 2207 2879 pene
2252 2811 2459 2879 ignotus
2512 2818 2610 2863 est.
2658 2808 2802 2864 Idem
2837 2810 3064 2879 epistola
3102 2807 3226 2874 106,
3271 2807 3386 2861 sive
3432 2802 3671 2877 Prologn

2079 2901 2289 2972 galeato
2346 2919 2360 2956 :
2422 2898 2599 2972 Igitur
2668 2900 2946 2972 Sapientia
3010 2915 3128 2971 quis
3187 2897 3341 2966 vulgo
3408 2892 3661 2947 Salomo-

2080 2993 2168 3048 nis
2206 2992 2546 3061 inscribitur,
2596 3003 2646 3049 et
2689 2992 2818 3049 Jesu
2872 2994 2966 3048 lilii
3009 2991 3203 3047 Sirach
3249 2990 3413 3052 liber,
3469 2997 3517 3039 et
3572 2985 3671 3040 Juo

383 3085 616 3140 Patrum
648 3086 970 3140 auctoritate
1014 3085 1128 3141 illis
1178 3087 1269 3157 qui
1303 3087 1518 3157 pietatis
1567 3086 1837 3142 elementis
1881 3088 1979 3142 im-
2004 3103 2046 3159 ο
2081 3086 2197 3140 dith
2226 3096 2274 3141 et
2313 3084 2515 3141 Tobias
2546 3097 2595 3141 et
2625 3086 2820 3142 Pastor
2864 3104 2967 3141 non
3000 3094 3120 3139 sunt
3154 3085 3209 3138 in
3237 3095 3462 3134 canone.
3499 3077 3671 3132 Joan-

384 3179 578 3233 buendi
630 3189 799 3234 essent
848 3180 1180 3250 propositos,
1223 3180 1418 3250 quales
1466 3188 1595 3235 sunt
1639 3198 1653 3234 :
1702 3178 1977 3250 Sapientia

385 3270 710 3336 Solomonis,
737 3267 1011 3340 Sapientia
1040 3267 1253 3337 Sirach,
1281 3268 1490 3335 Esther,
1518 3268 1731 3336 Iudith,
1764 3269 1974 3341 Tobias,

384 3358 643 3414 Doctrina
669 3359 1049 3430 apostolorum,
1074 3370 1124 3414 et
1163 3359 1376 3416 Pastor.
1438 3359 1562 3415 Haec
1592 3361 1813 3432 quidem
1849 3373 1978 3420 tunc

384 3450 644 3507 Ecclesiae
677 3453 983 3520 sententia;
1019 3454 1151 3524 quid
1180 3463 1364 3509 autem
1398 3454 1465 3510 de
1499 3458 1729 3509 Pastore
1767 3454 1977 3525 judica-

376 3548 544 3613 ‘verit,
576 3548 798 3603 aliunde
849 3556 1018 3618 patet.
1058 3545 1197 3602 Nam
1251 3556 1305 3603 et
1358 3548 1589 3617 epistola
1632 3549 1700 3603 de
1754 3546 1975 3603 Nicaena

383 3639 595 3709 synodo
624 3640 806 3695 verbis
838 3637 1054 3695 Hermae
1076 3639 1247 3710 ipsius
1270 3639 1464 3706 utitur,
1489 3648 1540 3695 et
1568 3640 1663 3695 lib.
1684 3639 1759 3695 De
1784 3639 1976 3693 Incor-

381 3731 598 3784 natione
633 3730 783 3785 Verbi
803 3732 1000 3801 probat
1029 3732 1216 3785 omnia
1235 3746 1303 3785 ex
1334 3733 1506 3787 nihilo
1533 3732 1677 3787 facta
1708 3748 1806 3803 per
1836 3730 1974 3787 Ver-

384 3821 515 3875 bum
554 3840 567 3876 ;
598 3816 675 3894 ⁷ῌ
710 3839 844 3894 φησι
876 3822 963 3876 διὰ
1001 3822 1098 3894 μὲν
1131 3822 1395 3887 Μωσέωςο
1446 3824 1549 3878 Ἐν
1580 3824 1740 3894 ἀρχῇ
1772 3825 1975 3892 ἐποίη-

384 3928 499 3967 σεν
531 3916 564 3967 ὀ
599 3914 742 3980 Θεὸς
773 3913 881 3968 τὸν
911 3912 1173 3983 οὐρανὸν
1206 3916 1303 3969 καὶ
1323 3914 1453 3984 τὴν
1484 3915 1621 3987 γῆν·
1657 3916 1745 3971 διὰ
1785 3916 1841 3969 δὲ
1875 3916 1973 3987 τῆς

384 4004 815 4076 ὡφελιμωτάτης
852 4004 1037 4075 βίϐλου
1072 4005 1165 4059 τοῦ
1200 4005 1511 4076 Ποιμένος·
1551 4006 1793 4075 Πρῶτον
1825 4009 1973 4063 πάν-

383 4077 504 4150 to»2
534 4097 873 4150 πίστευσον
905 4095 994 4149 ὅτι
1026 4097 1114 4163 εἰς
1145 4097 1317 4151 ἐστιν
1362 4101 1395 4151 ό
1431 4097 1575 4165 Θεὸς
1608 4102 1640 4153 ό
1674 4098 1745 4153 τὰ
1777 4100 1974 4156 πάντα

384 4190 600 4257 κτίσας
646 4189 744 4241 καὶ
796 4189 1162 4257 καταρτίσας
1212 4189 1309 4243 καὶ
1344 4188 1608 4256 ποιήσας
1638 4189 1707 4243 ἐκ
1740 4191 1847 4245 τοῦ
1884 4192 1969 4263 μὴ

374 4279 561 4346 ὄντος
591 4282 679 4346 εἰς
711 4279 776 4333 τὸ
823 4280 994 4334 εἶναι.
1048 4280 1319 4344 Quatenus
1364 4280 1601 4351 loquitur
1645 4299 1738 4353 per
1790 4282 1970 4339 Mosen

370 4374 597 4442 quidem
622 4388 639 4426 :
671 4391 689 4424 ι
713 4370 779 4425 In
807 4372 1067 4442 principio
1092 4373 1216 4442 fecit
1240 4372 1379 4427 Deus
1404 4374 1592 4428 caelum
1616 4384 1667 4430 et
1691 4384 1915 4431 terram:
1945 4399 1963 4431 ι

2083 3184 2180 3224 nes
2273 3168 2575 3224 Cassianus
2607 3209 2622 3235 ,
2688 3168 2865 3223 sancti
2943 3162 3320 3236 Chrysostomi
3418 3160 3672 3229 discipu-

2081 3265 2188 3331 lus,
2239 3264 2422 3318 collat.
2475 3278 2611 3328 VIII,
2656 3261 2824 3331 capit.
2870 3259 2933 3314 l7
2964 3280 2976 3312 ε
3005 3257 3130 3311 Jam
3178 3256 3317 3327 quod
3385 3254 3677 3322 unicuique

2081 3362 2322 3408 nostrum
2351 3353 2455 3406 duo
2505 3352 2805 3406 coluereant
2857 3349 3051 3420 angeli,
3086 3348 3138 3402 id
3163 3357 3238 3401 est
3272 3345 3439 3398 bonus
3470 3354 3520 3398 et
3556 3358 3675 3395 ma-

2078 3447 2185 3513 lus,
2221 3444 2505 3516 Scriptura
2536 3452 2781 3498 testatur.
2834 3441 2912 3495 De
2969 3442 3116 3494 battis
3143 3436 3366 3510 quidem
3396 3433 3674 3499 Salvator,

2078 3546 2209 3606 etc.,
2266 3538 2331 3590 de
2404 3537 2641 3606 utrisque
2712 3549 2831 3587 vero
2882 3533 3016 3586 liber
3063 3530 3307 3586 Pastoris
3364 3528 3678 3599 plenissime

2077 3631 2248 3685 docet.
2283 3627 2349 3683 Et
2379 3628 2562 3683 collat.
2606 3642 2727 3694 xm,
2759 3641 2883 3696 cap.
2919 3626 2987 3679 1⁸2
3015 3643 3029 3680 :
3059 3624 3319 3693 Adjacere
3353 3633 3535 3676 autem
3584 3621 3678 3673 lio-

2076 3723 2210 3777 mini
2240 3723 2295 3774 in
2335 3721 2624 3791 quamlibet
2658 3730 2864 3789 partem
2896 3717 3109 3772 arbitrii
3149 3716 3472 3781 libertatem,
3507 3714 3677 3767 etiam

2077 3815 2209 3868 liber
2230 3813 2321 3867 ille
2343 3814 2433 3883 qui
2462 3812 2663 3866 dicitur
2700 3810 2946 3866 Pastoris
2975 3809 3310 3880 apertissime
3339 3806 3512 3860 docet.
3563 3806 3680 3860 Ms-

2078 3907 2260 3964 ximus
2288 3908 2342 3959 in
2368 3904 2607 3961 Scholiis
2638 3902 2705 3957 ad
2735 3902 2979 3974 Dionysii
3016 3901 3214 3955 librum
3245 3900 3324 3954 De
3349 3900 3551 3954 divinis
3583 3916 3682 3952 no.

2076 4000 2306 4065 minibus
2331 4040 2347 4065 ,
2381 4013 2503 4068 cap.
2532 3998 2603 4051 ιιι
2638 3994 3057 4066 Τελεσιουργίαν
3105 3993 3162 4047 δὲ
3208 3992 3458 4062 ἀγγέλων
3519 3991 3680 4061 λέγει

2073 4091 2149 4157 ὡς
2182 4091 2273 4143 ἐπὶ
2297 4088 2390 4143 τοῦ
2419 4087 2617 4159 Δανιὴλ
2648 4086 2740 4139 καί⁹
2764 4084 2859 4138 τοῦ
2892 4084 3125 4154 ἀγγέλου
3162 4082 3257 4137 τοῦ
3304 4083 3684 4155 ἑρμηνεύσαν-

2073 4201 2165 4247 τος
2199 4182 2367 4253 αὐτῷ,
2415 4180 2508 4234 καὶ
2556 4179 2685 4251 περὶ
2722 4175 2816 4231 τοῦ
2864 4176 3130 4247 Ποιμένος
3178 4174 3271 4228 τὸν
3336 4174 3554 4245 Ἑρμᾶν
3590 4191 3683 4227 τεο

2075 4274 2417 4339 λειώσαντος,
2436 4273 2511 4336 ὡς
2532 4273 2646 4326 ἐκεῖ
2667 4270 2981 4339 ἀνέγνωμεν
3010 4270 3067 4321 ὲν
3096 4267 3175 4339 τῷ
3200 4264 3469 4335 Ποιμένι.
3497 4264 3681 4319 Porro

2074 4367 2409 4440 perfectionis
2437 4363 2766 4436 eﬁicientiam
2797 4361 3103 4431 angelorum
3143 4367 3290 4413 vocat
3314 4398 3330 4422 ,
3362 4369 3424 4411 ut
3464 4359 3534 4411 de
3563 4357 3683 4411 Da-

382 4480 476 4533 per
514 4465 861 4519 utilissimum
893 4476 1069 4518 autem
1102 4464 1346 4521 Pastoris
1379 4464 1619 4521 librum:
1663 4486 1681 4520 ι
1723 4468 1971 4524 Primum
2007 4462 2050 4515 ῐ)
2078 4460 2214 4515 ηίείε
2238 4468 2286 4513 ει
2317 4457 2501 4529 angelo
2529 4458 2631 4527 ipsi
2654 4457 3054 4524 interpretante,
3080 4462 3129 4505 et
3171 4451 3235 4505 de
3262 4448 3493 4504 Pastore
3525 4449 3682 4504 Ber-

368 4555 621 4611 'omnium
646 4558 799 4611 crede
834 4573 998 4611 unum
1028 4573 1141 4610 esse
1182 4556 1372 4625 Deum,
1412 4559 1501 4628 qui
1533 4559 1769 4612 condidit
1799 4563 1979 4615 omnia

383 4658 434 4703 et
474 4650 720 4717 absolvit,
762 4650 990 4721 fecitque
1022 4660 1081 4704 ut
1124 4665 1188 4704 ex
1224 4666 1328 4704 non
1362 4660 1480 4705 ente
1502 4661 1694 4706 essent.
1732 4671 1750 4703 ι
1803 4652 1977 4719 Quem

374 4739 603 4797 illermaa
624 4742 809 4797 locum
852 4751 1001 4810 ante,
1034 4743 1102 4797 ad
1140 4742 1389 4796 eamdem
1426 4757 1543 4797 rem
1589 4743 1976 4799 demonstran-

368 4834 530 4896 ‘dam,
565 4833 900 4904 produxerat
933 4832 1196 4902 Origenes
1230 4844 1379 4889 tomo
1419 4850 1440 4891 ι
1482 4836 1537 4889 in
1572 4833 1861 4892 Joannem.
1913 4834 1979 4891 Et

372 4940 513 4980 cum
549 4926 803 4981 eumdem
837 4928 1004 4981 etiam
1047 4926 1419 4997 producerent
1466 4927 1678 4994 Ariani,
1733 4929 1978 4983 Athana-

385 5018 502 5073 sius
535 5017 763 5088 epistola
801 5032 900 5087 pro
946 5015 1165 5073 Niczena
1200 5018 1409 5088 synodo
1447 5035 1460 5071 :
1519 5017 1607 5071 Ἐν
1639 5017 1696 5071 δὲ
1730 5017 1807 5089 τῷ
1839 5021 1975 5072 Ποι-

378 5110 518 5180 μένι
550 5110 859 5183 γέγραπται
912 5110 1152 5180 (ἐπειδὰν
1204 5110 1299 5164 καὶ
1350 5108 1527 5173 τοῦτο,
1581 5109 1759 5163 καίτοι
1812 5110 1885 5181 μὴ
1917 5109 1977 5163 ὃν

385 5204 452 5254 ὲκ
500 5201 593 5254 τοῦ
638 5201 883 5265 κανόνος,
930 5200 1309 5273 προφέρουσι)·
1372 5219 1391 5251 ι
1444 5199 1690 5268 Πρῶτον
1737 5200 1977 5253 πάντων

387 5292 742 5346 πίστευσον.
789 5310 807 5344 ι
849 5289 915 5346 1η
940 5290 1170 5347 Pastore
1214 5307 1417 5362 quoque
1459 5292 1718 5360 scriptum
1753 5291 1975 5344 habetur

388 5385 662 5452 (quoniam
706 5395 755 5438 et
801 5383 917 5449 hoc,
965 5385 1205 5454 quamvis
1245 5399 1309 5437 ea;
1348 5399 1545 5437 canone
1575 5399 1679 5436 non
1708 5383 1798 5449 sit,
1844 5383 1975 5436 alle-

382 5477 534 5544 gant)
562 5491 577 5527 :
614 5494 632 5526 ι
674 5474 918 5530 Primum
952 5477 1184 5529 omnium
1217 5477 1388 5541 crede,
1421 5494 1440 5526 ι
1475 5485 1582 5531 etc.

460 5568 600 5634 Quid
650 5568 909 5638 Didymus
944 5569 1248 5623 Athanasio
1284 5569 1630 5639 synchronus
1673 5567 1739 5623 de
1768 5566 1970 5623 Her-ma

388 5664 639 5727 senserit,
667 5662 917 5733 quamvis
946 5663 1065 5732 ejus
1104 5662 1289 5715 omnia
1330 5662 1441 5715 fere
1485 5675 1652 5731 opera
1683 5662 1966 5731 perierint,

390 5755 636 5829 Lolligere
669 5755 792 5811 licet
822 5769 887 5810 ex
923 5754 1127 5811 Catena
1155 5756 1206 5808 in
1233 5752 1455 5820 Job‘um,
1487 5754 1577 5808 ubi
1605 5755 1679 5808 ait
1706 5771 1720 5810 :
1763 5755 1818 5810 Ὀ
1849 5756 1967 5808 ἀσε-

2082 4570 2223 4608 mam
2246 4553 2568 4623 perﬁciente,
2598 4559 2656 4604 ut
2687 4550 2758 4603 ibi
2790 4549 3013 4619 legimus
3041 4548 3100 4601 in
3129 4545 3379 4601 Pastore.
3412 4544 3483 4599 Et
3504 4547 3683 4616 paulo

2081 4655 2243 4716 post:
2274 4646 2383 4697 Καὶ
2416 4644 2496 4696 ὅτι
2527 4643 2615 4696 διὰ
2666 4641 2777 4694 τῶν
2821 4638 3066 4710 ἀγγέλων
3099 4638 3155 4691 αἰ
3193 4636 3361 4709 ψυχαὶ
3391 4653 3682 4707 χειραγωο

2080 4736 2302 4805 γοῦνται
2334 4737 2389 4788 αἱ
2423 4732 2566 4806 ζωὴν
2611 4733 2910 4803 ἀγγελικὴν
2934 4730 3343 4807 ἐπιτηδευουσαι
3370 4770 3387 4793 ,
3432 4730 3584 4783 οὕτω
3618 4731 3681 4783 ὲν

2080 4829 2159 4901 τῷ
2192 4827 2437 4897 Ποιμέυνι
2470 4826 2804 4897 ἀνέγνωμεν.
2844 4823 2915 4880 Et
2944 4823 3082 4895 quod
3126 4824 3319 4877 anima:
3354 4823 3524 4875 vitam
3578 4840 3682 4877 an-

2082 4923 2305 4993 gelicam
2334 4922 2669 4973 instituentes
2701 4917 2765 4971 ab
2791 4918 2994 4988 angelis
3016 4915 3474 4983 mauuducuntur,
3499 4917 3591 4969 ita
3620 4919 3683 4971 its

2079 5014 2310 5071 Pastore
2350 5012 2592 5083 legimus.

2149 5106 2284 5163 Cum
2312 5107 2429 5161 haec
2475 5103 2635 5159 fuerit
2670 5112 2780 5158 tam
2813 5104 3072 5172 antiqua,
3114 5109 3224 5155 tam
3263 5108 3531 5155 constans
3587 5116 3683 5155 eo-

2079 5217 2201 5256 rum
2237 5201 2333 5271 qui
2363 5201 2419 5254 in
2454 5197 2645 5254 Graeca
2682 5197 2929 5253 Ecclesia
2955 5195 3260 5250 ﬂoruerunt
3286 5194 3353 5249 de
3378 5194 3527 5248 libro
3569 5194 3693 5249 Pa-

2078 5294 2237 5347 storis
2276 5292 2581 5359 sententia;
2616 5299 3050 5346 cum'auctorem
3088 5287 3322 5359 prodant
3345 5284 3618 5342 Hermann
3664 5306 3695 5341 a

2080 5384 2139 5439 S.
2185 5382 2358 5439 Paulo
2403 5383 2774 5449 nominatum,
2829 5396 2955 5436 cum
3002 5378 3206 5434 librum
3258 5377 3442 5447 ipsum
3473 5377 3534 5431 in
3570 5379 3687 5432 ali-

2078 5482 2281 5552 quibus
2306 5480 2556 5537 ecclesiis
2572 5479 2786 5551 publice
2810 5478 3035 5541 lectum,
3052 5475 3117 5529 ad
3136 5473 3547 5528 institutionem
3578 5488 3649 5527 ca
3675 5503 3687 5512 -

2080 5574 2532 5627 tcchumenorum
2583 5562 2617 5626 a'
2664 5568 2921 5625 Patribus
2967 5565 3415 5621 commendatum
3457 5579 3687 5619 memo-

2078 5674 2221 5729 rent,
2261 5680 2387 5719 cum
2429 5665 2532 5734 ipsi
2582 5672 2677 5718 aut
2710 5676 2930 5718 sacrum
2962 5668 3017 5713 et
3060 5658 3305 5713 divinum
3329 5696 3344 5721 ,
3381 5665 3480 5709 aut
3512 5665 3686 5711 neno

2080 5751 2668 5808 utilissimumlibrurn
2700 5750 3077 5831 pronuntient,
3122 5759 3175 5803 et
3203 5748 3326 5803 ideo
3360 5755 3585 5802 tantum
3617 5748 3679 5804 in
