3814 6198
173 284 254 337 HS

926 289 976 345 J.
1022 284 1387 343 PEARSONII
1428 235 1749 340 VlNlllClzli
1791 276 2208 336 IGNATIANIE.
2248 306 2314 316 —
2354 272 2535 330 PARS
2570 271 2614 328 Ι.

3333 266 3355 318 1
3373 266 3441 321 ιι

169 421 353 462 canone
408 425 521 464 non
568 412 922 481 ponendum,
946 412 1093 484 quod
1119 412 1185 467 de
1222 426 1288 467 eo
1313 409 1483 479 aliqui
1513 406 1736 461 dubita-
1766 424 1811 479 Α
1838 402 1925 456 nis
1955 399 2343 472 Apocalypsin,
2375 413 2515 467 quos
2544 406 2727 451 tamen
2753 392 3003 465 agnoscit
3046 392 3223 448 libros
3264 405 3296 444 a
3329 389 3441 458 ple-

166 511 288 565 runt,
312 516 377 555 an
408 500 682 559 credibile
712 514 801 561 est
831 503 1195 575 Nicephorum
1218 512 1313 558 aut
1342 502 1511 557 alium
1544 514 1736 569 quent-

165 592 232 646 vis
261 592 510 649 Ecclesia
540 595 760 652 Graca
805 598 1108 664 alumnum,
1138 595 1389 652 eumdem
1428 605 1488 648 ut
1535 591 1735 644 falsum

160 694 206 738 et
222 683 419 751 ﬁctum,
453 695 514 740 ut
545 689 815 755 pessima
860 700 1002 744 nota
1044 688 1412 758 apocryphum
1459 683 1734 755 jugulare.

160 776 289 829 etab
320 778 467 831 omni
520 779 801 836 Ecclesia
850 781 970 836 luce
1016 794 1298 835 removere
1350 774 1623 832 voluisse?
1673 772 1737 827 Et

158 876 315 923 tamen
343 867 587 926 Dallaus
614 888 726 942 pro
758 881 912 928 certo
952 873 1114 927 habet
1137 871 1502 941 Nicephorum
1546 884 1733 933 suum,

158 957 232 1009 his
259 959 511 1015 omnibus
546 964 955 1032 praetermissis
1014 964 1130 1019 sive
1170 961 1468 1024 damnatis,
1516 969 1738 1016 senten-

154 1049 268 1105 tiam
302 1048 636 1109 Tertulliani
668 1063 849 1125 atque
882 1054 1081 1110 Gelasii
1113 1062 1361 1110 secutum
1392 1067 1533 1108 esse.

214 1142 585 1203 Tertullianus
613 1147 929 1219 aliquando
956 1148 1279 1213 catholicus,
1306 1144 1603 1216 aliquando
1624 1144 1737 1198 ha-

153 1233 353 1300 reticus,
388 1245 445 1290 et
480 1236 595 1293 alia
644 1239 950 1306 catholici,
987 1239 1093 1293 alia
1137 1238 1377 1313 haretici
1407 1237 1473 1292 de
1516 1235 1738 1290 Pastore

150 1330 392 1383 sententia
409 1328 537 1385 fuit.
574 1329 820 1385 Librum
847 1330 922 1386 De
950 1332 1189 1386 oratione
1224 1331 1402 1385 adhuc
1432 1329 1737 1386 catholicus

149 1418 368 1487 scripsit,
394 1418 449 1473 in
482 1436 608 1490 quo
668 1421 809 1475 dum
864 1421 1002 1476 ritus
1058 1422 1323 1491 quosdam
1381 1420 1434 1474 in
1480 1420 1739 1475 'oratione

147 1520 445 1579 usurpatos,
476 1522 763 1583 tanquam
828 1513 1108 1569 aﬁ'ectatos
1155 1522 1209 1568 et
1256 1523 1501 1578 οοιὶοιοε,
1533 1521 1587 1567 ει
1636 1528 1736 1566 (Ἤν

146 1602 261 1657 riosi
304 1605 490 1673 potius
521 1623 707 1676 quam
738 1609 1027 1663 rationalis
1058 1607 1223 1664 cilicii
1253 1607 1588 1678 perstringit,
1623 1607 1739 1663 hac

141 1697 321 1752 habet:
350 1697 507 1754 Idem
543 1701 704 1771 quod
727 1703 1008 1773 assignata
1040 1704 1279 1757 oratione
1325 1700 1594 1756 assidendi
1628 1718 1736 1755 mos

1839 493 2025 563 risque
2046 491 2437 547 ecclesiasticis
2462 490 2699 559 agnitos,
2730 486 2824 557 qui
2859 485 3201 557 apocryphos
3260 482 3438 552 pessi-

1838 601 1941 659 ma
1963 595 2106 640 nota
2130 584 2250 638 οὐδὲ
2275 586 2331 637 ὲν
2358 583 2529 646 νόθοις
2552 580 2838 651 ponendos
2872 579 3065 646 voluit,
3104 576 3247 631 Hist.
3280 576 3319 629 l.
3351 590 3434 636 in,

1838 692 1889 733 c.
1924 677 2016 732 25.
2052 676 2117 732 Et
2146 677 2262 747 ipse
2286 674 2660 731 Tertullianus
2692 673 2767 729 ita
2812 672 3028 727 videtur
3057 671 3300 742 scipsum
3340 685 3432 721 ex-

1836 772 2069 842 plicare;
2112 787 2241 826 nam
2286 771 2470 827 statim
2532 768 2683 824 addit
2718 786 2730 821 :
2764 766 2833 820 At
2875 782 2967 837 ego
3006 764 3127 835 ejus
3177 762 3434 819 Pastoris

1837 865 2127 933 scripturas
2178 863 2390 926 haurio,
2420 863 2511 933 qui
2564 878 2669 915 non
2714 868 2884 929 potest
2934 857 3135 929 frangi,
3187 858 3291 911 hoc
3349 862 3433 908 est

1837 972 1964 1011 vere
1987 956 2283 1012 canonicas
2310 996 2323 1009 .
2355 953 2467 1010 Nec
2524 968 2633 1007 non
2697 951 2889 1008 eodem
2915 950 3056 1005 libro
3084 968 3097 1003 :
3128 948 3199 1001 Et
3246 949 3425 1019 utique

1838 1049 2097 1119 receptior
2119 1048 2258 1117 apud
2287 1047 2551 1102 Ecclesias
2570 1044 2811 1115 Epistula
2837 1044 3102 1098 Barnaba:
3129 1042 3425 1113 apocrypha

1838 1140 2069 1196 Pastore
2108 1141 2460 1203 moechorum;
2510 1139 2737 1209 epistola
2775 1144 2957 1191 autem
2991 1136 3255 1190 Barnaba
3288 1130 3425 1189 Ter-

1839 1231 2071 1286 tulliano
2093 1231 2201 1286 alia
2227 1246 2335 1284 non
2360 1239 2443 1285 est
2467 1244 2631 1300 quam
2660 1228 2748 1281 illa
2774 1225 3022 1281 S.-Pauli
3047 1223 3115 1278 ad
3145 1223 3422 1280 Hebraeos.

1839 1322 1997 1390 Quod
2026 1321 2075 1377 si
2118 1321 2325 1393 aliquid
2384 1320 2532 1375 aliud
2586 1317 2874 1384 intellexit,
2921 1325 2975 1371 et
3021 1331 3116 1385 per
3150 1314 3345 1369 falsam
3374 1323 3427 1369 et

1839 1415 2151 1470 adulteram
2214 1414 2587 1484 scripturam,
2637 1412 2853 1465 Herma
2909 1408 3108 1462 librum
3162 1415 3424 1476 tanquam

1840 1507 2094 1575 pessima
2118 1514 2262 1560 nota
2299 1503 2676 1575 apocryphum
2724 1501 2793 1557 ab
2845 1500 3104 1555 onmibus
3162 1497 3426 1553 Ecclesiis

1841 1596 2012 1649 luisse
2041 1595 2383 1649 eliminatum
2418 1593 2672 1657 voluerit,
2699 1605 2808 1645 non
2838 1590 3011 1660 magis
3048 1588 3103 1644 id
3124 1603 3312 1643 verum
3345 1595 3427 1642 est

1840 1704 2004 1758 quam
2034 1703 2158 1741 cum
2188 1702 2308 1741 eam
2339 1687 2513 1741 solam
2544 1685 2789 1740 machos
2834 1697 3020 1737 amare
3046 1681 3124 1735 ait
3154 1699 3167 1734 :
3198 1690 3254 1735 et
3286 1695 3423 1733 con-

139 1799 201 1842 est
236 1770 587 1859 quibusdam,
638 1809 750 1846 non
778 1770 1040 1863 perspicio
1070 1795 1367 1859 rationem;
1391 1794 1497 1847 nisi
1519 1794 1565 1847 si
1597 1792 1731 1846 ιιιιν.
1765 1789 1805 1841 Β
1838 1782 2064 1835 irai-ium
2086 1781 2245 1851 plane
2270 1779 2645 1834 demonstrant
2666 1776 2884 1842 lrenai,
2906 1773 3201 1831 Clementis
3226 1782 3280 1827 et
3306 1770 3426 1826 Ori-

144 1897 240 1933 mas
278 1879 389 1948 ille,
441 1883 613 1952 cujus
668 1886 945 1954 scriptura
993 1886 1100 1955 fere
1144 1884 1339 1941 Pastor
1401 1886 1732 1951 inscribitur,

141 1980 391 2027 transacta
422 1976 692 2029 oratione
709 1992 817 2029 non
838 1993 994 2046 super
1011 1977 1204 2031 lectum
1230 1976 1531 2042 assedisset,
1559 1992 1733 2030 verum

138 2064 267 2119 aliud
292 2069 422 2137 quid
454 2070 715 2139 fecisset,
751 2071 810 2123 id
842 2087 1045 2141 quoque
1067 2071 1137 2123 ad
1167 2069 1583 2124 observationem
1619 2071 1734 2124 rin-

134 2159 434 2215 dicaremus.
500 2160 715 2231 Utique
761 2178 889 2217 non.
937 2160 1263 2232 Simpliciter
1300 2162 1441 2216 enim
1492 2171 1541 2216 et
1598 2179 1735 2216 nunc

133 2255 341 2320 positum
375 2266 456 2309 est
504 2272 525 2309 :
562 2274 583 2306 ι
629 2255 773 2310 Cum
799 2255 1127 2321 adorasscm,
1154 2266 1204 2310 et
1230 2257 1545 2313 asstdissem
1579 2273 1734 2326 super

134 2348 327 2415 lectum,
371 2369 391 2400 ι
430 2351 509 2403 ad
544 2348 802 2403 ordinem
834 2350 1179 2415 narrationis,
1208 2366 1312 2405 non
1344 2350 1414 2403 ad
1448 2350 1620 2404 instar
1650 2351 1735 2403 di-

131 2440 371 2508 sciplinae.
398 2444 677 2513 Alioquin
709 2459 977 2512 nusquam
1009 2443 1106 2497 erit
1136 2443 1466 2498 adorandum
1496 2445 1602 2498 nisi
1645 2446 1733 2499 ubi

133 2533 274 2601 fuerit
299 2535 503 2590 lectus.
556 2534 583 2588 1
589 2552 677 2588 mo
711 2544 907 2588 contra
941 2532 1275 2603 Scripturam
1303 2537 1505 2605 fecerit,
1536 2538 1583 2593 si
1615 2539 1733 2607 quis

130 2625 446 2680 incathedra
476 2638 582 2681 aut
618 2626 880 2681 subsellio
907 2628 1126 2683 sederet.
1179 2625 1384 2698 Nempe
1425 2628 1565 2685 ritus
1607 2630 1734 2699 qui-

129 2717 239 2771 dam
267 2734 298 2772 a
321 2719 690 2775 Christianis
730 2719 1067 2789 quihusdam
1101 2718 1460 2776 Tertullianei
1498 2721 1596 2777 avi
1630 2721 1730 2775 ob-

126 2822 391 2881 servatus,
434 2814 633 2869 statim
660 2814 823 2868 ﬁnita
854 2813 1104 2868 oratione
1153 2814 1410 2881 sedendi;
1438 2830 1600 2885 quem
1645 2815 1733 2869 ille

125 2912 367 2974 tanquam
442 2904 947 2975 superstitiosum,
981 2902 1348 2973 irreligiosum
1377 2945 1392 2971 ,
1429 2912 1484 2960 et
1544 2905 1730 2975 gentili

125 2994 501 3051 rituiaﬁinem
538 2995 926 3066 reprehendit.
977 2993 1163 3049 Ritum
1208 3005 1389 3051 autem
1444 2996 1623 3068 ipsum
1663 3014 1728 3053 ex

124 3088 228 3143 loco
254 3089 519 3158 quodam
559 3086 820 3141 Pastoris
868 3087 1010 3142 male
1056 3087 1334 3144 intellecto
1382 3097 1566 3143 ortum
1607 3105 1730 3146 esse

124 3188 277 3248 putat.
327 3179 513 3247 Quod
562 3179 719 3235 clare
753 3178 1017 3244 ostendit,
1051 3186 1260 3249 quanto
1288 3186 1403 3236 tum
1446 3179 1501 3235 in
1553 3180 1729 3250 pretio

126 3272 247 3328 liber
290 3275 402 3331 ille
437 3272 660 3329 Hermae
705 3271 842 3338 fuit,
876 3282 936 3327 ut
976 3287 1044 3327 ex
1078 3287 1144 3327 eo
1202 3272 1340 3328 ritus
1400 3272 1454 3327 in
1475 3270 1734 3329 Ecclesia

128 3364 479 3437 disciplinam
536 3363 989 3420 translundetur.
1035 3360 1156 3433 Ipse
1200 3372 1404 3430 autem,
1472 3374 1535 3419 ut
1570 3365 1729 3431 solet,

124 3468 266 3515 acute
313 3458 701 3528 respondens,
756 3471 872 3511 non
920 3456 1098 3526 rejicit
1142 3457 1268 3512 libri
1320 3458 1730 3524 auctoritatem,

126 3552 206 3605 sed
253 3552 538 3618 admittit,
568 3560 626 3605 et
684 3550 857 3605 verba
898 3548 1019 3619 ejus
1068 3550 1143 3603 ita
1193 3549 1621 3621 interpretatur,
1671 3560 1734 3608 ut

127 3644 379 3698 ostendat
412 3650 629 3697 tantum
676 3641 934 3696 ordinem
963 3643 1298 3699 narrationis
1326 3643 1729 3700 observandum

127 3749 252 3802 esse,
281 3750 396 3791 nec
413 3735 584 3788 ullam
612 3734 741 3789 inde
765 3733 1075 3804 disciplina
1096 3735 1367 3791 rationem
1393 3736 1512 3789 erui
1543 3750 1725 3805 posse.

128 3819 195 3876 ha
222 3821 617 3879 Tertullianus
646 3823 838 3878 adhuc
889 3825 1219 3892 catholicus,
1248 3834 1307 3879 ut
1330 3825 1641 3881 observavit
1667 3826 1724 3882 S.

126 3909 366 3970 HLlarius
393 3915 449 3970 in
464 3914 819 3981 Matthaum,
848 3928 1057 3971 canone
1079 3916 1115 3972 5
1139 3933 1153 3968 :
1184 3915 1499 3988 Quanquam
1522 3928 1573 3972 et
1600 3918 1725 3973 Ter-

128 4008 385 4063 tullianus
430 4010 558 4065 hinc
602 4008 726 4079 (De
778 4010 1053 4082 oratione)
1091 4010 1332 4065 volumen
1387 4012 1726 4082 aptissimum

125 4102 416 4170 scripserit,
433 4103 528 4155 sed
557 4118 890 4172 consequens
913 4118 1063 4157 error
1087 4102 1315 4159 hominis
1339 4102 1572 4158 detraxit
1598 4106 1729 4158 scri-

124 4197 220 4261 ptis
260 4194 628 4264 probabilibus
664 4195 1069 4248 auctoritatem.
1104 4194 1210 4249 Sed
1239 4195 1296 4248 in
1334 4194 1475 4249 libro
1517 4195 1593 4249 De
1622 4213 1722 4265 pu-

125 4287 313 4340 dicitia
339 4328 354 4351 ,
389 4287 486 4341 ubi
519 4302 693 4356 purus
719 4294 892 4356 putus
918 4284 1249 4341 Montanista
1276 4296 1393 4351 est,
1421 4297 1723 4361 contraque

126 4376 428 4437 catholicos
460 4384 726 4444 tanquam
756 4374 1052 4445 psychicos
1086 4373 1367 4445 disputat,
1399 4384 1453 4430 et
1482 4375 1569 4429 illa
1601 4392 1725 4446 qua

1838 1872 1993 1942 genis
2024 1870 2357 1926 testimonia.
2388 1868 2549 1922 Nullo
2577 1868 2741 1939 igitur
2774 1867 2941 1922 modo
2971 1865 3306 1921 credendum
3341 1872 3426 1918 est

1839 1972 2117 2017 auctorem
2145 1962 2535 2018 Stichometria:
2564 1977 2594 2015 a
2624 1972 2843 2030 recepta
2868 1958 3181 2013 Gracorum
3198 1956 3423 2010 Patrum

1837 2057 2105 2110 sententia
2140 2056 2461 2121 recessisse,
2489 2063 2545 2109 et
2596 2052 2922 2107 auctoritate
2945 2048 3265 2105 Tertulliani
3313 2048 3427 2103 ha-

1837 2148 1989 2200 retici
2046 2155 2391 2217 permotum,
2445 2144 2659 2199 Ilcrma
2711 2142 2988 2198 Pastorem
3019 2158 3117 2213 pro
3172 2141 3427 2212 pessima:

1837 2246 1981 2293 notae
2002 2239 2314 2310 apocrypho
2341 2237 2530 2292 haberi
2561 2235 2823 2291 voluisse.

1906 2352 1988 2408 Ad
2012 2352 2289 2409 Gelasium
2328 2362 2507 2408 autem
2547 2351 2696 2422 quod
2749 2349 2981 2414 attinet,
3010 2363 3135 2403 cum
3186 2345 3426 2402 Dallaus

1835 2448 2107 2517 utriusque
2150 2449 2379 2501 censoris
2438 2445 2665 2500 Romani
2709 2451 2758 2497 et
2812 2438 3419 2510 Constantinopolstani,

1832 2547 1883 2593 et
1912 2539 2124 2609 quidem
2168 2541 2440 2609 utriusque
2477 2553 2745 2593 summam
2796 2536 2850 2588 in
2908 2533 3147 2589 Ecclesia
3182 2531 3422 2602 dignita-

1836 2638 1938 2684 tem
1968 2647 2064 2684 suo
2088 2631 2283 2687 steculo
2309 2630 2556 2701 gerentis,
2576 2627 2882 2682 concordem
2909 2625 3165 2697 planeque
3191 2623 3424 2693 ejusdem

1833 2723 2035 2794 generis
2071 2739 2348 2778 censuram
2390 2722 2563 2777 fuisse
2591 2721 2791 2787 tradat,
2824 2735 2992 2774 suave
3016 2718 3245 2773 omnino
3274 2732 3425 2772 som-

1833 2814 1986 2869 nium
2013 2825 2117 2869 est.
2150 2814 2285 2881 Quis
2312 2815 2460 2869 enim
2488 2812 2678 2870 credat
2712 2822 2994 2867 auctorem
3028 2808 3420 2865 Stichometrite

1833 2903 2054 2962 Gracos
2082 2905 2274 2961 Patres
2304 2905 2589 2976 injudicio
2624 2904 2692 2960 de
2733 2902 2937 2958 llertna
2974 2900 3319 2967 deseruisse,
3358 2908 3420 2954 ut

1832 2996 2049 3053 Gelasio
2090 2998 2461 3062 consentiret;
2509 2995 2939 3065 eorumdemque
2978 2990 3303 3049 sententiam
3354 2990 3423 3044 de

1831 3088 2040 3161 lgnatio
2070 3091 2467 3160 postposuisse,
2495 3099 2553 3145 ut
2583 3085 3220 3157 Gelasiocontratliceret
3244 3084 3267 3137 ?
3296 3081 3423 3136 Vult

1832 3182 1980 3238 enim
2011 3182 2360 3238 adversarius
2384 3179 2753 3251 Nicephorum
2785 3193 2948 3239 suum
2977 3176 3238 3247 epistolas
3266 3173 3424 3246 Igna-

1836 3275 1895 3330 tii
1924 3283 2187 3346 tanquam
2208 3276 2364 3329 ﬁctas
2390 3274 2532 3329 inter
2555 3272 2873 3345 apocrypha
2907 3284 3251 3335 numerasse,
3280 3284 3424 3338 quas

1832 3366 2083 3424 Gelasius
2116 3367 2251 3436 ipse,
2291 3365 2497 3435 scripto
2546 3366 2708 3436 plane
2749 3365 2988 3435 genuino
3036 3361 3139 3432 ipsi
3192 3358 3423 3430 martyri

1831 3459 2104 3531 ascripsit,
2140 3468 2200 3514 ut
2248 3474 2317 3513 ex
2352 3457 2683 3514 testimoniis
2711 3457 2919 3512 nostris
2954 3465 3122 3526 patet.
3149 3455 3266 3509 lmo
3297 3455 3423 3524 quis

1830 3551 2199 3623 Nicephorum
2234 3549 2435 3606 Gelasii
2464 3551 2799 3605 sententiam
2831 3548 2883 3602 in
2918 3548 3135 3603 decreto
3166 3554 3419 3601 secutum

1831 3661 1956 3703 esse
1986 3644 2301 3711 aﬁirmabit,
2336 3644 2430 3714 qui
2458 3642 2591 3697 illud
2627 3643 2807 3712 ipsum
2836 3641 3116 3697 decretum
3144 3638 3360 3697 noverit
3390 3654 3421 3691 a

1831 3739 2049 3796 nemine
2077 3751 2318 3808 unquam
2365 3736 2450 3791 vel
2494 3736 2637 3790 inter
2672 3733 2901 3791 Latinos
2950 3732 3122 3789 fuisse
3169 3733 3418 3804 agnitum

1829 3837 1955 3884 ante
1982 3828 2194 3898 aliquot
2240 3842 2419 3882 annos
2459 3834 2585 3897 post
2629 3823 2920 3895 Nicephori
2952 3826 3223 3881 mortem?
3253 3821 3418 3877 Nice-

1828 3923 2036 3991 phorus
2088 3920 2403 3989 patriarcha
2453 3935 2485 3974 e
2540 3918 2680 3972 vivis
2708 3918 2945 3973 excessit
2998 3916 3146 3975 circa
3208 3932 3415 3971 annum

1826 4014 2033 4069 Christi
2059 4013 2165 4068 8‘28
2193 4030 2206 4065 :
2238 4012 2399 4082 primi
2423 4024 2629 4077 autem,
2656 4012 2874 4080 opinor,
2905 4008 2998 4079 qui
3029 4008 3232 4063 decreti
3257 4007 3419 4063 Gela.

1826 4106 1968 4165 siani
1999 4105 2324 4163 meminisse
2347 4102 2856 4174 deprehenduntur,
2885 4108 3015 4156 sunt
3057 4099 3249 4170 Lupus
3280 4099 3417 4157 Fer-

1826 4198 2109 4263 rariensis,
2136 4197 2467 4252 Hincmarns
2507 4204 2563 4250 et
2592 4194 2851 4249 Nicotaus
2874 4209 3013 4264 papa
3049 4194 3282 4263 primus,
3306 4209 3416 4248 cir-

1826 4306 1891 4346 ca
1924 4291 2065 4346 idem
2103 4290 2327 4360 quidem
2371 4300 2589 4358 tempus
2630 4302 2860 4352 omnes;
2903 4286 3001 4341 sed
3026 4293 3082 4341 et
3120 4300 3184 4340 ex
3218 4285 3287 4347 iis
3320 4285 3415 4354 qui

1824 4384 2003 4453 primo
2050 4383 2173 4437 loco
2217 4381 2423 4441 decreti
2469 4380 2800 4437 mentionem
2846 4376 3012 4446 fecit,
3040 4385 3165 4447 post
3205 4390 3413 4430 annum

128 4467 315 4537 ipsein
354 4468 505 4525 libro
524 4468 604 4522 De
632 4467 952 4539 panitentia
983 4475 1111 4524 ante
1151 4467 1436 4535 docuerat,
1466 4466 1717 4537 damnat,
1753 4497 1797 4552 D
1826 4473 1931 4529 840
1982 4472 2226 4543 scripsit.
2282 4471 2487 4528 Montio
2545 4469 2767 4541 quidem
2824 4468 2992 4537 hujus
3050 4465 3302 4538 opusculi
3356 4466 3415 4521 in

128 4560 280 4615 aliter
313 4563 539 4633 quidem
574 4562 848 4631 loquitur.
881 4558 984 4615 Sed
1015 4559 1248 4615 cederem
1270 4559 1387 4625 tibi,
1416 4561 1463 4613 si
1485 4561 1717 4631 scriptu-

129 4670 185 4705 ra
214 4654 483 4723 Pastoris,
497 4672 619 4727 qua:
645 4656 768 4710 sola
806 4655 1036 4708 moechos
1083 4661 1259 4717 amat,
1300 4652 1479 4707 divino
1507 4651 1724 4710 Instru-

130 4757 295 4805 menta
328 4749 612 4805 meruisset
640 4743 1011 4809 incidi:sin0n
1025 4744 1245 4803 abomni
1276 4746 1499 4802 concilio
1532 4745 1721 4801 ECCIe-r

130 4840 539 4909 siarunt,etiam
584 4849 912 4901 vestrarum,
955 4838 1096 4893 inter
1136 4837 1437 4907 apocrypha
1490 4848 1540 4893 et
1579 4838 1723 4907 falsa

130 4932 472 5000 iudicaretur,
494 4933 756 4991 adultera
800 4938 852 4984 et
884 4930 1022 5000 ipsa,
1061 4937 1110 4985 et
1138 4928 1259 4983 inde
1288 4939 1514 4997 patrona
1550 4932 1723 4985 socio-

134 5041 310 5092 rzns,a
336 5045 443 5098 qua
463 5037 515 5082 et
547 5026 697 5080 alias
731 5023 998 5078 initiaris.
1042 5021 1100 5077 ln
1132 5022 1219 5077 bis
1244 5020 1565 5079 Tertulliani
1600 5040 1720 5078 am-

132 5120 283 5183 pullis
324 5123 439 5191 jam
485 5118 908 5181 catholicorum
964 5115 1212 5170 omnium
1254 5115 1431 5170 hostis
1481 5115 1635 5178 facti.
1664 5125 1722 5172 et

133 5207 375 5269 Hertnam
393 5229 496 5285 pro
523 5210 792 5268 doctrina
817 5206 1089 5265 catholica
1119 5207 1456 5275 accusantis,
1483 5208 1721 5265 fortasse

133 5302 255 5359 nihil
275 5306 421 5363 aliud
443 5302 735 5362 contineri
774 5300 1083 5372 putandum
1113 5308 1216 5367 est,
1239 5315 1405 5370 quam
1436 5302 1723 5357 Pastorem

130 5389 327 5453 "arma
366 5415 475 5454 non
512 5397 699 5453 fuisse
736 5409 808 5449 ex
844 5392 1054 5462 judicio
1092 5390 1351 5448 Ecclesia
1379 5392 1582 5449 librum
1622 5411 1719 5450 ca—

124 5490 387 5559 nonicum,
424 5492 525 5549 sed
587 5490 792 5561 potius
840 5487 981 5540 inter
1002 5486 1366 5557 apocryphos,
1402 5488 1456 5543 id
1487 5496 1572 5542 est
1604 5504 1714 5543 non

120 5586 398 5643 «:anouicos
455 5592 874 5646 numeratum;
919 5589 980 5633 ut
1036 5577 1413 5633 Eusebiusév
1468 5582 1587 5643 τοῖς
1630 5580 1716 5634 v6—

118 5670 222 5739 θοις
264 5680 447 5748 posuit
479 5678 785 5733 Pastorem
815 5712 832 5739 ,
878 5687 1040 5741 quem
1095 5671 1211 5739 ipse
1242 5671 1593 5727 utilissimum
1650 5674 1716 5726 li—

120 5763 268 5824 brum
300 5769 711 5843 pronuntiavit,
744 5775 801 5823 et
835 5763 1421 5821 Barnaba—Fniamtsm
1472 5776 1527 5822 rt
1549 5764 1710 5825 Joan-

1833 4564 2091 4625 Chronico
2116 4562 2418 4620 Centulensi
2459 4579 2491 4619 a
2516 4563 2781 4618 Dacherio
2806 4562 2975 4629 edito,
2994 4561 3089 4616 ubi
3112 4561 3253 4615 inter
3275 4559 3414 4615 alios
3442 4552 3464 4569 “’

1822 4657 2168 4713 bibliotheca
2215 4657 2364 4715 illius
2414 4655 2650 4711 ahbatia
2697 4656 2870 4711 libros
2930 4654 3128 4725 legitur
3162 4672 3174 4709 :
3214 4652 3412 4709 Gelasii

1821 4765 1974 4818 papae
2002 4748 2068 4803 de
2095 4748 2247 4803 libris
2278 4748 2586 4817 recipiendis
2604 4756 2655 4800 et
2680 4763 2782 4801 non
2814 4745 3151 4815 recipiendis,
3186 4746 3281 4799 lib.
3326 4762 3411 4809 Ill,

1824 4858 1876 4900 ιτ.
1908 4843 1963 4898 ’5.
1995 4841 2101 4899 lste
2131 4848 2317 4897 autem
2362 4838 2652 4907 catalogus
2709 4838 2997 4895 conlectus
3045 4853 3168 4894 esse
3212 4836 3413 4891 dicitur

1824 4949 1971 4988 anno
1996 4934 2121 4997 851,
2158 4930 2399 4986 triennio
2428 4938 2723 4999 postquam
2750 4925 3094 4997 Nicephorus
3118 4925 3414 4981 defunctus

1824 5036 1926 5082 est.
1977 5024 2056 5080 Nc
2118 5036 2302 5079 autem
2349 5022 2583 5077 duorum
2636 5021 3073 5091 patriarcharum
3136 5030 3413 5072 consensu

1824 5117 2057 5171 nimium
2099 5116 2204 5170 viri
2250 5113 2556 5170 doctissimi
2582 5113 2881 5183 triumphet
2920 5112 3117 5174 oratio,
3144 5108 3412 5176 quemad-

1824 5208 2051 5264 modum
2081 5209 2176 5263 uni
2207 5207 2463 5276 superius
2490 5207 2699 5261 larvam
2732 5202 3093 5265 detraximus,
3130 5200 3206 5254 ita
3246 5207 3301 5253 et
3330 5199 3411 5252 al-

1824 5300 1925 5359 teri
1953 5299 2066 5369 jam
2090 5298 2473 5355 detrahamus.

1894 5391 2184 5448 Decretum
2221 5393 2440 5462 quidem
2467 5399 2645 5450 exstat
2670 5390 2733 5442 dc
2763 5388 2913 5441 libris
2948 5384 3218 5445 canonicis
3250 5384 3410 5439 eccle-

1822 5485 2062 5541 siasticis
2097 5494 2146 5540 et
2181 5486 2495 5556 apocryphis
2523 5524 2540 5551 ,
2577 5482 2722 5553 quod
2767 5495 2965 5549 magna
3012 5479 3257 5535 virorum
3303 5480 3407 5533 hu-

1817 5582 1910 5651 jus
1936 5581 2038 5635 avi
2086 5580 2377 5634 doctorum
2417 5574 2823 5646 conspiratione
2865 5572 3083 5630 Gelasio
3114 5572 3132 5626 Ι
3160 5572 3406 5643 pontiﬁci

1826 5675 2074 5727 Romano
2105 5671 2384 5727 tribuitur.
2418 5668 2521 5723 Sed
2554 5683 2688 5721 mss.
2723 5666 2942 5722 codices
2974 5667 3269 5721 multorum
3304 5681 3405 5718 sae-

1824 5766 2070 5822 culorum
2104 5765 2157 5819 in
2201 5760 2529 5833 assignando
2577 5767 2801 5815 auctore
2840 5758 3135 5828 plurimum
3167 5755 3401 5810 variant.
