3786 6296
420 269 525 324 H5

1470 264 1529 319 s.
1576 251 2038 321 ruamus:
2064 263 2600 322 PROLEGOMENA.

3589 252 3683 308 tto

422 387 841 445 \etustissimus
864 386 1035 444 codex
1064 386 1401 442 eollectionis
1437 387 1806 459 Dionysiame,
1835 403 1995 458 quem
2032 394 2076 449 Α
2105 389 2372 442 codicibus
2402 406 2529 443 mss.
2570 389 2749 443 omnia
2771 389 3205 445 illustrabuntur.
3251 390 3429 462 Atque
3457 391 3679 449 ita’tano

422 481 687 539 beneﬁcio
740 480 992 536 Dacherii
1041 480 1174 535 vidit
1225 480 1520 545 Baluzius,
1568 483 1846 536 decretum
1890 482 1995 537 hoc

421 573 655 629 Damaso
676 587 830 644 papae
860 573 1106 637 ascribit,
1131 582 1186 628 et
1207 572 1475 629 Baronius
1512 574 1580 627 ad
1609 589 1813 628 annum
1842 571 1998 627 Chri-

418 666 491 720 sti
519 665 609 732 69,
634 679 703 720 ex
729 663 962 720 concilio
995 662 1244 719 Romano
1274 664 1378 719 sub
1406 664 1660 728 Damaso,
1678 664 1826 735 quod
1859 680 1998 721 con-

418 760 559 813 tinet
580 757 949 812 Cresconiana
997 757 1249 812 collectio
1276 798 1293 823 ,
1323 765 1533 828 partem
1584 756 1750 825 hujus
1795 756 1999 812 decreti

418 851 576 907 citat.
609 848 689 905 Ex
714 865 823 920 qua
845 850 1023 904 obiter
1051 851 1286 905 observo
1315 848 1479 905 verba
1518 850 1607 904 illa
1638 866 1653 902 :
1685 848 1882 904 Sancta
1920 859 1999 903 ta-

416 958 536 996 men
564 939 802 1011 Romana
833 940 1072 995 Ecclesia
1104 942 1374 996 nonnullis
1403 941 1669 1011 synodicis
1698 941 1999 994 constitutis

416 1033 625 1088 caeteris
656 1031 911 1087 Ecclesiis
940 1031 1163 1097 praelata
1185 1044 1284 1101 est,
1320 1032 1411 1086 sed
1458 1041 1509 1086 et
1557 1033 1855 1101 evangelica
1881 1047 2001 1085 voce

415 1120 487 1177 D.
532 1120 831 1177 Saluatoris
862 1124 1029 1177 nostri
1058 1124 1349 1192 primatum
1377 1123 1637 1191 obtinuit,
1662 1122 1764 1176 levi
1825 1131 2003 1177 muta-

415 1215 566 1271 tione
589 1255 608 1283 ,
635 1214 733 1270 sed
776 1215 927 1285 gravi
959 1229 1146 1270 errore
1184 1214 1239 1268 in
1289 1214 1409 1269 haec
1448 1213 1562 1283 jam
1592 1228 1714 1269 esse
1751 1222 1998 1269 mutata:

417 1306 622 1362 Sancta
655 1316 829 1360 tamen
858 1306 1100 1360 Romana
1129 1305 1373 1359 Ecclesia
1420 1305 1583 1359 nullis
1624 1307 1841 1375 synodis
1879 1323 2006 1360 con-

376 1416 377 1419 ‘
417 1399 622 1453 stitutis
665 1400 869 1452 cwteris
901 1397 1153 1452 Ecclesiis
1196 1397 1423 1468 praelata
1448 1408 1545 1459 est,
1585 1399 1677 1451 sed
1705 1399 2002 1469 evangelica

418 1506 543 1544 voce
566 1490 784 1545 Domini
804 1500 853 1543 et
882 1490 1183 1545 Saluatoris
1218 1491 1388 1545 nostri
1416 1492 1707 1560 primatum
1756 1490 2002 1543 obtinuit.

419 1582 604 1639 Codex
634 1583 893 1638 Ecclesia:
914 1581 1273 1654 Urgellensis,
1302 1592 1439 1639 teste
1464 1582 1715 1651 Baluzio,
1744 1592 1799 1639 et
1818 1584 2008 1639 Juren-

422 1674 501 1730 sis
529 1686 899 1747 pervetustus,
930 1686 1065 1732 teste
1097 1675 1369 1742 Cbiiletio,
1400 1677 1542 1733 idem
1590 1677 1837 1732 tribuunt
1865 1675 2005 1731 Hor—

424 1767 641 1823 misdae.
691 1767 800 1822 Alii
840 1768 1119 1824 Gelasium
1166 1776 1445 1824 auctorem
1492 1778 1818 1838 agnoscunt,
1852 1778 1910 1822 ut
1955 1778 2007 1822 et

420 1869 653 1927 noster,
711 1860 806 1930 qui
852 1861 908 1914 in
960 1860 1290 1916 bibliotheca
1324 1859 1537 1931 collegii
1590 1857 1691 1913 SS.
1726 1845 2011 1913 Trinitatis

419 1950 785 2022 Cantabrigia:
814 1960 1152 2016 asservatur,
1187 1967 1352 2021 quem
1385 1952 1514 2007 olim
1547 1950 1884 2021 Lanfrancus
1920 1969 2008 2004 ar-

419 2044 779 2115 chiepiscopus
831 2044 1253 2100 Cantuariensis
1303 2044 1368 2099 de
1417 2044 1663 2099 Beccensi
1693 2046 1920 2099 coenobio
1953 2047 2005 2099 iu

418 2135 700 2206 Anglicum
734 2147 929 2191 terram
953 2136 1149 2207 deferri
1177 2137 1325 2206 fecit,
1350 2145 1411 2191 ut
1445 2137 1561 2205 ipse
1588 2137 1849 2206 loquitur.
1877 2136 2006 2190 lude

418 2229 688 2300 colligunt
740 2229 842 2284 viri
897 2230 1043 2284 docti
1096 2230 1278 2300 primo
1328 2228 1632 2294 Gelasium,
1693 2229 1818 2283 dein
1876 2244 2007 2284 vero

417 2321 770 2376 llormisdam
808 2320 951 2375 idem
977 2321 1256 2377 decretum
1291 2321 1549 2377 edidisse.
1584 2320 1664 2375 Ad
1710 2320 2002 2376 Damasum

420 2414 567 2468 enim
601 2413 791 2469 referri
817 2415 966 2468 nullo
1000 2414 1163 2469 modo
1208 2421 1406 2483 potest.
1439 2413 1701 2480 Quamvis
1753 2412 2007 2468 Baluzius

421 2503 717 2560 Damasum
765 2508 993 2574 primum
1023 2506 1088 2559 de
1143 2505 1448 2574 hujusmodi
1489 2504 1641 2560 libris
1668 2505 1872 2575 publice
1903 2519 2007 2559 sta-

423 2596 590 2650 tuisse
615 2613 637 2653 :
674 2596 794 2651 dein
823 2613 941 2651 vero
972 2594 1242 2652 Gelasium
1277 2596 1503 2652 Damasi
1545 2597 1810 2651 decretum
1850 2614 2005 2651 reno-

421 2702 594 2756 vasse,
620 2688 860 2758 illudque
910 2690 1124 2744 auxisse
1161 2706 1342 2744 eorum
1392 2698 1667 2745 auctorum
1705 2690 2006 2745 nominibus

420 2782 515 2851 qui
544 2790 658 2850 post
687 2781 980 2837 Damasum
1018 2782 1227 2849 vixere,
1271 2791 1319 2837 et
1342 2782 1479 2837 idem
1504 2798 1705 2854 quoque
1750 2781 1815 2836 de
1865 2780 2007 2835 Hor-

425 2870 599 2926 misda
622 2871 731 2926 dici
762 2890 934 2943 posse,
958 2882 1124 2945 atque
1150 2875 1268 2929 haec
1308 2875 1491 2929 omnia
1526 2890 1591 2929 ex
1632 2874 1806 2929 titulis
1839 2873 2008 2929 libro-

421 2975 546 3015 rum
575 2977 709 3018 mss.
748 2963 871 3019 elici
903 2979 1066 3035 posse
1100 2964 1428 3020 hariolatur.
1478 2963 1617 3020 Cum
1675 2972 1857 3019 autem
1900 2964 2007 3018 tale

2103 480 2227 535 dem
2260 481 2526 537 habemus
2575 482 2873 538 concilium
2919 482 3024 537 sub
3068 480 3285 538 Gelasio
3334 484 3601 553 primum,
3630 498 3675 541 et

2098 587 2199 642 pro
2226 572 2375 629 Actis
2396 574 2611 629 concilii
2640 574 2743 628 hoc
2764 578 3060 630 decretum.

2177 663 2282 719 Sed
2313 680 2378 721 eo
2429 680 2596 733 anno,
2626 675 2722 721 aut
2774 667 2877 722 sub
2918 667 3026 722 illis
3051 667 3372 725 consulibus
3402 669 3677 725 conditum

2102 755 2274 811 fuisse
2305 758 2411 813 hoc
2454 757 2731 813 decretum
2783 760 2943 829 plane
2992 759 3312 815 incredibile
3343 770 3452 815 est.
3506 759 3679 831 Neque

2101 848 2249 903 enim
2276 848 2368 903 diu
2392 859 2514 919 post
2540 848 2932 905 Collectionem
2965 851 3317 906 decretorum
3363 853 3676 921 pontificum

2103 942 2321 1012 collegit
2348 952 2403 997 et
2435 942 2605 997 edidit
2636 942 2931 1014 Dionysius
2961 943 3316 1015 Exiguus,et
3342 944 3567 1000 decreta
3595 945 3680 1001 Ge-

2102 1033 2224 1088 lasii
2252 1048 2402 1104 papa
2430 1034 2588 1089 nobis
2620 1036 2858 1100 exhibet,
2888 1036 3029 1089 inter
3048 1052 3169 1106 qua:
3197 1037 3328 1091 illud
3352 1036 3421 1091 de
3444 1051 3563 1107 quo
3581 1036 3679 1091 dis-

2106 1136 2349 1197 putatur,
2375 1128 2600 1182 minime
2627 1138 2927 1199 comparet.
2970 1130 3064 1183 Illa
3098 1139 3278 1186 tamen
3319 1131 3553 1185 decreta
3578 1146 3682 1185 mo-

2106 1230 2196 1275 net
2218 1220 2510 1292 Dionysius
2536 1222 2639 1277 sub
2666 1223 2860 1278 iisdem
2886 1225 3206 1281 consulibus
3228 1225 3452 1281 condita
3501 1223 3677 1279 fuisse.

2106 1311 2231 1367 Haec
2262 1313 2405 1367 enim
2444 1315 2513 1369 ad
2547 1330 2736 1369 eorum
2786 1314 3131 1371 decretorum
3185 1317 3348 1372 linem
3392 1317 3674 1387 legimus:

2106 1404 2306 1459 Datum
2336 1421 2370 1459 v
2411 1404 2544 1460 ldus
2577 1406 2917 1473 Martiarum,
2948 1408 3156 1463 Asteria
3184 1419 3233 1463 et
3259 1409 3533 1463 Prcesidio
3574 1406 3677 1463 νγ.

2109 1496 2217 1551 CC.
2252 1497 2787 1570 coss..Quisquamne
2803 1510 2982 1555 autem
3013 1502 3195 1557 credet
3227 1501 3575 1574 Dionysium,
3600 1517 3682 1556 no-

2109 1589 2274 1645 minis
2302 1589 2577 1645 Gelasiani
2637 1592 2772 1648 adeo
2814 1592 3143 1659 studiosum,
3171 1594 3311 1648 inter
3350 1594 3575 1648 decreta
3620 1594 3681 1648 iis

2110 1680 2429 1735 consulibus
2452 1682 2617 1747 edita,
2635 1682 2739 1738 hoc
2768 1693 2877 1738 tam
2900 1685 3114 1739 celebre
3140 1685 3395 1739 omittere
3418 1686 3678 1747 voluisse,

2108 1786 2217 1840 quo
2266 1770 2517 1826 Gelasius
2544 1772 2853 1843 depingitur
2876 1815 2890 1838 ,
2924 1775 3254 1844 distinguens
3309 1791 3682 1844 separansquc,

2105 1863 2258 1931 quasi
2284 1878 2341 1916 os
2387 1862 2621 1927 Domini,
2664 1864 2918 1917 mundum
2966 1864 3031 1917 ab
3077 1865 3382 1931 immundo,
3427 1873 3481 1918 et
3522 1882 3683 1919 secer.

2109 1970 2233 2007 nens
2265 1956 2555 2024 pretiosum
2585 1973 2616 2009 a
2656 1956 2768 2020 vili,
2804 1965 2862 2010 ut
2908 1956 3149 2027 loquitur
3178 1957 3450 2012 Baronius
3482 1959 3506 2011 ?
3547 1957 3681 2011 Prat-

2108 2056 2252 2100 terea
2276 2061 2364 2100 res
2397 2046 2509 2116 ipsa
2542 2047 2784 2101 clamitat
2827 2063 2950 2102 eum
2987 2048 3203 2102 titulum
3250 2064 3315 2104 ex
3363 2049 3681 2105 collectione

2108 2137 2352 2209 Dionysii
2390 2138 2563 2194 fuisse
2603 2140 2730 2194 huic
2752 2140 2975 2195 decreto
3006 2139 3147 2195 falso
3190 2139 3501 2211 praefixum.
3534 2139 3589 2195 In
3620 2156 3681 2195 eo

2105 2231 2250 2285 enim
2303 2230 2576 2301 legimus:
2612 2230 2750 2287 Item
2793 2232 3103 2289 venerabilis
3151 2233 3255 2289 viri
3296 2231 3508 2288 Sedulii
3571 2228 3680 2287 Pa-

2090 2321 2266 2378 scltale
2285 2340 2436 2392 opus,
2476 2325 2614 2394 quod
2643 2325 2865 2380 heroicis
2896 2325 3174 2394 descripsit
3201 2324 3459 2387 versibus,
3492 2325 3684 2395 insigni

2105 2416 2263 2469 laude
2292 2416 2645 2486 praeferimus.
2685 2415 2897 2483 Quibus
2934 2418 3112 2473 verbis
3141 2426 3335 2471 auctor
3370 2417 3575 2471 decreti
3607 2432 3683 2471 cc-

2105 2504 2256 2558 lebre
2302 2512 2356 2559 et
2391 2505 2737 2559 notissimum
2786 2520 2979 2575 poema
3005 2547 3021 2572 ,
3060 2515 3317 2575 tanquam
3355 2506 3679 2561 catholicum

2107 2596 2225 2652 suis
2252 2595 2516 2651 Romanis
2540 2598 2926 2653 commendare
2949 2598 3139 2653 voluit.
3167 2599 3237 2653 At
3258 2614 3398 2668 opus
3422 2597 3682 2667 Paschale

2111 2685 2320 2742 Sedulii
2350 2688 2419 2743 iis
2448 2688 2770 2743 consulibus
2798 2697 2986 2743 notum
3011 2704 3121 2744 non
3152 2688 3289 2753 fuit;
3320 2704 3446 2744 nam
3472 2688 3684 2742 Asterie

2106 2779 2327 2836 demum
2372 2779 2671 2836 exconsule
2718 2779 3056 2852 divulgatum
3106 2790 3211 2838 est.
3259 2779 3416 2837 Unde
3486 2780 3680 2835 factum

2106 2882 2191 2927 est
2216 2874 2276 2928 ut
2297 2871 2614 2929 Gennadius
2644 2872 2853 2929 Sedulii
2883 2888 2992 2928 non
3022 2872 3332 2928 meminerit
3361 2889 3376 2924 :
3408 2873 3552 2943 quod
3588 2873 3687 2927 mi-

2107 2973 2301 3019 rantur
2330 2964 2409 3019 illi
2444 2966 2533 3034 qui
2558 2965 2719 3019 linem
2748 2964 2893 3019 libro
2940 2964 3018 3019 De
3046 2964 3392 3034 scriptoribus
3439 2963 3687 3018 ecclesia-

421 3050 709 3147 quidpiam
734 3069 911 3126 neque
934 3056 1001 3111 de
1035 3054 1294 3123 Damaso,
1322 3071 1497 3127 neque
1534 3054 1603 3111 de
1638 3054 1880 3120 Gelasio,
1904 3070 2003 3110 ne-
2031 3086 2079 3147 Ο
2109 3057 2256 3111 sticis
2287 3056 2480 3147 eodem
2525 3071 2673 3147 anno
2710 3056 3037 3147 impositum
3068 3071 3096 3110 a
3128 3054 3427 3147 Gennadiq
3460 3069 3570 3147 non
3598 3053 3685 3147 obf

422 3160 532 3214 que
562 3145 631 3201 de
676 3145 963 3205 Ilormisda
1010 3158 1167 3204 vetus
1218 3147 1477 3203 Ecclesia:
1511 3148 1741 3203 historia
1786 3148 2003 3213 doceat,

423 3236 560 3293 illud
592 3242 773 3309 potius
799 3257 866 3297 ex
892 3256 1027 3297 mss.
1058 3241 1383 3297 eliciendum
1407 3250 1561 3311 puto,
1592 3241 1857 3296 incertum
1887 3241 2007 3311 pla-

426 3343 498 3384 ne
526 3327 698 3385 fuisse
727 3347 755 3384 a
800 3347 911 3402 quo
943 3332 1200 3401 pontifice
1222 3372 1239 3399 ,
1271 3331 1383 3386 imo
1422 3347 1452 3387 a
1484 3348 1597 3403 quo
1641 3339 1864 3387 auctore
1904 3332 2007 3388 hoc

418 3422 707 3477 decretum
750 3422 1032 3478 conditum
1062 3424 1154 3478 sit.

501 3511 690 3568 Refert
716 3514 939 3585 quidem
962 3514 1259 3571 Gratianus
1290 3514 1567 3572 decretum
1591 3516 1695 3571 hoc
1740 3516 2003 3586 scriptum

422 3602 601 3660 fuisse
639 3621 669 3659 a
704 3605 920 3662 Gelasio
966 3607 1019 3662 in
1057 3608 1294 3664 concilio
1332 3626 1439 3665 ιιι
1488 3610 1897 3680 episcoporum,
1950 3616 2010 3662 ut

425 3710 577 3751 nunc
635 3697 930 3754 Gratianus
1000 3700 1183 3755 editur
1238 3720 1252 3757 :
1301 3718 1429 3756 nam
1494 3702 1550 3756 in
1613 3701 2008 3757 vetustissimis

428 3803 571 3843 mss.
600 3789 694 3843 illa
725 3792 792 3845 de
823 3791 1061 3846 concilio
1086 3793 1488 3849 desiderantur.
1523 3792 1630 3847 Sed
1677 3808 1782 3848 ms.
1820 3800 2009 3847 noster

430 3878 698 3934 Gratiano
728 3891 783 3936 et
815 3881 976 3937 lvone
1003 3883 1304 3953 antiquior,
1329 3884 1481 3939 hunc
1503 3884 1720 3938 titulum
1754 3884 2005 3953 prmfert:

430 3972 657 4028 Decreta
684 3974 884 4029 Gelasii
907 3992 1057 4045 papa:
1086 3975 1150 4031 de
1184 3976 1492 4046 recipiendis
1512 3986 1562 4032 et
1585 3994 1686 4032 non
1701 3978 2009 4048 recipiendis

432 4066 610 4121 libris.
649 4066 781 4132 Qua:
810 4068 1010 4138 scripta
1054 4079 1177 4122 sunt
1216 4069 1281 4123 ab
1321 4085 1382 4124 eo
1418 4086 1538 4123 cum
1582 4086 1688 4124 ιιι
1724 4070 2013 4124 eruditissi-

433 4159 538 4213 mis
567 4159 847 4229 episcopis.
873 4158 1211 4232 Videturque
1228 4160 1316 4217 hic
1336 4161 1526 4217 titulus
1547 4160 1720 4216 fuisse
1745 4161 2013 4231 antiquis-

439 4249 642 4315 simus,
673 4258 789 4305 tum
824 4251 971 4320 quod
995 4253 1138 4322 apud
1175 4252 1557 4308 Burchardum
1583 4253 1657 4307 ita
1682 4253 2009 4322 concipitur,

430 4354 549 4399 tum
575 4344 721 4414 quod
756 4345 993 4401 maxime
1036 4346 1146 4402 illis
1175 4347 1433 4402 convenit
1457 4362 1580 4418 qua:
1609 4347 1751 4417 apud
1800 4346 2009 4416 Lupum

434 4434 869 4499 Ferrariensem,
898 4437 1056 4507 epist.
1089 4438 1214 4504 128,
1250 4438 1525 4511 legimus:
1551 4439 1816 4506 Quoniam
1864 4440 2013 4495 docet
2044 4431 2091 4492 D

398 4524 676 4609 ‘Gelasius
745 4544 865 4581 cum
915 4544 1022 4584 ιιι
1074 4530 1364 4600 episcopis,
1419 4530 1548 4585 viris
1600 4531 2010 4597 eruditissimis,

433 4618 527 4688 qui
551 4619 831 4689 scriptores
868 4628 1041 4676 essent
1073 4621 1152 4676 vel
1174 4638 1278 4675 non
1299 4631 1468 4676 essent
1495 4623 1796 4692 recipiendi.
1832 4622 2011 4693 Aliqui

434 4718 619 4763 autem
652 4726 785 4766 mss.
814 4712 1033 4768 codices
1064 4714 1390 4769 addiderunt
1427 4714 1662 4770 concilio
1690 4714 1818 4769 huic
1849 4715 2010 4770 etiam

434 4814 571 4855 suos
601 4802 891 4869 consules,
938 4804 1386 4877 celebratumque
1432 4807 1773 4862 tradiderunt
1805 4807 2017 4860 Asteria

433 4890 781 4946 et'Prtesidio
803 4908 940 4948 coss.
972 4893 1103 4948 Inde
1133 4892 1403 4952 Baronius
1443 4898 1498 4952 iu
1525 4898 1820 4953 Annalibus
1848 4897 2014 4952 refert

430 4993 825 5055 congregatum
881 4984 1071 5040 Roma:
1123 4987 1415 5043 concilium
1474 5005 1580 5043 ιιι
1630 4990 2010 5059 episcoporum

430 5079 596 5134 tertio
609 5077 885 5134 Gelasiani
908 5077 1258 5149 pontiﬁcatus
1284 5094 1451 5147 anno,
1477 5080 1689 5137 Domini
1720 5096 1848 5137 vero
1871 5083 2010 5148 49$;

432 5187 556 5226 cum
593 5181 776 5226 tamen
802 5170 1010 5225 nullum
1030 5171 1151 5238 ejus
1181 5170 1235 5225 in
1264 5170 1503 5228 Historia
1526 5174 1895 5229 ecclesiastica
1921 5191 2014 5230 ex-

432 5271 542 5317 stet
568 5271 984 5317 monumentum
1031 5272 1127 5319 aut
1163 5264 1476 5335 vestigium.
1523 5264 1814 5321 Baronium
1865 5282 2017 5322 secu-

385 5384 393 5391 -
433 5361 525 5406 Ius
551 5363 635 5407 est
657 5354 712 5408 in
741 5354 983 5409 editione
1010 5354 1374 5411 conciliorum
1409 5356 1621 5425 Binius,
1650 5366 1705 5411 et
1729 5357 2014 5429 Philippus

436 5441 712 5506 Labbeus.
741 5445 795 5500 in
824 5446 1063 5504 Historia
1092 5449 1338 5505 omnium
1363 5449 1734 5506 Conciliorum
1765 5452 2010 5522 synOpsi.

436 5536 587 5599 494,
617 5536 911 5594 Romanum
970 5559 988 5596 ι
1037 5543 1322 5597 concilium
1380 5544 1476 5599 sub
1541 5543 1784 5609 Gelasio,
1831 5561 1934 5614 quo
1981 5562 2014 5599 a

440 5644 551 5684 ιιι
590 5631 846 5700 episcopis
876 5633 1001 5687 libri
1035 5636 1177 5689 sacri
1204 5646 1254 5688 et
1284 5636 1578 5689 authentici
1604 5635 1668 5689 ab
1700 5636 2014 5705 apocrgpliis

442 5731 565 5775 sunt
596 5723 833 5791 discreti,
867 5725 1070 5779 Asteria
1107 5740 1261 5797 atque
1286 5727 1547 5783 Pra'sidio
1577 5729 1898 5783 consulibus.
1933 5728 2015 5782 Ea:

2107 3154 2346 3201 servant.
2383 3145 2679 3201 Adnotatio
2706 3146 2821 3211 illa,
2851 3161 2975 3215 qua;
3005 3146 3058 3199 in
3106 3145 3275 3200 veteri
3307 3144 3431 3199 Aldi
3460 3142 3685 3198 Manutii

2105 3237 2344 3292 editione
2367 3235 2619 3293 Paschali
2650 3237 2882 3292 carmini
2917 3237 3127 3292 adnexa
3166 3244 3269 3298 est,
3292 3236 3399 3291 hoc
3437 3237 3573 3291 satis
3602 3236 3683 3290 ἰη-

2105 3330 2292 3385 dicat:
2329 3328 2446 3384 Hoc
2463 3330 2777 3398 opusculum
2830 3347 2935 3384 non
2995 3347 3027 3382 a
3057 3328 3276 3383 Sedulio
3324 3337 3542 3382 auctore
3581 3328 3687 3382 edi-

2108 3431 2218 3477 tum
2244 3432 2342 3487 est,
2375 3423 2466 3477 sed
2495 3439 2527 3475 a
2564 3421 2756 3476 Turcio
2796 3423 2937 3493 Rufo
2980 3423 3189 3478 Asteria
3224 3420 3287 3476 ν.
3313 3421 3377 3475 C.
3410 3420 3687 3475 exconsule

2107 3516 2379 3571 ordinario
2405 3526 2561 3585 atque
2598 3515 2847 3584 patricio,
2879 3515 2970 3584 qui
2999 3515 3056 3567 id
3081 3515 3220 3568 inter
3248 3516 3449 3582 scripta
3482 3510 3684 3567 Sedulii

2107 3612 2326 3664 invenit.
2361 3609 2617 3680 Idemque
2647 3609 2937 3663 conﬁrmat
2981 3608 3156 3677 ipsius
3178 3607 3379 3662 Asterii
3416 3620 3684 3661 exconsu-

2107 3705 2176 3759 lis
2211 3704 2275 3758 ad
2300 3701 2677 3756 Macedonium
2709 3702 3068 3771 epigramma,
3093 3698 3267 3754 eidem
3293 3697 3444 3768 operi
3468 3697 3523 3751 in
3548 3698 3683 3750 duo-

2108 3797 2213 3851 bus
2240 3794 2473 3850 vetustis
2518 3809 2655 3848 mss.
2680 3793 2915 3847 testibus
2944 3792 3244 3847 Sirmundo
3272 3799 3439 3860 atque
3466 3787 3687 3846 Usserio

2109 3890 2414 3959 praeﬁxum.

2183 3979 2365 4046 Sume,
2396 3996 2543 4033 sacer
2572 3980 2793 4043 meritis,
2828 3978 3035 4033 veracia
3063 3977 3205 4029 dicta
3234 3984 3402 4046 poeta:
3421 4015 3439 4043 ,

2254 4071 2386 4137 Qua:
2419 4072 2533 4126 sine
2562 4073 2799 4141 ﬁgmenti
2828 4072 3043 4124 condita
3068 4080 3191 4123 sunt
3212 4070 3380 4133 vitio;

2183 4164 2299 4230 Quo
2333 4174 2473 4219 caret
2504 4164 2645 4218 alma
2669 4165 2821 4233 fides,
2858 4180 2960 4234 quo
2998 4164 3167 4218 sancti
3200 4162 3376 4232 gratia
3405 4159 3645 4227 Christi,

2254 4254 2360 4309 Per
2391 4272 2549 4325 quam
2572 4256 2753 4324 justus
2791 4257 2867 4308 ait
2896 4255 3026 4307 talia
3061 4252 3329 4309 Sedulius.

2184 4347 2485 4417 Asteriique
2517 4348 2593 4399 tui
2617 4363 2817 4415 semper
2842 4347 3141 4400 meminisse
3160 4345 3366 4415 jubeto,

2260 4437 2425 4506 Cujus
2463 4454 2558 4506 ope
2578 4447 2625 4490 et
2672 4453 2804 4491 cura
2830 4438 2973 4490 edita
3008 4445 3134 4490 sunt
3158 4435 3387 4506 populis.

2187 4527 2356 4593 Quem
2385 4527 2625 4598 quamvis
2657 4528 2847 4580 summi
2880 4527 3134 4580 celebrent
3162 4542 3256 4595 per
3280 4525 3482 4579 scecula
3521 4524 3687 4594 fasti,

2256 4619 2388 4673 Plus
2415 4631 2589 4673 tamen
2614 4618 2683 4671 ad
2710 4620 2955 4671 meritum
2979 4627 3079 4684 est,
3119 4619 3166 4670 si
3191 4618 3324 4687 viget
3348 4633 3437 4669 ore
3470 4626 3583 4669 tuo.

2185 4710 2322 4766 Cum
2352 4711 2516 4780 igitur
2553 4710 2802 4765 Asterius
2849 4710 3042 4764 consul
3073 4709 3300 4771 luisset,
3332 4722 3458 4760 cum
3489 4720 3681 4760 nomen

2114 4801 2236 4871 ejus
2268 4801 2322 4854 in
2360 4799 2537 4855 Fastis
2562 4810 2743 4865 esset,
2779 4808 2907 4853 tunc
2938 4799 3174 4868 primum
3213 4797 3383 4851 edidit
3424 4796 3687 4851 Paschale

2115 4910 2254 4964 opus
2270 4893 2509 4958 Sedulii;
2528 4908 2635 4947 non
2659 4892 2834 4961 potuit
2849 4892 3013 4962 igitur
3029 4908 3057 4946 a
3073 4891 3292 4946 Gelasio
3316 4905 3466 4945 anno
3488 4889 3685 4952 Christi

2115 4985 2242 5049 494,
2272 4984 2489 5039 Asterio
2522 4992 2578 5038 et
2597 4984 2862 5040 Praesidio
2891 4998 3036 5039 coss.
3070 4992 3357 5053 tantopere
3391 4981 3681 5039 celebrari.

2116 5074 2265 5131 Vidit
2291 5078 2405 5131 haec
2420 5076 2775 5131 acutissimus
2798 5076 3078 5140 Usserius,
3104 5085 3157 5131 et
3184 5075 3402 5130 Binium
3425 5076 3689 5146 perstrin-

2116 5187 2249 5241 gens
2300 5171 2448 5240 quod
2499 5169 2802 5225 Romanam
2850 5186 2954 5223 ιιι
2997 5170 3381 5239 episcoporum
3420 5172 3684 5243 synodum

2115 5263 2182 5317 ad
2232 5279 2356 5318 eum
2408 5278 2613 5317 annum
2646 5264 2855 5332 absque
2896 5262 3008 5316 ullo
3036 5270 3280 5316 veterum
3312 5262 3399 5317 vel
3438 5264 3683 5318 codicum

2114 5357 2198 5412 vel
2252 5365 2541 5412 auctorum
2572 5356 2890 5411 testimonio
2943 5355 3258 5421 retulisset,
3293 5356 3413 5425 ipse
3444 5357 3510 5411 ad
3538 5357 3686 5411 hien-

2115 5452 2267 5507 nium
2301 5451 2651 5521 pontiﬁcatus
2677 5449 2952 5506 Gelasiani
2978 5450 3159 5503 adhuc
3186 5450 3459 5520 reliquum
3495 5449 3683 5504 confu-

2116 5542 2213 5613 git.
2240 5542 2395 5608 Cum,
2427 5544 2625 5612 inquit,
2654 5552 2770 5611 post
2795 5541 3061 5596 biennium
3084 5558 3110 5594 e
3133 5542 3242 5594 vita
3271 5543 3553 5597 excesserit
3568 5558 3686 5611 pon-

2120 5635 2251 5702 tiles:
2278 5633 2542 5698 Gelosius,
2594 5636 2739 5687 intra
2776 5634 2914 5687 illud
2944 5634 3193 5703 temporis
3235 5635 3468 5703 spatium
3498 5645 3683 5704 putan—

2120 5729 2243 5781 dum
2279 5738 2352 5780 cst
2387 5739 2435 5781 et
2478 5726 2683 5781 Sedulii
2713 5744 2876 5797 nuper
2908 5727 3144 5797 defuncti
3175 5725 3436 5781 Pasclmle
3478 5742 3681 5781 carmen
