3786 6316
134 351 216 404 117
852 348 902 403 ⁴1.
947 345 1310 404 PEARSONU
1348 343 1668 403 VlNDlCUE
1708 342 2129 400 lGNATl‘ANl‘E.
2169 372 2237 384 —
2271 339 2453 396 PARS
2493 339 2533 394 Ι.

3241 337 3344 392 118

129 471 391 524 αὑΑιτενὶο
430 470 739 525 recensitum
761 481 915 541 atque
940 471 1251 525 Macedonio
1280 471 1451 524 adhuc
1481 484 1665 538 super-
1695 482 1742 541 Α
1768 465 1923 520 cibus
1946 463 2270 535 simpliciter
2305 463 2514 532 legatur
2543 479 2556 515 :
2587 457 2714 513 Post
2738 458 3071 529 propheticus
3103 466 3154 512 et
3188 450 3349 512 erait-5

129 565 224 618 stiti
247 562 700 626 denuo'oblatum,
734 572 786 617 et
824 562 1122 618 Romanum
1160 563 1296 617 illud
1325 579 1432 619 ιιι
1458 563 1660 631 episco-

129 673 286 725 porum
318 656 406 710 sub
439 653 646 710 Gelasio
665 655 904 710 habitum
930 657 1094 724 fuisse
1113 656 1421 718 concilium.
1444 654 1535 725 qui
1564 670 1662 706 nu-

127 750 318 818 perrime
361 747 629 818 divulgato
685 748 830 818 operi
860 746 1178 817 prmclarum
1218 746 1475 800 dederunt
1517 745 1663 798 testi-

129 842 349 895 monium.
383 840 444 894 Et
475 849 620 896 certe
653 840 726 894 ita
748 839 1042 908 putandum
1064 848 1206 894 esset
1220 881 1247 908 ,η
1269 838 1316 893 si
1355 845 1504 893 certo
1530 852 1664 892 con-

128 940 271 986 staret
310 947 337 984 a
368 929 582 985 Gelasio
615 938 670 983 et
702 929 914 1000 synodo
948 929 1068 999 ejus
1103 931 1208 984 hoc
1243 930 1517 982 decretum
1544 925 1652 981 edi-

129 1033 220 1077 tum
259 1022 454 1088 fuisse;
504 1029 560 1076 at
611 1021 718 1076 hoc
765 1037 876 1076 non
914 1021 1090 1093 magis
1137 1020 1453 1091 posteriori,
1496 1035 1661 1090 quam

128 1114 271 1186 priori
315 1114 530 1169 biennio
560 1114 852 1184 competit;
887 1129 1013 1168 nam
1049 1128 1200 1179 ecce,
1231 1128 1385 1168 anno
1413 1113 1665 1183 proximo

128 1210 223 1262 sive
256 1206 407 1277 hujus
430 1206 636 1260 biennii
670 1207 848 1276 primo
869 1249 883 1272 ,
910 1207 1013 1261 sub
1042 1204 1269 1260 Viatore
1307 1204 1530 1260 consule
1556 1203 1670 1280 alia

128 1298 334 1371 synodus
365 1313 394 1351 a
423 1296 640 1352 Gelasio
675 1296 862 1352 Romae
903 1305 1232 1367 congregata
1262 1307 1353 1352 est.
1379 1296 1665 1366 episcopo-

127 1404 226 1441 rum
256 1403 354 1442 non
389 1402 492 1441 ιιι
528 1388 742 1458 quidem
769 1429 788 1453 ,
827 1388 919 1442 sed
967 1403 1053 1442 ιν.
1090 1386 1263 1456 llujus
1302 1386 1493 1458 synodi
1529 1387 1664 1442 Acta

127 1488 343 1544 exstant;
372 1493 471 1532 nec
501 1477 557 1531 in
591 1477 659 1532 iis
683 1477 852 1532 ullum
882 1477 1113 1547 hujusce
1137 1476 1340 1532 decreti
1373 1475 1661 1546 vestigium

127 1578 333 1640 apparet.
382 1569 672 1624 Postremo
727 1569 928 1625 Gelasii
979 1585 1125 1624 anno
1179 1567 1423 1640 synodus
1475 1567 1665 1632 nulla,

125 1671 354 1732 quantum
385 1663 644 1717 novimus
667 1701 682 1728 ,
718 1670 908 1717 coacta
934 1670 1016 1716 est
1043 1680 1058 1728 ;
1088 1669 1149 1715 ut
1182 1676 1212 1715 a
1248 1659 1456 1734 synodo
1481 1659 1662 1730 aliqua

126 1755 379 1809 Gelasiana
406 1753 615 1808 editum
647 1751 818 1808 fuisse
850 1753 956 1808 hoc
985 1752 1260 1807 decretum
1289 1752 1451 1822 plane
1487 1751 1666 1805 incre-

1764 557 1966 630 gelicas
2016 566 2171 630 atque
2223 552 2544 624 apostolicus
2594 551 2930 622 Scripturas.
2959 547 3136 605 Verba
3180 549 3345 619 igitur

1763 649 1877 717 illa,
1898 649 1992 703 has
2009 663 2210 713 omnes,
2234 655 2322 713 et,
2355 661 2488 716 quas
2511 644 2753 714 superius
2773 642 3217 712 deprampsimus,
3249 639 3350 710 pa?

1761 739 1870 797 lam
1903 741 2111 796 inserta
2145 745 2306 806 sunt,
2331 745 2393 793 ut
2423 737 2670 793 ordinem,
2695 750 2821 791 cum
2860 734 3084 789 decreto
3112 731 3351 803 conjun-'
3390 787 3396 794 _

1764 841 1970 904 gerent.
2021 831 2178 903 Quod
2224 839 2279 886 et
2324 837 2512 900 postea
2556 842 2751 883 rursus
2803 825 3010 882 factum
3055 831 3344 880 est:‘nam

1769 941 1870 996 pro
1900 925 2030 992 illis,
2066 923 2385 995 regulariter
2406 921 2754 993 suscepimus,
2788 918 3105 982 substituit,
3131 922 3346 987 regula-

1764 1022 1898 1076 riter
1923 1019 2164 1089 superius
2186 1015 2627 1072 enumeravimus.
2666 1011 2776 1068 Nec
2813 1013 2979 1084 igitur
3009 1012 3066 1066 in
3096 1008 3306 1080 synodo
3329 1049 3344 1072 ,

1765 1129 1868 1168 nec
1896 1127 2139 1182 unquam
2161 1108 2440 1166 Gelasium
2465 1120 2661 1177 papam
2679 1105 2786 1160 hoc
2806 1095 3087 1161 decretum
3105 1100 3344 1158 edidisse

1766 1204 2065 1260 verisimile
2089 1211 2193 1258 est.

1836 1297 1972 1354 Nam
1996 1296 2175 1367 primo
2203 1303 2395 1351 auctor
2410 1292 2616 1351 decreti
2640 1291 2782 1348 male
2805 1290 2872 1344 de
2888 1289 3126 1344 Eusebio
3150 1288 3342 1349 sensit,

1765 1389 1910 1444 unde
1933 1388 2023 1443 illa
2060 1407 2073 1442 :
2110 1387 2362 1442 Historia
2416 1384 2635 1440 Eusebii
2689 1381 2960 1451 Pamphili
3006 1379 3342 1449 apocrypha;

1765 1481 2005 1538 ostendit
2034 1488 2215 1534 autem
2245 1487 2299 1534 et
2324 1479 2460 1548 ipse,
2491 1491 2666 1548 quare
2691 1473 3061 1544 apocrypham
3094 1471 3346 1525 nomina-

1764 1575 1862 1640 vit,
1897 1588 2089 1643 nempe
2116 1574 2243 1643 quia
2281 1573 2335 1625 in
2379 1571 2550 1641 primo
2588 1567 2919 1623 narrationis
2954 1581 3065 1619 sua:
3103 1563 3242 1617 libro
3268 1574 3345 1616 te-

1764 1667 1900 1736 puit,
1927 1665 1978 1720 id
2008 1673 2094 1719 est
2116 1664 2256 1718 male
2281 1663 2348 1718 de
2387 1672 2579 1718 natura
2618 1659 2823 1716 Christi
2856 1655 3116 1728 scripsit:
3153 1669 3345 1709 amne-

1767 1758 1909 1812 ravit
1936 1757 2122 1826 itaque
2154 1755 2450 1810 Eusebium
2487 1755 2629 1808 inter
2652 1750 2911 1805 Arianos.
2937 1748 3008 1803 At
3045 1762 3211 1802 verus
3234 1744 3343 1801 Ge—

126 1847 264 1900 dibile
291 1847 377 1902 sit.
413 1844 678 1901 Nicolaus
728 1845 951 1916 quidem
996 1844 1064 1898 de
1084 1843 1228 1898 Cusa
1271 1842 1344 1897 De
1380 1842 1664 1897 concordia
1697 1829 1739 1888 Β
1767 1847 1939 1902 lasius
1960 1847 2119 1902 aliter
2145 1846 2212 1901 de
2242 1844 2480 1900 Eusebio
2500 1843 2671 1898 sensit
2695 1861 2710 1904 ;
2735 1841 2913 1911 ipsum
2948 1837 3002 1894 in
3034 1835 3338 1892 catholico-

125 1941 370 2005 catholica,
393 1941 490 1995 lib.
521 1957 583 2010 ιι,
617 1955 667 1995 c.
694 1939 782 2006 11,
810 1939 927 1992 bare
966 1953 1030 1991 ex
1074 1935 1310 1992 concilio
1359 1934 1621 1989 Toletano
1645 1976 1658 2000 ,

127 2045 332 2105 tempore
362 2033 668 2106 Sysevandi
704 2033 846 2104 regis
875 2031 1169 2096 celebrato,
1198 2045 1299 2100 cap
1354 2029 1444 2095 l7,
1484 2029 1615 2084 citat
1645 2047 1658 2083 :

126 2127 431 2198 Apocalypsis
471 2126 672 2180 librum
717 2123 1007 2179 multorum
1051 2123 1398 2177 conciliorum
1436 2121 1665 2174 auctori-

127 2230 210 2284 tas,
239 2228 284 2273 et
306 2217 556 2288 synodica
589 2215 694 2272 SS.
725 2215 1086 2270 Romanorum
1123 2213 1411 2284 prtesulum
1455 2219 1664 2267 decreta

123 2311 313 2367 Joannis
348 2309 688 2380 evangelist
749 2324 860 2362 esse
897 2305 1199 2361 describunt
1230 2347 1245 2374 ,
1281 2315 1330 2360 et
1363 2306 1501 2359 inter
1535 2305 1666 2360 divi-

127 2421 200 2456 nos
226 2403 373 2456 libros
401 2401 826 2456 constituendum
849 2400 1273 2472 decrevergtnt,ct
1290 2398 1416 2453 inde
1431 2397 1662 2470 colligit,

127 2495 538 2566 approbationem
593 2486 887 2561 librorum,
932 2507 1053 2563 quae
1079 2491 1298 2548 Gelasio
1320 2506 1474 2563 papae
1493 2490 1665 2546 ascri-

128 2585 264 2651 bitur,
311 2583 478 2639 fuisse
532 2583 876 2656 synodicam.
919 2581 1031 2637 Sed
1061 2581 1167 2637 hoc
1203 2582 1250 2636 si
1293 2581 1513 2637 aliunde
1552 2596 1662 2636 non

127 2685 323 2742 constet,
374 2683 522 2732 certe
583 2675 716 2730 hinc
767 2682 1024 2731 constare
1074 2688 1182 2728 non
1218 2682 1418 2743 potest.
1461 2672 1663 2728 Gelasii

126 2768 245 2822 enim
268 2783 368 2822 non
400 2766 687 2832 meminit,
712 2774 767 2821 et
787 2764 879 2820 alii
911 2765 1195 2835 pontifices
1229 2763 1463 2818 Romani
1493 2777 1665 2818 cano-

128 2875 226 2915 nem
253 2860 548 2926 ediderant,
579 2857 848 2931 quoliber
873 2856 1280 2930 Apocalypseos
1297 2855 1662 2927 reciperetur:

127 2963 168 3006 et
190 2953 445 3008 decretum
477 2953 590 3010 hoc
624 2952 774 3007 illius
810 2950 1029 3008 concilii
1060 2959 1303 3019 tempore
1329 2955 1545 3004 exstare
1568 2961 1667 3018 po-

129 3047 227 3112 tuit,
257 3046 336 3100 vel
359 3046 462 3101 sub
497 3043 707 3100 Gelasii
740 3043 826 3098 vel
852 3043 955 3099 sub
983 3042 1212 3098 alterius
1252 3041 1527 3112 pontiﬁcis
1567 3055 1670 3096 no-

129 3138 266 3200 mine,
294 3154 415 3192 nam
439 3135 744 3192 concilium
774 3135 906 3191 illud
945 3135 1279 3190 celebratum
1302 3143 1388 3190 est
1413 3133 1666 3205 pluribus

129 3243 259 3299 quam
284 3230 379 3283 Iw
413 3231 578 3285 annis
611 3237 733 3298 post
762 3236 992 3284 mortem
1018 3227 1240 3295 Gelasii,
1267 3243 1346 3283 se.
1380 3242 1436 3281 a.
1462 3225 1530 3281 Ι).
1563 3225 1670 3282 655

130 3338 217 3376 non
237 3325 355 3392 582,
382 3336 441 3380 ut
476 3326 656 3380 voluit
684 3324 958 3379 Cusanus.
1004 3321 1103 3376 Illo
1142 3333 1322 3377 autem
1357 3337 1474 3378 aevo
1503 3337 1672 3377 cano-

131 3431 227 3470 nem
257 3417 666 3488 Scripturarum
701 3416 806 3474 sub
830 3415 1053 3470 nomine
1080 3413 1284 3469 Gelasii
1322 3430 1476 3484 papa:
1503 3415 1672 3469 exsti—

131 3507 234 3562 tisse
260 3525 357 3564 non
398 3519 483 3564 cst
523 3509 847 3568 verisimile.
897 3505 1156 3562 Nicolaus
1210 3507 1354 3560 enim
1406 3521 1571 3576 papa,
1615 3507 1669 3560 in

131 3600 321 3670 cpistola
352 3602 418 3657 ad
447 3601 900 3671 archiepiscopos
931 3610 985 3653 et
1016 3599 1306 3670 episcopos
1343 3613 1438 3669 per
1466 3597 1672 3656 Gallias

131 3693 456 3759 constitutos,
511 3691 746 3748 canonis
790 3688 1092 3744 Innocentii
1143 3695 1361 3743 tantum.
1388 3685 1668 3753 meminit,

133 3796 217 3838 non
246 3794 414 3839 autem
441 3783 686 3850 Gelasii,
739 3782 995 3852 quamvis
1026 3782 1079 3835 in
1108 3780 1296 3835 eadem
1325 3777 1552 3848 epistola
1579 3777 1673 3832 de-

132 3873 238 3927 creti
261 3873 530 3930 Gelasiani
559 3871 893 3928 meminerit.
929 3869 1033 3926 Sed
1060 3869 1366 3940 responsuri
1391 3877 1514 3922 sunt
1546 3867 1670 3932 isti,

133 3963 296 4034 inquit,
324 3967 410 4039 qui
451 3983 558 4020 non
592 3965 660 4019 ad
703 3963 1045 4017 obediendum
1093 3963 1269 4032 potius
1299 3977 1454 4032 quam
1493 3960 1562 4013 ad
1594 3975 1676 4012 re-

134 4057 386 4110 sistendum
431 4065 560 4111 sunt
592 4056 797 4124 parati,
846 4055 1045 4107 aientes
1072 4094 1085 4118 ,
1121 4052 1258 4123 quod
1284 4053 1421 4104 inter
1448 4067 1673 4105 canones

133 4147 392 4202 inveniatur
424 4148 723 4218 capitulum
759 4147 816 4202 S.
851 4164 1004 4218 paptr
1043 4145 1378 4209 Innocentii;
1401 4145 1550 4214 cujus
1578 4162 1675 4198 au-

133 4241 340 4296 ctoritate
384 4243 645 4298 doceatur
675 4259 707 4294 a
754 4239 902 4294 nobis
954 4247 1233 4308 utrumque
1281 4236 1674 4291 Testamentum

134 4345 221 4384 esse
253 4333 622 4403 recipiendum,
656 4347 954 4404 quanquam
995 4331 1050 4384 in
1095 4330 1224 4398 ipsis
1254 4329 1490 4402 paternis
1515 4345 1676 4381 cauo-

134 4423 258 4476 nibus
299 4426 501 4483 nullum
557 4439 740 4478 eorum
768 4437 832 4477 es:
867 4431 975 4476 toto
1016 4422 1357 4474 contineatur
1391 4420 1671 4474 inscrtum.

1765 1955 1886 1993 rum
1918 1937 2143 1993 Patrum
2197 1951 2428 1992 numero
2472 1933 2705 2005 posuit;
2730 1932 2878 1986 illius
2921 1927 3235 1985 testimonia
3277 1924 3344 1979 ad

1765 2031 2194 2086 conﬁrmandam
2248 2028 2510 2109 Ecclesia:
2547 2027 2615 2081 de
2660 2025 2875 2079 duabus
2904 2020 3114 2075 naturis
3136 2017 3352 2072 Christi

1764 2122 2070 2177 doctrinam
2114 2119 2356 2175 adhibet.
2383 2107 2593 2172 Auctor
2624 2114 2787 2184 igitur
2811 2111 3014 2167 decreti
3047 2125 3208 2163 verus
3238 2107 3338 2161 Ge-

1766 2212 1937 2267 lasius
1971 2225 2095 2265 esse
2145 2224 2254 2263 non
2281 2208 2518 2263 videtur.
2551 2203 2738 2275 Neque
2772 2202 2864 2257 illa
2892 2198 3127 2256 Chiﬁetii
3155 2197 3341 2253 conci-

1762 2304 1916 2360 liatio
1957 2301 2292 2358 admittenda
2336 2311 2441 2365 est,
2489 2298 2634 2370 quod
2683 2292 2936 2351 Historia:
2969 2279 3342 2341 ecclesiastica:

1766 2399 1927 2454 libros
1970 2404 2180 2451 tantum
2220 2396 2365 2450 dicat
2402 2394 2456 2447 in
2489 2392 2708 2447 decreto
2741 2403 2844 2442 non
2884 2400 2996 2441 esse
3050 2382 3356 2453 usquequa;

1763 2505 1863 2560 que
1889 2487 2213 2552 renuendos;
2244 2485 2358 2556 ipse
2378 2484 2523 2539 euim
2567 2481 2770 2552 pariter
2789 2493 2846 2534 sc
2857 2475 3112 2546 explicat,
3134 2471 3354 2541 propter

1766 2594 1945 2633 rerum
1973 2587 2148 2632 (auten
2173 2573 2529 2645 singularium
2569 2569 2870 2630 scientiam,
2892 2580 3008 2637 quae
3041 2562 3110 2616 ad
3144 2565 3346 2616 instru-
3445 2631 3449 2636 ι

1767 2671 1993 2726 ctionem
2050 2669 2336 2738 pertinent,
2392 2665 2638 2728 scilicet,
2691 2657 3003 2716 renuendos
3064 2670 3174 2710 non
3225 2667 3347 2708 esse

1766 2775 2200 2832 usquequaque;
2248 2759 2316 2814 ad
2345 2754 2820 2814 conﬁrmationem
2863 2759 3046 2807 autem
3083 2748 3350 2804 doctrinae

1768 2851 2075 2919 catholicae,
2106 2847 2413 2920 praesertim
2443 2846 2510 2900 dc
2533 2852 2730 2899 natura
2753 2839 2979 2904 Christi,
3003 2852 3128 2911 cum
3155 2844 3209 2891 et
3232 2835 3348 2903 ipse

1768 2942 2034 2999 erraverit
2065 2944 2121 2997 in
2154 2941 2258 2996 hac
2282 2941 2401 3010 ipsa
2431 2952 2514 3004 re,
2539 2945 2594 2991 et
2613 2934 2902 3004 Origenem
2928 2939 3209 2998 tantopere
3229 2927 3350 2979 lau—

1769 3035 2000 3103 daverit,
2046 3030 2414 3089 adhibendam
2459 3042 2586 3084 esse
2607 3025 2987 3082 auctoritatem
3035 3017 3254 3075 Eusebii
3283 3033 3350 3071 ex

1771 3140 2105 3198 quocunque
2156 3124 2300 3180 libro
2361 3122 2739 3192 depromptam
2797 3128 3080 3186 nunquam
3139 3109 3354 3194 putavit

1773 3232 1966 3276 auctor
1991 3217 2216 3274 decreti.

1842 3312 2106 3367 Praeterea
2141 3311 2195 3364 in
2219 3310 2326 3364 hoc
2351 3308 2569 3364 decreto
2598 3305 2744 3361 hanc
2773 3315 3064 3358 censuram
3095 3299 3348 3369 legimus,

1774 3403 1933 3458 Liber
1955 3402 2044 3474 qui
2085 3399 2390 3471 appellatur
2443 3397 2683 3453 Canones
2721 3393 3082 3466 apostolorum
3125 3404 3337 3460 apocry-

1773 3494 1927 3564 plms,
1956 3508 2121 3562 quam
2144 3490 2364 3546 Gelasio
2397 3505 2549 3559 papae
2572 3486 2915 3542 tribuendam
2959 3483 3184 3537 minime
3230 3492 3351 3534 esse

1774 3586 1944 3641 multa
1979 3586 2232 3639 suadent.
2259 3580 2394 3636 Nam
2422 3580 2716 3651 Dionysius
2740 3576 3007 3646 Exiguus,
3041 3573 3133 3643 qui
3171 3580 3348 3626 tanto-

1774 3693 1902 3749 pere
1925 3676 2204 3733 Gelasium
2235 3674 2538 3729 admiratus
2569 3681 2672 3738 est,
2698 3679 2823 3741 post
2848 3679 2956 3724 tam
2987 3680 3205 3736 gravem
3235 3662 3350 3732 ejus

1775 3782 2096 3832 censuram,
2133 3778 2412 3835 nunquam
2458 3763 2712 3818 Canones
2763 3758 3132 3830 apostolorum
3188 3755 3347 3808 inter~

1774 3859 2001 3932 pretari,
2035 3867 2088 3914 et
2132 3857 2362 3928 reliquis
2397 3854 2712 3911 canonibus
2745 3851 3028 3924 prmllgere
3054 3848 3349 3902 voluisset:

1776 3967 2055 4022 nunquam
2089 3950 2144 4004 in
2186 3949 2506 4021 prtel’atione
2546 3946 2730 4017 operis
2754 3945 2863 4011 sui,
2893 3943 2982 3998 his
3013 3941 3194 3996 verbis
3221 3953 3352 3994 usus

1775 4045 2012 4100 fuisset:
2048 4042 2114 4097 In
2154 4041 2416 4112 principio
2471 4041 2650 4111 itaque
2695 4037 2936 4093 Canones
2962 4076 2976 4101 ,
3033 4034 3124 4105 qui
3165 4033 3349 4086 dicun-

1778 4145 1864 4190 tur
1891 4135 2271 4206 apostolorum,
2300 4134 2362 4187 de
2388 4128 2992 4192 ercotranstulimus;
3017 4125 3203 4195 quibus
3229 4124 3354 4195 quia

1775 4234 1993 4304 plurimi
2033 4248 2340 4286 consensum
2371 4247 2473 4282 non
2492 4228 2762 4298 prwbuere
2788 4223 3024 4295 facilem,
3054 4223 3151 4275 hoc
3180 4221 3352 4289 ipsum

1776 4335 2004 4382 restram
2066 4323 2333 4380 noluimus
2382 4323 2627 4392 ignorare
2681 4319 3058 4379 sanctitatem;
3116 4313 3354 4384 quamvis

1777 4426 1959 4488 postea
1999 4415 2244 4490 quantum
2278 4413 2568 4467 constituta
2610 4410 2918 4481 pontiﬁcum
2953 4424 3016 4462 ex
3042 4407 3172 4476 ipsis
3196 4419 3343 4457 cano-

135 4514 312 4582 Quihus
336 4519 520 4573 verbis
554 4518 632 4572 uti
660 4526 806 4588 patet
837 4514 1032 4570 canoni
1071 4513 1289 4568 concilii
1334 4511 1628 4566 Laodiceni
1655 4553 1669 4574 ,
1705 4523 1748 4578 Ῑ)
1777 4511 1929 4564 nibus
1975 4516 2249 4577 assumpta
2298 4521 2408 4559 esse
2457 4505 2761 4558 videantur.
2807 4501 2887 4554 An
2943 4508 3057 4553 tam
3086 4495 3196 4552 leni
3226 4509 3362 4549 cen—

135 4620 181 4664 ut
199 4611 320 4680 apud
347 4612 576 4667 Latinos
607 4611 929 4674 habebatur,
948 4609 1119 4663 libros
1150 4607 1206 4663 S.
1237 4606 1533 4676 Scripturte
1560 4621 1668 4660 non

138 4697 278 4756 fuisse
305 4703 543 4770 additos,
574 4710 670 4759 aut
700 4700 1068 4771 Apocalypsin
1107 4699 1247 4752 inter
1275 4713 1370 4753 eos
1414 4712 1674 4752 numera-

138 4800 223 4846 tam
250 4811 347 4850 non
377 4795 556 4854 fuisse
591 4812 607 4851 :
641 4794 714 4851 ita
767 4793 932 4848 etiam
966 4792 1184 4847 eosdem
1235 4790 1288 4845 in
1312 4790 1531 4844 decreto
1567 4790 1674 4844 hoc

138 4882 302 4941 Gelasii
325 4903 429 4942 non
457 4887 634 4944 fuisse
650 4893 967 4941 numeratos
984 4895 1236 4939 constare
1261 4881 1492 4935 videtur.
1517 4879 1675 4936 Certe

137 4973 628 5036 lvoCarnotensisin
644 4979 862 5035 decreto
876 4977 1122 5034 ordinem
1151 4976 1415 5032 librorum
1445 4973 1502 5028 S.
1528 4973 1674 5028 Scri-

138 5075 298 5133 ptura,
321 5071 435 5125 sine
490 5071 715 5126 nomine
741 5068 988 5135 Gelasii,
1022 5067 1234 5138 posuit,
1257 5074 1410 5136 parte
1435 5073 1632 5136 quarta
1658 5106 1674 5131 ,

137 5166 283 5235 capite
324 5167 411 5233 ﬁl,
449 5169 685 5240 aliisque
738 5168 1098 5239 interpositis,
1152 5183 1272 5237 cap.
1331 5166 1420 5232 65,
1454 5166 1674 5220 demum

140 5255 304 5314 Gelasii
337 5262 620 5317 decretum
654 5262 850 5317 recitat
880 5277 998 5332 cap.
1034 5261 1124 5325 64,
1165 5267 1220 5315 et
1263 5257 1433 5314 codex
1474 5255 1675 5311 Juren-

141 5363 219 5408 ss.
245 5368 396 5421 quem
425 5353 597 5410 edidit
659 5353 965 5418 Cliiﬁetius,
993 5353 1046 5407 in
1079 5349 1386 5405 llormisdze
1419 5348 1678 5406 decretali

141 5443 349 5499 ordinem
370 5447 643 5502 librorum
672 5445 739 5505 S.
768 5445 1062 5517 Scriptura:
1087 5443 1402 5514 prmmittit;
1447 5441 1542 5497 sed
1580 5440 1678 5494 de-

142 5535 248 5588 creti
274 5538 430 5594 verba
486 5541 765 5605 immutat,
813 5548 874 5593 ut
900 5539 967 5593 ad
995 5537 1251 5592 ordinem.
1285 5533 1565 5604 respiciat.
1599 5530 1677 5586 lta

143 5623 260 5678 enim
283 5642 342 5682 ex
372 5629 691 5686 illoecodice
718 5630 953 5701 legimus
980 5647 992 5682 :
1021 5627 1155 5682 Post
1198 5627 1297 5682 bas
1324 5640 1514 5680 omnes
1558 5638 1682 5693 pro-

143 5716 343 5779 Μαίρας
363 5731 411 5778 et
449 5723 776 5793 evangelicas
802 5733 955 5793 atque
985 5720 1339 5791 apostolicus,
1356 5734 1496 5790 quas
1526 5732 1683 5788 supe-

147 5805 238 5862 rius
265 5810 718 5885 deprompsimus,
752 5809 1080 5885 Scripluras.
1114 5812 1252 5870 Cum
1283 5813 1337 5867 in
1374 5810 1496 5868 aliis
1527 5809 1680 5867 codi-

1781 4617 1912 4658 sura
1950 4602 2066 4671 ipse
2096 4598 2511 4671 perstrinxissct
2531 4639 2546 4664 ,
2576 4613 2642 4651 an
2688 4591 3070 4650 tantummodo
3099 4589 3354 4660 plurimos

1777 4709 2086 4750 consensum
2141 4708 2246 4746 non
2308 4690 2595 4760 prwbuisse
2646 4686 2893 4756 facilem,
2926 4683 2979 4738 id
3025 4693 3130 4746 est,
3173 4680 3354 4750 aliqua

1777 4787 1940 4842 modo
1982 4784 2050 4840 de
2076 4799 2267 4839 eorum
2325 4777 2968 4836 auctoritate'dubitasse
3007 4773 3278 4836 dixisset,
3311 4773 3354 4824 si

1778 4895 1904 4936 ante
1934 4895 2137 4950 paucos
2178 4890 2354 4932 annos
2386 4871 2698 4943 pontiﬁcem
2756 4869 3064 4924 Romanum
3125 4867 3178 4920 in
3226 4880 3328 4918 con

1778 4975 1906 5029 cilio
1926 4989 2020 5029 eas
2049 4985 2371 5026 numerasse
2398 4969 2539 5022 inter
2559 4966 2649 5021 illa
2674 4963 2900 5035 scripta,
2929 4978 3052 5032 qua:
3081 4956 3356 5013 catholicis

1779 5067 1997 5123 vitanda
2028 5073 2170 5129 sunt,
2216 5072 2264 5118 et
2295 5078 2412 5134 quae
2445 5059 2747 5114 nullatenus
2783 5056 2966 5127 recipit
3010 5051 3268 5107 catholica
3312 5058 3356 5102 et

1782 5157 2072 5232 apostolica
2129 5155 2370 5209 Romana
2430 5151 2666 5206 Ecclesia
2708 5147 2997 5204 novisset?
3028 5144 3109 5196 An
3145 5141 3212 5194 de
3259 5139 3356 5194 hac

1781 5252 2120 5310 dubitatione
2191 5247 2529 5318 Stephanum
2590 5243 2973 5299 Salonitanum
3038 5237 3358 5306 episcopum
3438 5287 3446 5325 ἐ

1783 5345 2114 5402 monendum
2161 5341 2547 5408 dnxisset,.n_e,
2577 5337 2810 5402 scilicet,
2839 5334 2934 5386 hoc
2973 5331 3147 5400 ipsum
3211 5329 3358 5398 igno-
3435 5349 3448 5360 -

1784 5444 1949 5500 raret,
1985 5432 2078 5503 qui
2106 5431 2238 5502 quid
2268 5445 2298 5484 a
2324 5429 2543 5486 Gelasio
2579 5427 2635 5480 in
2663 5421 2900 5480 concilio
2927 5419 3208 5474 decretum
3234 5415 3358 5484 fuit,

1785 5531 2037 5603 ignorare
2062 5541 2171 5581 non
2211 5523 2430 5596 potuit?
2455 5522 2536 5576 An
2560 5518 2796 5587 denique
2844 5523 3024 5584 postea
3071 5512 3360 5566 constituta

1783 5621 2091 5691 pontiﬁcatu
2125 5616 2322 5671 catillis
2350 5612 2636 5668 canonibus
2678 5618 2951 5678 assumpta
2983 5605 3151 5662 fuisse
3175 5613 3343 5659 notas-

1786 5724 1894 5775 set,
1950 5711 1994 5766 si
2022 5726 2118 5767 eos
2166 5721 2274 5765 tam
2302 5706 2505 5763 recenti
2533 5702 2804 5776 pontiﬁcis
2848 5702 3148 5757 constituto
3185 5706 3352 5752 trans-

1785 5808 1926 5864 ﬁxus
1973 5814 2133 5876 atque
2155 5803 2434 5877 jugulatos
2463 5797 2846 5874 cognovisset?
2872 5796 3033 5854 Certe
3070 5786 3362 5877 Dionysius
