3786 6296
408 255 515 312 “9

1456 259 1515 316 S.
1554 259 1905 317 lGNATIUS.
1942 291 2014 303 --
2042 261 2574 321 PROLEGOMENA.

3556 269 3654 326 HO

405 380 769 437 translatione
819 395 919 436 sua
957 382 1168 438 emoere
1207 397 1487 453 nunquam
1516 384 1817 454 petuisset,
1844 394 1904 439 ut
1930 386 1985 439 bi
2017 391 2063 447 Α
2094 386 2563 451 Petro.Gelasius,
2594 386 2823 457 epistola
2843 388 2908 442 ad
2923 388 3215 459 episcopos
3240 402 3337 459 per
3360 387 3653 444 Lucaniam

406 486 650 527 canones
706 472 776 528 ab
826 471 1071 530 Ecclesia
1102 472 1351 530 Romana
1394 478 1793 549 reciperentur,
1832 480 1877 534 si
1917 480 1986 535 ab

406 565 529 633 ipso
560 564 779 621 Gelasio
815 564 1049 622 fuissent
1067 568 1381 637 nuperrime
1403 570 1613 639 rejecti.
1641 571 1709 625 At
1738 582 1985 641 receptos

408 658 593 713 statim
622 658 793 714 fuisse
824 660 1061 716 ostendit
1086 659 1449 719 Cassiodorus
1486 664 1660 723 Divin.
1688 664 1833 731 lect.,
1860 681 1980 735 cap.

404 747 497 814 23,
529 748 623 820 qui
651 748 719 804 de
747 749 1007 822 Dionysio
1078 762 1132 806 et
1172 753 1499 811 collectione
1539 757 1660 827 ejus
1702 758 1776 813 ita
1803 759 1985 829 loqui-

407 849 528 894 tur:
548 839 753 895 Petitus
786 859 817 906 a
843 841 1114 914 Stephano
1138 846 1383 916 episcopo
1412 846 1731 903 Salonitano
1749 868 1815 906 ea:
1836 851 1986 907 Cra:-

407 933 484 984 cis
515 932 901 1002 exemplaribus
933 952 1158 991 canones
1178 937 1563 995 ecclesiasticos
1590 943 1824 996 moribus
1849 946 1983 1008 suis,

407 1034 467 1077 ut
515 1035 629 1079 erat
676 1024 871 1097 planus
921 1038 971 1083 et
1008 1028 1240 1083 disertus
1266 1071 1282 1098 ,
1311 1046 1504 1102 magna
1530 1032 1842 1104 eloquentia:
1869 1036 1985 1090 luce

408 1119 737 1186 Composuit,
755 1135 886 1188 quos
939 1120 1093 1174 hodie
1119 1138 1219 1175 usu
1248 1122 1584 1178 celeberrimo
1615 1123 1856 1181 Ecclesia
1881 1127 1987 1181 Ro-

403 1196 566 1273 mana
599 1211 987 1281 complectitur.
1023 1211 1225 1268 Verum
1251 1225 1431 1271 autem
1453 1219 1738 1289 esse'quod
1761 1218 1986 1275 Cassio-

404 1301 577 1357 dorus
613 1304 872 1377 asseruit,
902 1313 1051 1375 patet
1086 1322 1153 1361 es
1179 1308 1410 1378 epistola
1433 1308 1663 1367 Joannis
1694 1310 1737 1366 ll
1769 1314 1987 1382 pontiti-

405 1394 488 1450 cis
516 1393 751 1449 Romani
794 1398 959 1467 paulo
1004 1408 1130 1454 ante
1160 1400 1226 1454 ad
1264 1399 1565 1457 Caesarium
1608 1404 1984 1461 Arelatensem

405 1486 555 1554 data,
583 1488 637 1541 in
661 1504 769 1558 qua
798 1489 1269 1546 Contumeliosum
1300 1491 1606 1564 Regensem
1629 1496 1947 1567 episcopum
1970 1540 1987 1566 ,

406 1579 737 1637 auctoritate
765 1596 1039 1637 canonum
1067 1599 1135 1638 ex
1166 1585 1487 1642 collectione
1512 1587 1753 1660 Dionysii
1792 1588 1987 1663 Εχὶευὶ

405 1681 818 1741 excerptorum,
851 1675 921 1730 ab
950 1676 1264 1747 episcopatu
1301 1680 1611 1749 suspendit,
1652 1691 1707 1736 et
1746 1698 1988 1739 canones

2091 481 2422 537 constitutos
2446 523 2460 545 ,
2487 497 2607 551 cap.
2640 480 2702 535 21
2732 523 2746 547 ,
2776 490 2838 535 ut
2877 481 2929 535 in
2965 490 3153 537 nostro
3192 498 3298 537 ms.
3350 484 3653 553 reperitur:

2090 570 2233 635 Quos
2266 589 2384 627 vero
2415 574 2711 627 constiterit
2762 575 3013 645 indignos
3045 576 3246 629 meritis
3288 591 3503 628 sacram
3529 593 3657 629 mer-

2090 675 2234 719 catas
2290 683 2401 721 esse
2429 667 2598 736 pretio
2642 668 2983 739 dignitatem,
3043 668 3306 721 convictos
3347 677 3554 737 oportet
3580 687 3659 721 ar-

2089 758 2214 823 ceri,
2252 774 2354 811 non
2379 759 2489 812 sine
2510 759 2743 829 periculo
2777 760 2988 828 facinus
3029 759 3134 813 tale
3176 761 3534 829 perpetrantis
3563 761 3659 827 (ita

2088 863 2193 903 ms.
2226 864 2333 902 non
2365 850 2775 919 perpetrantes),
2797 850 2920 920 quia
2944 850 3156 902 dantem
3187 850 3393 918 pariter
3413 849 3661 918 accipien-

2090 946 2294 1007 temque
2320 938 2593 993 damnatio
2636 937 2894 1005 Simonis,
2926 956 3086 1009 quam
3116 956 3272 993 sacra
3300 938 3461 992 lectio
3512 948 3660 991 testa-

2091 1036 2211 1092 tur,
2251 1027 2487 1083 involvit.
2520 1027 2835 1100 Respondet
2877 1029 3110 1087 Dallazus
3155 1030 3233 1085 De
3274 1030 3659 1101 pseudapostal.

2089 1121 2126 1174 l.
2164 1137 2245 1188 ιιι,
2276 1137 2325 1178 c.
2362 1122 2396 1177 4
2428 1142 2441 1176 :
2476 1122 2678 1177 Gelusii
2707 1124 2853 1178 locus
2895 1123 3109 1178 nullum
3161 1124 3377 1177 omnino
3422 1137 3663 1176 canonern

2088 1211 2316 1278 laudat,
2388 1231 2551 1284 neque
2614 1216 2966 1284 apostolicum
3014 1233 3178 1285 neque
3233 1215 3659 1270 ecclesiasticum.

2094 1303 2322 1359 Tantum
2383 1305 2626 1363 Simonis
2695 1308 3106 1363 damnationem
3166 1318 3458 1373 memorat,
3517 1324 3662 1377 quam

2090 1409 2270 1460 sacra,
2295 1396 2488 1466 inquit,
2516 1397 2695 1463 lectio,
2724 1396 2959 1453 Actuunt
2999 1398 3200 1452 scilicet
3237 1397 3662 1466 apostolicorum,

2089 1496 2147 1539 ut
2176 1498 2357 1541 notum
2379 1500 2479 1555 est,
2515 1496 2769 1545 testatur.
2801 1490 3071 1546 Canonem
3096 1491 3313 1560 quidem
3353 1508 3460 1544 non
3492 1491 3665 1544 laudat

2090 1578 2340 1635 Gelasius
2364 1624 2377 1644 ,
2411 1582 2463 1636 id
2520 1593 2622 1647 est,
2664 1599 2772 1637 non
2801 1599 3060 1653 expresse
3089 1582 3258 1647 dicit,
3290 1598 3355 1637 ea
3385 1598 3515 1653 qua
3541 1598 3665 1651 prte-

2094 1670 2227 1740 cipit
2259 1671 2312 1725 in
2341 1673 2526 1743 aliquo
2555 1689 2767 1729 canone
2800 1676 3108 1731 Contineri:
3141 1692 3238 1731 nec
3264 1674 3313 1732 id
3344 1676 3525 1731 voluit
3553 1675 3668 1731 Dio-

408 1764 738 1834 apostolicos
770 1768 837 1821 ad
891 1782 1015 1823 eam
1048 1786 1163 1825 rem
1202 1770 1404 1827 diserte
1433 1773 1675 1856 adhibe‘:
1716 1772 1989 1830 Εεισαηο-
2020 1756 2063 1813 Β
2093 1763 2283 1833 nysius
2306 1804 2322 1831 ,
2353 1780 2477 1818 cum
2521 1765 2743 1820 doceret
2778 1766 2961 1837 aliqua
3006 1769 3321 1839 pontificum
3373 1768 3667 1823 constituta

407 1858 565 1921 nibus
577 1858 937 1927 apostolorum
962 1861 1196 1931 capitulo
1222 1879 1327 1916 xxv
1351 1883 1365 1919 ε
1396 1883 1414 1917 ‹
1436 1863 1752 1936 Episcopus,
1770 1867 1989 1937 presby-

410 1958 510 2014 ter,
541 1960 634 2002 aut
668 1950 928 2009 diaconus
977 1954 1067 2023 qui
1118 1954 1171 2007 in
1225 1954 1580 2023 fornicatione
1612 1969 1704 2011 aut
1752 1959 1989 2027 perjurio

407 2048 593 2109 captus
622 2050 721 2106 est,
752 2042 1068 2111 deponatur,
1103 2062 1208 2099 non
1255 2056 1427 2100 tamen
1470 2050 1837 2104 communione
1878 2052 1989 2121 pri—

406 2140 588 2196 vetur;
611 2132 742 2187 dicit
769 2136 909 2189 enim
936 2134 1217 2206 Scriptura
1248 2153 1267 2191 :
1296 2157 1314 2192 ι
1352 2137 1473 2193 Non
1499 2141 1787 2195 tindicabit
1807 2141 1990 2196 Domi-

406 2240 506 2283 nus
540 2224 620 2279 bis
654 2225 711 2287 ἰῇ
740 2226 795 2279 id
824 2228 1018 2289 ipsum.
1056 2247 1073 2277 ι
1104 2227 1189 2284 E3
1233 2232 1526 2285 canonibus
1565 2248 1729 2301 supra
1773 2234 1986 2303 scriptis

406 2316 645 2384 capitulo
674 2331 831 2382 xxxx,
860 2318 1001 2388 quod
1029 2319 1256 2388 officium
1296 2322 1583 2389 pristinum
1620 2322 1863 2381 damnati
1894 2340 1989 2392 pro

407 2408 720 2468 criminibus
740 2426 997 2478 usurpare
1009 2426 1115 2464 non
1133 2410 1353 2467 debeant
1374 2430 1391 2467 :
1411 2432 1428 2463 ι
1465 2410 1525 2467 Si
1553 2414 1670 2483 quis
1692 2415 1988 2485 episcopus,

406 2498 715 2568 presbyter,
746 2509 837 2553 aut
862 2500 1140 2567 diaconus,
1173 2502 1442 2571 depositus
1463 2504 1609 2572 juste
1650 2521 1805 2574 super
1830 2508 1988 2561 certis

409 2591 743 2658 criminibus,
779 2608 942 2655 ausus
965 2592 1126 2662 fuerit
1175 2604 1466 2649 attrectare
1503 2597 1857 2651 ministerium
1889 2598 1991 2651 du-

409 2681 536 2744 dum
560 2682 660 2736 sibi
689 2685 1048 2750 commissum,
1079 2686 1163 2738 hic
1188 2686 1252 2739 ab
1287 2686 1523 2740 Ecclesia
1544 2690 1753 2757 penitus
1775 2690 1987 2743 abscin-

408 2771 591 2827 datur.
634 2792 654 2825 ι
683 2773 930 2831 Fuerunt
962 2775 1128 2847 igitur
1156 2786 1400 2848 tempore
1425 2778 1654 2836 Joannis
1682 2778 1725 2832 ll
1771 2780 1990 2849 pontiﬁ-

409 2865 493 2920 cis
538 2875 589 2919 et
633 2866 974 2933 Cassiodori,
1026 2884 1266 2925 canones
1303 2872 1593 2941 apostolici
1640 2873 1694 2926 in
1739 2873 1987 2931 Romana

409 2956 651 3016 Ecclesia
713 2962 1109 3032 receptissimi,
1163 2965 1309 3034 quod
1360 2965 1477 3020 ﬁeri
1532 2966 1777 3035 potuisse
1828 2982 1990 3022 nemo

411 3053 693 3120 concedet,
752 3056 798 3110 si
842 3056 927 3110 vel
953 3072 981 3111 a
1029 3055 1269 3123 Gelasio,
1303 3058 1386 3113 vel
1422 3056 1714 3114 Hormisda
1755 3057 1990 3116 fuissent

411 3156 521 3199 tam
547 3145 763 3213 publice
793 3147 1002 3217 rejecti.

484 3235 669 3290 Mirari
697 3238 843 3293 enim
893 3240 1030 3295 satis
1061 3256 1167 3295 non
1202 3256 1426 3312 possum
1452 3282 1467 3306 ,
1504 3258 1612 3312 qua
1650 3244 1858 3298 ratione
1893 3245 1995 3299 du-

412 3336 536 3384 ctus
566 3328 799 3384 Dallzeus
835 3316 1367 3404 seipsum'Dionysio
1393 3334 1599 3389 directe
1621 3344 1675 3389 et
1694 3350 1758 3389 ex
1775 3334 1983 3392 diame-

412 3432 499 3485 tro
522 3432 837 3491 opponeret.
857 3422 951 3480 Ille
978 3426 1033 3480 in
1061 3424 1307 3482 Ecclesia
1336 3426 1526 3482 Graeca
1554 3428 1830 3484 enutritus
1859 3470 1874 3495 ,
1899 3430 1994 3484 ubi

411 3512 647 3577 maxime
675 3514 1191 3577 valebantCanones
1220 3518 1530 3587 apostolici,
1555 3519 1608 3575 in
1639 3517 1883 3576 Romana
1900 3518 1994 3573 diu

410 3613 682 3673 versatus,
710 3607 800 3662 ubi
833 3616 949 3671 tum
975 3624 1084 3664 non
1120 3618 1277 3665 erant
1301 3610 1439 3668 adeo
1468 3611 1692 3681 recepti,
1727 3612 1780 3665 in
1808 3609 1995 3667 decre-

410 3695 484 3759 tis
507 3696 825 3766 pontiﬁcum
855 3700 1173 3758 evolvendis
1207 3700 1439 3757 multum
1474 3701 1772 3767 desudans,
1799 3702 1994 3757 obser-

411 3788 583 3852 vavit,
614 3803 682 3842 ex
713 3790 1147 3845 canonibusillis
1169 3792 1350 3862 aliqua
1382 3791 1704 3861 pontiticum
1727 3792 1995 3849 constitu-

412 3888 490 3942 ta,
524 3878 899 3947 Romanorum
932 3883 1174 3946 scilicet,
1208 3893 1493 3953 assumpta
1537 3885 1729 3941 fuisse.
1763 3883 1997 3939 Datianus

413 3980 639 4049 econtra
678 3972 754 4026 De
803 3974 1272 4044 pseudepigraphis
1301 3985 1472 4045 apost.
1491 4017 1506 4043 ,
1538 3977 1633 4032 lib.
1662 3993 1744 4041 ιιι,
1773 3992 1894 4049 cap.
1920 3978 1953 4030 ’5
1979 3996 1991 4031 :

414 4061 532 4134 Ego
565 4080 684 4125 vero
704 4067 1133 4135 putaverimnon
1162 4082 1226 4125 ea:
1269 4084 1531 4127 canonum
1558 4068 1863 4125 collectione
1897 4086 1995 4125 sua

415 4158 625 4223 decreta
644 4160 942 4229 pontiﬁces,
970 4162 1061 4219 sed
1096 4178 1160 4215 ex
1191 4162 1506 4232 pontiﬁcum
1545 4164 1850 4217 constitutis
1872 4180 1994 4217 suos

415 4266 645 4307 canones
702 4254 1052 4324 assumpsisse
1108 4254 1338 4322 primum
1407 4271 1590 4309 eorum
1641 4255 1993 4310 collectorem.

416 4338 681 4411 Respexit
712 4342 833 4398 sine
864 4343 1033 4400 dubio
1079 4344 1373 4417 Dionysius
1420 4345 1719 4403 Innocentii
1743 4386 1758 4411 ,
1796 4345 1998 4404 Leonis

2092 1868 2157 1908 ex
2196 1856 2504 1911 canonibus
2536 1858 2628 1927 qui
2667 1858 2926 1913 dicuntur
2960 1860 3332 1930 apostolorum
3377 1858 3558 1916 fuisse
3591 1877 3669 1915 as~

2094 1958 2341 2019 sumpta;
2376 1964 2556 2020 neque
2584 1951 2731 2005 enim
2779 1951 2979 2023 aliquis
3026 1952 3343 2024 pontificum
3396 1951 3671 2007 Romano-

2093 2053 2213 2091 rum
2242 2047 2368 2093 ante
2398 2038 2645 2111 Dionysii
2673 2050 2884 2097 aatatem
2916 2042 2969 2097 in
3011 2043 3127 2098 suis
3154 2045 3475 2101 constitutis
3512 2059 3670 2099 cano-

2093 2145 2190 2184 nes
2223 2132 2599 2199 apostolorum
2639 2132 2956 2191 nominasse
2996 2135 3444 2205 deprehenditur.
3490 2136 3597 2191 Sed
3622 2137 3669 2191 id

2093 2230 2305 2277 tantum
2356 2238 2460 2278 nos
2497 2240 2624 2280 cum
2670 2225 2934 2299 Dionysio
2990 2228 3265 2294 volumus,
3321 2229 3427 2284 hoc
3475 2229 3669 2284 Gelasii

2092 2313 2452 2370 constitutum
2482 2330 2549 2370 ex
2583 2316 2677 2371 illo
2706 2333 2915 2373 canone
2940 2329 3286 2390 assumptum
3319 2336 3463 2375 esse.
3492 2318 3672 2389 Neque

2092 2405 2297 2459 mentio
2330 2419 2502 2461 sacrae
2524 2406 2777 2463 lectionis
2802 2407 3029 2478 impedit
3058 2412 3356 2480 quominus
3387 2409 3503 2465 haec
3532 2426 3673 2464 asse-

2092 2510 2316 2563 ramus;
2351 2496 2417 2551 ad
2441 2497 2610 2554 Actus
2634 2498 2780 2553 enim
2814 2499 3146 2569 apostolicos
3174 2515 3274 2554 nos
3305 2507 3518 2553 tantum
3552 2498 3671 2552 ideo

2092 2587 2276 2654 refert,
2311 2597 2371 2642 ut
2403 2590 2646 2646 sciamus
2681 2605 2935 2660 quaenam
2983 2590 3146 2647 fuerit
3177 2592 3461 2646 damnatio
3496 2589 3674 2645 Simo—

2092 2681 2224 2747 nis;
2265 2684 2412 2753 quod
2452 2694 2634 2739 autem
2688 2686 2779 2740 illa
2816 2685 3098 2741 damnatio
3147 2687 3419 2757 pertineat
3456 2695 3577 2740 tum
3611 2686 3673 2739 ad

2098 2775 2413 2831 Simoniace
2443 2788 2782 2848 promotum,
2823 2789 2936 2833 tum
2989 2780 3054 2834 ad
3082 2788 3517 2851 promoventem,
3555 2794 3674 2831 omo

2094 2868 2225 2921 nino
2244 2867 2311 2922 ad
2345 2868 2495 2923 illum
2527 2870 2886 2939 apostolicum
2909 2886 3169 2925 canonem
3196 2871 3451 2941 pertinet,
3480 2869 3671 2924 καθαι-

2096 2958 2293 3031 ρείσθω
2315 2962 2409 3015 καὶ
2443 2961 2603 3025 αὐτὸς
2632 2962 2723 3015 καὶ
2750 2965 2779 3016 ὁ
2806 2965 3211 3035 χειροτονήσας,
3235 2963 3339 3018 hoc
3366 2976 3471 3030 est,
3495 2980 3675 3016 arcea-

2097 3060 2187 3103 tur
2225 3052 2359 3105 dans
2387 3053 2593 3123 pariter
2616 3054 3004 3125 accipiensque,
3037 3064 3095 3107 ut
3124 3054 3365 3124 loquitur
3399 3053 3670 3108 Gelasius.

2050 3144 2063 3163 ⁴
2095 3143 2281 3201 Canon
2312 3147 2648 3216 apostolicus
2680 3146 2751 3200 22
2776 3157 2859 3203 est
2887 3164 2899 3198 :
2936 3148 2997 3204 Si
3024 3149 3139 3219 quis
3166 3149 3391 3202 abscidit
3420 3150 3669 3218 seipsum,

2096 3237 2151 3290 id
2180 3246 2279 3302 est,
2310 3239 2488 3308 siquis
2517 3241 2811 3307 amputavit
2840 3240 2939 3294 sibi
2964 3240 3282 3303 virilia,non
3309 3241 3406 3309 ﬁat
3427 3241 3669 3304 clericus,

2095 3330 2219 3399 quia
2246 3347 2374 3383 suus
2408 3330 2679 3385 homicida
2709 3340 2808 3401 est,
2839 3341 2889 3385 et
2915 3333 3011 3387 Dei
3048 3333 3371 3386 conditionis
3400 3333 3668 3397 inimicus,

2096 3429 2227 3487 etc.;
2267 3420 2524 3478 Gelasius
2555 3433 2735 3479 autem
2784 3423 3011 3495 epistola
3041 3426 3263 3488 eadem,
3295 3440 3417 3495 cap.
3453 3426 3521 3478 14
3549 3441 3564 3476 :
3603 3424 3672 3478 De

2097 3514 2163 3566 iis
2190 3524 2368 3568 autem
2399 3515 2491 3585 qui
2510 3517 2707 3586 seipsos
2732 3516 3071 3581 abscindunt,
3091 3517 3300 3585 paterni
3323 3533 3549 3570 canones
3569 3517 3673 3569 evi-

2099 3604 2281 3659 denter
2316 3607 2577 3677 sequenda
2614 3617 2944 3677 posuerunt;
2988 3624 3211 3677 quorum
3262 3617 3492 3661 tenorem
3534 3609 3672 3678 suﬁ-

2101 3698 2207 3752 ciat
2243 3698 2498 3753 indidisse
2526 3714 2545 3753 .'
2573 3701 2755 3755 dicunt
2786 3702 2946 3765 enim,
2986 3699 3120 3754 talia
3146 3710 3527 3770 perpetrantes,
3556 3719 3673 3756 mos

2098 3800 2157 3842 ut
2180 3790 2347 3859 agniti
2374 3791 2596 3860 fuerint,
2621 3810 2652 3845 a
2682 3810 2894 3846 munere
2914 3792 3149 3846 clericali
3174 3793 3360 3846 debere
3381 3810 3468 3847 eos
3500 3796 3668 3848 seclu-

2098 3881 2174 3935 di.
2205 3881 2357 3944 Quod
2390 3883 2559 3936 modis
2591 3882 2831 3936 omnibus
2856 3884 3121 3937 custodire
3149 3901 3239 3936 nos
3267 3886 3531 3946 convenit,
3551 3886 3672 3956 quia

2072 3974 2184 4043 .fas
2210 3990 2321 4028 esse
2347 3974 2484 4030 nulli
2523 3976 2863 4046 suppeditat,
2887 3986 3080 4047 prwlcr
3112 3977 3206 4030 illa
3237 3977 3527 4048 quidquam
3558 3996 3672 4048 qua

2100 4067 2461 4123 memorabilis
2495 4068 2719 4121 decrevit
2748 4069 2920 4137 forma
2945 4085 3169 4123 censere.
3196 4068 3512 4138 Respondet
3553 4068 3674 4123 Dal-

2099 4158 2253 4223 lacus,
2282 4159 2398 4213 haec
2427 4157 2482 4212 in
2512 4157 2733 4213 Nicaano
2762 4174 2973 4213 canone
3009 4160 3300 4224 contineri,
3335 4160 3483 4230 quod
3514 4176 3674 4215 nemo

2100 4260 2263 4322 negat
2289 4293 2305 4316 ,
2330 4262 2384 4307 et
2408 4263 2654 4322 paternos
2684 4269 2914 4306 canones
2942 4292 2957 4316 ,
2987 4252 3167 4323 potius
3199 4251 3264 4308 ad
3297 4252 3553 4308 Niczenos
3576 4252 3677 4307 Pa-

2100 4350 2209 4398 tres
2267 4360 2431 4414 quam
2484 4345 2763 4414 apostolos
2828 4343 3017 4398 referri
3088 4345 3304 4399 debere.
3355 4345 3425 4399 At
3464 4362 3565 4399 nos
3612 4346 3673 4399 ad

415 4443 471 4491 et
492 4433 697 4490 Gelasii
726 4435 1006 4505 epistolas,
1037 4438 1239 4507 quibus
1281 4438 1543 4494 nonnulla
1575 4454 1641 4493 ex
1672 4438 1740 4493 50
1768 4440 1997 4494 canoui-
2028 4450 2072 4505 1)
2101 4437 2377 4505 apostolos
2407 4452 2512 4490 non
2544 4436 2852 4500 referimus,
2877 4437 2968 4491 sed
2996 4437 3061 4491 ad
3086 4434 3335 4491 Nicaenos
3356 4446 3409 4491 et
3440 4436 3676 4493 Niczenis

414 4527 519 4593 bus
539 4528 854 4598 apostolicis
878 4538 1366 4599 repraesentantur;
1386 4538 1441 4584 at
1468 4531 1511 4585 si
1528 4530 1759 4589 Dallaeus
1776 4542 1998 4601 putave-

418 4621 511 4686 rit,
536 4632 629 4677 aut
660 4623 762 4678 bos
786 4623 855 4678 50
888 4638 1129 4681 canones
1151 4663 1167 4689 ,
1201 4632 1295 4677 aut
1318 4638 1510 4678 eorum
1538 4624 1752 4692 aliquos
1782 4640 1846 4677 ex
1889 4623 1998 4678 illis

416 4714 687 4784 epistolis,
720 4722 814 4767 aut
844 4713 1091 4783 cujusvis
1115 4710 1347 4767 Romani
1374 4712 1649 4783 pontiﬁcis
1671 4713 1892 4768 decreto
1907 4729 1997 4767 as-

415 4816 667 4876 sumptos
686 4805 873 4871 fuisse,
902 4805 1042 4877 fugit
1074 4821 1199 4865 eum
1220 4805 1446 4860 omnino
1474 4806 1636 4872 ratio,
1655 4814 1710 4860 et
1742 4804 1998 4877 Dionysio

416 4898 706 4954 verissima
735 4898 969 4953 tradenti
1004 4913 1268 4970 perquam
1312 4898 1626 4967 importune
1654 4897 1788 4953 illud
1824 4912 1995 4969 oppo-

327 4992 331 5001 ’
418 4991 552 5055 suit,
576 4990 722 5061 quod
758 5000 943 5059 aperte
973 4988 1171 5046 falsum
1207 4997 1314 5047 est.

488 5083 757 5139 Praeterea
790 5098 898 5136 non
931 5098 1102 5152 pauca
1128 5091 1275 5149 sunt,
1299 5097 1421 5153 quae
1439 5097 1526 5135 me
1549 5091 1770 5137 movent
1792 5090 1852 5135 ut
1880 5098 1997 5137 crc-

418 5175 546 5231 dam
584 5175 763 5244 ipsum
812 5171 1090 5229 Gelasium
1133 5186 1406 5235 canones,
1441 5172 1535 5241 qui
1572 5172 1833 5227 dicuntur
1864 5187 1999 5241 apo-

416 5265 708 5329 stolorum,
737 5274 792 5320 ct
830 5263 1142 5326 admisisse,
1196 5271 1251 5317 et
1278 5262 1332 5315 in
1357 5262 1475 5317 suis
1490 5264 1737 5332 epistolis
1758 5263 1999 5318 decreta-

418 5355 567 5411 libus
597 5372 757 5412 usum
791 5359 927 5427 ipsis
958 5356 1153 5411 fuisse.
1179 5354 1518 5411 Triccsimus
1561 5357 1705 5411 inter
1753 5357 1875 5411 illos
1907 5373 1999 5412 ea-

418 5464 528 5513 non
560 5458 641 5513 est
676 5468 688 5502 :
724 5450 781 5503 Si
814 5453 931 5519 quis
955 5452 1261 5521 episcopus,
1297 5461 1391 5504 aut
1416 5451 1709 5521 presbyter,
1750 5460 1843 5503 aut
1880 5450 1999 5503 dia-

418 5555 581 5597 conus
609 5556 701 5609 per
736 5558 986 5610 pecunias
1029 5544 1165 5598 hanc
1193 5544 1476 5597 obtinuerit
1501 5542 1831 5612 dignitatem,
1863 5543 1997 5611 deji-

421 5633 600 5690 ciatur
629 5641 679 5687 et
730 5635 839 5702 ipse
884 5646 931 5689 et
964 5638 1242 5691 ordinator
1286 5638 1398 5708 ejus
1424 5679 1439 5705 ,
1474 5647 1525 5692 et
1563 5654 1596 5690 a
1635 5638 1999 5691 communione

420 5725 591 5788 modis
640 5726 878 5789 omnibus
910 5728 1273 5799 abscindatur,
1332 5731 1469 5795 sicut
1524 5729 1704 5798 Simon
1748 5727 1935 5801 Μαρια
1968 5746 1998 5783 a

2104 4529 2264 4599 longe
2294 4529 2634 4597 antiquiores
2669 4527 2879 4582 Patres.
2922 4526 2989 4581 Ut
3020 4527 3312 4599 Dionysius
3340 4527 3586 4597 Exiguus
3624 4546 3679 4584 se

2103 4619 2224 4671 ideo
2258 4626 2372 4671 tum
2423 4618 2810 4682 conciliorum,
2854 4627 2965 4672 tum
2996 4633 3126 4685 eos,
3176 4620 3269 4689 qui
3301 4620 3674 4688 apostolorum

2100 4710 2229 4763 dicti
2266 4717 2393 4764 sunt
2419 4725 2678 4777 canones,
2710 4711 2761 4764 in
2793 4709 3045 4763 Latinum
3091 4726 3400 4765 sermonem
3442 4721 3677 4765 transtu-

2102 4802 2231 4858 lisse
2256 4804 2561 4873 prolitetur,
2595 4815 2652 4858 ut
2685 4806 2859 4858 sancti
2889 4804 3151 4873 pratsules
3174 4805 3410 4873 paternis
3442 4808 3679 4857 munian-

2101 4900 2190 4946 tur
2220 4893 2435 4964 regulis.
2482 4893 2545 4948 Et
2577 4894 2849 4951 Ctesarius
2892 4905 3018 4966 post
3060 4903 3342 4965 acceptam
3387 4896 3676 4966 epistolam

2098 4982 2328 5042 Joannis
2356 5002 2508 5057 papae
2529 4984 2600 5053 ll,
2626 5002 2734 5057 qua
2774 5002 3015 5043 canones
3053 4986 3340 5057 apostolici
3373 4986 3485 5041 duo
3507 4987 3678 5043 conti-

2102 5079 2392 5144 nebantnr,
2429 5079 2710 5149 subjungit
2745 5098 2757 5134 :
2790 5079 2926 5135 Ecce
2971 5081 3408 5149 manifestissime
3436 5091 3678 5147 constat,

2099 5172 2227 5241 quia
2266 5171 2553 5227 secundum
2581 5172 2721 5242 quod
2749 5182 2799 5225 et
2832 5171 2975 5235 tituli
3011 5173 3351 5242 antiquorum
3393 5172 3619 5228 Patrum
3649 5191 3678 5226 a

2109 5259 2169 5317 S.
2194 5262 2401 5317 Joanne
2426 5279 2564 5332 papa
2595 5264 2923 5330 transmissi,
2949 5274 2997 5318 et
3036 5264 3141 5317 518
3170 5264 3534 5333 episcoporum
3571 5280 3680 5317 sen-

2105 5356 2292 5420 tentia,
2310 5355 2400 5408 sed
2415 5363 2465 5408 et
2480 5370 2705 5408 canones
2722 5352 2993 5409 Gallicani
3006 5357 3272 5408 continere
3295 5354 3558 5417 videntur,
3572 5363 3675 5408 etc.

2173 5445 2441 5505 Prmterea
2473 5454 2529 5499 et
2558 5445 2673 5499 lucc
2702 5452 2758 5498 et
2788 5444 2896 5497 alia
2938 5460 3060 5513 qua:
3110 5444 3271 5498 habet
3298 5443 3573 5506 Gelasius,
3608 5444 3675 5495 ita

2103 5540 2156 5594 in
2183 5538 2416 5594 Nicaanis
2448 5537 2752 5593 canonibus
2786 5538 3159 5601 continentur,
3185 5544 3240 5589 ut
3266 5536 3429 5589 iidem
3471 5533 3673 5589 Nicteni

2105 5646 2345 5686 canones
2388 5641 2691 5700 agnoscant
2726 5632 2914 5687 eadem
2966 5630 3019 5684 in
3063 5627 3336 5703 prioribus
3370 5628 3675 5682 canonibus

2109 5735 2375 5799 przeccpta
2433 5724 2623 5793 fuisse,
2665 5741 2802 5796 quos
2860 5724 3064 5780 scimus
3113 5722 3252 5778 inter
3278 5736 3538 5788 canones,
3582 5720 3671 5793 qui
