3786 6364
170 336 252 394 iii

903 334 956 391 Ι.
996 334 1363 393 PEARSONII
1396 334 1720 391 VINwa
1758 332 2173 391 IGNATIANIE.
2213 368 2281 379 ——
2313 336 2492 392 PARS
2527 336 2569 393 Ι.

3042 286 3061 311 κ

3268 346 3371 399 {‘22

167 462 399 516 dicuntur
442 458 817 529 apostolorum
878 468 1200 516 numeratos
1252 460 1440 518 fuisse.
1489 460 1706 516 Primus
1735 462 1778 518 A
1807 457 1972 513 refert
2000 458 2372 514 Theodoretus
2402 459 2549 515 Ilist.
2593 461 2718 516 eccl.
2751 462 2783 515 Ι.
2820 477 2858 529 ι,
2891 477 2940 517 c.
2974 464 3027 517 ‘5.
3062 462 3159 519 Hic
3187 473 3367 521 autem

166 550 362 622 quidem
393 548 596 606 Niczni
617 551 838 606 concilii
863 567 1039 608 canon
1067 553 1256 608 eadem
1293 555 1552 618 continet,
1584 569 1705 622 quae

166 658 253 697 nos
285 657 347 696 ex
376 640 592 698 Gelasio
626 642 1052 712 descripsimus;
1078 644 1169 700 sed
1199 653 1252 700 et
1288 645 1429 700 idem
1471 645 1706 699 ostendit

166 747 400 789 canonem
445 743 571 789 ante
599 735 654 788 in
692 733 937 791 Ecclesia
1010 738 1182 792 latum
1230 737 1401 791 fuisse
1428 753 1440 788 :
1470 736 1538 789 Εἴ
1560 752 1702 798 τινες

166 824 255 877 ὑπὸ
283 823 565 896 βαρϐάρων
606 826 638 897 ἢ
670 826 945 882 δεσποτῶν
973 828 1254 899 εὐνουχίεο
1266 847 1417 900 ησαν,
1447 827 1584 900 [καὶ]
1609 829 1701 881 εὑ-

165 915 405 987 ρίσκοιντο
426 915 596 979 ἄλλως
617 916 775 983 ἄξιοι,
797 920 923 982 τοὺς
940 921 1211 982 τοιούτους
1225 923 1305 983 εἰς
1325 919 1521 992 κλῆρον
1543 937 1701 992 προσ-

168 1010 285 1063 ίεται
311 1012 338 1067 ὁ
364 1010 563 1064 κανών.
607 1012 763 1079 Quod
826 1016 961 1069 nihil
1027 1017 1175 1071 aliud
1216 1027 1523 1087 est,quam
1553 1019 1697 1088 quod

164 1116 317 1157 canon
366 1103 701 1172 apostolicus
726 1104 791 1158 21
828 1107 1070 1177 praecipit
1101 1127 1113 1161 :
1148 1107 1469 1175 Eunuchus,
1518 1112 1566 1165 si
1606 1127 1699 1180 per

163 1192 358 1246 insidias
397 1194 666 1251 hominum
700 1200 875 1269 factus
922 1214 1032 1267 est,
1070 1206 1149 1259 vel
1175 1206 1220 1259 si
1253 1208 1305 1260 in
1349 1210 1707 1277 persecutione

161 1278 259 1348 ejus
285 1280 455 1335 virilia
483 1298 761 1355 amputata
802 1300 959 1356 sunt,
992 1292 1070 1347 vel
1117 1298 1163 1348 si
1202 1296 1280 1349 ita
1328 1308 1481 1352 natus
1514 1309 1613 1365 est,
1656 1314 1703 1355 et

160 1378 227 1424 est
248 1372 453 1443 dignus,
483 1378 741 1447 eﬁiciatur
784 1383 1080 1453 cpiscopus.
1116 1385 1339 1442 Fatetur
1374 1387 1607 1447 Dallazus
1645 1394 1707 1447 li-

161 1464 229 1517 bri
250 1480 399 1534 supra
422 1467 688 1522 nominati
718 1484 840 1540 cap.
870 1471 918 1535 4,
951 1490 971 1523 ι
996 1472 1165 1528 fuisse
1184 1473 1299 1538 jam
1325 1484 1449 1529 ante
1464 1473 1694 1533 Nicaeum

160 1556 324 1625 synodi
359 1565 598 1626 tempora
647 1560 885 1630 aliquam
920 1563 974 1615 in
1023 1561 1265 1619 Ecclesia
1310 1566 1587 1637 regulam,
1624 1583 1691 1623 ex

158 1664 245 1717 qua
272 1649 377 1706 haec
422 1652 494 1706 ita
547 1653 1086 1724 administrarentur,
1130 1672 1250 1712 eam
1311 1640 1553 1730 regulam
1620 1661 1689 1717 ab

158 1740 268 1808 ipsis
326 1743 583 1811 apostolis
656 1745 730 1799 ita
790 1746 993 1803 diserte
1063 1750 1417 1805 constitutam
1452 1791 1467 1815 ,
1524 1753 1607 1807 vel
1653 1768 1685 1807 a

156 1831 397 1888 Clemente
462 1835 664 1891 litteris
734 1838 1086 1906 mandatam,
1139 1842 1289 1897 etin
1345 1842 1507 1898 istam
1571 1846 1685 1917 syl-

156 1923 315 1992 logen,
353 1941 513 1996 quam
565 1927 867 1986 Turriauus
894 1932 1164 2000 defendit,
1204 1935 1430 1991 relatam
1463 1948 1639 2009 negat.
1661 1958 1682 1993 ι

157 2014 277 2088 Nego
312 2030 360 2074 et
396 2036 496 2093 ego
542 2024 612 2079 ab
657 2026 917 2095 apostolis
952 2028 1324 2095 constitutam,
1355 2045 1384 2083 a
1413 2029 1688 2087 Clemente

158 2110 421 2181 scriptam;
467 2117 716 2186 accipio,
771 2119 918 2189 quod
970 2120 1218 2190 largitur,
1247 2129 1373 2175 ante
1412 2119 1683 2177 Nicmnam

155 2205 383 2274 synodum
409 2210 708 2273 exstitisse,
734 2227 1030 2282 asseroque
1070 2228 1189 2267 eam
1229 2213 1281 2267 in
1334 2212 1479 2267 illam
1521 2215 1686 2286 syllo-

156 2312 235 2366 gen
256 2313 539 2366 canonum,
572 2303 666 2373 qui
695 2302 1020 2359 dicebantur
1050 2307 1421 2374 apostolorum
1453 2306 1680 2363 relatam

1808 553 1861 606 in
1890 553 2075 608 codice
2100 552 2300 608 Gelasii
2332 530 2433 608 fuit
2466 553 2552 607 15.
2581 554 2717 608 Cum
2752 554 2917 625 igitur
2942 555 3173 612 Dallaeus
3200 558 3367 627 quin-

1804 644 2064 714 quaginta
2099 652 2311 699 tantum
2342 660 2580 700 canones
2613 647 2713 700 sub
2740 647 3110 717 apostolorum
3145 651 3367 706 nomine

1804 754 1920 793 εενο
1963 736 2253 792 Gclasiano
2293 738 2568 793 exstitisse
2612 740 2774 805 velit,
2819 755 2941 795 cum
2984 757 3050 795 ex
3086 743 3192 797 illis
3225 751 3365 797 tota

1809 828 2081 897 Patribus,
2102 846 2131 884 a
2149 829 2415 895 conciliis,
2447 846 2476 885 a
2503 827 2765 885 Romanis
2789 832 3136 902 pontificibus
3165 833 3366 888 fuerint

1800 924 2001 979 diserte
2026 922 2253 990 laudati,
2284 922 2451 992 aliqui
2478 923 2640 977 etiam
2678 924 2745 978 ab
2786 925 2902 994 ipso
2938 924 3154 981 Gelasio
3192 926 3365 994 agniti

1800 1024 1964 1086 atque
2004 1015 2239 1086 probati,
2277 1030 2403 1070 cum
2439 1015 2631 1084 reliqui
2666 1016 2908 1085 ejusdem
2952 1019 3111 1088 plane
3147 1019 3362 1090 generis

1799 1108 1909 1163 sint
1937 1116 1992 1163 et
2021 1108 2073 1161 in
2103 1108 2291 1162 eodem
2325 1123 2448 1161 cum
2492 1107 2576 1161 bis
2614 1109 2749 1163 adeo
2784 1110 3013 1179 receptis
3039 1120 3200 1181 atque
3230 1128 3359 1181 pro-

1797 1201 1938 1256 batis
1967 1199 2153 1255 codice
2176 1200 2565 1269 reprtcsentati,
2591 1217 2690 1255 cur
2712 1200 2928 1255 Librum
2950 1204 3038 1271 qui
3061 1204 3360 1272 appellatur

1801 1293 2050 1348 Canoncs
2083 1294 2453 1363 apostolorum
2483 1294 2835 1363 apocryphum
2863 1293 2934 1346 ita
2960 1295 3270 1365 appellaret,
3299 1306 3359 1351 ut

1794 1385 1937 1440 inter
1966 1386 2055 1439 illa
2082 1403 2198 1457 qua:
2229 1385 2292 1439 ab
2332 1385 2591 1440 hmreticis
2625 1387 2730 1438 sire
2757 1386 3105 1439 schismaticis
3134 1389 3361 1441 conscri-

1790 1491 1883 1548 pta
1926 1488 2068 1544 sunt,
2101 1487 2433 1542 numeraret,
2464 1487 2524 1531 ut
2574 1476 2875 1530 nullatenus
2916 1496 2947 1531 a
2999 1479 3260 1533 catholica
3307 1488 3359 1534 et

1790 1569 2081 1638 apostolica
2111 1568 2345 1622 Romana
2372 1566 2610 1621 Ecclesia
2640 1578 2899 1637 receptum
2936 1567 3219 1633 indicaret,
3243 1576 3296 1622 et
3324 1584 3356 1623 a

1787 1661 2060 1715 catholicis
2091 1660 2368 1714 vitandum
2396 1661 2791 1731 pronuntiaret,
2823 1659 2959 1713 ratio
2982 1660 3129 1714 nulla
3151 1661 3235 1715 vel
3257 1675 3357 1716 ex-

1788 1755 2012 1825 cogitari
2039 1764 2234 1825 potest.

1860 1848 2013 1917 llaec,
2040 1848 2257 1919 opinor,
2292 1848 2429 1903 adeo
2462 1863 2492 1902 a
2528 1858 2709 1902 mente
2736 1847 3249 1904 Gelasiiabhorrere
3269 1850 3353 1904 vi-

1787 1940 2075 2005 debantur,
2105 1948 2165 1993 ut
2192 1939 2308 1994 haec
2340 1938 2456 2007 ipsa
2492 1938 2655 1992 verba
2700 1953 2730 1992 e
2758 1939 2975 1993 decreto
2999 1940 3268 1995 eradenda
3291 1955 3357 1994 ac

1786 2031 2005 2101 penitus
2038 2029 2271 2084 tollenda
2292 2028 2661 2100 iudicaverint
2690 2028 2959 2082 nonnulli.
2990 2027 3123 2083 Nam
3158 2029 3211 2083 in
3244 2045 3350 2084 ms.

1787 2130 1976 2177 ηοδῐτο
2004 2128 2131 2174 ante
2164 2128 2453 2174 sexcentos
2482 2116 2594 2173 fere
2620 2133 2795 2172 annos
2817 2128 3041 2173 exarato
3064 2133 3171 2172 non
3203 2133 3353 2172 com-

1784 2223 2006 2284 parent:
2036 2221 2090 2268 et
2111 2212 2440 2267 Hincmarus
2462 2212 2710 2267 ducentis
2740 2211 2918 2266 adhuc
2949 2210 3132 2266 senior
3163 2212 3217 2266 in
3249 2226 3351 2266 suo

1784 2306 1969 2362 codice
1996 2305 2115 2361 sine
2146 2304 2312 2358 dubio
2334 2320 2444 2359 non
2474 2304 2699 2358 invenit.
2732 2304 2805 2358 Ita
2830 2303 2975 2357 enim
3008 2304 3123 2373 ipse
3142 2302 3346 2372 Opusc.

154 2388 311 2446 fuisse.
335 2392 590 2450 Eamdem
622 2394 738 2450 fere
763 2397 1028 2451 rationem
1053 2413 1173 2454 esse
1197 2408 1536 2465 cancrorum,
1560 2418 1673 2473 qua:

1782 2411 1834 2453 c.
1855 2395 1927 2451 24
1949 2416 1961 2450 :
1990 2394 2093 2450 Sed
2116 2407 2164 2450 et
2196 2397 2376 2450 beatus
2401 2394 2640 2449 Gelasius
2657 2397 2712 2449 in
2733 2394 2994 2465 catalogo,
3021 2396 3111 2465 qui
3133 2395 3256 2448 libri
3281 2396 3347 2449 ab

154 2498 202 2537 ex
233 2482 426 2540 Nicena
450 2488 664 2558 synodo
693 2489 901 2561 colligit
926 2489 1254 2555 Tun-ianus,
1288 2491 1487 2547 fatetur
1511 2494 1678 2550 etiam
1783 2487 2022 2542 Ecclesia
2056 2488 2378 2557 recipiantur
2398 2528 2414 2553 ,
2456 2489 2519 2541 de
2563 2488 2643 2541 his
2679 2487 3037 2558 apostolorum
3062 2488 3347 2542 canonibus

156 2573 367 2632 Dallreus.
405 2579 496 2635 Sic
524 2580 695 2651 igitur
721 2598 845 2636 cum
878 2583 1065 2638 citavit
1092 2585 1222 2639 illud
1252 2587 1396 2656 quod
1427 2587 1482 2643 in
1513 2604 1680 2642 cano.
1779 2581 1986 2650 penitus
2031 2580 2218 2645 ιασιιίι,
2267 2579 2356 2634 sed
2401 2595 2495 2633 nec
2545 2580 2685 2633 inter
2731 2579 3030 2648 apocrypha
3060 2594 3148 2632 σοι
3176 2579 3343 2634 M5853-

154 2668 283 2725 nibus
308 2671 389 2739 l5,
421 2672 510 2738 16,
542 2674 575 2729 9
604 2684 659 2729 et
692 2676 757 2729 10
782 2676 999 2731 concilii
1035 2676 1237 2733 Nicaeni
1265 2680 1598 2747 continetur,
1625 2691 1680 2737 et
1779 2670 1870 2725 Illa
1904 2671 2069 2741 igitur
2097 2670 2296 2725 verba:
2325 2669 2480 2723 Liber
2498 2670 2589 2740 qui
2619 2669 2919 2739 appellatur
2941 2666 3194 2721 Canones
3220 2679 3351 2738 apo.

154 2761 207 2814 ab
225 2762 391 2817 iisdem
416 2766 482 2819 ad
505 2775 721 2823 veteres
751 2784 846 2824 seu
879 2772 1282 2827 ecclesiasticos
1308 2787 1545 2829 canones
1570 2773 1675 2828 ibi-
1776 2765 2037 2819 stoloruni
2065 2763 2412 2832 αροενξΙΡῘηιει
2445 2761 2501 2815 in
2528 2760 2748 2816 (1801⁸8ῑο
2776 2758 2977 2815 celas“
3015 2756 3345 2812 Πίηοτηπυε

152 2855 249 2911 dem
282 2858 523 2928 refertur,
554 2863 749 2917 eodem
787 2880 950 2934 opere
981 2866 1233 2922 laudasse
1266 2867 1466 2921 librum
1510 2880 1677 2922 cano.
1778 2868 1887 2909 non
1912 2853 2141 2925 legebat.
2170 2852 2275 2909 Sed
2307 2855 2396 2909 hic
2426 2870 2485 2909 se
2514 2854 2765 2909 criticum
2800 2852 3039 2907 ostendit
3073 2849 3343 2912 Dallaaus;

154 2963 275 3013 num,
300 2953 385 3020 qui
421 2956 710 3023 εροειοιίεί
748 2958 1091 3025 dicebantur,
1138 2960 1365 3015 omnino
1402 2959 1675 3030 putandus
1778 2946 1966 3000 ultima
1996 2946 2083 3000 illa
2108 2948 2272 3001 verba
2302 2947 2565 3003 mendosa
2594 2962 2715 3003 esse
2734 2945 3077 3016 pronuntiat,
3099 2951 3153 2998 et
3179 2942 3343 2998 resti~

152 3051 231 3105 est,
254 3045 367 3112 quia
405 3061 469 3101 eo
510 3047 657 3103 libro
681 3050 771 3105 isti
810 3061 1017 3105 veteres
1039 3066 1278 3106 canones
1318 3051 1673 3107 contineban-

1777 3047 1892 3094 tuto
1920 3039 2087 3094 verbo
2122 3040 2321 3108 omisit,
2358 3056 2457 3110 pro
2482 3054 2547 3095 eo
2570 3041 2715 3109 quod
2754 3041 2806 3093 in
2839 3037 3123 3093 codicibus
3148 3036 3338 3106 vulgu-

154 3142 233 3188 tur.
256 3135 501 3195 Praaterea
528 3142 664 3211 quid
696 3143 1017 3213 scripserint
1044 3142 1395 3199 Innocentius
1436 3154 1491 3199 et
1534 3142 1666 3210 Leo,

1777 3133 1843 3187 tis
1868 3132 2065 3203 legitur
2087 3134 2252 3199 misit,
2276 3132 2621 3203 corrigenda,
2654 3141 2714 3186 ut
2741 3132 2813 3186 ita
2844 3130 3127 3199 scripserit
3175 3127 3340 3182 Hinc-

152 3236 475 3287 antecessores
515 3234 638 3301 sui,
672 3235 884 3291 nescire
916 3235 1166 3292 Gelasius
1197 3251 1305 3291 non
1344 3237 1539 3306 potuit,
1579 3236 1671 3306 qui

152 3323 498 3392 quamplurima
528 3342 597 3380 ex
638 3327 947 3382 canonibus
992 3328 1100 3383 illis
1141 3328 1195 3381 in
1241 3342 1339 3382 sua
1375 3328 1670 3383 constituta

152 3412 511 3470 transtulerant.
570 3414 640 3470 Et
688 3416 742 3470 bi
774 3416 993 3486 quidem
1056 3425 1268 3472 veteres
1310 3433 1568 3483 canones,
1618 3426 1671 3473 et

152 3502 457 3560 ecclesiastici
505 3507 562 3560 in
620 3508 867 3563 conciliis
914 3508 1067 3575 dicti,
1120 3509 1189 3563 ab
1238 3508 1360 3564 aliis
1399 3509 1493 3563 diu
1545 3518 1671 3564 ante

152 3588 376 3649 Gelasium
403 3597 606 3653 diserte
640 3601 923 3669 apostolici
960 3601 1299 3656 dicebantur.
1338 3599 1408 3656 Ut
1446 3602 1499 3656 in
1538 3615 1670 3656 con-

153 3683 249 3737 eilio
272 3684 527 3755 Ephesino
550 3689 674 3745 Act.
704 3689 1079 3745 Antiochenus
1108 3692 1399 3762 episcopus
1425 3701 1664 3758 notatur,

152 3777 261 3841 quod
290 3781 429 3851 παρά
472 3783 961 3854 ἐκκλησιαστικοὺς
1002 3785 1238 3856 Θεσμοὺς
1273 3786 1366 3839 καὶ
1406 3787 1533 3850 τοὺς
1570 3804 1668 3841 κα-

152 3866 271 3930 νόνας
298 3871 396 3923 τῶν
423 3873 595 3942 ἁγίων
621 3874 952 3940 ἀποστόλων,
985 3886 1168 3930 contra
1190 3876 1324 3948 leges
1346 3877 1667 3933 ecclesiasti-

154 3972 237 4020 tas,
256 3970 297 4012 et
322 3979 532 4017 canones
557 3973 864 4018 sanctorum
890 3967 1271 4035 apostolorum,
1293 3969 1666 4025 ordinationes

156 4052 392 4115 provinciae
414 4055 579 4127 Cypri
618 4058 687 4113 ad
717 4073 777 4113 se
804 4061 1021 4114 trahere
1050 4070 1338 4116 conaretur
1362 4078 1375 4113 :
1409 4062 1501 4131 qui
1535 4062 1663 4132 qui-

153 4138 244 4195 dem
262 4157 398 4201 erant
424 4149 491 4202 54
512 4156 571 4204 et
604 4149 673 4204 ‘55
694 4165 935 4206 canones
979 4150 1098 4221 ejus
1126 4152 1252 4207 libri
1278 4169 1438 4222 quem
1471 4153 1664 4209 habuit

153 4227 367 4292 Gelasius.
413 4238 548 4294 Cum
608 4239 875 4298 Eusebius
936 4242 1293 4300 Caesariensis
1354 4254 1664 4301 recusasset

153 4323 465 4395 episcopatum
508 4331 849 4400 Antiochiae,
884 4333 940 4387 in
988 4334 1135 4389 hunc
1179 4335 1399 4390 modum
1446 4352 1476 4391 a
1515 4338 1660 4392 Con-

154 4418 344 4471 stantino
384 4421 709 4492 imperatore
751 4425 1003 4482 laudatus
1044 4436 1127 4483 est
1166 4446 1180 4482 :
1225 4428 1288 4481 'H
1329 4429 1396 4501 σὴ
1444 4429 1658 4494 σύνεσις

1772 3241 1982 3292 marus,
2015 3223 2119 3279 Sed
2156 3241 2248 3279 nec
2286 3226 2424 3281 inter
2448 3224 2749 3296 apocrypha
2776 3240 2862 3279 eos
2911 3223 3109 3278 omisit.
3163 3220 3336 3287 Quam

1773 3318 2143 3387 importunam
2176 3317 2570 3372 correctionem
2599 3332 2812 3391 cannae
2846 3325 3151 3384 sequuntur
3177 3315 3339 3384 plane

1772 3408 2050 3479 rejiciunt.
2085 3408 2418 3478 Quapropter
2458 3410 2514 3461 in
2563 3408 2782 3461 lectione
2821 3408 3039 3461 illorum
3076 3407 3338 3477 sequenda

1769 3511 1847 3555 est
1870 3501 2078 3554 cautela
2102 3500 2165 3555 ab
2184 3503 2364 3555 eodem
2397 3499 2456 3556 S.
2483 3500 2693 3556 Gelasio
2740 3501 3093 3570 praemonita:
3154 3518 3172 3550 ι
3202 3498 3337 3554 Cum

1769 3589 1901 3657 hac,
1934 3590 2126 3660 inquit,
2156 3590 2638 3646 adCat/rolicorum
2662 3607 2877 3643 manum
2900 3590 3225 3654 advenerim,
3264 3588 3339 3643 Β.

1771 3679 1931 3734 Pauli
1955 3681 2180 3751 apostoli
2200 3682 2465 3751 prwcedat
2494 3684 2754 3736 sententia
2781 3698 2900 3753 qua:
2942 3682 3102 3737 dicit:
3142 3680 3337 3737 Omnia

1767 3774 2002 3843 probate,
2023 3774 2161 3843 quod
2196 3774 2387 3828 bonum
2407 3783 2483 3830 est
2508 3784 2673 3829 tenete
2700 3776 2737 3828 ⁸.
2766 3794 2785 3827 ι
2812 3773 2926 3830 Hoc
2947 3783 3049 3840 est,
3074 3772 3333 3843 quoniam

1767 3865 2018 3921 Gelasius
2038 3866 2182 3921 hunc
2207 3865 2407 3920 librum
2435 3880 2709 3922 canonum
2735 3881 2836 3922 nec
2863 3867 3007 3921 inter
3028 3880 3123 3922 eos
3145 3866 3239 3935 qui
3265 3866 3335 3919 ab

1767 3957 2009 4014 Ecclesia
2030 3959 2453 4029 recipiebantur,
2479 3972 2580 4014 nec
2609 3958 2748 4014 inter
2764 3953 3105 4029 apoéryphos
3136 3972 3333 4012 nume-

1766 4049 1929 4114 ravit,
1949 4058 2003 4103 et
2027 4058 2207 4103 tamen
2229 4049 2393 4119 vulgo
2414 4049 2715 4118 legeretur;
2746 4048 2797 4102 id
2823 4048 3039 4102 tandem
3061 4047 3331 4117 sequitur,

1766 4141 1909 4196 inter
1930 4157 2024 4197 eos
2040 4157 2163 4198 esse
2193 4143 2613 4207 numerandum,
2664 4158 2804 4212 quos
2834 4142 2923 4195 ille
2949 4156 3050 4196 nec
3105 4140 3331 4209 recepit,
3416 4170 3427 4181 -

1763 4249 1865 4289 nec
1896 4234 2114 4304 penitus
2165 4234 2391 4303 rejecit,
2426 4234 2618 4304 quales
2659 4243 2816 4289 erant
2849 4233 3011 4287 Actus
3066 4231 3328 4296 Silvestri,

1762 4326 2038 4395 scriptura
2070 4325 2149 4381 De
2184 4327 2485 4381 inventione
2519 4326 2814 4380 ﬂaminica:
2841 4327 3034 4390 crucis,
3059 4333 3111 4380 et
3140 4324 3219 4378 De
3246 4326 3331 4377 in-

1760 4418 2001 4470 ventione
2031 4418 2217 4486 capitis
2247 4416 2314 4471 Β.
2341 4415 2569 4471 Joannis
2606 4416 2886 4485 Baptista,
2916 4416 2983 4471 de
3012 4415 3213 4485 quibus
3243 4430 3331 4469 re-

152 4501 278 4568 ἧγουν
295 4509 380 4572 τάς
405 4528 461 4564 τε
501 4514 718 4577 ἐντολὰς
748 4515 839 4567 τοῦ
873 4516 1030 4581 Θεοῦ,
1058 4519 1149 4571 καὶ
1182 4519 1273 4572 τὸν
1304 4520 1657 4574 ἁποστολικὸν

1777 4508 1941 4578 gulam
1978 4509 2047 4563 ab
2073 4507 2366 4563 Hincmaro
2402 4509 2750 4563 observatam
2784 4508 2968 4562 tradit.
3005 4506 3084 4562 Ne
3112 4505 3329 4561 Gratia-

153 4596 304 4652 κανόνα
330 4604 414 4656 καὶ
446 4606 544 4676 τῆς
586 4608 908 4679 Ἑκκλησίας
950 4611 1234 4679 φυλάττειν
1263 4611 1467 4680 ἔγνωκε
1487 4630 1500 4643 ⁸
1542 4613 1655 4668 Tua

152 4692 376 4751 prudentia
402 4705 449 4748 et
478 4700 731 4754 mandata
761 4701 881 4765 Dei,
913 4714 962 4756 et
998 4705 1344 4771 apostolicum
1380 4720 1651 4773 canonent,

154 4788 270 4866 atque
294 4787 689 4844 ecclesiasticum
708 4793 969 4848 custodire
992 4797 1217 4851 statuit:
1250 4805 1308 4849 ut
1346 4796 1461 4866 ipse
1490 4796 1654 4853 refert

153 4864 201 4919 de
241 4871 336 4928 Vita
374 4876 707 4940 Constantini
736 4882 833 4937 lib.
869 4900 950 4950 ιιι,
982 4901 1030 4941 c.
1074 4886 1163 4940 61.
1199 4886 1293 4941 Est
1335 4864 1516 4942 autem
1563 4888 1653 4945 hic

155 4970 289 5016 canon
308 4966 434 5022 inter
460 4986 577 5039 eos,
604 4976 698 5043 qui
723 4978 1005 5044 apostolici
1033 4979 1371 5047 dicebantur,
1404 4983 1650 5040 decimus

153 5060 348 5113 quartus.
408 5061 711 5119 Alexander
764 5066 1053 5137 episcopus
1117 5070 1461 5126 Alexandriae
1523 5083 1650 5129 ante

153 5145 381 5203 concilium
423 5152 731 5225 Niemnum,
775 5174 899 5213 cum
950 5160 1139 5216 Arium
1196 5161 1425 5233 ejusque
1465 5165 1648 5221 socios

151 5243 645 5315 excommunicasset,
682 5250 909 5319 epistola
959 5253 1025 5307 ad
1075 5254 1441 5312 Alexandrum
1502 5257 1649 5314 Con-

154 5329 628 5420 stantinopolitanum
656 5342 970 5413 episcopum
995 5345 1119 5400 data
1143 5347 1380 5416 graviter
1405 5364 1646 5421 conque-

153 5422 270 5511 ritur,
304 5426 436 5492 quod
480 5430 549 5485 ab
589 5432 863 5503 aliquibus
897 5435 951 5489 in
993 5436 1290 5493 Ecclesiam
1336 5440 1645 5511 reciperen-

156 5509 232 5569 tur,
354 5520 477 5589 μήτε
516 5522 605 5575 τὸν
656 5525 1012 5581 ἀποστολικδν
1053 5530 1253 5583 κανόνα
1306 5509 1466 5585 τοῦτο
1512 5550 1643 5603 συγ-

153 5601 316 5666 impetu
338 5611 462 5676 quod
485 5618 798 5684 apostolicus
833 5637 1001 5677 canon
1038 5624 1094 5678 id
1130 5640 1233 5680 non
1256 5627 1548 5697 permittat,
1581 5601 1641 5686 ut

203 5747 216 5776 ¹
244 5747 261 5819 l
286 5752 454 5820 Thess.
493 5781 545 5837 v,
573 5767 658 5835 2t,

1759 4617 1864 4656 nus
1885 4601 2103 4671 quidem
2133 4603 2246 4658 haec
2274 4602 2330 4656 in
2359 4602 2559 4658 Gelasii
2595 4603 2816 4658 decreto
2844 4601 3039 4671 legisse
3086 4598 3323 4665 videtur;

1755 4710 1881 4748 nam
1915 4694 2058 4747 inter
2088 4710 2183 4749 eos
2206 4694 2299 4763 qui
2328 4682 2597 4749 Canones'
2616 4693 2991 4763 apostolorum
3026 4693 3166 4747 inter
3193 4706 3327 4760 apo-

1754 4785 1954 4855 crypha
1980 4786 2363 4850 numerabant,
2393 4785 2592 4840 Gelasii
2624 4800 2731 4839 non
2756 4784 3036 4849 meminit,
3071 4783 3199 4839 dist.
3232 4780 3320 4836 16.

1759 4876 1911 4942 Quod
1939 4886 2121 4931 autem
2154 4877 2282 4931 dist.
2328 4876 2396 4931 15
2438 4893 2587 4932 nunc
2614 4892 2678 4930 ea
2708 4876 2998 4941 habentur,
3028 4876 3183 4931 nihili
3206 4889 3316 4949 est;

1752 4982 1879 5022 nam
1901 4954 2145 5021 Gratiani
2177 4966 2354 5022 codici
2388 4967 2570 5021 omnia
2594 4968 2661 5021 de
2688 4967 2845 5023 libris
2873 4967 3201 5038 apocryphis
3224 4983 3321 5035 po-

1752 5065 1866 5114 stea
1906 5068 2036 5115 sunt
2063 5058 2292 5125 inserta,
2326 5074 2428 5114 nec
2470 5059 2540 5113 ad
2577 5074 2701 5113 eum
2719 5075 2829 5129 quo
2856 5060 3111 5131 leguntur
3138 5060 3315 5113 locum

1749 5149 2042 5218 pertinent,
2065 5164 2175 5219 quo
2201 5149 2313 5220 agit
2336 5150 2403 5204 de
2429 5150 2700 5215 conciliis,
2728 5160 2789 5205 ut
2815 5150 2990 5219 ipsius
3014 5149 3201 5203 titulus
3228 5149 3316 5204 in-

1748 5240 1931 5307 dicat;
1956 5249 2008 5296 et
2031 5240 2225 5296 Glossa
2256 5256 2529 5297 summam
2579 5242 2773 5312 capitis
2798 5241 3166 5311 complectens
3198 5240 3315 5296 haec

1749 5340 1962 5386 tantum
1996 5332 2186 5387 habet:
2213 5331 2359 5387 Dicit
2376 5334 2518 5387 enim
2547 5331 2813 5397 Gelasius,
2842 5331 2982 5401 quod
3003 5332 3313 5400 supradicta

1746 5434 1977 5494 quatuor
2005 5424 2235 5478 concilia
2261 5424 2372 5479 uult
2402 5424 2657 5488 venerari,
2686 5434 2734 5478 et
2758 5424 2805 5477 si
2826 5438 2928 5492 qua
2954 5421 3067 5476 alia
3096 5422 3310 5491 fuerunt

1746 5534 1779 5569 a
1813 5515 1914 5573 SS.
1945 5515 2200 5570 Patribus
2236 5518 2504 5583 instituta,
2540 5525 2592 5569 et
2633 5515 2859 5567 ostendit
2889 5530 3007 5585 quae
3056 5516 3310 5585 opuscula

1748 5606 1851 5677 SS.
1885 5608 2113 5663 Patrum
2142 5609 2198 5671 in
2226 5606 2466 5673 Ecclesia
2495 5606 2837 5689 recipiantur.
2876 5604 3116 5677 Ulterius
3145 5608 3309 5680 igitur
