3786 6290
459 328 557 383 τίς
1509 327 1568 383 S.
1597 326 1945 386 lGNATIUS.
1984 359 2053 369 —
2090 322 2624 383 PROLEGOMENA.
3630 318 3721 375 ης

453 466 562 504 non
601 451 874 522 processit
905 448 1224 505 Gratianus.
1275 447 1332 503 In
1367 450 1618 520 plurimis
1676 452 1839 505 etiam
1894 466 2029 505 mss.
2064 454 2107 510 Α
2134 463 2257 502 rum
2291 447 2427 503 tales
2450 447 2776 516 scripturas,
2806 444 2921 500 sive
2958 445 3149 513 libros,
3176 445 3377 504 Gelasii
3405 463 3526 502 sevo
3563 447 3719 497 essti-

449 543 743 601 codicibus
769 543 971 599 decreti
999 542 1275 598 Gratianei
1310 543 1518 613 reliqua
1550 559 1659 598 non
1691 553 2028 614 comparent.
2140 541 2271 596 tisse
2307 557 2413 595 non
2451 550 2694 612 apparet.
2721 538 2816 595 Est
2844 540 3062 611 quidem
3092 540 3328 605 libellus,
3360 544 3508 600 inter
3552 532 3712 605 Opem

448 634 767 701 Quinetiam
801 636 856 693 in
890 635 1103 690 duobus
1124 634 1397 690 veteribus
1422 651 1554 691 mss.
1592 635 2036 691 Panormiwlvo-
2139 632 2196 688 S.
2221 633 2496 704 Cypriano
2529 631 2670 687 falso
2714 633 2972 702 ascripta,
3024 632 3103 687 De
3148 634 3468 690 reuelatione
3515 635 3712 706 capitis

448 728 537 782 nis
590 730 656 784 ad
689 729 960 799 publicam
1013 728 1310 783 academize
1368 737 1576 783 nostra:
1636 728 2032 783 Bibliotliecam

456 822 899 891 pertinentibus,
955 821 1143 875 eadem
1198 819 1366 875 verba
1416 818 1816 875 desiderantur.
1847 820 2034 889 Neque

457 911 683 979 mirum,
713 928 837 965 eum
873 912 963 965 illa
999 927 1127 979 pars
1158 920 1435 982 postrema
1472 911 1677 967 decreti
1732 911 2028 977 Gelasiani,

455 1012 573 1057 tum
600 1004 653 1056 in
682 1000 975 1059 Panormia
1007 1014 1118 1059 tum
1166 1005 1219 1059 in
1274 1005 1494 1061 decreto
1548 1003 1871 1071 Burchardi,
1926 1005 2029 1059 hoc

455 1093 618 1148 titulo
647 1094 912 1162 gaudeat:
961 1092 1040 1146 De
1065 1094 1255 1147 notitia
1280 1094 1535 1147 librorum
1582 1092 2025 1162 apocrypliorum,

452 1186 545 1255 qui
576 1202 607 1238 a
631 1184 732 1241 SS.
754 1185 1004 1239 Patribus
1033 1197 1234 1240 (eterna
1256 1186 1597 1239 damnatione
1620 1185 1863 1239 damnati
1880 1194 2024 1239 sunt.

453 1277 589 1343 Quis
622 1278 768 1332 enim
806 1276 948 1332 ferre
979 1288 1095 1333 tum
1128 1280 1392 1348 temporis
1421 1278 1851 1348 potuitcanones
1891 1293 2025 1347 apo-

452 1371 720 1427 8tolorum
749 1372 802 1425 in
827 1372 1046 1427 decreto
1067 1371 1168 1426 sub
1190 1372 1282 1425 tali
1310 1372 1469 1426 titulo
1496 1370 1944 1441 comprehensos,
1978 1369 2024 1424 si

452 1467 618 1520 simul
648 1467 933 1537 cogitaret,
969 1467 1161 1522 iisdem
1181 1465 1486 1520 canonibus
1516 1464 1817 1519 Romanam
1838 1462 2025 1518 Eccle-

451 1558 590 1612 siam
620 1559 975 1627 gubernatam
1006 1558 1167 1613 esse9
1188 1557 1326 1611 Cum
1362 1556 1529 1626 igitur
1551 1556 1861 1625 aliquorum
1898 1564 2023 1609 ante

452 1648 729 1703 Gelasium
750 1651 1092 1718 pontilicum,
1109 1658 1164 1704 et
1190 1650 1362 1718 ipsius
1408 1638 1571 1703 etiam
1588 1648 1787 1703 Gelasii
1803 1648 2019 1703 decreta

450 1755 518 1795 ex
535 1742 843 1796 canouibus
866 1741 1182 1811 apostolicis
1211 1740 1495 1809 desumpta
1533 1740 1643 1795 sint
1667 1780 1683 1805 ,
1712 1755 1835 1794 cum
1856 1740 2020 1809 paulo

448 1841 571 1902 post
595 1832 796 1888 Gelasii
848 1809 1101 1899 mortem,
1156 1846 1397 1888 canones
1432 1832 1509 1885 illi
1544 1846 1573 1884 a
1617 1838 1729 1885 tota
1774 1829 2020 1886 Romana
2053 1809 2094 1862 Β

448 1922 697 1979 Ecclesia
744 1926 946 1994 recepti
967 1925 1105 1991 sint;
1138 1925 1420 1980 decretum
1443 1922 1596 1987 illud,
1626 1938 1735 1992 quo
1771 1922 1825 1976 hi
1851 1937 2020 1977 cano-

445 2030 547 2069 nes
572 2023 774 2069 arterna
808 2014 1162 2070 damnatione
1193 2013 1437 2069 damnati
1462 2023 1610 2081 sunt,
1629 2013 1846 2068 Gelasio
1871 2028 2023 2083 papa:

444 2108 610 2164 tribui
652 2125 759 2164 non
791 2116 991 2179 potest.

516 2224 787 2280 Praeterea
827 2226 943 2280 haec
998 2224 1167 2280 verba
1224 2233 1506 2281 auctorem
1561 2224 1766 2279 decreti
1803 2222 2021 2279 Gelasio

439 2317 715 2387 iuniorem
754 2317 978 2371 omnino
1001 2317 1411 2372 demonstrant:
1442 2313 1545 2370 Sed
1575 2325 1624 2369 et
1656 2314 1705 2368 si
1746 2332 1851 2386 qua
1897 2326 2019 2369 sunt

441 2410 671 2465 concilia
696 2427 728 2464 a
753 2409 855 2465 SS.
882 2409 1134 2463 Patribus
1170 2410 1424 2463 hactenus
1456 2409 1723 2474 instituta,
1754 2416 1870 2477 post
1900 2407 2021 2461 illo-

440 2520 560 2558 rum
581 2512 811 2576 quatuor
826 2504 1200 2557 auctoritatem
1216 2511 1265 2555 et
1282 2501 1627 2555 custodienda
1648 2511 1696 2556 et
1720 2503 2018 2571 recipienda

440 2597 788 2652 decrevimus.
817 2594 894 2650 De
923 2604 1164 2665 quatuor
1202 2594 1549 2666 generalibus
1597 2594 1846 2649 conciliis
1895 2604 2021 2649 ante

440 2689 684 2756 locutus,
711 2689 779 2745 de
814 2689 1043 2760 reliquis
1071 2698 1197 2759 post
1226 2704 1291 2743 ea
1334 2688 1625 2744 celebratis
1651 2689 1797 2757 agit,
1836 2688 2021 2742 mino-

438 2792 669 2854 remque
695 2783 765 2838 iis
799 2783 1188 2838 auctoritatem
1220 2781 1455 2847 tribuit;
1489 2779 1635 2851 quod
1682 2782 1908 2835 omnino
1935 2780 2020 2835 iu-

438 2876 611 2945 telligi
633 2876 795 2931 debet
831 2878 898 2931 de
920 2876 1171 2932 conciliis
1190 2890 1314 2945 quae
1342 2874 1670 2929 videbantur
1702 2889 1827 2930 esse
1855 2890 2019 2944 gene-

439 2968 615 3022 ralia:
646 2969 805 3022 aliter
830 2968 962 3022 nihil
988 2969 1215 3023 diceret.
1256 2967 1326 3021 At
1350 2976 1511 3022 aetate
1548 2966 1752 3022 Gelasii
1806 2968 2015 3022 nullout

438 3068 562 3131 post
594 3059 1037 3116 Chalcedonense
1063 3061 1356 3116 concilium
1379 3060 1712 3115 celebratum
1737 3068 1841 3125 est,
1870 3058 2016 3129 quod

2133 726 2360 781 Ioannis
2393 726 2672 797 Baptistae,
2695 734 2749 780 ct
2779 726 2825 780 si
2862 725 3097 781 Baronio
3145 727 3484 783 credendum
3516 732 3609 795 sit,
3662 726 3708 779 in

2132 816 2591 873 Adnotationibus
2616 818 2681 873 ad
2717 816 3186 891 Martyrologium,
3226 829 3427 890 quarto
3461 821 3589 876 Kal.
3619 822 3708 877 Se-

2132 912 2395 982 ptembris
2416 955 2431 977 ,
2465 912 2617 981 cujus
2642 912 2768 981 ﬁdei
2792 913 2861 966 sit
2902 923 3163 966 tractatus
3189 913 3301 980 ille,
3323 914 3575 968 declarat
3598 933 3708 969 ceu-

2130 1021 2258 1058 sura
2287 1003 2506 1071 Gelasii,
2548 1006 2639 1076 qui
2671 1007 2747 1059 sic
2779 1022 2841 1059 ea
2878 1023 2996 1077 qua
3024 1008 3099 1061 ibi
3125 1019 3247 1061 sunt
3296 1008 3520 1078 reliquit
3556 1010 3707 1063 lecto-

2130 1099 2206 1151 ri's
2232 1098 2555 1161 arbitrio,ut
2591 1114 2709 1169 qum
2750 1115 2871 1153 vera
2903 1100 2982 1153 vel
3014 1098 3163 1168 falsa
3180 1102 3308 1165 sint,
3341 1110 3469 1155 ante
3508 1105 3707 1155 ρεσπιέ-

2130 1198 2214 1242 net
2236 1205 2391 1259 quam
2419 1189 2623 1257 probet.
2658 1187 2763 1243 Sed
2782 1187 2983 1243 Gelasii
3010 1204 3241 1243 censura
3267 1189 3431 1259 cujus
3466 1189 3597 1244 ﬁdei
3622 1192 3701 1255 sit,

2129 1290 2394 1335 tractatus
2428 1282 2517 1336 ille
2549 1281 2831 1336 declarare
2863 1298 2969 1335 non
3016 1282 3219 1351 potuit“;
3270 1282 3522 1353 scriptus
3570 1283 3703 1334 enim

2127 1383 2213 1427 est
2238 1382 2505 1428 tractatus
2530 1374 2645 1442 ipse
2672 1381 2795 1443 post
2828 1372 3203 1428 Marcellinum
3230 1375 3520 1433 comitem,
3558 1374 3703 1443 cujus

2125 1463 2439 1519 Chronicon
2489 1462 2997 1518 citat:Chronicon
3030 1474 3208 1517 autem
3272 1464 3583 1519 Marcellini
3621 1466 3713 1517 diu,

2126 1567 2248 1627 post
2285 1556 2485 1611 Gelasii
2520 1565 2752 1609 mortem
2790 1557 3052 1626 scriptum
3080 1566 3182 1611 est.
3250 1557 3451 1612 Fertur
3492 1559 3700 1627 quidem

2126 1651 2419 1721 Dionysius
2449 1648 2692 1721 Exiguus
2718 1650 2964 1703 eamdem
3002 1650 3389 1704 revelationem
3426 1666 3496 1705 ex
3525 1650 3701 1705 Graeca

2126 1742 2368 1797 Marcelli
2396 1740 2839 1796 archimandritaa
2865 1740 3129 1795 relatione
3162 1741 3213 1794 in
3266 1742 3519 1810 linguam
3560 1741 3701 1795 Lati-

2126 1849 2249 1887 nam
2273 1832 2641 1896 transtulisse,
2678 1840 2738 1886 ut
2771 1847 2892 1886 eam
2923 1829 3155 1887 Romani
3195 1834 3441 1903 legerent
3470 1854 3485 1901 ;
3543 1836 3634 1889 sed
3655 1846 3702 1888 et

2124 1922 2422 1995 Dionysius
2462 1924 2552 1978 ille
2576 1933 2701 1994 post
2731 1924 2944 1978 obitum
2979 1922 3181 1979 Gelasii
3200 1925 3458 1995 scripsit.

2195 2040 2480 2093 Decretum
2512 2038 2670 2093 docet
2694 2038 2937 2094 Marcum
2976 2040 3367 2111 evangelistam
3400 2040 3699 2109 gloriosum

2124 2146 2540 2186 consummasse
2573 2132 2896 2202 martyrium
2922 2150 2936 2198 ;
2962 2140 3019 2185 at
3056 2132 3159 2187 hoc
3196 2148 3376 2202 neque
3409 2132 3698 2192 Eusebius,

2126 2241 2302 2295 neque
2328 2223 2697 2295 Hieronymus
2744 2233 2871 2279 ante
2903 2222 3182 2278 Gelasium
3210 2222 3478 2289 tradidit,
3533 2238 3702 2292 neque

2122 2326 2247 2389 post
2270 2333 2393 2373 eum
2421 2315 2664 2372 Isidorus
2702 2314 3078 2387 Hispalensis:
3108 2326 3167 2371 ut
3190 2315 3309 2370 Vita
3342 2315 3402 2370 S.
3426 2316 3620 2381 Marci,
3652 2316 3697 2369 in

2122 2426 2232 2482 qua
2266 2410 2387 2480 eius
2417 2409 2740 2481 martyrium
2764 2408 3120 2470 describitur,
3152 2416 3276 2477 post
3327 2406 3550 2473 lsidori,
3576 2416 3696 2463 ante

2122 2499 2279 2555 Beda;
2309 2508 2365 2554 et
2396 2498 2651 2553 auctoris.
2676 2497 2880 2553 decreti
2940 2506 3187 2568 tempora
3220 2496 3423 2567 scripta
3469 2512 3593 2553 esse
3624 2498 3699 2549 vi-

2121 2589 2337 2645 deatur.

2199 2700 2457 2772 Denique,
2494 2701 2638 2772 quod
2683 2717 2927 2771 prmsens
2968 2702 3245 2775 negotium
3296 2702 3537 2757 maxime
3582 2716 3698 2769 spe-

2122 2802 2463 2861 ctat,auctor
2491 2794 2558 2849 de
2595 2792 2807 2849 Rullino
2839 2810 3007 2865 agens
3035 2796 3144 2848 ait:
3176 2791 3283 2846 Illa
3303 2794 3561 2847 sentimus
3588 2808 3697 2861 quc

2123 2889 2329 2942 beatum
2355 2886 2735 2958 Hieronymum
2764 2889 2957 2941 sentire
2989 2888 3381 2957 cognoscimus:
3405 2896 3453 2939 et
3486 2902 3587 2939 non
3616 2902 3697 2938 so-

2122 2981 2232 3034 lum
2261 2981 2326 3034 de
2351 2980 2553 3050 Ruﬁino
2573 3021 2589 3047 ,
2619 2981 2709 3034 sed
2739 2980 2897 3034 etiam
2922 2981 2985 3033 de
3016 2980 3291 3044 universis,
3322 2995 3453 3049 quos
3495 2979 3575 3031 uir
3598 2994 3696 3031 sa:-

2120 3074 2239 3142 pius
2271 3082 2593 3125 memoratus
2624 3073 2735 3125 zelo
2770 3072 2865 3126 Dei
2893 3081 2942 3125 et
2975 3072 3101 3141 ﬁdei
3130 3072 3384 3141 religione
3426 3071 3697 3136 reprehen-

439 3152 493 3205 in
532 3167 769 3207 numero
788 3153 1121 3222 generalium
1180 3153 1309 3222 poni
1341 3152 1539 3222 potuit.
1591 3150 1797 3207 Auctor
1849 3151 2011 3221 igitur

2130 3168 2218 3222 lit.
2246 3167 2378 3233 Quae
2398 3167 2561 3221 verba
2600 3182 2700 3220 nec
2731 3165 2964 3220 concilio
2984 3207 2999 3230 ,
3044 3181 3143 3220 nec
3174 3164 3415 3235 pontiﬁci
3450 3164 3697 3219 Romano

440 3243 605 3310 hujus
636 3244 838 3298 decreti
864 3244 1089 3299 omnino
1122 3253 1245 3310 post
1273 3243 1567 3299 concilium
1593 3244 1866 3312 quintum,
1899 3242 2013 3295 sive

437 3334 1110 3406 Constantinopolitannm
1144 3337 1447 3393 secundum
1508 3335 1746 3406 scripsit.
1803 3334 1876 3389 De
1921 3335 2014 3388 illo

436 3425 583 3479 enim
634 3425 727 3481 diu
774 3426 1090 3483 dubitanter
1135 3429 1300 3483 locuti
1334 3438 1462 3483 sunt
1492 3428 1697 3491 Latini,
1737 3443 1837 3481 nec
1868 3427 2013 3496 paris

436 3532 562 3572 cum
595 3528 834 3589 quatuor
863 3521 1210 3576 auctoritatis
1261 3506 1385 3576 esSe
1442 3521 1754 3575 voluerunt.
1807 3520 2013 3590 Grego.

436 3613 555 3667 rius
591 3614 637 3667 l:
670 3612 748 3667 De
775 3612 873 3667 illa
911 3623 1082 3668 tamen
1114 3615 1335 3685 synodo,
1387 3631 1505 3685 qua:
1552 3612 2011 3682 Constantinopoli

434 3706 771 3775 postmodum
802 3707 947 3776 facta
972 3716 1070 3771 est,
1101 3724 1218 3777 qum
1247 3725 1279 3760 a
1310 3708 1491 3762 multis
1544 3708 1730 3777 quinta
1778 3707 2014 3759 nomina-

438 3804 548 3858 tur,
579 3796 716 3849 scire
742 3812 831 3849 vos
863 3798 1001 3851 volo.
1044 3798 1089 3849 A
1127 3798 1315 3852 multis
1340 3797 1525 3864 igitur
1574 3811 1689 3850 (evo
1743 3796 2010 3866 Gregorii,

435 3901 544 3940 non
569 3888 639 3941 ab
660 3887 919 3942 omnibus
935 3889 1125 3958 quinta
1155 3888 1461 3953 dicebatur,
1478 3895 1679 3942 etcum
1713 3886 1853 3942 idem
1878 3889 2013 3943 Gre-

437 3978 627 4047 gorius
660 3978 726 4033 de
746 3980 941 4051 synodi
977 3979 1446 4035 Chalcedonensis
1478 3979 1801 4034 auctoritate
1840 3980 2014 4035 dixis-

437 4079 542 4135 set,
571 4068 639 4123 de
659 4070 847 4139 quinta
875 4070 987 4125 haec
1012 4071 1196 4126 statim
1217 4070 1459 4125 addidit:
1482 4068 1622 4124 Nam
1649 4072 1880 4141 synodus
1896 4087 2013 4142 qua:

436 4170 556 4229 post
592 4178 709 4215 eam
741 4162 1059 4233 generaliter
1093 4163 1239 4232 facta
1267 4174 1367 4228 est,
1399 4163 1596 4217 idcirco
1634 4181 1663 4216 α
1687 4164 1835 4217 nobis
1880 4164 2014 4217 rcci-

436 4250 605 4320 pitur,
636 4253 760 4321 quia
787 4252 1019 4321 ejusdem
1053 4256 1242 4323 synodi
1266 4256 1320 4307 in
1342 4254 1584 4307 omnibus
1608 4271 1825 4325 sequens
1866 4266 2013 4310 tena-

436 4358 545 4395 rem
566 4342 713 4397 illius
742 4347 1118 4399 auctoritatem
1151 4347 1406 4403 custodit.
1446 4347 1691 4403 Isidorus
1726 4348 1762 4403 Ι.
1796 4364 1849 4402 v1
1885 4348 2011 4419 Ety-

436 4436 587 4499 mol.,
615 4437 791 4491 c.16:
833 4436 933 4492 Ila:
980 4449 1101 4492 sunt
1148 4450 1378 4505 quatuor
1425 4441 1615 4511 synodi
1669 4442 2008 4511 principales,

436 4528 560 4597 ﬁdei
590 4530 889 4584 doctrinam
914 4532 1218 4602 plenissime
1240 4536 1609 4603 prwdicantes.
1634 4534 1735 4590 Sed
1760 4539 1877 4591 etsi
1903 4555 2006 4608 qua
2039 4518 2083 4573 θ

436 4626 560 4670 sunt
590 4620 815 4673 concilia
847 4639 965 4691 qua:
1004 4621 1103 4677 SS.
1128 4622 1315 4678 Patres
1341 4625 1545 4694 Spiritu
1576 4626 1676 4681 Dei
1702 4629 1842 4699 pleni
1884 4647 2009 4684 san-

434 4717 626 4760 xerunt
658 4710 1003 4777 postillorum
1027 4722 1257 4783 quatuor
1272 4716 1642 4769 auctoritatem
1665 4756 1681 4781 ,
1718 4719 1861 4770 omni
1891 4734 2009 4769 ma-

438 4809 561 4852 nent
590 4801 832 4856 stabilita
872 4806 1065 4873 uigore.
1105 4804 1240 4870 Quis
1282 4822 1389 4860 non
1444 4806 1588 4861 videt
1646 4807 1762 4863 hare
1816 4809 2005 4864 eadem

437 4891 599 4961 quasi
640 4902 820 4948 mente
849 4896 1034 4962 scribi,
1064 4913 1171 4967 qua
1221 4898 1312 4952 illa
1365 4899 1418 4952 in
1450 4900 1668 4954 decreto
1718 4899 2008 4957 Gelasiano

438 4982 855 5040 scribebantur?
877 4984 989 5042 Nec
1020 4988 1135 5043 haec
1176 4989 1359 5059 igitur,
1394 5005 1495 5044 nec
1534 4990 1623 5044 illa
1664 5000 1790 5046 ante
1842 4994 2006 5061 quin-

436 5084 547 5130 tam
583 5078 853 5150 synodum
898 5080 1102 5149 scripta
1133 5080 1301 5136 fuisse
1331 5082 1629 5151 putandum
1650 5092 1753 5138 est.
1788 5082 2009 5137 Cassio-

438 5172 607 5229 dorus
630 5172 723 5244 qui
772 5184 893 5244 post
933 5174 1209 5230 Gelasium
1236 5216 1251 5242 ,
1282 5186 1407 5230 ante
1439 5178 1517 5231 vel
1542 5178 1688 5231 circa
1737 5178 2004 5249 synodum

439 5265 685 5334 quintam
720 5268 960 5337 scripsit,
983 5278 1217 5337 quatuor
1252 5278 1461 5323 tantum
1489 5270 1809 5336 nominavit,
1834 5270 1901 5325 de
1918 5286 2009 5340 po-

442 5354 759 5414 eterioribus
796 5358 931 5413 nihil
957 5360 1183 5413 omnino
1212 5358 1438 5415 addidit.

514 5471 757 5544 Denique
796 5477 1029 5549 legimus
1059 5477 1113 5532 in
1141 5478 1360 5534 decreto
1410 5493 1422 5529 :
1468 5476 1604 5531 Item
1651 5478 1917 5548 scriptura
1948 5484 2007 5536 de

442 5566 735 5619 inuentione
761 5567 1049 5624 Dominicaz
1087 5571 1281 5639 crucis,
1310 5578 1361 5624 et
1382 5568 1493 5621 alia
1521 5570 1787 5638 scriptura
1814 5570 1878 5623 de
1919 5571 2006 5622 in-

442 5656 679 5710 uentione
703 5659 892 5728 capitis
914 5660 978 5714 Β.
1000 5661 1227 5716 Joannis
1255 5662 1514 5731 Baptista:
1544 5661 1760 5715 nouella:
1796 5661 2006 5731 quidem

437 5747 719 5803 relationes
750 5760 893 5817 sunt,
939 5761 986 5805 ct
1008 5753 1248 5806 nonnulli
1269 5750 1633 5809 casCatltolici
1676 5751 1873 5821 legunt.
1905 5751 2005 5806 Vc-

2116 3260 2251 3314 satis
2285 3259 2655 3324 conveniunt;
2684 3268 2737 3313 et
2760 3274 2848 3313 res
2878 3259 3037 3313 aliter
3068 3259 3294 3311 omnino
3329 3273 3388 3311 se
3420 3258 3608 3313 habet.
3660 3259 3697 3310 Α

2114 3350 2330 3420 nemine
2351 3349 2495 3403 enim
2538 3351 2717 3418 magis
2759 3348 3013 3403 dissentit
3047 3362 3211 3417 quam
3242 3347 3309 3401 ab
3343 3345 3697 3417 Hieronymo.

2115 3440 2308 3495 Libros
2341 3455 2535 3495 omnes
2573 3440 2779 3495 Veteris
2806 3440 3163 3506 Testamenti,
3187 3438 3281 3509 qui
3328 3454 3439 3493 non
3496 3440 3551 3492 in
3602 3438 3701 3493 He-

2114 3534 2382 3588 braeorum
2404 3549 2616 3589 canone
2639 3533 2999 3595 habebantur.
3021 3534 3085 3587 ad
3113 3532 3423 3603 apocrypha
3466 3532 3700 3585 rotunde

2115 3628 2375 3698 relegavit
2404 3625 2800 3698 Hieronymus;
2832 3626 3053 3680 eosdem
3120 3626 3172 3678 in
3222 3625 3443 3678 decreto
3497 3625 3701 3693 pariter

2114 3738 2238 3776 cum
2268 3722 2549 3777 canonicis
2588 3731 2771 3775 sancta
2793 3730 2843 3776 et
2896 3720 3161 3775 catholica
3183 3721 3405 3788 suscipit
3436 3730 3488 3773 et
3530 3722 3699 3773 Itono.

2115 3822 2198 3865 rat
2241 3811 2502 3867 Ecclesia.
2537 3811 2903 3883 Hieronymus
2956 3813 3128 3869 libros
3157 3832 3297 3886 quos
3350 3815 3698 3884 apocrypbos

2113 3917 2292 3975 vocat.
2316 3910 2418 3979 legi
2452 3912 2505 3964 in
2530 3911 2770 3965 Ecclesia
2809 3912 2942 3973 vult.
2966 3912 3126 3981 epist.
3154 3914 3255 3967 “5
3283 3930 3295 3964 :
3326 3913 3479 3967 Sicut
3504 3915 3697 3966 Iudith

2114 4013 2160 4057 et
2189 4000 2386 4069 Tobiae,
2406 4015 2453 4057 et
2486 4003 2911 4058 Machabworum
2937 4003 3096 4057 libros
3120 4004 3242 4074 legit
3269 4006 3479 4074 quidem
3511 4005 3695 4059 Eccle-

2114 4094 2218 4156 sia,
2249 4095 2339 4147 sed
2369 4111 2481 4159 eas,
2514 4096 2651 4148 inter
2682 4096 2963 4148 canonicos
2996 4091 3301 4163 Scripturas
3330 4110 3429 4147 non
3465 4096 3694 4165 recipit:

2114 4184 2192 4238 sic
2224 4194 2273 4237 et
2303 4185 2413 4238 lucc
2442 4185 2546 4239 duo
2577 4185 3175 4258 rolumina(r:avapssov
3196 4184 3323 4239 Jesn
3354 4186 3447 4238 ﬁlii
3480 4186 3692 4243 Sirach.

2111 4284 2166 4327 ct
2210 4274 2546 4344 Sapientiam
2594 4276 2937 4344 Salomonis).
2974 4277 3113 4346 legat
3154 4277 3223 4330 ad
3279 4274 3690 4343 mdiﬁcationem

2110 4366 2298 4436 plebis,
2317 4382 2419 4419 non
2449 4365 2518 4419 ad
2545 4370 2919 4421 auctoritatem
2958 4367 3437 4421 ecclesiasticarum
3466 4367 3687 4436 dogma-

2114 4468 2223 4513 tum
2252 4460 2697 4529 conﬁrmandam.
2732 4460 2788 4516 In
2822 4463 3040 4517 decreto
3078 4463 3263 4517 omnia
3301 4476 3424 4531 quae
3460 4478 3681 4533 apocry-

2111 4552 2216 4621 pha
2248 4552 2609 4621 appellantur,
2642 4561 2905 4624 tanquam
2935 4570 2967 4609 a
2988 4554 3302 4616 ,Catholicis
3342 4554 3592 4619 vitanda,
3638 4562 3688 4606 et

2113 4643 2183 4696 ab
2206 4641 2449 4699 Ecclesia
2479 4645 2812 4701 eliminanda
2834 4647 3187 4700 damnantur.
3210 4644 3324 4701 Hoc
3355 4661 3523 4700 sensu
3549 4647 3686 4699 inter

2113 4734 2423 4805 apocrypha
2459 4746 2821 4791 numerantur
2859 4736 3135 4805 Opuscnla
3173 4735 3529 4801 Tertulliani,
3586 4734 3687 4789 Νο-

2112 4829 2241 4894 vati,
2263 4828 2515 4893 Arnobii,
2541 4830 2886 4900 Apollinarii.
2920 4830 3093 4885 Aliter
3115 4833 3273 4900 plane
3296 4828 3683 4901 Hieronymus,

2109 4923 2267 4992 epist.
2305 4923 2405 4978 76:
2443 4922 2555 4993 Ego
2591 4922 2868 4993 Origenem
2890 4934 3104 4993 propter
3118 4923 3469 4977 eruditionem
3498 4924 3573 4977 sic
3604 4926 3686 4977 in-

2113 5016 2318 5069 terdum
2347 5016 2642 5086 legendum,
2667 5016 2926 5086 quomodo
2948 5014 3356 5078 Tertullianum,
3394 5014 3681 5077 Noratum,

2030 5155 2039 5162 .
2112 5110 2428 5175 Arnobium,
2457 5109 2868 5179 Apollinarium,
2899 5121 2949 5164 et
2972 5110 3255 5163 nonnullos
3296 5116 3680 5162 ecclesiasticos

2111 5197 2395 5265 scriptores
2421 5196 2630 5252 Graecos
2660 5200 2861 5268 pariter
2886 5209 2934 5252 et
2956 5198 3201 5265 Latinos,
3236 5209 3294 5251 ut
3324 5198 3461 5251 bona
3503 5215 3680 5251 eorum

2111 5289 2786 5362 colligamus,vitemusque
2818 5294 3111 5359 contraria,
3157 5292 3321 5361 juxta
3372 5292 3681 5361 Apostolum

2109 5380 2404 5434 dicentem:
2427 5401 2445 5433 ι
2480 5381 2674 5436 Omnia
2696 5384 2932 5452 probate,
2962 5384 3101 5454 quod
3125 5383 3314 5436 bonum
3346 5392 3423 5436 est
3460 5392 3674 5436 tenete:

2109 5473 2242 5539 Qua:
2268 5474 2433 5530 verba
2452 5473 2699 5543 Apostoli
2722 5476 2789 5529 ad
2835 5476 2998 5530 aliam
3030 5476 3188 5545 plane
3216 5476 3449 5529 classem
3484 5475 3538 5529 in
3591 5474 3683 5528 vle-

2108 5579 2259 5621 creto
2279 5568 2591 5632 trahuntur,
2623 5577 2682 5623 ut
2721 5578 2847 5625 ante
2898 5569 3245 5624 observatum
3288 5580 3394 5623 est.
3430 5566 3679 5623 Pessime

2112 5675 2274 5716 sensu
2309 5660 2362 5714 in
2388 5659 2607 5715 decreto
2631 5662 2897 5732 legimus:
2931 5661 3090 5716 Liber
3114 5663 3206 5719 aui
3237 5660 3539 5731 appellatur
3578 5659 3679 5713 Pa-

2111 5757 2294 5820 storis,
2346 5760 2706 5829 apocryplms,‘
2738 5776 2902 5831 quem
2946 5762 3086 5833 apud
3134 5761 3403 5833 quasdam
3460 5761 3681 5817 Graecia
