3786 6302
122 303 217 363 195

866 304 919 360 1.
954 300 1327 363 PEARSONII
1361 305 1686 363 VINDICIE
1721 305 2143 365 IGNATIANA'I.
2176 340 2245 350 —
2286 307 2469 365 PARS
2504 308 2548 364 ι.

3252 314 3353 367 1‘26

124 420 378 479 Ecclesias
406 422 567 477 etiam
597 422 815 493 publice
845 425 949 497 legi
989 436 1221 484 testatus
1249 440 1355 494 est,
1402 440 1465 486 et
1486 446 1669 487 revera
1701 435 1747 493 Α
1774 448 1897 503 qua”:
1925 433 2297 489 adversarium
2336 433 2611 503 absolvit,
2662 446 2988 507 argumento
3031 438 3207 493 cedit!
3241 438 3342 507 Qui

122 517 289 571 utilem
341 515 544 571 librum
597 517 978 587 pronuntiavit
1030 518 1418 593 Hieronymus.
1465 524 1672 578 Auctor

121 608 322 671 decreti,
349 604 617 676 Opuscula
643 605 928 665 Clementis
962 611 1315 673 Alexandrini
1351 615 1669 683 apocrypha.

122 696 462 769 Hieronymus
488 698 539 752 in
563 697 857 770 Catalogo:
886 698 1160 754 Feruntur
1189 701 1303 770 ejus
1330 702 1559 773 insignia
1579 721 1671 758 uo-

122 791 320 854 lumina,
344 789 599 860 plenaque
627 793 939 848 eruditionis
979 802 1030 847 et
1057 793 1389 865 eloquentitc,
1448 804 1557 848 tam
1611 796 1675 851 de

124 882 391 954 Scripturis
415 885 632 948 divinis,
659 902 817 955 quam
845 886 909 940 de
934 885 1212 941 swcularis
1236 887 1552 941 litteratura:
1591 889 1675 943 in-

122 984 404 1030 strumento.
438 975 593 1031 Adeo
618 977 819 1034 decreti
846 993 1071 1050 scopus,
1094 988 1148 1033 et
1177 980 1337 1050 quasi
1380 981 1673 1050 peculiaris

125 1069 372 1135 tractatio,
397 1069 467 1122 ab
499 1067 819 1143 Hieronymi
840 1071 1092 1127 doctrina
1115 1073 1334 1143 penitus
1351 1075 1669 1130 abhorrent.

122 1158 258 1213 Liber
282 1158 710 1230 Proverbiorum,
739 1165 830 1234 qui
855 1164 921 1218 ab
950 1165 1214 1219 haereticis
1241 1168 1590 1238 conscriptus,
1623 1178 1672 1224 et

125 1251 174 1306 S.
200 1250 330 1307 Sixti
348 1255 561 1309 nomine
586 1266 917 1326 prtenotatus
946 1266 1045 1325 est,
1076 1260 1409 1330 apocryphus
1430 1302 1446 1327 ,
1494 1262 1674 1332 inquit

123 1344 200 1397 ille
213 1358 359 1414 quem
391 1343 674 1401 Gelasium
696 1361 819 1402 esse
834 1346 1044 1402 volunt.
1075 1348 1146 1401 At
1170 1346 1533 1420 Hieronymus
1547 1365 1671 1404 eum

123 1433 296 1489 librum
324 1435 514 1492 docuit
541 1454 650 1493 non
672 1438 741 1493 ab
772 1438 1048 1514 haereticis
1078 1424 1247 1495 fuisse
1271 1441 1671 1510 conscriptum,

122 1524 203 1579 sed
229 1541 257 1580 a
310 1528 641 1598 philosopho
685 1528 1052 1601 Pythagoreo,
1095 1532 1255 1601 epist.
1290 1532 1395 1588 66:
1452 1533 1673 1588 Librum

124 1612 245 1669 Sizti
266 1615 604 1688 Pythagorei,
632 1619 859 1673 hominis
883 1622 1077 1691 absque
1104 1620 1336 1688 Christo,
1368 1635 1525 1693 atque
1556 1626 1673 1678 eth-

124 1712 229 1776 nici,
254 1710 529 1764 immutata
555 1713 764 1767 nomine
788 1754 805 1779 ,
847 1712 897 1766 Χ
902 1715 1007 1784 ysti
1061 1716 1315 1785 martyris
1348 1726 1395 1770 et
1420 1714 1673 1772 Romana'

124 1804 345 1859 Ecclesia:
364 1804 599 1874 episcopi
631 1807 966 1874 prwnotarit.

179 1895 299 1952 Cum
330 1896 491 1967 igitur
518 1912 620 1952 nec
654 1897 1033 1953 Stichometria
1050 1899 1373 1968 patriarcha:
1396 1898 1671 1955 Constan-

122 1990 451 2059 tinopolitano
482 1988 776 2043 tribuenda
812 1990 918 2057 sit,
958 2006 1059 2045 nec
1090 1990 1374 2046 Decretum
1420 1991 1672 2049 Romano

124 2079 260 2134 tribui
288 2095 440 2149 posse
471 2079 744 2144 videatur,
778 2096 884 2134 non
935 2093 1105 2136 estea
1136 2097 1385 2137 censura:
1431 2084 1673 2138 auctori-

125 2178 210 2236 tas,
229 2186 383 2240 quam
415 2172 594 2227 voluit
623 2172 890 2227 Dallaaus:
925 2188 1163 2244 cumque
1194 2183 1342 2229 tanta
1370 2175 1440 2229 sit
1462 2174 1672 2229 Sticho—

125 2265 294 2320 ntetrite
318 2276 476 2336 atque
508 2264 741 2321 Decreto
773 2266 827 2321 in
851 2266 1181 2338 apocrypbis
1203 2269 1530 2325 denotandis
1556 2270 1672 2325 dis-

126 2356 389 2423 crepantia,
451 2371 565 2411 non
619 2365 706 2413 est
747 2371 810 2411 ea
866 2371 1117 2412 censurae
1157 2358 1475 2423 concordia,
1504 2375 1668 2429 quam

125 2446 263 2499 tradit
283 2445 360 2499 vir
376 2446 732 2503 doctissimus
756 2465 769 2500 :
796 2462 921 2502 cum
949 2448 1189 2518 denique
1222 2449 1273 2501 in
1302 2448 1417 2519 ipsa
1453 2448 1669 2505 Sticho-

126 2538 286 2589 metria
306 2537 423 2590 libri
452 2538 529 2591 illi
566 2539 948 2594 tantummodo
996 2538 1137 2594 Novi
1168 2539 1490 2595 Testamenti
1542 2560 1670 2613 apo-

129 2629 571 2698 crypliidicautur,
604 2634 740 2687 satis
775 2634 1026 2703 apposite
1047 2632 1447 2702 Hammondus,
1484 2634 1530 2691 si
1556 2634 1671 2705 epi-

127 2721 268 2776 stolas
317 2722 509 2793 Ignatii
573 2723 630 2778 in
695 2722 943 2780 lndiculo
1005 2725 1256 2782 denotari
1315 2728 1666 2790 concedatur.

128 2809 359 2870 Salmasio
387 2815 610 2871 videtur
638 2818 994 2888 respondisse
1020 2837 1034 2874 :
1068 2818 1224 2873 Nihil
1251 2820 1316 2873 ab
1348 2822 1670 2876 auctoritate

127 2906 325 2972 epistolis
357 2908 498 2965 hisce
527 2928 559 2964 a
591 2911 740 2965 nobis
785 2912 986 2966 tributa
1038 2927 1103 2966 ea:
1128 2928 1188 2965 eo
1219 2915 1516 2967 detractum
1574 2922 1668 2967 aut

128 2999 353 3055 minutum
398 3020 532 3069 esse,
590 3003 737 3075 quod
788 3004 869 3060 sic
893 3006 951 3059 in
982 3006 1401 3076 apocryphorum
1452 3023 1667 3061 numero

1775 526 1856 585 sic
1879 526 2057 580 virum
2091 541 2369 580 summum
2398 526 2609 593 laudat,
2643 528 2920 597 quomodo
2944 529 3255 600 vituperat!

1843 617 2143 673 Videamus
2180 617 2345 688 igitur
2365 618 2551 686 primo
2569 618 2699 687 quid
2733 618 2949 673 tandem
2985 621 3077 685 sit,
3108 621 3181 676 ob
3205 622 3349 691 quod

1774 709 1918 763 hanc
1955 707 2331 763 defensionem
2384 717 2537 763 tanto
2592 710 2868 779 praeconio
2907 709 3095 775 effert;
3156 727 3352 781 nempe

1774 801 1921 872 quod
1954 801 2084 857 hinc
2121 811 2383 873 appareat
2413 817 2515 857 eos
2563 802 2839 856 immerito
2874 814 3167 857 accusatos
3199 803 3349 859 esse.

1774 891 2171 963 quilgnatiana
2195 893 2551 955 damnarunt,
2611 902 2900 963 antequam
2956 892 3145 962 purior
3184 893 3353 947 editio

1774 993 2066 1055 procurata
2092 992 2196 1039 est.
2216 986 2285 1040 At
2321 988 2491 1041 nostri
2550 1000 2646 1039 eos
2692 999 2799 1038 non
2846 991 3196 1049 accusarunt,
3255 981 3348 1052 qui

1773 1073 2035 1144 epistolas
2060 1072 2298 1129 Eusebio
2330 1075 2555 1131 minime
2582 1083 2915 1129 memoratas
2946 1083 3203 1143 tanquam
3221 1088 3342 1142 spuo

1774 1169 1889 1223 rias
1925 1165 2270 1235 rejecerunt,
2326 1174 2422 1219 aut
2470 1165 2635 1219 etiam
2701 1164 2943 1234 reliquas
2994 1163 3351 1232 interpolatas

1774 1272 1896 1313 esse
1931 1257 2398 1327 pronuntiabant;
2430 1254 2527 1310 sed
2575 1270 2670 1309 eos
2702 1262 2936 1319 tantum,
2960 1253 3051 1323 qui
3088 1252 3357 1321 epistolas

1774 1350 1899 1405 illas
1924 1366 2045 1420 qum
2079 1349 2420 1419 interpolata:
2453 1356 2605 1410 sunt,
2627 1355 2920 1415 antequam
2952 1344 3346 1414 interpolaren-

1774 1450 1905 1506 tur,
1964 1443 2118 1496 lictas
2160 1439 2333 1494 fuisse
2366 1440 2803 1503 contendebant;
2842 1449 2935 1492 aut
2993 1438 3348 1507 interpolalas

1773 1532 1993 1603 penitus
2020 1530 2365 1601 rejiciebant,
2426 1541 2688 1599 tanquam
2747 1529 2883 1583 nihil
2931 1544 2996 1582 ex
3034 1529 3099 1581 iis
3132 1527 3353 1596 probari

1775 1632 1979 1696 posset.
2018 1623 2171 1691 Quod
2215 1633 2402 1678 autem
2454 1622 2716 1691 epistolas
2766 1619 2955 1690 lgnatii
2993 1635 3193 1672 onmem
3235 1635 3349 1672 eam

1776 1726 2171 1782 auctoritatem,
2200 1733 2354 1787 quam
2383 1715 2509 1767 olim
2544 1714 2879 1767 obtinuerant
2908 1712 3062 1780 plane
3090 1712 3355 1780 amisisse,

1774 1811 2074 1879 nulliusque
2098 1809 2439 1863 auctoritatis
2475 1806 2644 1861 fuisse
2668 1815 2791 1860 ante
2844 1803 3235 1874 Nicephorum,
3281 1818 3347 1860 ex

1773 1898 1996 1955 Usserio
2015 1900 2209 1953 doceat
2240 1898 2505 1964 Dallaeus;
2542 1898 2776 1951 observo
2796 1911 2913 1950 eam
2935 1910 3120 1949 vocem
3148 1910 3355 1948 omnem

1772 2010 1881 2049 non
1913 2008 2036 2048 esse
2065 1993 2134 2048 ab
2164 1992 2520 2047 Armachano
2557 1998 2901 2059 usurpatam,
2957 1989 3049 2043 sed
3082 2005 3113 2042 a
3153 1988 3352 2044 Dalltno

1772 2084 2065 2153 adjectum;
2098 2090 2157 2136 ut
2180 2091 2234 2136 et
2267 2082 2381 2144 illa,
2424 2081 2621 2134 nullius
2648 2081 3013 2145 auctoritatis,
3042 2093 3163 2147 qute
3217 2076 3347 2137 inde

1772 2175 1975 2246 pariter
2000 2173 2239 2227 deducit.
2270 2171 2383 2243 Ego
2426 2173 2581 2226 aliter
2637 2169 2920 2225 Usserium
2970 2169 3245 2239 intelligo;
3295 2174 3348 2221 et

1771 2268 1980 2339 quisic
2032 2267 2505 2339 interpretantur,
2560 2264 2814 2319 fruantur
2861 2262 2939 2317 illi
2998 2262 3353 2317 excusatione

1771 2377 1934 2432 quam
1961 2360 2210 2429 cupiunt,
2258 2359 2350 2413 sed
2384 2357 2602 2412 interim
2636 2357 2813 2411 sciant
2863 2355 3194 2409 sententiam
3230 2368 3350 2408 eam

1770 2469 1877 2523 qua
1904 2452 2158 2507 excusari
2191 2451 2384 2505 volunt
2403 2465 2524 2505 esse
2564 2448 2909 2518 apertissime
2941 2446 3156 2501 falsam.

1842 2543 1994 2599 Hanc
2021 2552 2204 2598 tamen
2240 2542 2614 2598 defensionem
2668 2540 2737 2595 ab
2776 2539 3003 2595 Usserio
3047 2539 3352 2609 ingeniosis-

1770 2637 1901 2690 sime
1932 2646 1981 2690 et
2012 2636 2081 2689 ad
2105 2652 2323 2690 causam
2353 2651 2512 2705 quam
2535 2635 2644 2704 agit
2672 2633 3064 2702 appositissime
3084 2633 3351 2686 iuventam

1770 2728 1950 2798 rejicit
1972 2728 2056 2782 vir
2082 2727 2459 2788 doctissimus.
2495 2725 2643 2796 quod
2668 2742 2772 2778 non
2802 2725 3048 2779 videatur
3081 2727 3215 2781 satis
3239 2743 3349 2781 cer-

1771 2829 1846 2874 ta.
1872 2819 1939 2875 Et
1970 2821 2102 2874 satis
2151 2819 2370 2889 quidem
2405 2828 2607 2872 certum
2654 2833 2764 2872 non
2806 2827 2931 2884 est,
2982 2819 3125 2875 ullas
3160 2818 3351 2890 lgnatii

1770 2911 2037 2983 epistolas
2103 2910 2493 2966 Stichometria:
2538 2919 2815 2966 auctorem
2856 2909 2997 2964 inter
3042 2911 3351 2981 apocrypha

1770 3020 2116 3063 numerasse.
2148 3013 2209 3058 ut
2235 3004 2408 3057 voluit
2436 3001 2779 3063 Salmasius:
2809 3003 2982 3057 multo
3011 3004 3196 3057 minus
3240 3020 3350 3057 cer-

130 3092 333 3158 reposita:
353 3096 719 3149 inveniantur.
740 3092 853 3162 Sic,
882 3095 1131 3166 inquam,
1160 3098 1211 3151 id
1239 3106 1323 3151 est
1342 3097 1395 3151 in
1423 3096 1666 3153 lndiculn
1694 3112 1736 3170 ο
1775 3107 1885 3151 tum
1909 3106 1992 3153 est
2015 3139 2029 3162 ,
2062 3097 2206 3151 inter
2232 3096 2487 3167 pessima:
2511 3105 2655 3149 nota:
2681 3096 2995 3166 apocrypha
3021 3095 3353 3165 reposuisse,

130 3184 380 3255 librorum,
408 3190 504 3261 qui
529 3190 587 3244 in
614 3206 880 3245 canonem
906 3190 1273 3260 recipiuntur,
1297 3200 1351 3246 et
1379 3193 1472 3262 qui
1509 3207 1538 3246 a
1572 3208 1670 3248 ca-

132 3292 248 3334 none
272 3292 643 3337 removeutur.
676 3280 833 3349 Quod
859 3282 1005 3336 enim
1031 3283 1106 3336 sic
1155 3282 1209 3336 in
1233 3284 1667 3355 apocryphorum

132 3386 325 3429 numero
354 3378 661 3447 reponitur,
684 3376 969 3432 canonicis
994 3375 1149 3431 libris
1174 3377 1305 3431 solis
1349 3378 1667 3447 Opponitur.

133 3461 189 3518 Ut
213 3464 261 3520 S.
292 3467 629 3540 Augustinus
660 3468 737 3522 De
774 3469 1003 3527 Civitate
1060 3468 1180 3537 Dei,
1226 3470 1265 3524 l.
1321 3486 1411 3537 xv,
1463 3486 1513 3525 c.
1562 3470 1667 3525 25:

135 3554 275 3612 Multa
297 3560 385 3613 sub
409 3561 715 3615 nominibus
747 3570 797 3616 et
818 3560 1049 3615 aliorum
1075 3562 1451 3632 praphetarum
1500 3573 1549 3618 et
1584 3581 1669 3617 re-

133 3650 328 3705 centiora
378 3655 473 3706 sub
514 3653 818 3707 nominibus
879 3654 1245 3723 apostolorum
1290 3654 1355 3706 ab
1405 3654 1668 3707 harreticis

134 3742 431 3811 proferuntur
458 3784 477 3807 ,
528 3762 652 3816 quac
675 3746 855 3799 omnia
885 3746 979 3800 sub
1005 3747 1304 3801 nominibus
1344 3749 1668 3818 apocrypha-

137 3836 297 3890 rumab
320 3842 642 3894 auctoritate
677 3840 1056 3894 canonicorum
1101 3840 1345 3911 diligenti
1392 3843 1669 3895 examina-

139 3930 249 3983 tione
268 3943 455 3986 remota
486 3942 636 3987 sunt.
663 3931 872 3988 Nomen
904 3934 1069 4002 igitur
1116 3934 1412 4005 apocryphi
1457 3943 1667 3989 tantum

138 4022 186 4075 ab
208 4028 499 4081 auctoritate
548 4027 921 4081 canonicorum
950 4027 1216 4097 scriptum
1242 4027 1464 4098 aliquod
1490 4043 1669 4084 remo-

137 4116 280 4171 vehat.

193 4209 278 4266 Sed
301 4216 457 4269 multo
487 4215 681 4270 melius
731 4232 793 4269 ac
822 4216 1109 4270 modestius
1129 4257 1145 4283 ,
1192 4196 1349 4285 atque
1378 4216 1667 4286 sapientius

130 4301 323 4366 'tptimus
360 4324 419 4359 ac
456 4306 802 4361 doctissimus
838 4306 1083 4361 Usserius
1129 4305 1418 4376 Ignatiaua
1459 4322 1557 4358 sua
1602 4304 1666 4358 ab

140 4392 212 4445 hoc
256 4395 528 4467 Nicephori
586 4398 687 4451 telo
722 4399 983 4467 defendit,
1019 4399 1195 4469 inquit
1247 4398 1497 4452 Dallteus.
1547 4396 1665 4451 Non

1775 3198 1836 3243 ut
1865 3190 1981 3244 vult
2021 3188 2294 3255 Dallaaus;
2340 3188 2433 3242 sed
2484 3187 2530 3241 si
2568 3187 2694 3257 quis
2725 3188 2839 3242 haec
2880 3185 3177 3252 concedat,
3219 3187 3353 3242 satis

1773 3282 2022 3352 profecto
2064 3290 2273 3337 certum
2317 3289 2435 3345 est,
2472 3296 2565 3335 eas
2605 3289 2826 3351 propter
2864 3280 3097 3334 aliarum
3150 3293 3351 3349 suppo-

1774 3375 2000 3429 sitiones
2029 3385 2083 3429 et
2117 3374 2359 3443 ipsarum
2410 3373 2898 3441 interpolationes,
2949 3381 3157 3425 tantam
3198 3372 3352 3440 igno-

1772 3467 1999 3519 miniam
2032 3481 2225 3535 passas
2256 3480 2398 3519 esse.
2435 3464 2666 3517 Constat
2690 3464 2834 3517 enim
2875 3464 3135 3533 epistolas
3181 3461 3351 3518 Euse-

1772 3558 2027 3613 biovisas
2052 3573 2148 3627 per
2172 3558 2342 3610 multa
2379 3556 2577 3611 saecula
2625 3572 2841 3611 summa
2887 3556 3211 3610 auctoritate
3254 3554 3351 3609 llo-

1772 3652 1982 3707 l'lliSSCZ
2028 3658 2244 3706 constat
2289 3658 2416 3703 ante
2465 3663 2670 3701 nonum
2717 3648 2977 3702 saeculum
3027 3646 3247 3702 easdem
3298 3655 3353 3701 et

1774 3743 2294 3813 interpolationihus
2330 3742 2563 3796 fmdatas
2585 3783 2599 3807 ,
2631 3750 2683 3796 et
2722 3740 3120 3811 adjectionibus
3162 3749 3352 3795 auctas

1772 3835 1981 3903 fuisse;
2037 3844 2254 3891 constat
2307 3835 2447 3889 alios
2496 3835 2669 3889 libros
2718 3834 2898 3904 primo
2940 3833 3183 3902 integros
3226 3831 3351 3886 dein

1772 3937 2063 3999 corruptos
2094 3928 2236 3982 inter
2271 3927 2583 3999 apocrypha
2620 3927 2774 3996 rejici
2817 3926 3008 3981 solitos
3044 3942 3058 3978 :
3092 3926 3137 3981 si
3187 3926 3353 3996 igitur

1771 4019 1856 4074 bac
1878 4019 2120 4090 epistolae
2150 4035 2297 4074 nono
2325 4020 2417 4073 illo
2448 4019 2652 4074 sarculo
2690 4028 2949 4089 tanquam
2987 4017 3353 4072 omnibusCa-

1772 4114 1990 4169 tholicis
2036 4113 2272 4167 vitanda:
2302 4118 2765 4182 proponerentur,
2800 4125 2922 4180 quae
2968 4110 3233 4164 hactenus
3283 4108 3356 4162 ab

1772 4206 2037 4261 omnibus
2069 4215 2184 4259 tum
2212 4204 2499 4259 catholicis
2533 4213 2647 4257 tum
2691 4203 2968 4257 haereticis
3008 4201 3228 4256 fuerant
3266 4214 3355 4255 re-

1772 4307 1962 4367 ceptas,
2018 4298 2072 4352 id
2126 4297 2199 4351 ob
2249 4297 2410 4350 aliam
2467 4311 2715 4363 causam,
2764 4310 2929 4365 quam
2976 4295 3046 4349 ob
3090 4293 3353 4364 adjectio-

1775 4407 1872 4445 nes
1932 4390 2385 4459 corruptelasque
2436 4389 2554 4444 ﬁeri
2614 4405 2722 4443 non
2776 4388 3021 4457 potuisse
3069 4387 3195 4458 quis
3241 4401 3351 4440 non

140 4486 251 4540 male
274 4488 571 4546 defendisse
595 4476 1369 4545 ostendimus'llammondum
1388 4509 1401 4556 ;
1423 4490 1469 4545 si
1500 4488 1666 4542 multo
1698 4483 1743 4537 D
1772 4483 1953 4537 videt?

142 4577 290 4633 melius
317 4578 592 4649 Usserius,
628 4592 779 4637 certe
809 4584 1014 4652 optime
1040 4582 1301 4637 defendit.
1333 4580 1538 4651 Nempe
1562 4581 1668 4633 Ar—

142 4669 396 4727 machauus
421 4674 611 4730 docuit
636 4690 743 4728 non
774 4675 972 4728 mirum
992 4689 1135 4739 esse,
1168 4674 1211 4728 si
1236 4673 1480 4743 epistolm
1513 4670 1671 4742 Igna-

143 4758 206 4819 tii.
244 4764 532 4833 adiectione
580 4767 916 4837 spuriarum,
971 4775 1025 4821 et
1082 4765 1598 4834 interpolationihus
1638 4780 1667 4818 a

143 4850 332 4914 pristina
358 4855 528 4911 forma
559 4859 862 4911 immutata:
884 4859 936 4911 in
959 4857 1398 4930 apocryphorum
1433 4873 1673 4929 numero

147 4954 528 5013 reponerentur:
560 4951 1021 5021 quemadmodum
1056 4949 1300 5006 Esthertu
1327 4951 1482 5014 liber,
1540 4951 1668 5005 licet

146 5033 197 5086 ab
221 5034 433 5097 Hebraeis
482 5052 752 5112 receptus,
809 5050 990 5098 tamen
1022 5051 1245 5113 propter
1274 5044 1663 5108 additamenta,

147 5138 169 5176 a
188 5124 405 5189 Melitone
432 5134 714 5201 Sardeusi,
740 5142 797 5191 et
826 5134 1089 5206 Gregorio
1123 5135 1490 5203 Nazianzeno,
1525 5137 1668 5190 inter

147 5232 295 5278 sacros
353 5226 518 5283 libros
569 5230 884 5284 nominatus
938 5245 1047 5283 non
1104 5237 1212 5293 est,
1264 5228 1333 5282 ab
1363 5228 1666 5283 Athanasio

148 5311 274 5368 etiam
302 5316 432 5372 inter
456 5321 655 5375 nothos
682 5319 1010 5375 nominatim
1055 5321 1324 5390 abjectus.
1368 5320 1665 5376 Verumta-

148 5414 243 5456 men
268 5408 308 5460 si
329 5407 576 5465 Dallteum
601 5410 737 5466 bene
762 5413 910 5477 novi,
946 5426 1052 5465 non
1070 5422 1154 5467 est
1180 5411 1361 5479 nihili,
1388 5411 1533 5483 quod
1565 5412 1667 5465 Ar-

151 5496 354 5553 machani
385 5500 752 5558 defensionem
782 5512 1067 5573 tantopere
1099 5505 1311 5573 probat.
1364 5504 1484 5559 Non
1518 5505 1665 5559 enim

152 5582 244 5640 sine
267 5589 379 5645 dolo
424 5593 626 5661 laudat,
654 5611 819 5666 quam
872 5596 990 5651 sine
1022 5597 1236 5652 ratione
1288 5597 1487 5668 rejicit.
1522 5596 1666 5653 Lau—

153 5672 241 5742 dat,
266 5691 318 5738 ut
344 5700 469 5743 suos
496 5700 752 5757 excuset;
778 5690 981 5761 rejicit,
1029 5700 1089 5746 ut
1118 5701 1500 5764 argumentum
1553 5691 1662 5746 vim

156 5781 279 5828 suam
314 5779 551 5837 retineat.
594 5782 637 5839 Ο
665 5784 980 5855 praeclaram
1017 5783 1231 5842 Usserii
1265 5784 1661 5855 defensionem,

1842 4579 1969 4634 Haec
1997 4588 2201 4646 tamen,
2230 4587 2521 4649 postquam
2560 4586 2844 4646 tantopere
2879 4573 3220 4635 laudaverat,
3251 4588 3349 4627 ue-

1772 4682 1863 4743 gat
1899 4672 2156 4737 Dallaaus,
2196 4672 2396 4741 primo,
2442 4669 2572 4738 quia
2606 4668 2783 4721 nullus
2836 4677 2911 4720 est
2958 4682 3136 4720 eorum
3178 4666 3347 4719 libro-

1773 4783 1926 4833 rum,
1961 4780 2090 4836 quos
2124 4764 2345 4817 damnat
2379 4761 2719 4832 Nicephorius
2741 4800 2755 4823 ,
2792 4759 2855 4813 de
2886 4776 2990 4829 quo
3024 4760 3226 4829 aliquid
3274 4760 3350 4813 si-

1772 4860 1896 4913 mile
1927 4839 2034 4913 dici
2066 4859 2253 4928 possit.
2292 4856 2348 4911 Si
2382 4857 2489 4912 hoc
2520 4870 2710 4909 verum
2759 4863 2940 4919 esset,
2984 4852 3121 4907 nihil
3166 4862 3345 4905 tamen

1768 4952 2026 5016 cﬂiceret,
2058 4950 2189 5020 quia
2216 4964 2326 5004 non
2354 4958 2442 5005 est
2476 4946 2666 5004 eadem
2700 4946 2946 5001 omnium
2998 4942 3345 5015 apocrypho-

1768 5061 1891 5100 rum
1932 5045 2094 5110 ratio,
2134 5053 2194 5097 ut
2224 5052 2351 5097 ante
2380 5040 2728 5097 ostendimus
2754 5057 2768 5095 :
2798 5038 2890 5093 sed
2922 5047 3006 5093 est
3036 5043 3220 5105 aperte
3244 5032 3346 5086 fal-

1772 5152 1916 5191 sum.
1948 5136 2088 5190 Ecce
2117 5134 2264 5189 enim
2315 5134 2368 5188 in
2422 5130 2799 5186 Sticltometria
2829 5130 3060 5198 legimus
3090 5123 3342 5195 Περίοδος

1770 5228 2000 5300 Πέτρου,
2029 5227 2227 5298 στίχων
2247 5225 2371 5296 ,βψκ
2394 5223 2736 5279 ltinerarium
2756 5221 2927 5283 Petri,
2956 5231 3132 5270 versus
3154 5212 3341 5282 2,700.

1769 5319 1883 5374 lloc
1909 5318 2255 5374 ltinerarium
2287 5333 2318 5371 a
2344 5316 2623 5371 Clemente
2645 5313 2893 5367 Romano
2915 5307 3176 5375 scriptum
3204 5305 3345 5361 fuis-

1769 5428 1827 5468 se
1861 5412 2162 5467 credebant
2186 5418 2422 5477 veteres,
2458 5408 2600 5463 unde
2625 5405 2865 5475 primum
2897 5401 3037 5454 inter
3064 5397 3341 5467 ἀντιλεγό-

1770 5521 1908 5577 μενα
1940 5504 2177 5574 positum
2204 5510 2308 5567 est,
2339 5501 2462 5557 dein
2497 5501 2637 5553 iutcr
2676 5493 3005 5564 apocrypha.
3051 5490 3338 5546 Rationem

1768 5597 1873 5667 ipsi
1905 5586 2283 5659 reddiderunt,
2333 5592 2476 5662 quod
2517 5604 2637 5660 ejus
2686 5586 2807 5641 libri
2860 5585 3109 5639 doctrina
3149 5583 3217 5637 ab
3250 5582 3340 5636 illa

1767 5704 1891 5760 qua:
1936 5704 1966 5741 a
2012 5688 2291 5742 Clemente
2323 5684 2521 5739 tradita
2557 5689 2661 5747 est,
2694 5679 2924 5735 multant
2972 5677 3188 5731 tandem
3220 5675 3337 5729 dis-

1772 5781 2051 5853 crepabat.
2082 5779 2199 5836 Non
2231 5778 2374 5851 quod
2404 5760 2737 5833 Clementem
2770 5789 2895 5830 eum
2937 5772 3137 5827 librum
3169 5767 3329 5823 niiuic
