3814 6198
426 320 527 375 127

1434 329 1492 383 S.
1531 327 1875 386 IGNATIUS.
1916 359 1983 369 -
2020 323 2551 382 PROLEGOMENA.

3576 327 3670 381 128

424 458 510 498 me
534 441 823 512 scripsisse
849 443 1154 511 crederent,
1201 447 1295 503 sed
1332 449 1478 518 quod
1509 450 1577 504 ab
1617 450 1890 504 hazreticis
1921 448 1999 503 in-

2105 445 2242 500 ὀκτὼ
2264 445 2489 517 βιϐλίοις
2516 443 3090 516 προσπεφωνημέναι),
3106 460 3247 515 quos
3270 454 3454 500 tamen
3475 447 3671 516 pariter

424 534 758 603 terpolatum
790 537 1035 608 adeoque
1065 551 1383 610 corruptum
1433 550 1706 610 putarent.
1753 540 1830 596 Ita
1870 540 1997 611 Epi-

423 624 660 693 phanius
703 627 771 680 de
806 628 1075 685 Ebionteis
1121 650 1134 684 :
1166 632 1419 703 Χρῶνται
1452 632 1508 685 δὲ
1542 633 1635 685 καὶ
1669 631 1855 695 ἄλλαις
1886 649 1995 684 τισι

422 714 627 785 βίϐλοις
652 758 667 783 ,
701 719 858 791 δῆθεν
891 724 1009 786 ταῖς
1041 726 1342 798 Περιόδοις
1374 724 1732 793 καλουμέναις
1773 725 1998 794 Πέτρον

422 809 541 871 ταῖς
572 810 659 863 διὰ
692 811 1009 883 Κλήμεντος
1042 816 1385 886 γραφείσαις,
1413 816 1765 880 νοθεύσαντες
1800 816 1898 886 μὲν
1929 816 1999 870 τὰ

422 899 481 951 ὲν
516 904 726 967 αὐταῖς,
761 906 916 971 ὀλίγα
946 907 1002 960 δὲ
1036 908 1261 979 ἀληθινὰ
1299 908 1578 973 ἐάσαντες.
1634 908 1768 963 Sunt
1818 919 1867 964 et
1900 909 1997 963 alii

423 990 548 1045 libri
579 996 767 1063 quibus
810 1007 1054 1067 utuntur,
1091 1008 1147 1051 ut
1187 1000 1458 1057 Circuitus
1484 999 1627 1057 Petri
1667 1019 1699 1054 a
1732 1000 1998 1055 Clemente

424 1084 610 1153 scripti
637 1127 652 1151 ,
686 1103 789 1156 quo
823 1089 879 1140 in
911 1088 1046 1141 libro
1076 1130 1089 1153 ,
1139 1089 1323 1158 paucis
1378 1090 1512 1144 veris
1565 1090 1763 1145 relictis
1808 1101 1999 1146 cetera

424 1189 828 1247 supposuerunt.
866 1178 1023 1246 Quod
1072 1181 1238 1250 igitur
1279 1183 1584 1248 asseritur,
1634 1183 1840 1237 nullum
1888 1202 1999 1237 esse

423 1285 600 1321 eorum
634 1270 914 1335 librorum,
949 1288 1078 1340 quos
1112 1271 1329 1326 damnat
1360 1272 1759 1329 Stichometrite
1785 1285 1996 1340 auctor,

423 1360 485 1414 de
516 1378 618 1429 quo
652 1362 859 1433 aliquid
893 1364 1068 1418 simile
1100 1364 1208 1418 dici
1240 1367 1449 1435 possit;
1498 1382 1606 1422 non
1654 1376 1739 1423 est
1782 1370 1998 1425 veritati

424 1462 876 1509 consentaneum.

495 1546 751 1600 Secundo
777 1544 1154 1602 defensionem
1189 1546 1399 1603 Usserii
1430 1550 1604 1621 rejicit
1626 1593 1641 1618 ,
1669 1551 1814 1622 quod
1850 1565 2003 1622 putet

423 1633 817 1705 Nicephorum.
848 1638 894 1693 si
920 1637 1199 1708 lgnatiana
1221 1681 1236 1707 ,
1270 1656 1377 1695 non
1406 1657 1501 1711 per
1526 1658 1586 1698 se
1612 1644 1834 1713 proprie
1853 1686 1869 1711 ,
1907 1645 1999 1699 sed

424 1736 638 1781 tantum
690 1729 761 1783 ob
794 1730 1048 1785 addititia
1092 1741 1147 1786 et
1190 1732 1514 1802 interpolata
1555 1734 1913 1802 damnasset,
1947 1737 2001 1791 id

2098 536 2442 608 recipiendos
2473 536 2697 590 minime
2727 535 3009 604 putabant.
3040 532 3279 591 Necesse
3325 536 3514 606 itaque
3561 549 3672 593 erat

2100 636 2159 681 ut
2186 627 2546 680 admonerent
2572 624 2990 679 constitutiones
3020 624 3143 680 illas
3170 640 3293 680 esse
3320 625 3670 695 rejiciendas;

2098 719 2254 773 aliter
2290 717 2480 772 eadem
2518 731 2683 786 opera
2706 731 2831 770 cum
2859 715 3162 771 canonibus
3190 716 3515 785 apostolicis
3543 734 3671 771 con-

2098 810 2329 865 ﬁrmatas
2361 809 2612 865 fuissent.
2654 808 2723 863 At
2752 808 3175 864 constitutiones
3203 825 3299 865 eas
3324 820 3387 864 ut
3412 812 3591 881 primo
3616 812 3674 865 ﬁ-

2098 913 2217 959 ctas
2254 912 2308 957 et
2340 901 2719 973 supposititias
2757 900 2983 970 rejicere
3027 915 3135 955 non
3175 911 3517 968 potuerunt,
3574 903 3671 957 nisi

2099 997 2263 1052 simul
2306 1010 2545 1051 canones
2583 994 2871 1064 rejicerent
2911 994 3026 1063 (qui
3064 1009 3255 1049 earum
3296 1004 3409 1049 tam
3457 995 3674 1049 honori-

2100 1091 2253 1143 ficam
2274 1088 2600 1143 mentionem
2626 1087 2910 1154 fecerant),
2929 1101 3068 1156 quos
3094 1087 3345 1142 stabilire
3370 1088 3672 1144 voluerant.

2102 1180 2172 1235 Ut
2203 1182 2367 1252 igitur
2415 1195 2656 1236 canones
2688 1180 3003 1245 retinerent,
3043 1187 3100 1233 et
3139 1179 3570 1235 constitutiones
3598 1197 3676 1235 re-

2098 1274 2425 1341 proLarent,
2458 1271 2615 1342 quasi
2660 1271 2728 1325 ab
2777 1269 3039 1340 apostolis
3084 1270 3262 1339 primo
3297 1270 3538 1326 dictatas
3576 1280 3676 1326 eta

2100 1364 2381 1418 Clemente
2406 1364 2645 1432 scriptas
2677 1361 2760 1433 (ut
2789 1378 3030 1418 canones
3053 1360 3450 1431 afﬁrmabant),
3487 1364 3583 1417 sed
3615 1364 3677 1418 ab

2102 1455 2372 1509 liaareticis
2402 1465 2588 1524 postea
2620 1464 2910 1525 corruptas
2936 1470 3035 1510 eas
3066 1454 3420 1510 damnarunt.
3452 1453 3680 1525 Harcque

2102 1547 2286 1601 omnia
2318 1563 2445 1602 vera
2467 1562 2589 1602 esse
2611 1547 2850 1603 ostendit
2884 1546 3060 1616 ipsum
3099 1546 3476 1602 damnationis
3506 1562 3681 1616 prom-

2102 1639 2296 1693 mium.
2333 1638 2547 1709 Ἐπειδὴ
2578 1638 2622 1690 δ’
2662 1641 2720 1691 ὲν
2750 1637 2958 1700 τούτοις
2983 1641 3094 1701 τοῖς
3118 1637 3339 1691 κανόσιν
3374 1637 3681 1691 ἐντέταλται

2102 1727 2349 1798 δέχεσθαι
2384 1730 2531 1798 ἡμᾶς
2563 1727 2660 1791 τὰς
2693 1727 2799 1781 τῶν
2832 1727 3009 1780 αὐτῶν
3044 1728 3214 1797 ἁγίων
3250 1727 3572 1781 ἀποστόλων
3602 1726 3683 1780 διὰ

422 1821 601 1889 ipsum
646 1824 870 1888 testari,
915 1839 1188 1894 suumque
1214 1825 1281 1880 de
1318 1801 1459 1881 libro
1486 1826 1615 1881 olim
1650 1829 1877 1898 probato
1905 1828 2000 1899 ju-

2105 1818 2419 1890 Κλήμεντος
2450 1818 2739 1885 διατάξεις.
2778 1818 3042 1884 Quoniam
3069 1829 3244 1873 autem
3278 1821 3334 1872 in
3366 1821 3450 1872 Itis
3482 1821 3684 1872 canoni-

421 1911 626 1967 dicium
671 1913 958 1983 diligenter
986 1931 1223 1987 purgare
1256 1918 1497 1974 voluisse
1535 1937 1549 1973 :
1581 1919 1725 1975 idem
1761 1921 1906 1975 enim
1946 1921 2003 1976 in

421 2005 918 2062 Constitutionibus
964 2008 1282 2077 apostolicis
1320 2009 1569 2066 fecerunt
1610 2011 1859 2066 Trullani
1894 2013 2003 2068 Pa-

422 2109 553 2155 tres.
588 2099 770 2153 Mirari
808 2100 941 2155 satis
972 2116 1082 2155 non
1111 2117 1335 2171 possum
1371 2103 1514 2159 hanc
1544 2104 1647 2159 viri
1697 2106 2005 2163 doctissimi

422 2190 828 2260 iniquissimam
858 2193 1286 2262 postulationem
1312 2235 1327 2258 ,
1371 2204 1462 2260 ut,
1508 2196 1747 2264 scilicet,
1794 2196 2007 2253 Sticho-

422 2281 626 2335 metria:
660 2290 854 2335 auctor
876 2297 1101 2336 causam
1134 2284 1487 2352 exprimeret,
1526 2301 1693 2355 seque
1717 2285 2007 2354 diligenter

423 2384 715 2444 purgaret,
773 2375 817 2429 si
864 2375 934 2429 ob
964 2391 1084 2430 eam
1114 2390 1339 2431 causam
1377 2376 1657 2448 lgnatiana
1692 2380 1834 2433 inter
1874 2393 2007 2448 apo-

428 2466 633 2536 crypha
678 2466 976 2537 relcgaret,
1029 2484 1194 2539 quam
1230 2470 1406 2525 voluit
1450 2468 1729 2527 Usserius.
1764 2470 1822 2525 Si
1858 2472 2004 2526 enim

432 2564 542 2610 tam
567 2559 750 2615 nobile
779 2562 1042 2631 scriptum
1061 2604 1075 2628 ,
1105 2572 1159 2617 et
1182 2562 1250 2618 ab
1274 2565 1529 2621 omnibus
1571 2573 1847 2634 receptum
1869 2580 2003 2621 con-

424 2648 687 2704 demnare
720 2652 911 2715 voluit,
937 2669 1037 2708 cur
1076 2655 1215 2710 lianc
1255 2671 1364 2709 non
1403 2656 1619 2723 minus,
1647 2673 1810 2726 quam
1843 2657 2006 2712 aliam

429 2755 819 2815 quamcunque
843 2760 1090 2811 causam,
1121 2763 1287 2816 quam
1319 2748 1579 2804 habuisse
1618 2750 1886 2815 videatur,
1922 2766 2010 2805 re—

425 2832 591 2888 ticere
623 2836 837 2905 potuit?
866 2835 1244 2892 Certissimum
1266 2848 1350 2894 est
1370 2881 1385 2906 ,
1416 2838 1887 2910 lgnatiiepistolas
1912 2856 2009 2911 per

424 2928 637 2998 aliquot
664 2931 861 2985 saecula
903 2940 1029 2985 ante
1056 2947 1297 2999 nonum,
1330 2946 1441 3002 quo
1475 2931 1766 3002 scripsisse
1811 2948 2010 2988 censor

422 3018 511 3075 ille
550 3021 906 3091 perhibetur,
963 3030 1076 3077 tum
1125 3024 1195 3078 ab
1242 3022 1857 3090 omnibus'Catholicis,
1890 3035 2007 3081 tum

421 3113 584 3166 etiam
615 3113 891 3170 haereticis
918 3116 1326 3185 receptissimas
1344 3114 1538 3182 fuisse,
1562 3116 1780 3171 etinter
1800 3118 2004 3190 scripta
2034 3145 2080 3207 ο

422 3205 690 3260 catholica
723 3206 902 3275 primo
931 3208 1053 3263 loco
1093 3219 1433 3264 numeratas.
1471 3207 1529 3263 Si
1562 3210 1729 3281 igitur
1753 3211 1851 3266 bas
1874 3226 2006 3267 con-

420 3293 703 3362 demnare,
740 3297 1016 3369 simulque
1062 3299 1294 3354 debitam
1330 3302 1621 3370 majoribus
1657 3305 2006 3357 reverentiam

423 3395 703 3454 praestare,
750 3398 804 3445 et
847 3391 1089 3460 seipsum
1134 3392 1415 3462 diligenter
1446 3409 1673 3464 purgare
1718 3395 2003 3461 voluisset,

422 3490 488 3532 eo
522 3482 694 3550 magis
734 3482 817 3536 sui
851 3482 1048 3552 judicii
1080 3499 1304 3540 causam
1340 3484 1565 3540 reddere
1607 3487 1927 3555 tenebatur,
1959 3488 2004 3543 si

424 3579 484 3624 ut
513 3587 739 3641 prorsus
761 3575 1140 3645 supposititias
1169 3586 1223 3632 et
1248 3578 1403 3632 ﬁctas
1435 3578 1772 3648 abjiciendas
1801 3580 2005 3649 patius,

422 3677 585 3732 quam
612 3664 968 3737 interpolatas
1003 3679 1057 3724 et
1099 3681 1290 3725 auctas
1334 3671 1670 3739 respuendas
1698 3673 2003 3743 iudicaret;

423 3756 778 3824 tnterpolatas
810 3760 955 3813 enim
981 3769 1035 3814 et
1063 3762 1283 3830 spurias
1308 3763 1469 3831 pauci
1509 3772 1637 3819 tunc
1671 3780 1737 3819 ac
1776 3764 2006 3819 moder-

426 3845 519 3908 ni,
550 3860 645 3899 eas
672 3859 852 3901 autem
884 3865 1023 3917 quas
1056 3850 1321 3917 genuinas
1360 3859 1642 3920 putamus,
1679 3864 1735 3907 et
1784 3854 2006 3924 plurimi

425 3944 477 3989 et
510 3936 868 3991 vetustissimi
902 3948 1238 4007 receperant.
1269 3938 1375 3993 Sed
1410 3956 1594 3995 revera
1617 3950 1678 3996 ut
1712 3944 2005 4013 quisquam

426 4026 518 4093 qui
551 4024 852 4080 indiculum
882 4035 1090 4080 tantum
1133 4027 1248 4083 sive
1291 4030 1672 4102 ἀπαρίθμησιν
1694 4075 1709 4101 ,
1743 4018 2006 4092 ιη’(ἶταθοὶ

426 4116 749 4186 loquuntur,
792 4117 1028 4174 confecit
1069 4118 1332 4174 librorum
1364 4123 1758 4177 canonicorum
1792 4134 1846 4179 et
1873 4141 2008 4195 apo-

428 4210 792 4281 cryphorum,
837 4211 905 4266 de
938 4221 1135 4267 natura
1166 4213 1433 4269 librorum
1465 4229 1606 4285 quos
1643 4226 1855 4272 tantum
1905 4236 2007 4274 nu-

428 4311 621 4367 merat,
648 4300 988 4372 disputaret,
1017 4315 1114 4361 aut
1142 4306 1209 4362 de
1243 4308 1429 4379 aliquo
1473 4310 1741 4379 peculiari
1778 4313 2003 4384 scripto,

362 4402 365 4405 ‘
425 4402 527 4447 Cur
556 4406 621 4444 eo
647 4390 768 4446 loco
788 4405 1103 4463 poneretur,
1124 4398 1391 4452 rationem
1419 4399 1669 4455 redderet
1694 4443 1709 4469 ,
1740 4402 2006 4459 hactenus

2105 1912 2199 1967 bus
2228 1922 2545 1983 praeceptum
2588 1913 2736 1966 nobis
2783 1922 2880 1975 est,
2930 1922 2985 1965 ut
3032 1914 3333 1965 earumdem
3378 1924 3683 1966 sanctorum

2105 2005 2464 2073 apostolorum
2496 2020 2587 2074 per
2621 2002 2937 2059 Clementem
2970 2003 3374 2056 constitutiones
3403 2004 3686 2072 suscipere-

2106 2114 2245 2163 mus,
2279 2106 2384 2151 etc.
2419 2094 2538 2149 Non
2571 2095 2736 2166 igitur
2764 2102 2882 2149 erat.
2919 2111 3017 2149 cur
3057 2095 3126 2149 ab
3154 2095 3411 2164 exemplo
3459 2095 3684 2149 canonis

2105 2188 2323 2243 concilii
2353 2185 2623 2252 Trullani,
2674 2200 2799 2240 cum
2850 2184 3094 2239 lndiculo
3140 2200 3428 2255 perperam
3482 2185 3683 2247 collati,

2105 2278 2481 2334 defensionem
2510 2276 2757 2344 Usserii,
2782 2285 3064 2348 tantopere
3104 2292 3133 2330 a
3164 2292 3223 2331 se
3255 2277 3537 2331 laudatam
3557 2319 3572 2343 ,
3605 2293 3685 2330 re-

2102 2372 2297 2442 jiceret
2335 2371 2590 2427 Dallazus.

2179 2463 2283 2518 Sed
2311 2464 2575 2533 quidquid
2607 2465 2700 2529 sit,
2726 2479 2826 2517 nec
2857 2463 3097 2517 auctoris
3139 2460 3568 2530 Stichometritz,
3596 2479 3693 2519 nec

2109 2555 2423 2626 interpretis
2468 2556 2748 2611 Anastasii
2792 2555 3103 2609 testimonia
3145 2556 3540 2611 auctoritatem
3582 2556 3693 2626 epi-

2108 2650 2373 2704 stolarum
2424 2649 2483 2703 S.
2536 2648 2729 2720 lgnatii
2776 2649 2860 2704 vel
2907 2648 3174 2703 tantillum
3219 2648 3499 2704 minuunt.
3548 2648 3699 2720 Nego

2108 2740 2254 2793 enim
2291 2739 2441 2794 illius
2467 2740 2730 2810 epistolas
2757 2738 2810 2793 in
2862 2738 2965 2793 boc
3003 2737 3250 2794 lndiculo
3278 2740 3363 2794 vel
3394 2741 3691 2807 nominari,

2108 2834 2192 2888 vel
2224 2834 2399 2900 innui,
2430 2834 2515 2888 vel
2544 2834 2743 2904 quovis
2764 2833 2926 2888 modo
2953 2832 3239 2887 contineri.
3266 2831 3462 2901 lgnatii
3496 2848 3694 2887 nomen

2109 2926 2274 2982 audio
2295 2968 2310 2991 ,
2344 2926 2605 2997 epistolas
2637 2941 2745 2980 non
2782 2926 2903 2995 lego
2934 2943 2945 2978 :
2978 2924 3132 2978 video
3164 2924 3218 2978 in
3268 2924 3479 2980 Graecis
3523 2924 3695 2993 Ἰγναιι

2108 3016 2247 3079 τίου,
2271 3018 2324 3070 in
2355 3014 2569 3070 Latinis
2596 3014 2825 3086 Ignatii,
2856 3029 3035 3084 neque
3072 3014 3310 3085 amplius
3342 3015 3647 3085 quidquam
3679 3035 3693 3070 :

2110 3108 2301 3162 volunt
2324 3106 2633 3163 Salmasius
2664 3116 2718 3162 et
2758 3107 2992 3161 Dallaaus
3019 3104 3215 3177 lgnatii
3243 3106 3430 3160 omnia
3470 3106 3695 3177 intelligi

2109 3201 2327 3255 debere.
2364 3200 2419 3255 Id
2449 3214 2581 3254 vero
2624 3198 2761 3253 mihi
2800 3213 2923 3253 esse
2955 3198 3168 3251 videtur
3197 3196 3265 3251 ab
3295 3197 3447 3251 omni
3486 3198 3701 3251 ratione

2108 3293 2526 3349 alienissimum.
2585 3290 2802 3345 llccitat
2858 3299 3050 3345 auctor
3092 3288 3265 3342 libros
3306 3284 3446 3341 Novi
3503 3279 3701 3343 Testa;

2108 3382 2276 3437 menti
2309 3381 2635 3447 canonicos,
2666 3379 2864 3435 dubios
2909 3387 2963 3433 et
3004 3378 3348 3449 apocryphos
3378 3396 3393 3432 :
3436 3379 3707 3449 epistolas.

2109 3487 2139 3526 a
2192 3471 2251 3526 S.
2300 3470 2533 3542 lgnatio,
2566 3469 2805 3525 instante
2851 3469 3140 3539 martyrio,
3188 3466 3465 3536 scriptas,
3510 3470 3595 3523 vel
3632 3468 3699 3521 ad

2110 3564 2432 3635 martyrium
2467 3560 2749 3619 festinanti
2781 3560 3131 3631 suppositas,
3165 3575 3267 3615 nec
3297 3560 3442 3614 inter
3472 3562 3699 3615 canoni-

2109 3648 2235 3727 cas,’
2262 3678 2363 3716 nec
2387 3659 2607 3726 dubias,
2652 3673 2754 3714 nec
2787 3657 3135 3728 apocryplias
3164 3656 3478 3726 scripturas
3506 3673 3701 3711 nume-

2110 3754 2219 3807 rari
2270 3761 2418 3808 recte
2468 3750 2715 3821 potuisse
2761 3751 3057 3807 contendo.
3096 3748 3317 3804 Scimus
3355 3763 3388 3803 a
3439 3749 3701 3818 qualibus

2109 3846 2244 3899 viris
2273 3844 2515 3915 profecta
2541 3844 2909 3913 suntscripta,
2940 3858 3063 3913 qua:
3085 3841 3138 3895 in
3178 3856 3397 3895 sacrum
3428 3856 3700 3894 canonem

2110 3938 2533 4007 rccipiebantur,
2556 3936 2787 4002 scilicet,
2816 3938 2901 3990 vel
2926 3936 2995 3990 ab
3019 3932 3303 4004 apostolis,
3332 3931 3391 3987 S.
3418 3931 3702 3997 Matutam,

2110 4027 2168 4082 S.
2202 4025 2434 4092 Joanne,
2467 4023 2526 4080 S.
2562 4023 2755 4091 Paulo,
2790 4022 2849 4078 S.
2889 4023 3073 4087 Petro,
3103 4029 3157 4075 et
3186 4018 3421 4074 fortasse
3450 4018 3510 4072 S.
3543 4016 3705 4071 Jaco-

2108 4119 2179 4173 bo
2226 4127 2390 4192 atque
2422 4116 2481 4174 S.
2510 4116 2685 4185 Juda,
2729 4117 2815 4172 vel
2873 4117 2943 4171 ab
2985 4113 3359 4185 apostolorum
3410 4109 3705 4180 discipulis

2108 4224 2271 4284 atque
2293 4214 2587 4269 comitibus
2611 4254 2627 4279 ,
2659 4212 2850 4268 eodem
2898 4210 3094 4280 spiritu
3125 4206 3351 4269 amatis,
3410 4203 3473 4259 S.
3517 4205 3705 4259 Marco

2108 4315 2272 4376 atque
2303 4304 2362 4361 S.
2392 4305 2563 4362 Luca.
2599 4305 2671 4360 De
2696 4305 2763 4360 iis
2786 4319 2909 4374 qua:
2934 4302 3039 4358 sub
3062 4298 3286 4354 nomine
3321 4299 3709 4367 apostolorum

2109 4401 2314 4468 scripta
2348 4408 2497 4466 sunt,
2532 4397 2830 4468 aliquando
2861 4393 3205 4459 dubitabant,
3252 4400 3306 4446 et
3351 4407 3502 4446 nunc
3541 4393 3707 4447 laesi--

429 4482 586 4566 plane
630 4483 936 4539 inauditum
991 4499 1093 4543 est.
1141 4488 1336 4559 Dispar
1364 4491 1530 4560 igitur
1553 4492 1713 4562 plane
1756 4496 1897 4550 ratio
1924 4507 2007 4551 est
2040 4502 2081 4559 D
2112 4497 2314 4556 taliter,
2359 4504 2505 4544 nunc
2537 4497 2723 4559 aperte
2757 4495 2813 4541 et
2858 4484 3184 4555 simpliciter
3227 4480 3575 4550 rejiciebant.
3626 4480 3708 4537 De

429 4570 657 4631 canonis
704 4571 987 4640 Trullani,
1032 4585 1088 4632 et
1132 4579 1385 4648 lndiculi,
1443 4581 1560 4637 sive
1590 4580 2001 4641 Stichometria’.

431 4657 521 4725 Ut,
569 4662 613 4715 si
652 4661 838 4720 Patres
877 4666 1022 4724 illius
1070 4671 1285 4725 concilii
1334 4688 1568 4743 purgare
1612 4690 1671 4730 se
1708 4678 2003 4743 voluerint,

431 4750 571 4819 idem
598 4753 759 4818 etiam
795 4756 862 4819 ab
888 4769 1116 4815 auctore
1148 4762 1312 4832 hujus
1344 4762 1575 4821 lndiculi
1619 4769 1779 4825 nobis
1812 4787 2009 4842 exspe-

431 4844 685 4912 ctandum
719 4864 826 4903 non
855 4850 949 4906 sit.
984 4851 1090 4908 Sed
1124 4870 1223 4909 nec
1254 4856 1383 4911 illud
1414 4874 1603 4913 verum
1638 4871 1721 4916 est
1750 4864 1895 4931 quod
1918 4880 2007 4919 as-

431 4935 562 4990 serit
596 4935 855 5006 Dallaaus,
902 4940 1093 5000 Patres
1143 4944 1467 5014 Trullanos,
1524 4950 1645 5007 ideo
1690 4955 2006 5023 rejectionis

431 5025 899 5092 Gonstitutionum
949 5036 1214 5094 rationem
1257 5040 1595 5109 reddidisse,
1641 5054 1701 5098 ut
1732 5045 2003 5114 judicium

431 5134 589 5185 suum
621 5130 946 5191 purgarent;
975 5125 1133 5189 aliter
1159 5128 1304 5181 enim
1329 5132 1554 5186 omnino
1583 5148 1642 5187 se
1674 5151 1761 5189 res
1792 5135 2004 5200 habuit,

433 5211 577 5278 quod
629 5213 880 5282 ignorare
922 5214 1157 5275 Dallznus
1206 5235 1311 5273 non
1364 5224 1559 5292 potuit.
1611 5223 1835 5294 Recepit
1874 5226 2006 5282 illud

433 5303 724 5359 concilium
752 5306 821 5362 85
846 5323 1087 5367 canones
1116 5314 1470 5383 apostolicos,
1496 5324 1758 5386 tanquam
1785 5318 1851 5371 ab
1874 5318 2007 5388 ipsis

433 5394 694 5458 apostolis
718 5398 951 5456 dictatos
984 5421 999 5457 :
1033 5404 1294 5460 videbant
1334 5407 1389 5461 in
1441 5408 1635 5462 ultimo
1672 5423 1863 5463 eorum
1911 5424 2003 5463 ca-

434 5496 639 5537 nonum
676 5497 798 5544 octo
820 5492 990 5550 libros
1012 5495 1480 5553 Constitutionum
1518 5498 1830 5555 conﬁrmari
1881 5501 2010 5569 (nu-

435 5586 716 5633 merantur
747 5584 889 5638 enim
916 5586 1057 5644 inter
1088 5590 1266 5659 βιϐλία
1301 5591 1569 5661 σεϐάσμιοι
1601 5591 1693 5643 καὶ
1726 5591 1876 5660 ἅγια,
1908 5593 2007 5648 ad-

435 5667 639 5724 duntur
680 5674 902 5743 scriptis
947 5683 1298 5747 apostolicis,
1348 5680 1507 5736 Novi
1536 5680 1909 5748 Tcstamenti,
1955 5685 2007 5736 αἱ

435 5760 685 5833 mureti
717 5764 845 5836 ὑμῖν
879 5770 986 5831 τοῖς
1022 5772 1339 5834 ἐπισκόποις
1361 5773 1424 5824 δι’
1461 5774 1593 5844 ἐμοῦ
1621 5773 1932 5845 Κλήμεντος
1953 5778 2007 5829 ἐν

2108 4581 2178 4636 iis
2205 4597 2327 4651 qua:
2354 4598 2383 4635 a
2406 4580 2691 4650 discipulis
2719 4586 2814 4633 aut
2845 4577 3141 4633 comitibus
3170 4574 3576 4645 apostolorum,
3608 4573 3706 4644 qui

2108 4674 2245 4728 vivis
2301 4674 2567 4743 apostolis
2612 4670 2854 4726 defuncti
2901 4678 3063 4733 sunt,
3116 4668 3260 4723 edita
3313 4666 3489 4721 fuisse
3521 4668 3719 4737 primo

2108 4762 2465 4832 putabantur,
2505 4762 2831 4817 dubitabant
2856 4776 2926 4816 an
2954 4761 3022 4815 ab
3061 4759 3253 4814 eodem
3287 4758 3485 4827 spiritu
3519 4758 3708 4827 profc-

2108 4865 2195 4908 cta
2222 4854 2273 4907 in
2306 4855 2558 4908 eumdem
2599 4868 2868 4908 canonem
2900 4867 3025 4906 cum
3068 4850 3179 4905 illis
3226 4847 3284 4903 S.
3318 4847 3482 4904 Lucas
3536 4860 3708 4919 atque

2113 4945 2170 5000 S.
2202 4945 2368 5000 Marci
2401 4946 2565 5014 recipi
2591 4944 2870 5010 deberent,
2904 4952 2965 4997 ut
3008 4944 3075 4997 de
3099 4942 3398 5007 Clemente,
3441 4942 3719 5007 Barnaba,

2108 5046 2163 5090 et
2193 5034 2392 5089 Herma
2422 5035 2598 5104 primo
2622 5034 2915 5103 qua-situm
2946 5042 3048 5087 est.
3082 5031 3277 5087 Postea
3309 5031 3475 5086 etiam
3510 5033 3703 5103 aliqua

2109 5128 2433 5182 dicebantur
2456 5126 2524 5180 ab
2556 5126 2690 5195 ipsis
2718 5126 2982 5195 apostolis
3011 5125 3237 5190 dictata,
3265 5133 3321 5178 et
3344 5140 3372 5178 a
3402 5125 3704 5199 discipulis

2110 5222 2227 5277 suis
2249 5235 2316 5274 ex
2352 5219 2721 5289 apostolorum
2769 5228 3041 5287 praecepto
3088 5217 3313 5286 scripta,
3359 5225 3416 5272 et
3454 5229 3582 5286 post
3610 5234 3705 5273 eo:

2109 5328 2231 5367 rum
2268 5320 2497 5365 mortem
2527 5309 2667 5363 forte
2696 5310 2973 5379 divulgata
3001 5349 3017 5374 ,
3050 5310 3117 5364 de
3147 5308 3349 5379 quibus
3378 5324 3605 5364 rursum
3641 5311 3704 5366 in

2112 5403 2352 5458 Ecclesia
2376 5401 2684 5456 dubitatum
2708 5409 2792 5455 est
2818 5419 2832 5468 ;
2864 5412 2918 5455 et
2947 5417 3013 5455 ex
3043 5401 3151 5455 illis
3185 5399 3295 5453 τῶν
3334 5399 3703 5472 ἀντιλεγομέ-

2110 5514 2215 5550 νων
2255 5503 2306 5550 et
2352 5494 2460 5547 τῶν
2493 5492 2826 5565 ἀποκρύφων
2860 5492 3087 5548 lndiculi
3132 5491 3367 5547 confecti
3415 5504 3566 5547 sunt.
3599 5492 3717 5548 Illa.

2111 5588 2279 5659 igitur
2306 5587 2509 5656 scripta
2535 5630 2549 5653 ,
2596 5602 2718 5655 qua:
2760 5601 2885 5641 cum
2928 5586 3107 5655 primo
3150 5584 3526 5653 apparebant,
3572 5594 3705 5639 tan—

2110 5696 2273 5751 quam
2306 5680 2362 5733 S.
2398 5679 2693 5749 Scriptura:
2721 5690 2902 5749 partes
2933 5677 3361 5745 accipiebantur,
3393 5677 3463 5731 ab
3493 5678 3705 5747 aliqui-

2114 5776 2215 5831 bus
2254 5782 2440 5845 postea
2483 5785 2715 5845 negata.
2768 5772 2908 5827 inter
2949 5768 3339 5849 ἀντιλεγόμενα
3385 5768 3699 5835 haeserunt,
