3786 6314
99 278 181 333 129
814 274 868 331 'J.
912 272 1280 329 PEARSONII
1320 270 1641 328 VINDICUE
1682 271 2104 328 ICNATIANA‘J.
2145 303 2213 313 ασ-
2254 273 2434 330 PARS
2474 272 2513 327 1.

3216 278 3318 332 150

98 412 195 467 qua:
222 394 283 449 ab
320 394 568 449 omnibus
611 411 642 448 a
685 410 897 450 canone
930 396 1129 467 rejecta
1153 437 1169 461 ,
1211 396 1267 448 in
1298 395 1630 465 apocryphis
1661 401 1701 455 A
1733 395 1825 449 tici
1873 403 1968 448 aut
2001 394 2144 449 male
2198 393 2377 449 feriati
2410 393 2685 458 homines,
2716 392 2891 448 sacris
2932 392 3173 447 oraculis
3213 395 3320 448 ιιιί-

98 484 503 538 munerabantur.
532 484 625 537 Illa
660 500 808 551 vero,
836 501 959 555 quae
988 486 1053 539 ad
1097 485 1298 539 divina:
1332 483 1631 553 Scriptura:

96 594 323 632 canoncm
358 593 635 646 nunquam
665 579 1017 648 aspirabant,
1051 595 1173 648 qua:
1218 577 1628 648 quamprimum

96 671 265 738 scripta
293 677 435 732 sunt,
466 669 669 739 diuque
694 679 903 739 postea,
939 686 1047 724 non
1081 678 1140 722 ut
1183 668 1450 723 canonica
1474 709 1490 733 ,
1533 669 1627 722 sed

95 760 322 814 catholica
350 769 557 814 tantum
585 760 1014 829 recipiebantur,
1051 776 1225 831 neque
1254 760 1395 813 inter
1423 758 1631 812 ἀντιλε-

94 854 297 921 γάμενα,
329 867 501 921 neque
549 853 689 907 inter
728 855 1037 923 apocrypha
1091 853 1367 908 numerari
1414 853 1630 907 saeculis

96 944 405 1014 sequentibus
438 953 749 1012 potuerunt.
768 942 905 998 Cum
933 944 1359 1015 igiturepistola:
1387 944 1444 997 S.
1475 943 1629 1015 lgna-

97 1035 143 1087 tii
164 1044 268 1103 post
290 1037 530 1089 omnium
559 1035 935 1105 apostolorum
972 1043 1228 1098 mortem,
1252 1052 1317 1089 ex
1337 1038 1627 1091 occasione

97 1133 273 1179 tantum
302 1126 577 1197 martyrii,
616 1135 667 1179 et
710 1126 763 1179 in
806 1125 1001 1179 itinere
1039 1126 1222 1180 subito
1260 1126 1447 1180 ell‘usa:
1475 1127 1584 1181 sint
1609 1166 1624 1190 ,

95 1238 195 1275 cum
235 1238 262 1276 a
299 1222 625 1277 Christianis
668 1236 768 1292 pro
812 1222 1032 1292 scriptis
1086 1222 1262 1277 sancti
1313 1223 1416 1276 viri
1461 1232 1627 1293 atque

97 1318 311 1389 martyris
341 1318 718 1371 tantummodo
747 1327 1005 1386 acceptor,
1039 1333 1139 1371 nec
1166 1334 1446 1387 unquam,
1477 1318 1623 1387 quod

97 1412 288 1472 scimus,
318 1412 367 1462 in
392 1409 634 1465 Ecclesia
667 1411 817 1464 Iecur
839 1410 968 1473 sint,
994 1410 1180 1465 nescio
1208 1412 1486 1481 quomodo
1515 1411 1627 1465 cui-

97 1516 231 1569 quam
260 1500 307 1553 in
340 1509 575 1554 mentem
605 1500 789 1555 venire
815 1500 1074 1570 potuerit,
1120 1509 1180 1555 ut
1209 1516 1304 1556 eas
1343 1502 1396 1556 in
1428 1518 1619 1557 mune-

98 1606 146 1642 ro
177 1591 590 1662 apocryphorum
621 1589 754 1646 Novi
781 1590 1115 1647 Testamenti
1143 1602 1477 1650 numeraret.

151 1682 268 1747 Quid
298 1683 479 1751 igitur,
512 1682 748 1754 inquies,
783 1683 915 1738 facit
946 1684 999 1737 in
1029 1683 1273 1738 lndiculo
1304 1684 1495 1758 lgnatii
1522 1703 1621 1741 tto--

1734 488 1880 542 nime
1921 487 2197 551 contenti,
2237 488 2376 541 tales
2423 486 2642 557 διδαχάς
2670 496 2723 541 ct
2768 485 3116 549 διδασκαλίας
3164 501 3317 541 com-

1732 579 1898 633 menti
1934 588 2081 633 sunt.
2117 578 2248 644 Qua:
2293 580 2429 633 nulli
2473 588 2625 634 certo
2658 578 2965 648 aposto'ico
2997 579 3114 631 viro
3146 577 3325 631 :tscri‘

1731 672 1981 735 hebatnr,
2015 671 2159 726 dicta
2184 682 2266 727 est
2291 673 2481 743 διδαχή
2515 674 2600 726 vel
2625 670 2945 726 διδασκαλία
2979 670 3319 737 ἀποστόλων,

1731 781 1852 835 qua:
1875 766 1943 819 ab
1967 766 2152 834 aliquo
2176 766 2545 835 apostolorum
2564 765 2833 835 discipulo
2860 766 3062 834 scripta
3091 765 3322 833 putaba-

1730 868 1839 923 tur,
1873 859 1993 928 ejus
2026 872 2222 911 nomen
2252 874 2359 927 pra:
2394 873 2453 913 se
2485 856 2710 923 ferebat,
2742 867 2799 912 ut
2831 857 3147 911 διδασκαλία
3182 857 3321 927 Κλή-

1734 968 1948 1021 μεντος,
1982 951 2066 1005 vel
2088 949 2176 1002 διὰ
2209 948 2547 1020 Κλήμεντος,
2588 966 2710 1019 qua:
2746 950 2992 1004 omnium
3026 950 3190 1018 hujus
3220 964 3317 1019 ge-

1732 1044 1879 1097 neris
1914 1043 2307 1113 antiquissima
2331 1042 2561 1096 videtur.
2583 1040 2662 1095 Ad
2689 1042 2854 1112 hujus
2878 1050 3059 1096 autem
3090 1040 3322 1095 formam

1728 1137 1918 1191 edicta:
1948 1144 2078 1190 sunt
2105 1145 2158 1191 et
2190 1136 2309 1189 alize
2337 1135 2650 1204 complures
2685 1134 2920 1188 diversis
2965 1134 3183 1188 saeculis
3226 1149 3324 1187 ex-

1729 1231 1985 1297 cogitatm
2009 1236 2172 1298 atque
2200 1230 2500 1295 evulgatze;
2556 1234 2613 1279 ut
2659 1225 2976 1278 διδασκαλία
3026 1224 3321 1293 Ίγνατίου,

1734 1321 1801 1374 dc
1825 1336 1933 1389 qua
1968 1320 2229 1383 diximus,
2262 1329 2315 1373 et
2335 1316 2652 1371 διδασκαλία
2684 1315 2771 1368 διά
2810 1314 3154 1376 Ἱππολύτου,
3189 1330 3325 1367 non-

1731 1408 1860 1462 dnm
1887 1423 1915 1461 a
1946 1408 2206 1477 quopiam
2238 1407 2547 1473 observata,
2578 1422 2746 1476 quam
2785 1405 2838 1459 in
2867 1404 3057 1459 codice
3096 1421 3200 1458 ms.
3242 1404 3325 1458 bi-

1727 1498 2013 1554 bliotheca:
2054 1496 2384 1553 Oxoniensis
2413 1498 2581 1553 latere
2615 1507 2903 1552 testamur.
2944 1494 3131 1567 Neque
3175 1497 3322 1551 enim

1725 1589 1983 1657 deerant‘,
2039 1591 2132 1659 qui
2186 1589 2539 1661 Hippolytum
2597 1589 2731 1659 ipsis
2800 1597 2990 1643 notum
3056 1589 3326 1659 apostolis

1726 1681 2102 1750 praedicarent.
2133 1681 2274 1747 Quin
2306 1690 2360 1736 et
2389 1681 2551 1735 talem
2594 1680 2815 1751 διδαχὴν
2851 1680 3017 1734 etiam
3059 1678 3117 1733 S.
3162 1678 3325 1749 Poly-

98 1774 228 1826 men?
257 1772 448 1829 Facilis
500 1784 557 1829 et
602 1775 854 1845 expedita
910 1776 1217 1846 responsio.
1259 1775 1379 1833 Non
1429 1779 1483 1833 in
1530 1771 1636 1836 line
1667 1767 1708 1821 Β
1737 1790 1904 1845 carpo
1953 1776 2275 1829 attributam
2324 1774 2493 1830 fuisse
2528 1790 2635 1828 non
2678 1774 2887 1829 dubito.
2940 1772 3103 1827 Tales
3159 1779 3325 1827 erant

98 1875 293 1933 tantum,
320 1867 412 1920 sed
437 1868 570 1921 etin
604 1868 714 1923 alio
750 1866 996 1922 lndiculo
1028 1882 1226 1922 nomen
1251 1868 1636 1940 lgnatiireper-

99 1961 221 2024 itur;
280 1967 332 2013 et
382 1974 519 2013 sane
565 1960 706 2013 ratio
754 1958 968 2025 suadet,
1018 1958 1089 2013 ob
1128 1959 1375 2013 eamdem
1411 1974 1633 2015 causam

102 2051 311 2104 eumdem
345 2051 396 2105 in
430 2061 668 2122 utroque
716 2051 1012 2105 nominari.
1061 2049 1342 2107 lndiculus
1384 2051 1476 2107 ille
1530 2068 1633 2107 ms.

98 2148 243 2194 exstat
277 2140 412 2195 inter
440 2142 615 2196 libros
644 2140 1011 2196 Baroccianos
1054 2140 1106 2194 in
1152 2139 1489 2198 Bibliotheca
1531 2159 1635 2212 pu-

101 2231 208 2284 blica
232 2229 415 2285 Oxonii
441 2274 457 2299 ,
495 2231 565 2285 de
604 2247 713 2302 quo
754 2233 968 2287 monuit
1014 2231 1307 2301 Usserius,
1360 2249 1636 2304 quemque

102 2338 178 2377 nos
218 2324 461 2378 vidimus.
510 2323 568 2377 In
604 2325 695 2378 illo
728 2324 870 2379 inter
917 2323 1153 2395 plurima
1191 2324 1503 2396 apocrypha
1535 2343 1637 2378 nu-

103 2425 338 2468 merantur
361 2414 583 2483 Διδαχαὶ
621 2415 731 2469 τῶν
758 2414 1094 2479 ἀποστόλων,
1135 2414 1465 2469 Διδασκαλία
1491 2415 1638 2488 Κλή-

105 2523 284 2574 μεντος,
330 2506 589 2574 Ἰγνατίου
632 2505 977 2559 Διδασκαλία.
1022 2503 1094 2559 Ut
1138 2515 1323 2560 autem
1361 2505 1508 2560 aliud
1554 2516 1638 2560 est

102 2597 374 2651 Διδασκαλία
398 2598 481 2652 vel
516 2599 715 2671 Διδαχὴ
753 2597 1071 2663 Clementis,
1101 2598 1248 2652 aliud
1280 2598 1534 2668 epistola,
1562 2599 1637 2653 ita

103 2701 143 2744 et
167 2690 350 2760 lgnatii.
384 2691 489 2747 Sed
523 2693 711 2747 eodem
749 2691 912 2745 modo
952 2690 1309 2761 supplendam
1338 2700 1395 2746 et
1437 2691 1636 2745 intelli-

104 2782 292 2850 gendam
341 2783 776 2837 Stichometriam
817 2792 1063 2836 nostram
1102 2797 1341 2837 censeo:
1390 2782 1631 2849 scilicet,

102 2871 259 2946 Διδαχὴ
290 2875 630 2939 ἀποστόλων,
678 2875 999 2945 Κλήμεντος
1049 2874 1339 2945 (διδαχὴ),
1374 2875 1635 2944 Ἰγνατίου

104 2963 309 3035 (διδαχή),
338 2978 393 3022 ut
422 2968 517 3021 illa
544 2984 647 3022 vox
671 2966 879 3038 διδαχή,
908 2965 1065 3037 quasi
1090 2966 1198 3019 ἀπὸ
1230 2965 1407 3020 κοινοῦ
1442 2967 1635 3023 subin-

104 3057 348 3128 telligatur,
377 3061 527 3131 quod
561 3062 924 3131 scriptoribus
953 3059 1212 3114 omnibus
1250 3075 1511 3131 perquam
1548 3060 1632 3115 fa-

105 3148 276 3206 miliare
304 3164 401 3206 est.
446 3153 629 3223 Atque
679 3154 753 3208 ita
788 3152 919 3207 illud
958 3152 1024 3205 λ6
1052 3151 1319 3207 Clementi
1362 3154 1633 3225 adjectum

106 3240 145 3291 in
180 3240 390 3311 Graecis,
440 3254 495 3299 et
536 3245 607 3299 ab
638 3246 933 3299 Anastasio
983 3245 1437 3315 praetermissum,
1498 3246 1636 3301 nihil

106 3331 217 3385 aliud
239 3332 405 3400 fuerit,
430 3352 598 3405 quam
631 3335 972 3391 abbreviatio
998 3335 1183 3406 aliqua
1208 3326 1359 3392 vocis
1385 3336 1571 3411 διδαχή
1604 3354 1635 3393 a

106 3426 288 3485 librario
311 3433 532 3485 minimc
558 3430 833 3486 intellecta
856 3438 909 3484 et
948 3429 1091 3483 male
1116 3428 1329 3499 depicta
1354 3471 1369 3495 ,
1405 3441 1499 3485 aut
1532 3447 1635 3484 nu-

107 3534 252 3575 merus
278 3525 659 3592 capitulorum,
690 3540 811 3593 qua:
834 3523 887 3578 in
919 3522 1010 3577 illa
1045 3522 1349 3577 Didascalia
1386 3524 1637 3577 contine—

110 3609 281 3667 bantur.
329 3612 396 3669 Ut
438 3615 788 3685 Coptitarum
828 3612 1136 3669 Didascalia
1163 3652 1178 3678 ,
1215 3628 1383 3683 quam
1435 3611 1634 3668 factam

108 3705 329 3759 tradunta
351 3708 643 3762 duodecim
677 3707 941 3777 apostolis
961 3748 975 3773 ,
1004 3721 1128 3761 cum
1163 3703 1220 3759 S.
1258 3704 1428 3759 Paulo
1458 3716 1511 3761 et
1539 3704 1636 3762 Jac

109 3796 215 3850 robo
252 3797 742 3871 Hierosolymorum
778 3798 1055 3869 episcopo,
1091 3798 1407 3853 continebat
1448 3798 1517 3853 58
1546 3814 1638 3854 ca-

110 3889 270 3955 pitula,
316 3903 368 3947 et
407 3894 798 3949 abbreviatura
838 3893 1071 3948 solemni
1118 3892 1404 3947 dicebatur
1454 3891 1635 3960 Dask,

109 3986 516 4050 quemadmodum
551 4002 621 4041 ex
675 4002 779 4041 ms.
808 3986 998 4040 codice
1024 3983 1367 4040 Baroceiano
1395 3994 1634 4039 constat.

110 4074 215 4130 Cum
259 4081 390 4134 enim
438 4082 496 4134 in
540 4080 727 4149 :altero
764 4079 1013 4134 lndiculo
1066 4078 1330 4148 ἰγνατίου
1374 4078 1635 4131 διδασκα-

110 4164 201 4219 λίαν
232 4171 288 4223 ad
319 4173 625 4244 apocrypha
652 4172 935 4226 videamus
970 4171 1265 4243 relegatam
1286 4212 1300 4236 ,
1326 4170 1458 4240 quid
1488 4169 1637 4224 aliud

112 4265 314 4331 estquod
352 4266 404 4319 in
439 4274 637 4320 nostro
669 4265 737 4319 ad
775 4279 976 4319 nomen
1013 4260 1275 4332 Ἰγνατίου
1320 4262 1637 4316 subintelli-

113 4363 234 4420 gatur
272 4358 639 4430 (subintelligi
684 4357 834 4412 enim
879 4355 1088 4426 aliquid
1132 4356 1362 4410 omnino
1407 4354 1635 4424 debet),

1737 1866 2045 1937 antiquitus
2070 1867 2358 1937 evulgatrc,
2390 1866 2549 1937 quasi
2575 1866 2644 1920 ab
2674 1866 2940 1935 apostolis
2970 1865 3230 1918 derivata:
3248 1864 3323 1917 δι-

1735 1956 1896 2027 δαχαὶ
1926 1967 2091 2029 atque
2110 1958 2402 2024 διατάξεις.
2436 1957 2593 2024 Nam,
2624 1967 2681 2011 ut
2710 1965 2857 2012 recte
2889 1957 2947 2012 S.
2989 1957 3325 2029 Chrysosto-

1738 2065 1883 2118 mus,
1914 2048 2023 2102 τῶν
2056 2050 2397 2121 πραγμάτων
2429 2049 2497 2103 τὰ
2534 2050 2631 2121 μὲν
2663 2049 3009 2113 διδασκαλίας
3039 2049 3231 2113 δεῖται,
3255 2048 3325 2103 τὰ

1735 2144 1792 2197 δὲ
1813 2143 2101 2213 ἐπιταγῆς,
2134 2143 2258 2197 alia:
2286 2159 2366 2196 res
2395 2142 2670 2206 docentur,
2704 2141 2830 2195 alia:
2864 2141 3210 2195 mandantur.
3242 2139 3320 2194 Ex

1739 2235 1847 2290 illis
1895 2234 2247 2300 didascaliaa,
2293 2250 2359 2288 ex
2399 2234 2486 2289 his
2549 2232 2969 2288 constitutiones
3002 2232 3327 2302 prodierunt

1738 2328 1852 2382 sive
1876 2326 2150 2391 διατάξεις
2181 2336 2241 2382 ut
2278 2325 2337 2381 S.
2373 2324 2599 2390 Paulus,
2631 2323 2649 2378 l
2678 2323 2807 2378 Cor.
2833 2341 2931 2389 vlt,
2966 2324 3032 2377 l7
3066 2342 3078 2378 :
3115 2324 3315 2389 οὕτως

1736 2420 1807 2473 ἐν
1844 2419 1974 2485 ταῖς
2014 2419 2401 2487 Ἐκκλησίαις
2433 2417 2658 2484 πάσαις
2689 2417 3108 2486 διατάσσομαι,
3140 2425 3194 2471 ct
3224 2432 3275 2471 xu
3305 2455 3320 2483 ,

1736 2512 1804 2565 51
1836 2531 1848 2565 :
1890 2514 1965 2566 Τὰ
1997 2510 2065 2564 δὲ
2091 2510 2294 2575 λοιπὰ,
2328 2510 2409 2576 ὠς
2437 2509 2514 2564 ἂν
2544 2510 2719 2574 ἔλθω,
2747 2508 3117 2577 διατάξομαι.

1809 2601 1879 2657 Ut
1923 2602 2088 2673 hujus
2135 2601 2537 2657 observationis
2584 2610 2789 2656 nostra:
2829 2600 3034 2662 veritas
3084 2599 3311 2653 ulterius

1737 2696 2067 2763 innotescat,
2100 2711 2163 2749 ex
2197 2694 2281 2749 his
2313 2692 2547 2747 diversis
2575 2691 2892 2747 didascaliis
2919 2700 3083 2761 atque
3117 2691 3323 2745 consli‘

1737 2789 2072 2854 tutionibus,
2107 2787 2279 2842 libros
2311 2794 2437 2841 octo
2480 2784 2949 2841 Constitutionum
2995 2783 3328 2853 apostolica-

1738 2898 1882 2946 rum,
1920 2896 2060 2952 quos
2087 2895 2233 2934 nunc
2265 2879 2553 2944 habemus,
2588 2876 2868 2932 conlectos
2904 2886 3066 2945 atque
3099 2889 3326 2930 consar-

1738 2974 1951 3028 cinatos
2013 2971 2206 3035 fuisse,
2255 2984 2505 3025 asserere
2555 2984 2663 3023 non
2716 2967 2926 3022 dubito.
2966 2964 3113 3021 Duos
3160 2965 3327 3035 hujus

1738 3065 1921 3137 operis
1953 3065 2142 3119 titulos
2174 3062 2401 3132 reperiri
2441 3060 2683 3117 fatentur
2712 3060 2816 3114 viri
2868 3058 3048 3124 docti,
3091 3073 3327 3128 quorum

1737 3174 1882 3214 unus
1905 3156 2202 3226 Διαταγαί,
2225 3153 2361 3208 alter
2384 3150 2687 3219 Καθολικὴ
2706 3150 3087 3204 διδασκαλία.
3114 3146 3331 3205 Utrius-

1736 3267 1844 3324 que
1878 3265 2020 3319 sa’pe
2046 3249 2101 3302 in
2135 3248 2269 3317 ipsis
2299 3245 2455 3301 libris
2478 3243 2682 3300 mentio
2714 3242 2792 3310 tit,
2816 3252 2871 3298 et
2892 3254 3051 3309 vetus
3079 3240 3323 3311 Epipha-

1736 3344 1814 3399 nii
1850 3340 2228 3396 testimonium
2274 3338 2467 3394 haeresi
2507 3336 2578 3390 80
2616 3335 2947 3406 sull‘ragatur
2992 3353 3005 3389 :
3060 3334 3171 3387 Καὶ
3202 3330 3333 3404 περὶΙ

1741 3436 1838 3508 μὲν
1870 3430 1963 3487 οὖν
1991 3434 2084 3485 τοῦ
2112 3431 2320 3501 γενείου
2355 3432 2412 3483 ὲν
2432 3433 2551 3492 ταῖς
2572 3427 2859 3491 Δια-τάξεσι
2888 3428 2995 3479 τῶν
3019 3426 3332 3479 ἀποστόλων

1738 3526 1937 3595 φάσκει
1963 3526 1991 3577 ὁ
2016 3524 2157 3587 θεῖος
2189 3522 2345 3591 λόγος
2383 3522 2479 3574 καὶ⁵
2512 3522 2546 3591 ὴ
2598 3518 2934 3571 διδασκαλία.
2978 3515 3047 3570 Et
3075 3517 3139 3568 de
3168 3516 3332 3569 barba

1738 3617 1949 3687 quidem
1980 3616 2033 3668 in
2059 3612 2541 3669 Constitutionibus
2571 3609 2933 3679 apostolorum
2960 3607 3198 3677 loquitur
3240 3607 3328 3658 di-

1738 3710 1889 3763 vinus
1918 3724 2088 3762 sermo
2129 3718 2180 3759 et
2214 3704 2480 3757 doctrina.
2529 3700 2607 3755 lta
2650 3700 2765 3767 ille,
2804 3699 2969 3753 verba
3002 3698 3180 3752 citans
3208 3711 3332 3765 qua:

1738 3816 1889 3856 nunc
1934 3798 2288 3870 reperiuntur
2320 3794 2417 3850 lib.
2461 3810 2506 3860 ι,
2540 3808 2663 3863 cap.
2696 3792 2751 3858 '5,
2798 3790 2959 3861 cujus
2994 3788 3118 3843 libri
3170 3787 3329 3841 initio

1738 3892 1943 3948 dictum
1973 3902 2089 3946 est:
2130 3887 2422 3944 Ἀκούσατε
2444 3883 2787 3940 διδασκαλίαν
2822 3883 2992 3955 ἱεράν.
3026 3881 3119 3937 Illa
3144 3890 3326 3935 autem

1738 3983 2001 4056 καθολικὴ
2029 3979 2344 4035 διδασκαλία
2374 3977 2620 4033 omnium
2655 3974 3115 4032 disdascaliarum
3147 3971 3321 4029 colica

1739 4076 1977 4131 ctionem
2004 4073 2265 4128 denotare
2290 4069 2527 4125 videtur.
2556 4066 2650 4122 lla:
2700 4076 2882 4123 autem
2910 4065 3224 4121 didascalia:
3247 4064 3332 4118 die

1739 4168 1915 4224 versis
1943 4165 2307 4237 temporibus,
2339 4173 2393 4219 et
2434 4161 2671 4217 diversis
2703 4161 2870 4215 etiam
2904 4157 3167 4215 Ecclesiae
3196 4172 3323 4227 par-

1740 4262 1919 4328 tibus‘,
1949 4259 2043 4315 ubi
2087 4254 2363 4314 distinctae
2400 4263 2559 4310 erant
2602 4252 2925 4308 traditiones
2970 4248 3329 4320 apostolicae,

1740 4354 1977 4423 scriptae,
2000 4350 2349 4406 occasionem
2377 4346 2649 4401 dederunt
2684 4340 3123 4399 consarcinatori
3160 4338 3331 4393 multa

113 4460 235 4513 quam
258 4449 465 4521 διδαχή;
498 4428 703 4504 etcum
734 4448 1050 4501 διδασκαλία
1083 4446 1401 4518 Κλήμεντος
1442 4448 1497 4500 in
1541 4447 1634 4502 illo

1809 4439 2067 4495 imutandi
2104 4436 2612 4508 interpolandique,
2659 4442 2719 4487 ut
2756 4433 2942 4488 omnia
2983 4428 3156 4501 ipsius
3212 4444 3331 4483 aevo

116 4538 245 4595 altero
269 4540 500 4598 lndiculo
529 4542 802 4614 prazcedat
824 4556 945 4596 eam
971 4539 1188 4611 lgnatii,
1219 4554 1319 4594 cur
1358 4540 1447 4594 hic
1469 4539 1636 4594 etiam

115 4632 371 4704 Κλήμεντος
401 4636 588 4707 διδαχή
619 4650 730 4690 non
762 4642 911 4689 recte
940 4633 1297 4704 intelligatur,
1332 4632 1636 4701 praasertim

116 4739 207 4777 cum
234 4730 487 4795 praecedat
513 4729 567 4782 in
602 4728 728 4791 hoc,
764 4736 822 4780 ut
856 4726 909 4780 in
943 4725 1136 4791 altero,
1170 4723 1372 4795 Διδαχὴ
1406 4723 1640 4777 ἀποστό-

112 4822 207 4871 λων.
238 4818 393 4875 Tanta
422 4831 508 4877 est
533 4822 586 4874 in
617 4830 848 4889 utroque
897 4818 1141 4872 lndiculo
1179 4816 1248 4871 ad
1278 4816 1423 4871 hanc
1472 4816 1641 4870 inter-

119 4912 421 4973 pretationem
455 4913 826 4967 roborandam
853 4910 1213 4980 conspiratio.

167 5000 282 5067 Quin
309 5015 357 5059 et
386 5022 476 5061 res
508 5007 624 5075 ipsa
664 5005 804 5059 idem
855 5003 1083 5058 omnino
1115 5003 1293 5057 docet.
1330 4998 1629 5055 Observan-

119 5093 215 5148 dum
239 5099 368 5153 enim
412 5109 530 5167 est,
572 5099 758 5169 plures
789 5098 930 5153 olim
953 5096 1230 5151 exstitisse
1254 5094 1495 5164 διδαχάς,
1524 5092 1642 5149 sive

117 5186 425 5259 διδασκαλίας,
457 5194 617 5263 quasi
646 5192 716 5247 ab
740 5190 1002 5262 apostolis
1033 5188 1308 5259 profectas
1328 5227 1343 5251 ,
1375 5196 1429 5241 et
1459 5186 1543 5240 vel
1572 5186 1640 5241 ab

122 5279 221 5345 il’sis
244 5286 458 5355 scriptas
483 5327 498 5352 ,
528 5286 611 5340 vel
654 5293 800 5339 certe
838 5283 973 5337 viris
1007 5280 1327 5352 apostolicis
1358 5280 1594 5334 dictatas
1621 5320 1639 5345 ,

121 5378 232 5431 etab
256 5380 351 5433 illis
378 5379 480 5434 sub
511 5377 891 5449 apostolorum
919 5375 1144 5428 nomine
1183 5383 1438 5427 exaratas
1462 5381 1516 5424 et
1541 5368 1643 5425 Ec-

125 5466 261 5522 clesia:
282 5472 704 5527 commendatos.
739 5470 875 5525 Cum
908 5467 1056 5523 enim
1083 5480 1244 5521 voces
1270 5464 1459 5534 διδαχή
1486 5472 1539 5516 et
1563 5463 1643 5515 δι·-

125 5556 333 5616 διςκαλία
372 5562 809 5635 frequentissime
853 5562 908 5615 in
949 5557 1103 5613 Novo
1148 5556 1503 5612 Testamento
1548 5569 1643 5608 oc-

126 5663 387 5723 currerent,
431 5668 489 5713 ut
530 5657 715 5727 διδαχὴ
762 5654 995 5726 Κυρίου,
1048 5649 1237 5721 διδαχὴ
1286 5647 1599 5702 ἀποστόλων
1623 5686 1640 5711 ,

130 5738 385 5803 Maenalia.
413 5750 504 5805 τοῦ
528 5750 674 5802 Σωτὲ
688 5766 798 5812 ρος,
828 5744 1143 5800 διδασκαλία
1180 5742 1394 5795 Παύλου
1414 5781 1426 5804 ,
1465 5741 1639 5793 heure-

1741 4534 1939 4591 melius
1962 4533 2298 4603 quadrarent
2326 4549 2340 4585 :
2376 4526 2841 4600 quemadmodum
2876 4532 3100 4594 apparet
3131 4521 3327 4591 praeci-

1740 4643 1847 4698 pue
1872 4642 1940 4681 ex
1977 4625 2067 4692 iis,
2103 4638 2225 4691 quae
2255 4619 2597 4692 Epiphanius
2627 4617 2845 4681 citavit,
2874 4630 2905 4670 a
2950 4612 3158 4668 nostris
3190 4628 3330 4666 non-

1743 4733 2027 4789 nunquam
2054 4714 2445 4785 discrepantia.
2479 4710 2552 4767 Ut
2584 4711 2639 4765 in
2673 4706 3049 4764 vetustissima
3094 4704 3327 4771 diataxi,

1741 4828 1865 4884 qua:
1890 4808 2179 4880 Epiphanii
2208 4822 2322 4861 {evo
2338 4804 2567 4867 exstitit,
2593 4803 2661 4856 de
2684 4798 3012 4856 celebrando
3033 4792 3327 4860 Paschate,

1742 4901 2098 4957 constitutum
2133 4897 2234 4951 luit
2262 4915 2275 4951 :
2315 4896 2502 4965 Ὑμεῖς
2527 4893 2601 4964 μὴ
2624 4891 2911 4962 ψηφίξετε,
2951 4887 3088 4941 ἀλλά
3130 4889 3331 4939 ποιεῖτε

1741 4993 1871 5045 ὅταν
1904 4992 1953 5043 οἱ
1987 4987 2205 5057 ἀδελφοὶ
2242 4984 2395 5057 ὑμῶν
2435 4985 2483 5036 oi
2524 4985 2588 5035 ἐκ
2628 4980 2963 5054 περιτομῆς,
3004 4978 3121 5049 μετ’
3156 4975 3334 5029 αὐτᾶν

1743 5086 1860 5157 ἅμα
1886 5083 2109 5136 ποιεῖτε.
2154 5079 2255 5133 Vos
2289 5075 2512 5131 calculis
2540 5074 2694 5129 ‘haud
2720 5072 2960 5135 utimini,
2992 5068 3082 5122 sed
3116 5084 3175 5121 eo
3203 5075 3334 5118 tem-

1741 5195 1867 5250 pore
1888 5175 2145 5230 celebrate
2178 5187 2279 5242 quo
2310 5169 2506 5239 fratres
2537 5165 2698 5221 vestri
2725 5166 2817 5234 qui
2836 5178 2900 5217 ea:
2928 5156 3334 5250 circumcisione

1742 5243 2088 5342 prodierunt;
2120 5279 2238 5318 cum
2268 5262 2334 5315 iis
2362 5259 2524 5314 simul
2566 5255 2774 5310 Pascha
2802 5251 3055 5342 peragite.
3074 5243 3333 5342 “videtur

1745 5335 1910 5433 igitur
1940 5359 2056 5412 lucc
2080 5353 2316 5411 diataxis
2354 5349 2535 5416 facta,
2578 5356 2871 5415 antequam
2907 5339 3038 5433 urbs
3074 5335 3332 5391 Hieroso‘

1743 5432 2008 5525 lymitana
2044 5448 2113 5503 ab
2151 5444 2396 5501 Adriano
2418 5446 2775 5497 everteretur.
2804 5433 2932 5487 Post
2975 5432 3119 5485 hanc
3142 5440 3326 5482 autem

1743 5545 2023 5611 diataxin,
2056 5540 2260 5612 prodiit
2288 5536 2420 5592 alibi
2460 5548 2634 5589 canon
2674 5528 2777 5584 sub
2822 5526 3195 5596 apostolorum
3231 5538 3331 5575 ιιοο

1746 5642 1894 5696 mine
1918 5638 2013 5708 qui
2040 5648 2187 5689 nunc
2217 5629 2485 5700 septimus
2508 5622 2740 5678 habetur
2767 5640 2779 5673 :
2804 5618 2873 5672 Εἴ
2896 5635 2980 5681 τις
3014 5615 3330 5708 ἐπίσκοπος,

1746 5735 1779 5804 ἢ
1805 5704 2196 5803 πρεσϐύτερος,
2229 5722 2263 5793 ἢ
2284 5720 2529 5787 διάκονος
2555 5714 2654 5786 τὴν
2675 5710 2837 5781 ἀγίαν
2858 5710 2950 5764 τοῦ
2973 5709 3162 5778 Πάσχα
3193 5704 3328 5777 ἡμέ-
