3814 6198
429 195 523 250 151

1492 190 1550 246 S.
1584 188 1928 247 IGNATIUS.
1968 221 2040 233 -
2074 186 2603 271 PROLEGOMEAA.

3594 180 3688 233 132

364 312 369 317 ’
428 330 529 384 ραν
565 309 671 386 πρὸ
705 312 801 383 τῆς
836 314 1055 385 ἐαρινῆς
1088 312 1377 387 ἰσημερίας
1413 314 1550 386 μετὰ
1587 313 1855 367 Ἰουδαίων
1884 314 2000 366 ἐπι-

2125 327 2210 367 ns.
2241 310 2429 366 codice
2451 307 2753 364 Oxoniensi
2777 348 2791 373 ,
2816 320 2928 377 quo
2955 312 3428 375 repraesentantur
3455 311 3572 357 tum
3607 308 3690 354 Δι-

425 402 653 467 τελέσει,
668 403 1051 477 καθαιρείσθω.
1070 403 1258 475 Siquis
1273 407 1565 475 episcopus,
1590 415 1683 459 aut
1708 404 1997 474 presbyter,

425 507 518 550 aut
545 496 799 550 diaconus
833 509 1073 550 sanctum
1107 496 1332 552 Pascha:
1360 499 1499 552 diem
1522 508 1645 551 ante
1666 497 1798 551 veris
1830 496 1999 565 aequi-

427 590 662 641 noctium
691 605 810 642 cum
842 587 1048 643 luditis
1078 591 1260 660 egerit,
1302 608 1334 643 a
1362 590 1535 660 gradu
1566 605 1662 642 suo
1690 588 1995 657 dejiciatur.

429 676 555 733 llaec
586 695 707 733 cum
734 689 923 749 postea
951 698 980 734 a
1004 681 1238 735 concilio
1265 678 1486 734 Nicaeno
1517 679 1995 741 conﬁrmarentur,

428 770 881 825 constitutionum
913 788 1104 827 earum
1140 789 1278 841 quas
1304 788 1451 827 nunc
1484 772 1748 826 habemus
1771 786 1999 826 consar-

427 860 643 915 cinator
692 871 927 915 veterem
974 864 1215 917 diataxin
1270 863 1620 925 immutavit.
1685 876 1737 917 et
1786 863 1853 917 ad
1901 878 1999 916 sua

430 959 673 1022 tempora
708 956 1165 1019 accommodavit,
1184 956 1278 1009 lib.
1307 972 1359 1021 v,
1379 972 1428 1010 c.
1464 955 1529 1009 l6
1557 958 1694 1021 :_Ae‘t’
1721 952 1812 1009 οὖν
1836 957 1998 1027 ὑμᾶς,

427 1044 664 1113 ἀδελφοὶ,
688 1047 813 1109 τοὺς
834 1045 911 1115 τῷ
943 1045 1036 1098 τοῦ
1069 1047 1303 1117 Χριστοῦ
1337 1048 1501 1118 τιμίῳ
1534 1047 2002 1119 ὲξηγορασμένους

427 1135 639 1205 αἵματι,
665 1136 762 1198 τάς
782 1136 995 1209 ἡμέρας
1028 1135 1119 1189 τοῦ
1142 1138 1330 1207 Πάσχα
1358 1138 1600 1210 ἀκριϐῶς
1629 1139 1874 1193 πτοεῖσθαι
1910 1158 2003 1210 με-

424 1228 495 1281 τὰ
529 1230 708 1299 πάσης
729 1226 1044 1297 ἐπιμελείας
1068 1227 1206 1299 μετὰ
1220 1230 1427 1301 τροπὴν
1464 1232 1803 1303 ἰσημερινήν.
1834 1232 2002 1301 Opor-

428 1328 499 1373 tet
534 1320 697 1387 igitur
735 1335 844 1381 vos,
879 1319 1095 1386 fratres,
1128 1330 1309 1387 utpote
1351 1323 1582 1389 pretioso
1633 1323 1835 1378 Christi
1877 1342 2004 1378 san-

426 1411 583 1480 guine
610 1411 924 1480 redemptos,
955 1412 1065 1464 dies
1098 1411 1318 1466 Pascha?
1346 1426 1593 1470 accurate
1633 1427 1685 1471 et
1727 1419 1869 1471 omni
1918 1420 2003 1473 di-

427 1506 645 1574 ligentia
687 1516 803 1575 post
851 1508 1222 1573 wquinoctium
1254 1508 1536 1563 celebrare.
1585 1509 1796 1575 Quibus
1838 1512 2000 1566 etiam

425 1608 507 1651 tot
537 1598 800 1653 adversus
827 1596 1047 1653 Judazos
1077 1599 1257 1653 addita
1294 1612 1444 1667 sunt,
1473 1612 1533 1656 ut
1580 1612 1837 1671 appareat
1880 1613 2004 1672 post

423 1698 675 1757 tempora
717 1689 1005 1759 Epiphanii
1038 1692 1153 1746 haec
1196 1692 1482 1760 immutata
1514 1692 1704 1758 fuisse,
1735 1704 1789 1748 et
1824 1705 1997 1749 totum
2034 1696 2074 1753 Β

425 1780 559 1834 illud
586 1792 750 1851 caput
775 1783 933 1836 aliter
964 1783 1123 1852 plane
1147 1793 1470 1853 conceptum
1504 1800 1648 1840 esse.
1676 1784 1833 1840 Unde
1870 1803 2002 1841 con-

421 1872 556 1942 jicio
583 1883 708 1929 octo
741 1875 915 1929 libros
959 1874 1427 1930 Constitutionum
1485 1886 1612 1946 post
1661 1894 1836 1932 a:vum
1877 1878 2003 1948 Epi-

423 1964 615 2033 phanii
665 1981 735 2020 ex
784 1965 1062 2021 veteribus
1117 1968 1431 2023 didascaliis
1478 1979 1644 2039 atque
1694 1971 2004 2027 diataxiLus

424 2050 729 2109 immutatis
758 2056 1210 2126 interpolatisque
1252 2056 1426 2113 factos
1460 2075 1611 2124 esse;
1646 2076 1823 2128 neque
1852 2062 2000 2115 enim

423 2145 514 2200 ille
548 2162 835 2202 numerum
865 2147 1128 2202 librorum
1149 2160 1434 2203 memorat.
1460 2149 1517 2203 ιιι
1548 2166 1758 2205 canone
1780 2152 2000 2221 quidem

421 2239 619 2293 ultimo
645 2255 835 2293 eorum
860 2240 953 2310 qui
988 2240 1246 2296 dicuntur
1268 2244 1644 2312 apostolorum
1676 2286 1691 2309 ,
1724 2255 1849 2298 octo
1877 2244 2001 2297 libri

421 2327 894 2383 Constitutionum
922 2330 1125 2385 diserte
1154 2334 1513 2387 nominantur
1540 2351 1554 2400 ;
1605 2335 1699 2389 sed
1732 2335 1884 2387 illum
1910 2350 2004 2388 ca-

422 2436 625 2474 nonem
652 2421 726 2475 ita
765 2420 936 2476 fuisse
968 2433 1291 2492 conceptum
1328 2436 1451 2480 ante
1475 2434 1688 2481 sextum
1716 2425 1999 2491 saxulum,

428 2512 647 2580 opinor,
677 2526 783 2565 non
820 2522 1061 2582 apparet.
1092 2512 1335 2584 Septimo
1365 2516 1586 2585 quidem
1636 2517 1834 2571 saaculo
1878 2526 2003 2571 ante

424 2604 722 2658 concilium
776 2604 1098 2660 Trullanum
1146 2606 1417 2662 Maximus
1465 2619 1648 2663 monet
1684 2610 2000 2681 Dionysium

426 2695 633 2749 factum
681 2696 995 2767 episcopum
1044 2697 1293 2763 Athenis,
1339 2700 1476 2753 κατὰ
1513 2700 1572 2753 τὸ
1614 2702 1911 2773 φερόμενον
1944 2704 2001 2757 ὲν

424 2784 637 2856 ιωόμῳ
672 2786 861 2857 βιϐλίῳ
882 2786 989 2841 τῶν
1024 2788 1393 2843 άποστολικῶν
1427 2790 1828 2861 διαταγμάτων,
1855 2796 1999 2864 quod

424 2891 576 2931 nunc
624 2876 855 2947 legimus
887 2877 984 2932 lib.
1027 2894 1134 2943 vlt,
1170 2894 1291 2948 cap.
1321 2879 1414 2935 48.
1454 2881 1661 2936 Auctor
1694 2881 1999 2956 Imperfecti

426 2960 613 3030 Operis
646 2965 698 3019 in
732 2965 1045 3022 Hattlueum
1067 3007 1082 3032 ,
1120 2965 1346 3023 homilia
1375 2970 1465 3035 55,
1500 2971 1686 3027 laudat
1714 2975 1897 3045 aliqua
1932 2992 1999 3031 ex

423 3051 566 3107 libro
594 3064 787 3109 octavo
810 3054 1097 3109 Canonum
1126 3060 1501 3127 apostolorum
1520 3103 1535 3129 ,
1568 3079 1690 3133 qua:
1730 3080 1876 3121 nunc
1907 3084 1998 3122 re-

424 3144 714 3212 periuntur
760 3145 859 3202 lib.
920 3164 1062 3213 vm,
1102 3163 1218 3221 Cap.
1283 3150 1318 3204 Ξ
1374 3152 1865 3210 Conslitutionum.
1933 3156 2000 3212 Et

425 3232 575 3289 hunc
620 3238 837 3307 quidem
871 3251 1147 3298 auctorem
1191 3242 1449 3299 Usserius
1495 3244 1627 3300 facit
1667 3263 1771 3299 non
1825 3249 1999 3304 minus

426 3327 742 3394 antiquum,
787 3345 953 3399 quam
1002 3330 1106 3387 fuit
1150 3332 1505 3404 Epiphanius.
1564 3335 1667 3391 Sed
1699 3338 1817 3393 sine
1850 3341 2000 3394 omni

425 3420 797 3475 controversia
849 3423 1021 3478 multo
1044 3424 1234 3493 junior
1272 3425 1396 3481 fuit.
1444 3426 1679 3498 Scripsit
1708 3429 1999 3485 Panarium

425 3506 765 3580 Epiphanius
808 3524 933 3570 ante
978 3519 1266 3588 imperium
1313 3519 1605 3576 Theodosii
1651 3540 1665 3576 :
1714 3526 2004 3593 imperavit

425 3600 771 3661 Theodosius
814 3609 977 3664 annis
1020 3611 1289 3675 sedecim;
1338 3614 1431 3667 diu
1478 3624 1601 3684 post
1629 3614 1999 3673 Theodosium

424 3693 647 3763 scripsit
682 3708 874 3753 auctor
904 3698 1089 3768 Operi:
1122 3704 1436 3773 imperfecti,
1468 3716 1527 3759 ut
1556 3708 1639 3761 vel
1662 3724 1728 3760 ex
1761 3708 1845 3763 his
1883 3725 2003 3763 ver—

424 3782 513 3839 bis
539 3794 686 3854 patet
715 3788 905 3843 homil.
936 3791 1003 3844 49
1032 3810 1045 3844 :
1092 3791 1152 3846 Si
1180 3794 1295 3862 quis
1339 3806 1514 3849 autem
1547 3798 1846 3852 auditiones
1887 3802 2003 3869 qui-

426 3874 546 3928 dem
590 3878 897 3946 prarliorum
922 3920 937 3945 ,
985 3882 1151 3949 [ames
1172 3924 1188 3948 ,
1211 3893 1259 3936 et
1285 3886 1564 3952 tumultus,
1593 3896 1645 3940 et
1675 3889 2001 3957 pestilentias

425 3966 689 4038 intelligat
717 3986 827 4025 esse
855 3974 1032 4026 omnia
1055 3974 1163 4028 lucc
1191 3975 1332 4029 mala
1358 3978 1687 4045 spiritualia,
1717 3997 1835 4050 qua:
1857 3982 2002 4051 facta

425 4069 547 4112 sunt
594 4070 823 4129 tempore
854 4062 1193 4118 Constantini
1227 4066 1387 4120 simul
1430 4078 1478 4121 et
1522 4068 1800 4125 Theodosii
1841 4090 2003 4143 usque

426 4163 588 4202 nunc.
633 4148 779 4204 lnter
828 4162 1072 4223 tempora
1118 4155 1285 4226 igitur
1330 4155 1620 4229 Epiphanii
1665 4170 1719 4216 et
1761 4166 2002 4221 auctoris

430 4239 619 4311 Operis
652 4244 969 4316 imperfecti,
1001 4250 1256 4305 existimo
1281 4250 1714 4310 Constitutiones
1737 4258 2004 4326 apostolo-

427 4348 552 4387 rum
593 4349 661 4389 ex
705 4338 937 4395 diversis
965 4340 1277 4399 didascaliis
1315 4345 1734 4417 diataxibusque
1774 4350 2000 4404 minori-
2029 4375 2075 4431 ι)

427 4424 531 4482 bus
563 4428 824 4487 conllatas
840 4433 907 4487 ad
934 4434 1189 4490 volumen
1219 4446 1346 4492 octo
1372 4438 1634 4495 librorum
1663 4443 1995 4509 excrevisse,

427 4522 573 4588 quod
617 4522 686 4577 ab
720 4524 813 4579 illo
859 4526 1117 4583 haeretica
1155 4531 1313 4585 avide
1341 4542 1641 4601 arreptum,
1684 4534 1779 4603 qui
1811 4538 1997 4603 spuria

427 4610 725 4669 Clementis
749 4615 1095 4687 aliorumque
1123 4619 1326 4689 scripta
1353 4621 1554 4690 sa‘pius
1580 4621 1821 4677 adducit.
1857 4621 2000 4677 Fue-

426 4714 558 4758 runt
586 4705 750 4773 igitur
775 4724 841 4762 ex
872 4712 1142 4766 sententia
1176 4722 1363 4767 nostra
1398 4713 1704 4783 antiquitus
1747 4714 1802 4766 hi
1850 4714 1996 4781 libri,

426 4796 587 4866 quasi
618 4799 689 4852 ab
716 4802 980 4869 apostolis
1024 4806 1234 4874 scripti.
1265 4816 1360 4859 aut
1381 4807 1601 4875 dictati,
1627 4807 1825 4879 Διδαχὴ
1861 4808 1998 4861 ἀπο-

426 4888 661 4956 στόλων,
695 4891 976 4958 Διατάξεις
1007 4896 1317 4951 ἀποστόλων
1337 4937 1351 4961 ,
1394 4898 1718 4952 Διδασκαλία
1752 4899 2001 4969 Κλήμεν-

421 4993 535 5045 τος,
557 4981 881 5037 Διδασκαλία
910 4983 1191 5053 Ίγνατίου,
1214 4987 1540 5040 Διδασκαλεα
1570 4988 1635 5041 δι’
1661 4986 1999 5051 Ἱππολύτου,

422 5073 623 5147 Διδαχὴ
663 5074 1044 5149 Πολυκάρπου.
1079 5078 1156 5133 Ex
1211 5079 1297 5134 his
1333 5081 1615 5143 omnibus,
1651 5089 1705 5133 et
1727 5080 1848 5132 aliis
1880 5078 1999 5131 for-

423 5179 573 5225 tasse
606 5171 786 5225 adhuc
812 5173 1105 5242 incognitis
1128 5175 1377 5229 conﬂata?
1412 5185 1538 5229 sunt
1567 5175 1862 5241 Διαταγαὶ,
1884 5173 2001 5228 sive

425 5261 685 5334 καθολικὴ
712 5262 1050 5318 διδασκαλία.
1089 5263 1155 5319 Et
1177 5281 1311 5320 sane
1336 5282 1465 5321 sunt
1498 5266 1552 5317 in
1591 5264 1745 5318 libris
1779 5264 1964 5317 Consti
1985 5294 2000 5305 -

427 5354 699 5409 tutionum
744 5358 921 5426 capita
954 5360 1220 5426 quaedam,
1250 5374 1373 5427 quae
1412 5356 1548 5410 nihil
1589 5355 1733 5408 aliud
1777 5370 1898 5409 esse
1929 5354 2003 5407 vi-

428 5441 626 5497 dentur
674 5463 836 5514 quam
890 5450 1127 5505 methodi
1181 5452 1354 5520 gratia
1416 5447 1577 5501 facta:
1631 5447 2000 5502 connexiones

429 5536 700 5603 quaedam,
728 5540 928 5607 quibus
972 5558 1078 5596 una
1117 5542 1275 5596 alteri
1308 5540 1605 5596 didascaha
1652 5539 1999 5593 subnectere-

414 5634 537 5701 }ur-
580 5626 753 5694 Quale
794 5643 957 5700 caput
1000 5634 1222 5691 tertium
1254 5632 1377 5688 libri
1409 5630 1581 5686 octavi
1625 5646 1769 5695 esse,
1796 5631 1897 5698 ipsi
1930 5646 1998 5684 ex

2100 400 2366 455 δασκαλία
2384 399 2449 451 δι’
2464 397 2801 459 Ἱππολύτου,
2834 407 2947 450 tum
2972 396 3240 464 Διαταγαὶ
3262 394 3604 459 ἀποστόλων,
3626 410 3686 447 ex

2101 492 2301 562 quibus
2329 491 2467 545 liber
2498 500 2727 545 octavus
2756 487 3032 558 praecipue
3058 496 3295 555 constat,
3322 484 3688 555 deprehendi-

2101 600 2245 639 mus.

2172 675 2333 731 Certe
2383 676 2523 729 inter
2573 673 2697 728 illas
2724 672 3074 737 didascalias,
3103 686 3240 742 quas
3269 669 3686 726 consarcinator

2102 768 2363 823 librorum
2397 777 2523 821 octo
2563 767 2871 835 usurpavit,
2899 765 3069 820 fuisse
3113 762 3476 817 Διδασκαλίαν
3525 764 3686 830 Ἰγνα-

2100 859 2237 923 τίου,
2280 859 2681 929 quamplurima
2710 867 2837 913 sunt
2864 874 2986 927 quae
3015 866 3075 910 ut
3102 857 3421 911 firmissime
3468 856 3685 909 credam

2101 951 2361 1006 cilicium.
2419 950 2523 1016 Qui
2569 949 2809 1019 primum
2856 951 2957 1004 has
3010 950 3338 1003 didascalias
3387 949 3683 1009 ﬁnxerunt,

2103 1046 2222 1099 sine
2248 1045 2415 1098 dubio
2446 1060 2635 1099 eorum
2666 1044 2869 1112 scripta
2910 1052 3037 1097 ante
3062 1043 3255 1097 oculos
3289 1041 3689 1111 hahuere,qui-

2104 1137 2206 1192 bus
2250 1136 2507 1207 ﬁgmenta
2553 1152 2651 1191 sua
2691 1136 2855 1190 tribui
2903 1136 3232 1199 voluerunt,
3281 1145 3343 1190 ut
3388 1150 3487 1190 eos
3543 1136 3687 1204 ipsos

2102 1238 2366 1298 quantum
2424 1237 2647 1297 possent
2681 1228 3092 1297 exprimerent;
3139 1228 3281 1281 unde
3331 1243 3443 1280 non
3503 1227 3688 1281 dubito

2101 1322 2396 1376 Clementis
2423 1321 2641 1393 διδαχήν
2672 1322 2743 1375 ita
2776 1320 2947 1377 fuisse
2978 1322 3365 1390 compositam,
3394 1330 3457 1375 ut
3488 1324 3689 1391 episto-

2102 1415 2184 1471 las
2215 1415 2335 1485 ejus
2366 1415 2603 1469 maxime
2632 1414 2917 1469 referrent.
2953 1413 3031 1468 Ex
3057 1414 3160 1470 hac
3188 1415 3355 1485 igitur
3389 1416 3689 1470 Clementis

2103 1505 2411 1562 Didascalia
2439 1505 2942 1562 consarcinatorem
2987 1522 3050 1562 ea
3083 1507 3393 1573 sumpsisse
3427 1506 3691 1561 credibile

2102 1610 2217 1665 est,
2251 1617 2374 1672 qua:
2426 1602 2492 1657 de
2538 1601 2788 1671 phmnice
2817 1600 3061 1655 habet-et
3088 1600 3435 1655 carminibus
3472 1597 3691 1670 Sibylla:

2102 1693 2141 1747 ι.
2175 1710 2228 1759 v,
2255 1710 2305 1749 c.
2343 1694 2396 1760 6,
2431 1710 2499 1749 ex
2540 1694 2787 1764 epistolis
2819 1692 3114 1748 Clementis
3139 1693 3291 1762 prius
3317 1692 3615 1762 desumpta
3640 1702 3693 1746 et

2102 1797 2446 1857 exaggerata.
2508 1785 2583 1840 Ex
2640 1786 2868 1852 eadem,
2928 1786 2982 1839 ni
3045 1786 3225 1852 fallor,
3275 1787 3451 1841 totius
3508 1786 3691 1855 operis

2102 1879 2427 1947 prooemium
2457 1876 2777 1945 descripsit;
2827 1892 2937 1931 non
2970 1876 3114 1931 enim
3142 1892 3172 1930 a
3203 1885 3490 1946 postremo
3517 1875 3691 1930 colle-

2103 1976 2252 2022 ctore
2279 1968 2406 2021 illud
2449 1968 2649 2021 factum
2682 1977 2844 2036 puto;
2878 1982 3039 2036 quem
3076 1964 3385 2035 Epiphanio
3411 1966 3689 2035 juniorcm

2103 2078 2224 2117 esse
2241 2062 2440 2125 sentio,
2467 2060 2561 2129 qui
2592 2059 2917 2114 sententiam
2952 2058 3098 2112 illam
3124 2074 3190 2111 ex
3215 2058 3491 2127 procemio
3515 2059 3681 2112 citat:

2102 2151 2237 2204 Θεοῦ
2289 2151 2483 2220 φυτεία
2527 2152 2559 2222 ἡ
2608 2150 2869 2221 καθολικὴ
2918 2150 3232 2221 Ἐκκλησία,
3283 2150 3381 2203 καὶ
3426 2148 3691 2220 άμπελὼν

2103 2242 2269 2297 αὑτοῦ
2300 2242 2574 2307 ἐκλεκτός,
2610 2241 2849 2296 Ecclesia
2875 2242 3133 2297 catholica
3159 2241 3319 2295 arbor
3345 2260 3379 2295 a
3405 2241 3518 2295 Deo
3545 2251 3688 2306 sata,

2102 2346 2151 2388 et
2196 2335 2344 2388 vinea
2386 2334 2499 2403 ejus
2550 2334 2732 2389 electa.
2776 2334 3074 2389 Clementis
3126 2344 3307 2388 autem
3354 2332 3535 2387 simiae
3586 2334 3689 2386 ista

2103 2426 2343 2492 ascribo,
2369 2426 2833 2497 ὲνεστερνισμένοι
2880 2426 2971 2480 τὸν
3016 2423 3176 2495 φόϐον
3208 2424 3400 2486 αὑτοῦ,
3447 2434 3508 2477 ιιι
3553 2424 3693 2476 allu-

2102 2519 2255 2573 deret
2285 2519 2352 2573 ad
2385 2518 2474 2573 illa
2502 2520 2555 2573 in
2585 2518 2828 2588 Epistola
2854 2520 2974 2589 ejus
3001 2518 3067 2573 ad
3099 2516 3418 2571 Corinthios
3448 2531 3561 2569 non
3597 2530 3692 2569 sa-

2102 2609 2172 2666 tis
2216 2612 2365 2678 trita,
2415 2612 2818 2682 ὲστερνισμένοι
2871 2607 2969 2683 ἦτε
3015 2613 3124 2673 τοῖς
3179 2607 3533 2677 σπλάγχνοις.
3568 2606 3689 2660 Jam

2102 2715 2235 2756 vero
2266 2711 2413 2756 tanta
2441 2712 2522 2757 est
2550 2703 2907 2771 epistularum
2936 2701 3151 2773 lgnatii,
3180 2699 3487 2770 praesertim
3518 2698 3696 2752 inter—

2103 2795 2437 2865 polatarum,
2461 2812 2585 2852 cum
2618 2796 3124 2851 Constitutionibus
3161 2793 3492 2859 similitudo,
3525 2804 3696 2862 atque

2103 2885 2459 2955 conspiratio,
2491 2896 2550 2941 ut
2577 2902 2697 2941 eam
2745 2902 2853 2943 non
2903 2895 3110 2941 tantum
3153 2883 3467 2939 Turrianus
3492 2892 3549 2939 et
3580 2882 3695 2937 Bo-

2102 2974 2250 3041 vius,
2298 2974 2361 3029 ad
2399 2977 2734 3045 probandam
2766 2977 3240 3033 Constitutionum
3273 2974 3694 3046 antiquitatem,

2102 3067 2197 3122 sed
2245 3078 2298 3123 et
2350 3066 2609 3125 Usserius
2639 3069 2802 3123 etiam
2836 3069 3124 3131 nolaverit,
3152 3076 3210 3122 ut
3237 3067 3505 3138 probaret
3532 3083 3696 3122 eum-

2101 3158 2224 3213 dem
2256 3158 2429 3214 fuisse
2458 3158 2757 3214 Clementis
2795 3171 2849 3216 et
2892 3159 3083 3231 lgnatii
3114 3159 3595 3228 interpolatorem.
3627 3156 3699 3211 Et

2103 3248 2363 3303 Turriani
2393 3250 2616 3319 quidem
2664 3260 2828 3320 atque
2861 3250 3014 3306 Bovii
3053 3251 3322 3305 sententia
3360 3250 3563 3304 merito
3592 3265 3695 3304 ex-

2103 3341 2255 3410 plosa
2286 3350 2388 3396 est.
2428 3339 2685 3397 Usserius
2712 3352 2891 3396 autem
2944 3344 2995 3396 id
3044 3342 3187 3413 quod
3225 3341 3401 3396 voluit
3426 3343 3699 3411 probasse

2104 3447 2213 3486 non
2246 3432 2477 3500 videtur,
2518 3435 2772 3503 quamvis
2810 3435 3089 3489 veritatem
3140 3451 3275 3503 pene
3321 3434 3589 3505 attigerit.
3634 3432 3697 3487 ld

2102 3526 2249 3580 enim
2290 3526 2425 3580 mihi
2453 3528 2727 3583 maximus
2772 3528 2860 3581 ille
2891 3544 3193 3583 consensus
3242 3529 3428 3595 potius
3486 3528 3696 3591 innuit,

2104 3616 2459 3669 Διδασκαλίαν
2508 3615 2700 3686 lgnatii
2750 3618 3249 3674 Constitutionibus
3292 3618 3468 3674 fuisse
3518 3622 3697 3675 inter-

2104 3720 2373 3774 Spersam,
2404 3721 2633 3776 eamque
2662 3708 3019 3763 Διδασκαλίαν
3049 3710 3221 3763 fuisse
3268 3709 3336 3763 ad
3392 3711 3701 3780 interpoia-

2102 3802 2189 3848 tas
2222 3793 2414 3864 lgnatii
2440 3796 2703 3865 epistolas
2741 3798 3163 3865 conlormatam,
3198 3799 3280 3853 vel
3305 3800 3496 3868 potius
3522 3800 3701 3855 inter-

2104 3886 2406 3955 polatorem
2448 3886 2643 3958 lgnatii
2685 3905 2717 3945 e
2762 3890 3067 3947 Didascalia
3116 3892 3362 3961 ejusdem
3414 3909 3552 3948 suas
3588 3895 3705 3963 pri-

2104 3992 2253 4031 mum
2298 3978 2531 4036 lacinias
2561 3982 2807 4050 epistolis
2846 3984 3165 4039 intexuisse.
3198 3983 3355 4049 Quod
3406 4000 3538 4038 cum
3588 3986 3699 4039 alia

2103 4071 2369 4141 suadent,
2399 4086 2513 4129 tum
2545 4080 2709 4130 etiam
2742 4076 2872 4131 illud
2907 4077 2961 4129 in
2998 4077 3229 4145 epistola
3263 4078 3330 4131 ad
3362 4075 3702 4133 Trallianos

2103 4163 2173 4216 ab
2204 4166 2595 4234 inlerpolatore
2635 4167 2878 4222 additum
2914 4184 2925 4221 :
2960 4168 3200 4221 Αἱδεῖσθε
3232 4168 3287 4220 δὲ
3318 4168 3415 4221 καὶ
3443 4168 3537 4221 τὸν
3575 4169 3695 4222 ἐπί.

2105 4272 2304 4309 σκοπον
2336 4259 2488 4328 ὑμῶν
2515 4259 2590 4323 ὼς
2610 4259 2864 4329 Χριστὸν,
2889 4258 3009 4312 καθ’
3029 4259 3056 4311 ὅ
3078 4259 3203 4329 ὑμῖν
3226 4259 3275 4310 οἱ
3303 4258 3571 4330 μακάριοι
3592 4260 3703 4313 διε-

2101 4347 2334 4413 τάξαντο
2361 4351 2665 4404 ἀπόστολοι.
2708 4349 3041 4404 Veneramini
3083 4360 3261 4404 autem
3294 4360 3345 4404 et
3385 4352 3704 4422 episcopum

2101 4448 2333 4493 vestrum
2358 4443 2495 4495 sicut
2520 4442 2808 4509 Christum,
2840 4453 2896 4496 ut
2920 4443 3060 4497 vobis
3084 4442 3223 4497 beati
3248 4443 3479 4511 apostoli
3502 4444 3709 4497 consti-

2102 4541 2335 4585 tuerunt.
2362 4532 2497 4587 Cum
2529 4534 2674 4588 enim
2722 4535 2859 4589 nihil
2908 4534 3021 4589 illic
3068 4537 3122 4589 in
3173 4534 3411 4605 genuina
3456 4534 3703 4604 epistola

2100 4619 2297 4690 lgnatii
2328 4622 2396 4676 de
2425 4624 2772 4679 veneratione
2804 4626 3063 4696 episcopo
3115 4625 3424 4695 praestanda
3476 4627 3706 4682 dicere-

2105 4721 2214 4777 tur,
2245 4714 2340 4768 sed
2368 4715 2434 4769 de
2462 4714 2587 4785 fuga
2638 4718 3019 4773 haereticorum
3060 4720 3361 4773 secundum
3414 4731 3703 4791 prmecpta

2102 4809 2421 4877 apostolica,
2447 4810 2562 4864 sive
2586 4810 2929 4880 διατάγματα
2952 4810 3059 4863 τῶν
3080 4810 3413 4875 ἀποστόλων,
3444 4812 3707 4884 interpo-

2103 4896 2263 4962 lator,
2302 4900 2594 4954 occasione
2624 4900 2726 4954 hac
2753 4910 2989 4971 arrepta,
3040 4902 3108 4956 ad
3146 4902 3238 4955 illa
3266 4900 3539 4973 confugit,
3570 4922 3711 4976 quas

2104 4986 2157 5038 in
2183 4986 2683 5045 Constitutionibus
2708 4992 3018 5057 exstabant,
3052 5008 3119 5047 ex
3151 4991 3461 5048 Didascalia
3492 4993 3634 5065 lgna
3670 5002 3733 5053 tri

2104 5077 2223 5129 sine
2271 5078 2439 5133 dubio
2481 5081 2789 5149 desumpta.
2822 5079 2899 5134 ιω
2929 5081 2982 5135 in
3016 5083 3226 5152 prolixa
3261 5084 3349 5138 illa
3385 5084 3611 5155 interpo
3640 5088 3717 5143 la-

2104 5166 2273 5235 tione,
2299 5186 2403 5238 qua
2436 5172 2617 5226 viduis
2664 5172 2854 5226 eadem
2909 5187 3179 5245 praecepta
3211 5176 3325 5242 dat,
3353 5187 3409 5231 et
3437 5193 3602 5233 exem
3631 5183 3732 5250 pla

2104 5262 2379 5329 proponit,
2411 5279 2533 5331 quae
2568 5264 2621 5317 in
2650 5264 3154 5323 Constitutionibus
3202 5269 3240 5322 l.
3275 5284 3355 5334 ιιι,
3386 5285 3438 5324 c.
3486 5270 3522 5324 6
3548 5281 3609 5326 et
3672 5274 3732 5340 7,

2104 5363 2440 5419 occurrunt,
2480 5358 2663 5408 statim
2712 5357 2995 5428 subjungit
3030 5378 3043 5414 :
3090 5359 3275 5414 Ταῦτα
3311 5361 3409 5430 οὐχ
3442 5361 3523 5427 ὡς
3555 5364 3714 5419 ἀπό.

2107 5445 2290 5507 στολος
2326 5446 2701 5519 διατάσσομαι.
2735 5450 2866 5506 Hac
2893 5470 2995 5507 non
3014 5467 3071 5508 ut
3091 5456 3360 5523 apostolus
3383 5460 3667 5514 constituo
3687 5505 3708 5527 ,

2104 5538 2248 5607 quod
2276 5552 2467 5592 omnes
2508 5540 2693 5593 norint
2734 5542 2849 5597 haec
2880 5544 2936 5600 in
2966 5544 3270 5600 Didascalia
3304 5547 3711 5615 apostolorum

2107 5629 2330 5685 nomine
2356 5628 2527 5686 fuisse
2558 5631 2822 5697 iniuncta.
