3814 6198
110 190 182 244 l33
865 191 913 247 J.
954 189 1321 247 PEARSONII
1357 189 1681 247 VINDICLE
1720 186 2142 247 ιῦΝΑἸῚΑΝΑΞ.
2177 218 2246 230 -—
2274 187 2456 246 PARS
2490 189 2536 247 1.

3236 194 3338 252 13⁸

155 311 405 366 ιλοηοιιιάο
461 312 698 383 itaque,
753 314 811 368 in
844 313 1211 369 Stichometria
1245 314 1402 368 nobis
1445 314 1657 383 objecta
1688 321 1733 376 Α
1762 328 1873 366 suae
1908 311 2122 375 salutis,
2166 320 2383 380 possunt
2413 312 2633 367 discere.
2661 308 2787 367 Hzec
2825 310 3081 380 Irenzeus,
3111 327 3179 369 ex
3207 328 3344 370 con-

114 403 316 471 Ἰγνειτίου
347 419 571 457 nomen
602 402 761 461 inter
782 407 950 463 libros
992 405 1126 461 Novi
1158 405 1490 462 Testamenti
1520 421 1625 475 apo
1644 435 1658 448 -

104 493 286 563 crypbos
333 494 630 562 positum,
668 513 786 551 non
834 498 1088 553 denotare
1134 497 1328 568 lgnatii
1374 498 1655 567 epistolas,

100 600 188 653 qua:
226 586 361 639 inter
398 590 749 657 apocrypha
802 605 1065 658 nusquam
1114 600 1360 659 repertae,
1385 605 1507 659 qua:
1538 594 1661 657 post

98 686 283 730 mortem
305 678 580 731 omnium
623 682 1003 747 apostolorum
1029 682 1263 751 scriptae,
1297 697 1418 751 qua:
1443 681 1513 734 ab
1539 680 1659 751 ipso

96 771 135 823 in
161 772 325 825 itinere
355 780 647 835 exarata,
680 788 904 827 omnem
954 775 1313 844 apostolicam
1362 776 1660 830 auctorita-

98 874 177 916 tem
199 877 326 931 saepe
356 862 429 915 de
460 862 765 917 industria
807 865 1169 932 amoliuntur;
1203 865 1296 920 sed
1324 865 1553 935 Διδαχὴν
1578 868 1657 921 ei-

94 955 187 1007 dem
215 952 416 1022 lgnatio
462 956 862 1024 suppositam,
899 957 1053 1025 quasi
1087 957 1188 1026 ipsi
1220 958 1287 1011 ab
1316 958 1601 1027 apostolis,
1629 974 1660 1013 a

90 1046 251 1115 quibus
269 1045 580 1101 ordinatus
606 1057 697 1101 est
718 1048 1022 1103 Antiochiae
1046 1049 1353 1119 episcopus,
1374 1050 1658 1116 dictatam,

1758 400 1928 455 stanti
1973 410 2217 455 coetuum
2266 401 2334 456 ab
2383 401 2648 482 apostolis
2675 400 3020 457 conditorum
3049 404 3344 461 traditione

1761 494 2081 563 disputans;
2116 502 2250 545 recte
2272 493 2483 562 quidem
2513 493 2623 560 ille,
2649 502 2699 548 et
2738 495 2995 564 apposite,
3025 506 3084 551 ut
3108 495 3343 554 Dallazus

1763 583 1878 652 ipse
1918 592 2170 648 testatur,
2203 584 2269 637 de
2308 582 2706 654 Areopagiticis
2753 585 2931 654 capite
2979 585 3242 642 secundo.
3274 586 3339 640 At

1763 691 1939 745 neque
1968 685 2125 739 recte,
2161 690 2338 745 neque
2384 679 2622 745 apposite
2664 679 2963 748 disputavit
3005 680 3264 747 lrenaeus,
3297 682 3341 737 si

1759 768 1877 822 haec
1920 770 2146 838 epistola
2194 785 2223 822 a
2264 768 2565 839 Polycarpo
2602 772 2801 841 scripta
2849 789 2956 828 non
3014 775 3104 841 sit,
3138 784 3233 830 aut
3277 778 3345 829 ab

1760 862 2020 916 omnibus
2054 873 2184 916 tunc
2218 864 2481 931 temporis
2512 880 2619 918 non
2663 866 3016 935 reciperetur.
3048 868 3123 922 De
3152 869 3345 924 eadem

1765 956 1995 1025 epistola
2023 954 2309 1021 Eusebius,
2337 955 2432 1024 qui
2470 955 2613 1010 intra
2646 969 2863 1011 centum
2892 969 3018 1030 post
3056 959 3349 1033 Polycarpi

1765 1056 1998 1099 mortem
2048 1061 2223 1101 annos
2268 1059 2427 1101 natus
2457 1057 2561 1111 est,
2598 1046 2741 1113 Hist.
2768 1050 2896 1105 eccl.
2926 1052 2963 1105 l.
2997 1068 3071 1120 tv,
3102 1069 3226 1123 cap.
3261 1053 3352 1120 li,

1767 1148 1888 1207 post
1916 1140 2245 1209 productum
2281 1142 2385 1195 hoc
2411 1140 2602 1193 lrenazi
2630 1143 3006 1199 testimonium
3038 1164 3054 1200 :
3091 1147 3149 1199 ὐ
3173 1148 3357 1217 μέντοι

1766 1229 2119 1301 Πολύκαρπος
2148 1232 2204 1283 ἐν
2222 1234 2285 1301 τῇ
2317 1232 2620 1305 δηλωθείσῃ
2659 1235 2795 1305 πρὸς
2830 1236 3225 1308 Φιλιππησίους
3258 1240 3358 1292 αὐ-

1764 1318 1857 1372 τοῦ
1887 1325 2071 1392 γραφῇ
2098 1322 2375 1395 φερομένῃ
2402 1326 2483 1386 εἰς
2513 1325 2690 1395 δεῦρο,
2714 1327 2978 1399 κέχρηταί
3004 1347 3112 1382 τισι
3148 1348 3355 1401 μαρτυ-

90 1154 185 1209 quze
204 1139 249 1192 in
274 1138 381 1193 alio
416 1137 693 1194 lndiculo
722 1141 867 1195 inter
898 1137 1029 1195 Novi
1070 1136 1405 1196 Testamenti
1436 1158 1663 1213 apocry-

92 1236 174 1303 pha
202 1233 487 1301 reperitur.
521 1231 694 1287 Unde
725 1242 894 1303 patet,
928 1234 1134 1287 nullum
1160 1234 1339 1288 adhuc
1362 1244 1553 1288 testem
1579 1250 1664 1288 re-

93 1326 221 1395 periri
247 1326 519 1395 potuisse,
558 1328 659 1397 qui
691 1327 903 1383 diceret
946 1323 1213 1395 Epistolas
1256 1325 1447 1396 lgnatii
1496 1327 1664 1382 fuisse

94 1422 459 1490 supposititias,
488 1431 595 1475 aut
618 1423 720 1492 qui
743 1423 811 1476 de
836 1437 1023 1476 earnm
1047 1421 1392 1490 antiquitate,
1412 1422 1640 1477 veritate

94 1518 498 1587 auctoritateque
531 1518 627 1572 vel
661 1518 925 1572 dubitare
961 1516 1250 1571 videretur.

693 1670 935 1727 CAPUT
970 1670 1039 1728 ν.

95 1785 440 1857 Testimonium
486 1786 548 1841 S.
593 1786 892 1856 Polycarpi
915 1787 977 1840 ab
1002 1789 1393 1857 exceptionibus
1426 1790 1666 1845 vindica-

145 1867 233 1931 tur.
260 1855 370 1931 Nec
397 1857 567 1931 [idem
597 1859 647 1910 ei
672 1855 879 1931 deesse,
915 1874 1004 1911 nec
1039 1855 1163 1931 uini.
1193 1862 1496 1915 Auctoritas
1536 1862 1664 1931 Epi—

146 1926 277 1980 stolis
300 1929 371 1979 ad
407 1926 796 1996 Philippenses
828 1928 891 1980 ab
924 1929 1163 1999 omnibus
1188 1944 1393 1999 recepta
1421 1943 1519 1986 est.
1556 1926 1665 1985 Au-

137 1999 355 2072 ctoritati
398 1998 523 2065 ejus
566 2015 674 2072 ηομ
708 2000 926 2072 derogat
957 1998 1345 2055 Stichometria
1374 2019 1489 2072 qua:
1522 2003 1661 2057 dici-

143 2079 216 2120 tur
250 2067 571 2137 Nicephori.
618 2068 901 2139 Posteriqr
928 2085 1051 2137 pars
1085 2072 1321 2139 epistola
1360 2067 1462 2126 non
1490 2076 1662 2127 minus

143 2142 352 2209 genuina
409 2156 580 2207 quant
630 2141 805 2208 prior.
846 2137 1223 2194 Testimonium
1270 2154 1511 2197 nostrum
1554 2161 1662 2197 esse

149 2209 411 2262 mendacio
446 2211 762 2278 inspersunt
788 2220 973 2278 aperta
1002 2211 1271 2265 calumnia
1291 2224 1388 2267 est.
1411 2215 1663 2267 Particu-

144 2280 187 2331 lo
210 2297 457 2346 suprema
483 2280 764 2349 prioribus
796 2296 899 2331 non
931 2284 1272 2336 contradicit.
1311 2282 1397 2337 Vis
1424 2287 1659 2338 testimo-

147 2352 211 2402 nii
239 2348 575 2425 defenditur.
607 2348 809 2403 Nullas
822 2350 971 2425 alios
997 2353 1246 2425 epistolas
1266 2352 1658 2425 Ignatii,quam

138 2439 209 2473 eos
240 2437 371 2494 quas
417 2422 705 2488 habemus,
743 2438 775 2473 a
815 2420 1110 2491 Polycarpo
1159 2420 1387 2494 intelligi
1430 2420 1659 2494 potuisse

132 2493 449 2545 ostenditur.

142 2607 263 2662 Cum
297 2616 473 2663 testes
521 2609 592 2661 ab
638 2607 957 2662 adversario
985 2608 1228 2675 adducti,
1263 2624 1361 2663 nec
1392 2608 1526 2663 talus
1558 2624 1657 2678 ap-

76 2710 304 2769 pareant,
332 2700 538 2771 quales
569 2700 663 2753 ille
687 2700 885 2765 voluit,
909 2715 1007 2755 nec
1035 2700 1087 2755 id
1112 2702 1338 2755 omnino
1364 2709 1653 2766 testentur,

83 2794 204 2861 quod
246 2794 542 2847 sententiae
587 2802 796 2846 nostrae
842 2801 927 2847 est
966 2796 1338 2858 contrarium;
1375 2793 1655 2846 videamus

82 2901 138 2937 an
176 2886 385 2954 aliquid
420 2886 532 2939 tale
561 2886 837 2940 adversus
868 2894 1032 2940 testes
1062 2894 1281 2941 nostros
1321 2885 1428 2939 dici
1459 2884 1654 2954 possit,

78 2994 153 3040 an,
181 2980 417 3046 scilicet,
442 2978 492 3033 ii
519 2994 635 3033 non
668 2980 803 3044 sint,
830 2994 971 3048 quos
1004 2994 1127 3034 esse
1152 2994 1251 3033 nos
1280 2979 1535 3047 dicimus,
1559 2990 1657 3034 aut

78 3088 239 3126 revera
280 3072 333 3126 id
370 3087 483 3125 non
524 3080 827 3137 testentur,
856 3070 1002 3140 quod
1034 3085 1136 3125 nos
1163 3070 1438 3124 volumus.

132 3161 370 3217 Primum
402 3178 508 3232 pro
545 3163 852 3231 lgnatianis
885 3162 941 3216 S.
964 3162 1253 3233 Polycarpi
1279 3164 1651 3218 testimonium

76 3264 163 3319 est,
201 3255 350 3325 quod
382 3254 566 3308 nostri
591 3254 1019 3307 disertissimum
1049 3263 1241 3323 putant
1274 3276 1285 3309 :
1313 3252 1407 3309 sed
1439 3255 1524 3307 vir
1551 3255 1653 3308 do-

76 3344 337 3400 ctissimus
363 3346 533 3416 longe
559 3344 721 3398 aliter
746 3344 942 3410 sentit;
975 3354 1029 3399 et
1057 3346 1182 3399 huic
1206 3345 1519 3400 testimonio
1542 3349 1651 3400 duo

76 3439 249 3493 deesse
276 3440 419 3506 vult,
456 3449 578 3493 tum
620 3438 811 3504 tidem,
843 3449 956 3493 tum
991 3440 1123 3493 vim.
1150 3438 1189 3501 Ε
1195 3440 1336 3494 idem
1358 3440 1407 3494 ei
1431 3440 1655 3511 derogat

76 3534 255 3599 primo,
294 3535 444 3603 quod
476 3534 731 3603 epistola:
766 3531 1050 3604 Polycarpi
1073 3550 1175 3586 non
1207 3535 1275 3587 sit
1305 3533 1446 3603 apud
1476 3550 1650 3589 omnes

78 3640 264 3693 recepta
290 3628 623 3679 auctoritas.

133 3719 391 3784 Quamvis
438 3723 559 3776 haec
602 3719 917 3790 responsio,
953 3718 1170 3773 etiamsi
1204 3736 1328 3773 vera
1350 3728 1515 3785 esset,
1548 3718 1650 3771 mi-

76 3812 201 3865 nime
227 3814 580 3867 satisfaceret
607 3815 757 3880 (cum
787 3822 998 3865 eertum
1026 3812 1117 3877 sit,
1150 3813 1308 3866 tidem
1335 3811 1651 3881 plenissime

72 3904 314 3960 adbibere
340 3906 543 3960 debere
580 3905 864 3974 aliquibus
897 3905 1069 3970 libris,
1089 3920 1329 3973 quorum
1356 3905 1651 3975 aliquando

72 3998 196 4061 apud
225 4015 406 4051 omnes
436 4016 546 4051 non
576 3999 740 4067 fuerit
765 4008 971 4067 recepta
1001 3998 1321 4059 auctoritas,
1354 4007 1414 4052 ut
1444 4014 1511 4052 ex
1547 3998 1647 4051 ali-

72 4100 186 4157 quot
214 4094 467 4160 epistolis
499 4091 639 4145 Novi
670 4090 1009 4146 Testamenti
1033 4091 1243 4160 patet),
1294 4107 1413 4144 eam
1470 4100 1649 4145 tamen

71 4197 245 4237 assero
271 4186 438 4239 etiam
474 4201 601 4239 esse
631 4184 851 4259 falsam,
876 4194 931 4238 et
966 4185 1034 4237 ab
1064 4185 1214 4247 omni
1242 4184 1424 4253 specie
1452 4186 1650 4238 verita-

72 4277 130 4329 tis
154 4278 413 4332 alienant.
432 4278 758 4331 Auctoritas
783 4276 929 4330 enim
960 4277 1125 4346 hujus
1156 4276 1412 4347 Epistolze
1453 4275 1509 4331 S.
1543 4276 1649 4329 Po-

1768 1410 1911 1481 plat;
1942 1408 2057 1463 ἀπὸ
2075 1412 2173 1483 τῆς
2206 1412 2413 1483 Πέτρου
2444 1416 2716 1486 προτέρας
2750 1418 3055 1490 ἐπιπολῆς.
3088 1420 3351 1490 Polycar-

1766 1518 1885 1569 pus,
1922 1500 2145 1566 scilicet,
2186 1518 2238 1555 in
2288 1504 2560 1557 antedi-cta
2599 1506 2668 1558 ad
2698 1505 3062 1575 Philippenses
3096 1512 3348 1579 epistola,

1767 1610 1884 1663 qua:
1924 1610 2083 1663 usque
2113 1595 2287 1647 adhuc
2310 1596 2705 1664 circumfertur,
2738 1600 2910 1652 utitur
2931 1601 3245 1670 quibusdam
3272 1613 3350 1656 te-

1692 1688 1735 1741 B
1763 1687 2027 1761 stimoniis
2063 1702 2127 1739 ea:
2162 1688 2331 1756 priori
2363 1687 2511 1741 Petri
2538 1691 2763 1758 epistola
2791 1693 3107 1762 desumptis.
3143 1695 3206 1748 Et
3233 1697 3356 1765 pln-

1771 1779 1909 1832 rima
1938 1779 2155 1848 quidem
2189 1781 2501 1835 testimonia
2532 1798 2598 1837 ex
2639 1785 2805 1852 priori
2833 1785 3065 1853 epistola
3096 1788 3351 1856 deprom-

1767 1877 1879 1937 pta,
1908 1885 1971 1922 εχ
2007 1870 2293 1938 posteriori
2324 1870 2494 1946 nulla,
2526 1873 2706 1928 adhuc
2741 1872 2797 1927 in
2846 1876 2948 1929 hac
2994 1877 3225 1945 epistola
3257 1894 3347 1932 re-

1763 1962 2069 2031 periuntur,
2094 1976 2213 2030 quae
2237 1977 2361 2015 cmn
2389 1962 2455 2017 iis
2486 1964 2800 2033 conjuncta,
2825 1982 2947 2035 qua:
2975 1969 3042 2020 ad
3076 1970 3345 2037 Ignatium

1765 2053 2091 2123 pertinentia
2126 2053 2353 2107 totidem
2382 2055 2564 2109 verbis
2600 2057 2897 2125 exscripsit
2919 2057 3207 2125 Eusebius,
3243 2062 3346 2114 du-

1764 2148 1940 2202 bitare
1971 2162 2072 2201 nos
2103 2162 2212 2201 non
2244 2146 2450 2211 sinunt,
2478 2148 2609 2217 quin
2634 2148 2881 2201 eamdem
2913 2147 3200 2221 Polycarpi
3229 2152 3345 2220 epi-

1763 2241 1959 2294 stolam
1995 2239 2317 2305 habeamus,
2364 2256 2528 2309 quam
2564 2240 2752 2293 habuit
2790 2240 3077 2295 Eusebius.
3110 2241 3340 2298 Multum

1761 2329 1985 2395 Irenaeo,
2010 2331 2243 2384 multum
2276 2330 2513 2386 Eusebio
2542 2332 2857 2385 tribuebant
2890 2342 3130 2399 veteres;
3163 2349 3344 2403 neque

1760 2423 1826 2476 de
1856 2431 2123 2491 scriptore
2150 2423 2409 2493 quopiam
2448 2436 2643 2476 eorum
2687 2422 3018 2477 testimoniis
3060 2440 3344 2479 commen-

1758 2514 1887 2568 dato
1919 2530 2156 2585 unquam
2188 2514 2531 2569 dubitabant.
2571 2513 2638 2567 Et
2665 2515 2710 2569 si
2742 2515 2792 2568 id
2817 2530 3007 2569 eorum
3039 2516 3343 2571 auctorita-

1758 2612 1865 2659 tem
1902 2604 2147 2661 edecisse
2178 2607 2437 2674 nolimus,
2473 2617 2532 2661 ut
2574 2608 2642 2661 ab
2693 2607 2953 2663 omnibus
3001 2609 3340 2678 reciperetur

1758 2700 1874 2754 haec
1903 2700 2169 2769 epistola;
2201 2700 2342 2753 idem
2367 2702 2664 2755 extorsisse
2700 2682 2973 2770 publicam
3001 2699 3057 2753 in
3089 2699 3338 2754 coclesiis

1756 2794 2015 2848 Asiaticis
2058 2794 2349 2849 lectionem
2399 2794 2613 2849 dilliteri
2644 2810 2750 2847 non
2783 2809 3099 2863 possumus.
3139 2790 3337 2846 Hiero-

1756 2901 1953 2957 nymus
1990 2886 2134 2939 enim
2181 2886 2235 2939 in
2266 2885 2523 2956 Catalogo
2548 2887 2663 2941 haec
2692 2888 2758 2941 de
2800 2884 3102 2956 Polycarpo
3130 2885 3291 2940 habet
3318 2902 3333 2938 :

1757 2976 1982 3047 Scripsit
2006 2977 2075 3029 ad
2104 2975 2468 3046 Philippenses
2494 2977 2645 3031 valde
2671 2976 2855 3031 utilent
2881 2976 3183 3047 epistolam,
3216 2993 3334 3047 qua:

1758 3086 1921 3139 usque
1950 3070 2104 3123 hodie
2132 3071 2184 3123 in
2217 3070 2355 3124 Asia:
2378 3078 2631 3123 conventu
2659 3070 2872 3140 legitur.
2900 3070 2985 3123 An
3019 3069 3133 3124 lleri
3157 3070 3334 3139 potuit

1757 3175 1817 3218 ut
1841 3164 2068 3233 epistola
2099 3164 2406 3234 Polycarpi,
2438 3164 2532 3234 qui
2560 3162 2785 3217 Joannis
2823 3163 3050 3230 apostoli
3098 3162 3335 3233 discipu-

1756 3257 1858 3321 lus,
1890 3267 1939 3308 et
1977 3256 2041 3307 ab
2075 3272 2135 3309 eo
2166 3258 2443 3324 episcopus
2490 3256 2793 3321 ordinatus,
2825 3255 2987 3307 totius
3019 3255 3163 3308 Asia:
3187 3255 3336 3323 prin-

1756 3366 1873 3417 ceps
1904 3349 2027 3417 fuit,
2055 3349 2108 3401 in
2138 3358 2288 3401 tanta
2315 3348 2437 3403 luce
2467 3347 2670 3417 posita,
2698 3348 2751 3400 in
2782 3355 3055 3401 conventu
3087 3346 3334 3415 ejusdem

1754 3442 1897 3496 Asiae
1954 3441 2113 3505 lecta,
2161 3441 2230 3493 ab
2281 3441 2538 3494 omnibus
2586 3455 2696 3493 non
2746 3440 3130 3509 reciperetur?
3174 3439 3335 3493 Certe

1753 3531 2118 3601 llieronymus
2147 3540 2200 3584 et
2231 3528 2612 3584 Theodoretus
2639 3528 3002 3600 Polycarpum
3035 3540 3333 3585 numerant

1753 3624 1893 3677 inter
1916 3621 2313 3676 vetustissimos
2334 3621 2785 3689 clarissimosque
2813 3620 3073 3676 Ecclesia:
3096 3621 3331 3691 scripto-

1754 3730 1860 3769 res.
1906 3713 2051 3767 lnter
2099 3721 2281 3767 autem
2324 3712 2446 3781 ejus
2474 3728 2641 3781 opera
2672 3713 2786 3768 haec
2805 3713 3037 3782 epistola
3067 3722 3329 3784 tanquam

1752 3806 2028 3876 praecipua
2059 3821 2275 3875 semper
2308 3814 2594 3859 numerata
2623 3816 2726 3860 est.

1820 3900 2096 3953 Adversus
2144 3900 2285 3953 hanc
2309 3899 2557 3967 epistolae
2587 3898 3000 3970 Polycarpiana:
3032 3900 3331 3956 auctorita-

1752 4003 1881 4061 tem,
1909 3994 1976 4047 ab
2004 3993 2259 4047 onmibus
2295 4002 2586 4062 receptam,
2638 4009 2668 4046 a
2704 3994 2921 4048 nemine
2960 4004 3124 4061 certe,
3155 4010 3330 4064 quan-

1753 4099 1866 4143 tum
1902 4088 2180 4153 novimus,
2232 4088 2287 4139 in
2322 4086 2551 4139 dubium
2602 4095 2876 4151 vocatam,
2912 4096 3066 4156 urget
3099 4087 3182 4139 vir
3228 4086 3327 4139 do-

1750 4184 2029 4238 ctissimus
2058 4182 2377 4250 scriptores,
2404 4188 2457 4233 et
2478 4180 2722 4250 quidem,
2750 4189 2807 4233 ut
2829 4180 2926 4243 ait,
2948 4180 3326 4249 gravissimos,

1749 4274 1842 4344 qui
1888 4290 2008 4328 eam
2057 4272 2423 4343 apocrypham
2475 4286 2597 4324 esse
2645 4270 2984 4339 judicabant.
3023 4270 3329 4340 Scriptores

72 4367 259 4439 lycarpi
290 4371 359 4424 ad
402 4369 793 4439 Philippenses
838 4369 907 4421 ab
948 4370 1206 4424 omnibus
1255 4369 1359 4422 fuit
1406 4379 1644 4439 recepta,
1679 4392 1723 4446 ο
1754 4367 1827 4419 illi
1873 4365 2131 4419 dicuntur
2180 4361 2523 4431 Nicephorus
2554 4362 2866 4429 patriarcha
2920 4370 2974 4415 et
3000 4361 3328 4415 Anastasius

76 4462 152 4528 ita,
178 4466 410 4530 scilicet,
463 4473 525 4517 ut
572 4463 676 4516 viri
708 4462 995 4530 apostolici
1026 4463 1292 4532 scriptum
1316 4464 1651 4519 ecclesiasti-

76 4565 179 4606 cum
222 4565 276 4609 et
322 4553 707 4609 orthodoxam
730 4552 1101 4621 judicaretur;
1134 4569 1313 4623 neque
1346 4570 1589 4625 unquam
1616 4572 1646 4610 a

71 4646 305 4715 quopiam
342 4662 414 4701 an
448 4646 562 4700 tale
591 4659 790 4700 revera
836 4642 1018 4710 fuerit,
1043 4644 1352 4699 dubitatum
1382 4645 1473 4700 sit.
1510 4644 1645 4700 Nam

70 4740 226 4803 primo
264 4739 540 4802 lrenmus,
570 4738 668 4808 qui
698 4738 880 4806 ipsum
925 4735 1287 4807 Polycarpum
1312 4735 1466 4803 vidit,
1496 4738 1651 4792 lucu-

68 4828 418 4886 lentissimum
447 4830 581 4884 huic
602 4827 855 4900 epistolae
880 4828 1250 4882 testimonium
1273 4829 1496 4898 praebet,
1523 4828 1561 4883 l.
1587 4844 1647 4883 ιιι

69 4923 305 4979 Adversus
349 4925 582 4978 Iucreses
622 4934 643 4973 :
685 4921 845 4973 Ἔστι
889 4920 946 4973 δὲ
990 4920 1246 4992 ἐπιστολὴ
1291 4921 1645 4993 Πολυκάρπου

70 5013 180 5081 sps;
204 5014 610 5086 Φιλιππησίους
640 5010 1005 5081 γεγραμμένη
1038 5010 1363 5084 ἱκανωτάτη,
1384 5013 1441 5079 ἐξ
1462 5010 1529 5084 ἦς
1554 5012 1647 5067 καὶ

63 5106 134 5154 τὸν
166 5110 491 5179 χαρακτῆρα
529 5106 635 5175 τῆς
678 5103 917 5165 πίστεως
946 5102 1132 5167 αὑτοῦ,
1173 5104 1267 5156 καὶ
1294 5104 1355 5157 τὸ
1386 5106 1645 5177 κήρυγμα

62 5194 139 5263 τῆς
164 5198 416 5270 ἀληθείας
436 5200 489 5251 οἱ
514 5194 842 5267 βουλόμενοι
872 5194 964 5246 καὶ
993 5194 1366 5266 φροντίζοντες
1391 5197 1492 5267 τῆς
1518 5198 1645 5251 ὲαυ-

62 5287 145 5339 τῶν
188 5292 463 5363 σωτηρίας
513 5288 786 5343 δύνανται
838 5284 1044 5355 μαθεῖν.
1077 5286 1152 5341 ita
1186 5286 1451 5343 Eusebius
1495 5289 1639 5347 Hist.

57 5380 159 5435 ωτι.
191 5383 226 5436 l.
259 5400 337 5451 tv,
368 5403 418 5440 c.
464 5383 559 5448 Η,
607 5388 779 5434 vetus
827 5377 1012 5433 lrcmei
1064 5381 1376 5451 interpres:
1407 5382 1503 5437 Est
1543 5400 1642 5437 au-

56 5478 137 5520 tem
180 5486 226 5527 et
274 5476 511 5547 epistola
542 5471 852 5541 Polycarpi
910 5475 978 5524 ad
1036 5472 1398 5543 Philippenses
1441 5478 1641 5545 scripta

48 5566 433 5637 Perfectissima,
459 5585 531 5623 ex
569 5582 689 5637 qua
742 5573 795 5616 et
837 5562 1193 5619 characterem
1232 5566 1359 5636 ﬁdei
1404 5569 1541 5637 ejus,
1590 5577 1638 5621 et

46 5659 459 5718 medicationem
490 5654 783 5723 veritatis,
823 5656 911 5726 qui
940 5656 1142 5726 volunt,
1164 5666 1211 5711 et
1241 5658 1639 5734 curam/tabent

1751 4456 2231 4517 Bibliothecarius,
2261 4469 2499 4523 quorum
2544 4464 2734 4508 neuter
2762 4466 2887 4509 ante
2918 4470 3122 4507 nonum
3155 4469 3328 4509 Siccu-

1751 4552 1865 4607 lum
1899 4550 2140 4619 scripsit.
2174 4546 2280 4603 Sed
2308 4549 2509 4618 primo,
2545 4566 2646 4605 nos
2688 4558 2813 4603 ante
2853 4547 3196 4603 ostendimus
3232 4545 3328 4602 Ni-

1751 4647 2048 4715 cephorum
2094 4645 2249 4697 illum
2299 4644 2502 4699 frustra
2549 4654 2599 4699 et
2652 4644 2771 4698 sine
2811 4642 2923 4696 ullo
2969 4641 3325 4698 fundamento

1751 4746 2009 4805 tanquam
2061 4743 2341 4789 auctorem
2397 4731 2788 4787 Stichomctriw
2820 4732 3066 4802 allegari,
3098 4741 3153 4787 et
3180 4732 3327 4786 Ana-

1751 4826 1981 4882 stasium
2027 4825 2407 4880 tantummodo
2459 4825 2608 4879 illius
2639 4824 3032 4879 Sticltometria:
3061 4824 3326 4893 interpre-

1751 4928 1858 4973 tem
1891 4933 2029 4973 esse.
2066 4915 2340 4981 Secundo,
2372 4917 2419 4972 si
2466 4918 2856 4972 concederetur
2898 4916 3182 4987 epistolam
3213 4915 3322 4967 Po-

1747 5011 1954 5083 lycarpi
1986 5012 2052 5067 ad
2082 5011 2457 5083 Philippenses
2486 5014 2540 5066 in
2573 5026 2637 5065 ea
2670 5010 3046 5065 Stichometria
3095 5007 3321 5077 intelligi

1747 5104 1966 5170 debere,
2001 5120 2070 5160 ne
2100 5105 2234 5159 illud
2280 5106 2498 5175 quidem
2535 5104 2918 5159 auctoritatem
2952 5102 3070 5170 ejus
3098 5100 3323 5154 omnino

1748 5199 2048 5265 minuerit;
2081 5197 2464 5253 tantummodo
2494 5198 2640 5252 enim
2680 5200 2821 5251 inter
2849 5195 3155 5265 apocrypha
3184 5191 3321 5248 Novi

1746 5287 2083 5344 Testamenti
2110 5301 2449 5356 numeratur,
2475 5288 2579 5342 hoc
2610 5296 2712 5350 est,
2740 5301 2770 5339 ι
2798 5298 3007 5339 canone
3038 5279 3138 5335 SS.
3176 5279 3323 5335 Scri-

1744 5389 2031 5450 pturarum
2062 5391 2410 5446 removetur;
2441 5395 2565 5435 cum
2610 5388 2794 5433 autem
2826 5378 2877 5430 in
2901 5374 3162 5429 Ecclesiis
3187 5375 3323 5445 leget

1744 5486 1915 5541 retur,
1948 5491 1979 5529 a
2009 5474 2292 5530 canonicis
2319 5473 2474 5528 libris
2509 5472 2767 5526 distincta
2797 5479 2852 5523 ct
2884 5470 3025 5524 inter
3069 5468 3322 5524 ecclesia-

1746 5568 1914 5623 sticos
1942 5576 2155 5621 tantum
2187 5575 2474 5621 numerata
2501 5562 2829 5628 est.Tertio,
2859 5562 3144 5631 epistolam
3178 5563 3321 5616 hanc

1746 5659 1802 5715 in
1832 5658 2209 5714 Stichomctria
2237 5672 2413 5731 neque
2449 5654 2746 5724 nominari,
2782 5666 2873 5711 aut
2905 5655 3129 5727 intelligi
3158 5654 3317 5710 debe-
