3786 6298
476 294 576 349 155

1554 282 1612 338 8.
1649 280 1990 340 lGNATlUS.
2034 312 2098 320 ——
2130 276 2660 334 PROLEGDMENA.

3620 274 3709 330 156

470 431 548 478 re,
582 422 675 467 aut
706 412 817 466 ullo
847 412 1009 467 modo
1042 409 1196 466 innui
1220 409 1495 476 concedo;
1535 409 1630 464 sed
1662 417 1721 461 ut
1758 405 2042 475 Ἱγνατίου,
2078 420 2115 474 Α
2148 403 2379 472 phorum
2433 400 2521 455 hic
2563 398 2789 452 omnino
2841 411 2947 450 non
2995 394 3370 465 agnoscimus.
3423 392 3715 464 Epistolam

471 508 544 561 ita
575 517 629 562 et
655 506 1011 576 Πολυκάρπου
1044 503 1250 558 nomini
1285 502 1681 572 subjiciendam
1707 498 1925 570 διδαχὴν
1953 514 2046 552 ar-

471 601 645 654 bitror
669 616 683 665 ;
727 615 851 653 nam
880 597 1131 668 quamvis
1162 596 1215 649 in
1247 596 1355 649 alio
1379 594 1623 648 Indiequ
1650 591 1933 663 Polycarpi
1960 590 2045 644 di-

471 693 709 748 dascalia
757 707 863 745 non
912 696 1245 759 compareat,
1290 696 1350 741 ut
1401 687 1491 741 illa
1547 686 1763 757 lgnatii,
1816 685 2047 753 ideoque

470 787 642 855 gratis
688 785 810 839 ﬁcta
861 799 983 838 esse
1023 782 1308 849 videatur;
1348 790 1530 835 tamen
1563 796 1687 834 cum
1718 776 2048 832 Διδασκαλία

470 876 558 929 διὰ
598 874 909 929 Ἱππολύτου
941 875 994 929 in
1030 874 1181 929 nullo
1211 872 1455 928 lndiculo
1486 872 1686 941 pariter
1714 871 2046 934 inveniatur,

471 984 590 1038 quae
618 976 796 1022 tamen
842 967 895 1019 in
934 981 1069 1020 mss.
1114 965 1407 1034 reperitur,
1445 975 1499 1019 et
1540 963 1593 1016 in
1623 961 2046 1017 Constitutioni-

468 1069 571 1117 bus
597 1077 736 1131 quas
776 1060 1044 1115 habemus
1067 1058 1399 1122 continetur,
1426 1057 1515 1111 vix
1540 1056 1898 1111 dubitandum
1927 1072 2048 1111 esse

469 1152 667 1215 sentio,
705 1151 837 1221 quin
868 1157 993 1219 post
1024 1148 1419 1217 apostolorum,
1454 1145 1752 1201 Clementis
1805 1156 1861 1200 et
1892 1147 2048 1216 lgna-

469 1244 527 1297 tii
551 1241 917 1305 διδασκαλίας,
948 1241 1110 1294 etiam
1134 1239 1237 1293 alia
1257 1238 1543 1309 Polycarpi
1577 1238 1805 1308 intelligi
1830 1238 2043 1291 debeat.

470 1334 596 1388 Inde
631 1334 721 1386 illa
748 1332 801 1386 in
834 1332 1000 1386 veteri
1033 1330 1353 1394 didascalia,
1386 1342 1509 1400 quae
1551 1345 1698 1383 nunc
1738 1329 1792 1382 in
1822 1327 2048 1383 Consti-

467 1425 741 1479 ‘tutionum
772 1423 870 1477 lib.
908 1439 989 1489 ιιι,
1016 1438 1136 1491 cap.
1169 1426 1224 1487 6,
1251 1422 1482 1490 legimus
1514 1440 1528 1475 :
1557 1420 1873 1492 Γνωριζέτω
1900 1416 1991 1474 οὖν
2017 1422 2047 1491 ἡ

468 1517 631 1588 χήρα,
662 1516 744 1569 ὅτι
772 1514 1152 1585 θυσιαστήριόν
1181 1516 1296 1568 ἐστι
1320 1513 1475 1578 Θεοῦ,
1505 1511 1655 1567 Sciat
1678 1514 1845 1583 igitur
1866 1513 2047 1577 vidua,

470 1608 606 1676 quod
649 1608 820 1662 altare
862 1608 959 1662 Dei
996 1609 1089 1671 sit,
1119 1607 1187 1661 ad
1226 1607 1329 1661 ista
1356 1606 1646 1678 Polycarpi
1677 1605 1852 1662 ellicta
1888 1624 1900 1659 :
1938 1604 2050 1669 Τὰς

471 1702 642 1771 χήρας
672 1700 1051 1772 σωφρονούσας
1080 1700 1207 1772 περὶ
1247 1700 1346 1771 τὴν
1383 1698 1477 1753 τοῦ
1518 1699 1723 1771 Κυρίου
1754 1699 2046 1753 πίστιν.....

2149 492 2432 565 Polyearpi
2460 492 2512 545 in
2545 490 2920 546 Stichometria
2950 504 3057 542 non
3093 487 3366 542 videmus.
3396 485 3459 541 Si
3486 502 3553 542 ea
3596 490 3709 541 sub-

2149 584 2502 652 intelligatur,
2537 582 2680 635 inter
2709 580 2964 650 pessima:
3004 585 3147 633 nota:
3185 578 3506 650 apocrypha
3551 587 3719 632 tamen

2148 676 2396 731 eamdem
2436 689 2724 727 numerare
2770 680 3081 742 portentum
3116 680 3397 741 putamus.
3449 668 3509 724 lu
3559 670 3718 725 inter-

2147 776 2299 837 prete
2337 765 2721 820 Stichometria:
2759 764 3024 834 judicium
3065 762 3449 832 requirimus:
3493 778 3617 817 eam
3659 763 3718 816 ita

2148 873 2443 928 exponere,
2482 866 2542 910 ut
2586 866 2775 911 contra
2822 868 3058 910 mentem
3105 855 3354 908 omnium
3396 855 3719 909 saeculorum

2149 951 2430 1020 loquatur,
2465 950 2874 1021 iniquissimum
2916 966 3038 1006 esse
3067 951 3342 1016 dicimus;
3379 955 3437 1002 et
3485 947 3721 1002 clarissi-

2150 1058 2296 1096 mam
2332 1042 2808 1112 certissimamque
2842 1043 3190 1108 sententiam,
3225 1058 3333 1095 non
3368 1039 3720 1101 llammondi,

2151 1135 2243 1188 sed
2278 1132 2535 1187 Ecclesia:
2578 1132 2818 1197 Asiana},
2849 1134 3206 1203 omniumque
3250 1147 3391 1203 quos
3432 1129 3643 1200 aliquid
3670 1132 3755 1223 ,Ιηεὅ

2150 1225 2376 1295 epistola
2406 1225 2611 1280 dixisse
2669 1225 2925 1279 novimus
2964 1225 3435 1286 Christianorum,
3483 1223 3725 1276 incertis-

2151 1317 2305 1372 sima:
2329 1316 2434 1370 ficti
2460 1314 2752 1386 Nieephori
2782 1316 3112 1386 expositioni
3146 1314 3570 1384 anteponimus.

2222 1408 2403 1463 Prima
2438 1408 2556 1463 haec
2582 1408 2825 1464 velitatio
2860 1427 2872 1462 :
2922 1409 3015 1464 sed
3045 1409 3311 1473 secundo,
3355 1407 3449 1461 vir
3478 1407 3727 1463 doctissi-

2155 1517 2277 1557 mus
2315 1517 2440 1555 cum
2480 1508 2645 1556 totam
2687 1500 2975 1571 epistolam
3016 1502 3241 1571 rejicere
3283 1515 3346 1555 se
3408 1514 3586 1570 posse
3633 1516 3727 1553 non

2154 1602 2418 1662 speraret,
2463 1592 2516 1646 in
2559 1593 2698 1647 duas
2731 1602 2914 1662 partes
2958 1608 3080 1647 eam
3124 1592 3333 1657 divisit,
3382 1602 3542 1647 novo
3587 1593 3732 1662 plane

2156 1702 2293 1741 ausu
2362 1694 2420 1740 et
2485 1686 2751 1741 hactenus
2801 1686 3097 1754 inaudito;
3150 1687 3443 1756 superiora
3496 1686 3734 1756 epistola:

476 1792 839 1861 γινωσκούσας
868 1794 949 1846 ὅτι
967 1795 1072 1846 εἰσὶ
1091 1793 1470 1865 Θυσιαστήριον
1493 1791 1650 1847 Θεοῦ.
1686 1791 1855 1846 Vetus
1882 1791 2033 1846 inter-

2174 1778 2380 1845 nnittit,
2404 1788 2458 1833 et
2494 1780 2541 1835 si
2572 1780 2698 1849 quis
2736 1795 2800 1834 ea
2832 1782 2891 1836 ὃ.
2927 1779 3227 1851 Polycarpo
3265 1780 3565 1835 ascribere
3597 1780 3732 1843 velit,

471 1900 595 1954 pres
630 1903 643 1941 :
685 1885 872 1940 Vidua:
918 1902 1036 1939 vero
1077 1885 1284 1955 pudicae
1332 1887 1473 1939 circa
1516 1885 1674 1955 ﬁdem
1722 1883 1889 1940 Dei...
1918 1883 2049 1953 quia

470 1991 590 2036 sunt
632 1982 931 2034 sacrarium
961 1978 1075 2035 Dei.
1113 1980 1347 2051 Haecque
1377 1982 1575 2053 saepius
1610 1990 1802 2037 auctor
1826 1980 2048 2036 Consti-

469 2073 741 2127 tutionum
776 2072 1036 2129 inculcat.
1070 2073 1300 2139 Quarto,
1340 2090 1518 2144 neque
1546 2073 1908 2144 Nicephorus,
1953 2089 2049 2128 ne-

468 2179 573 2233 que
618 2164 965 2229 Anastasius,
996 2181 1171 2234 neque
1211 2163 1601 2219 Stichometriw
1634 2174 1844 2230 auctor,
1874 2179 2051 2235 neque

468 2256 758 2324 quisquam
796 2257 929 2310 noni
965 2256 1149 2311 saeculi
1183 2257 1416 2326 scriptor
1452 2266 1683 2327 recepta:
1728 2258 1894 2328 hujus
1935 2258 2051 2328 epi-

468 2347 621 2401 stola:
650 2348 965 2402 auctoritati
998 2347 1211 2403 ollieere
1239 2351 1513 2418 putandus
1534 2359 1638 2415 est,
1669 2365 1791 2418 qua:
1822 2359 1876 2405 et
1902 2352 2052 2420 prio-

470 2440 646 2505 ribus,
675 2450 728 2495 et
750 2442 938 2497 eodem
971 2456 1087 2496 aevo
1115 2438 1168 2496 et
1198 2443 1553 2511 sequentibus
1586 2443 1776 2512 viguit,
1815 2450 1868 2498 et
1898 2459 1927 2497 a
1956 2460 2052 2499 ne-

472 2532 618 2586 mine
645 2532 842 2601 rejeeta
865 2532 1313 2603 deprehenditur.
1330 2534 1467 2589 Ante
1492 2532 1856 2603 Nicephorum
1881 2534 2053 2590 Maxi-

472 2641 594 2679 mus
623 2624 834 2680 abbas:
872 2617 1024 2696 Ἐχει
1069 2624 1127 2677 δὲ
1171 2620 1264 2678 καὶ
1301 2625 1588 2690 ἐπιστολὰς
1631 2627 1659 2678 ὁ
1703 2627 1863 2690 αὐτὸς
1911 2627 2052 2692 θεῖος

472 2715 825 2788 Πολύκαρπος
856 2716 991 2787 πρὸς
1016 2715 1427 2788 Φιλιππησίους.
1453 2716 1788 2772 Venerabilis
1820 2717 1962 2772 Beda
1995 2720 2051 2773 in

474 2807 855 2879 .‘llartyrologio
884 2810 949 2864 ad
979 2827 1055 2864 vn
1087 2809 1207 2865 Kal.
1240 2810 1467 2866 Januar.
1503 2809 1812 2881 Nicephoro
1849 2827 2053 2882 suppar

472 2897 744 2955 Pliotius:
786 2901 1121 2971 Ἀνεγνώσθη
1179 2902 1537 2974 Πολυκάρπου
1599 2905 1854 2977 ἐπιστολὴ
1913 2906 2053 2975 πρὸς

469 2990 860 3063 Φιλιππησίους
889 2995 1137 3064 γέμουσα
1172 2996 1374 3067 πολλῆς
1402 2997 1681 3061 νουθεσίας
1714 2999 1849 3069 μετὰ
1883 3016 2054 3068 σαφη-ιι

468 3082 616 3147 νείας
669 3085 760 3137 καὶ
800 3086 1119 3157 ἁπλότητος,
1152 3087 1293 3142 κατὰ
1333 3089 1424 3142 τὸν
1468 3088 1916 3160 ἐκκλησιαστικὸν
1955 3090 2055 3161 τῆς
2083 3110 2127 3172 C

474 3176 772 3247 ἑρμηνείας
806 3177 992 3231 τύπον.
1021 3177 1317 3248 Legebatur
1340 3190 1390 3233 et
1417 3180 1705 3250 Polycarpi
1736 3182 1960 3251 epistola
1989 3181 2057 3235 ad

472 3267 835 3338 Pltilippenses
869 3270 1049 3324 multis
1084 3272 1278 3341 referta
1302 3273 1752 3328 admonitionibus
1792 3286 1913 3329 cum
1940 3294 2057 3346 per-

472 3361 755 3426 spicuitate
789 3377 851 3413 ac
873 3361 1235 3430 simplicitate,
1268 3363 1337 3416 ad
1362 3363 1773 3419 ecclesiasticam
1809 3364 2055 3438 loquendi

472 3453 719 3521 formam.
752 3451 852 3507 Ubi
878 3454 1057 3508 obiter
1084 3455 1513 3519 observandum,
1537 3474 1602 3512 eo
1632 3458 1749 3527 ipso
1778 3474 1926 3515 nono
1949 3477 2053 3517 sa:-

470 3546 596 3600 culo
640 3546 784 3601 hanc
834 3545 1119 3618 Polycarpi
1150 3548 1437 3618 epistolam
1467 3565 1590 3604 cum
1635 3552 1725 3606 illa
1756 3551 2055 3610 Clementis

471 3638 538 3693 ad
561 3637 877 3694 Corinthios
903 3638 1072 3694 fuisse
1096 3641 1449 3710 conjunctam
1471 3642 1567 3711 (ita
1593 3660 1785 3713 nempe
1801 3643 2050 3713 Photius,

468 3731 528 3783 ἐν
549 3730 627 3799 τῷ
643 3731 788 3802 αὐτῷ
807 3731 864 3784 δὲ
890 3732 1201 3804 βιϐλιδαρῐῳ
1227 3733 1560 3806 ἀνεγνώσθη,
1586 3737 1642 3788 in
1664 3737 1843 3791 eodem
1874 3738 2051 3793 libello

471 3818 802 3889 legebatur);
835 3822 1025 3877 iisdem
1059 3823 1311 3878 laudibus
1362 3840 1393 3879 a
1445 3825 1644 3880 Photio
1680 3827 1851 3883 fuisse
1881 3844 2050 3885 orna-

471 3918 618 3975 tam;
652 3910 900 3965 eamdem
935 3913 1081 3966 enim
1117 3912 1582 3982 perspicuitatem,
1616 3917 2024 3985 simplicitatem

470 4010 528 4054 et
553 4001 986 4056 ecclesiasticum
1017 4002 1392 4060 characterem
1430 4007 1647 4077 utrique
1689 4007 1917 4074 tribuit;
1947 4009 2047 4065 ob-

463 4086 735 4162 iectiones
792 4094 1005 4164 aliquas
1054 4093 1321 4152 adversus
1378 4097 1525 4151 illam
1582 4099 1881 4155 Clementis
1921 4110 2050 4156 tunc

470 4183 646 4239 fuisse
676 4184 870 4249 laetas,
898 4185 1159 4241 adversus
1200 4187 1343 4242 hanc
1385 4188 1668 4261 Polycarpi
1718 4191 1917 4247 nullas.
1945 4191 2050 4247 Eo-

466 4276 596 4330 dem
628 4292 743 4331 aevo
773 4276 1082 4343 Usuardus,
1109 4287 1163 4332 et
1192 4279 1310 4335 Ado
1345 4279 1668 4336 Viennensis
1698 4282 1751 4335 in
1782 4281 2048 4356 Martyro-

470 4367 617 4436 logio
644 4385 712 4421 xv
759 4368 875 4422 Kal.
909 4368 1135 4424 Januar.
1163 4390 1176 4426 :
1208 4370 1419 4427 Natalis
1451 4374 1721 4428 beatorum
1751 4386 2046 4445 martyrum

2151 1887 2261 1925 non
2296 1870 2582 1938 renititur;
2616 1871 2727 1924 imo
2770 1871 3175 1941 posterioribus
3214 1871 3471 1940 exceptis
3506 1871 3648 1924 nihil
3688 1872 3735 1922 in

2149 1963 2375 2032 epistola
2403 1980 2676 2018 occurrere
2711 1964 2982 2029 concedit,
3011 1962 3149 2035 quod
3189 1966 3268 2017 uel
3297 1980 3629 2035 quemquam
3662 1964 3736 2031 of-

2152 2055 2395 2125 fendere,
2446 2056 2523 2109 vel
2576 2055 2879 2127 Polycarpo
2931 2054 3204 2125 indignum
3250 2057 3460 2110 censeri
3514 2056 3735 2119 debeat;

2153 2157 2485 2219 postremam
2509 2149 2833 2219 particulam
2856 2149 3128 2220 suggillat,
3154 2148 3207 2202 in
3232 2164 3338 2219 qua
3357 2149 3738 2203 testimonium

2152 2243 2220 2297 ab
2251 2241 2489 2297 Eusebio
2532 2242 2858 2312 productum
2894 2250 3093 2297 exstat.
3127 2240 3280 2296 lianc
3313 2242 3492 2313 igitur
3520 2242 3647 2296 vult
3677 2254 3739 2295 tea

2151 2352 2289 2389 mere
2321 2345 2369 2388 et
2390 2344 2585 2405 prwter
2618 2337 2855 2389 auctoris
2894 2345 3136 2403 mentem,
3166 2337 3343 2389 aliena
3372 2352 3553 2389 manu
3585 2336 3741 2405 fuisse

2154 2439 2411 2483 assutam.
2441 2428 2511 2483 At
2534 2428 2755 2483 Eusebii
2787 2437 2948 2483 aetate
2975 2429 3065 2482 illa
3101 2430 3263 2483 etiam
3298 2438 3601 2498 postrema
3627 2444 3742 2500 par-

2156 2521 2319 2577 ticula
2352 2522 2656 2577 certissime
2678 2522 2962 2587 exstabat;
2990 2538 3056 2576 ex
3087 2522 3315 2591 epistola
3340 2521 3651 2593 Polycarpi
3684 2524 3745 2575 ab

2153 2613 2391 2670 Eusebio
2420 2616 2695 2685 exscripta
2730 2613 2851 2669 fuit.
2898 2613 3168 2669 Eusebius
3202 2629 3303 2668 nec
3334 2613 3457 2668 l'alli
3496 2630 3610 2669 nec
3656 2615 3743 2667 lal-

2153 2708 2266 2763 lere
2292 2708 2472 2778 potuit
2502 2724 2516 2760 :
2542 2716 2659 2762 erat
2696 2707 2841 2762 enim
2876 2715 2987 2761 tota
3011 2705 3241 2777 epistola
3274 2706 3554 2761 omnibus
3580 2719 3745 2777 expo-

2155 2801 2290 2867 sita;
2323 2810 2440 2856 erat
2471 2800 2524 2854 in
2562 2799 2824 2856 Ecclesiis
2846 2801 3124 2865 Asiaticis,
3150 2810 3282 2857 tunc
3307 2802 3599 2871 temporis
3631 2817 3744 2856 cum

2154 2894 2421 2950 scriberet
2450 2891 2745 2959 Eusebius,
2782 2894 2998 2964 publice
3028 2894 3201 2955 lecta;
3244 2894 3399 2947 novit
3441 2909 3581 2948 eam
3632 2892 3746 2947 llie«

2152 3000 2442 3061 ‘ronymus,
2472 2989 2633 3059 cujus
2674 2988 2938 3052 versioni,
2976 2987 3082 3043 nisi
3122 2988 3245 3043 aliis
3274 2997 3633 3056 occupatus,
3672 2988 3745 3040 in-

2156 3077 2459 3143 cubuisset,
2482 3086 2536 3132 et
2559 3086 2739 3131 tamen
2769 3075 3075 3131 Eusebiana
3100 3092 3381 3147 nunquam
3417 3080 3744 3133 accusavit:

2159 3167 2226 3223 de
2266 3167 2353 3222 illa
2391 3168 2554 3239 igitur
2584 3170 2867 3239 particula,
2906 3185 3072 3240 quam
3125 3170 3398 3238 excerpsit
3441 3168 3747 3233 Eusebius,

2157 3258 2396 3315 dubitari
2425 3274 2535 3314 non
2571 3270 2770 3330 potest,
2805 3261 2907 3315 nisi
2944 3262 3108 3316 etiam
3138 3261 3204 3316 de
3238 3270 3349 3315 tota
3380 3263 3645 3333 epistola
3681 3281 3743 3319 ,ια

2156 3351 2291 3417 mul,
2326 3351 2533 3423 absque
2563 3352 2671 3406 ulla
2704 3354 2933 3419 ratione,
2959 3353 3291 3408 dubitemus.

2227 3442 2333 3498 Sed
2357 3460 2423 3498 ex
2454 3443 2572 3514 ipsa
2613 3444 2865 3513 epistola,
2895 3460 3061 3513 quam
3106 3459 3218 3513 prae
3260 3444 3547 3501 manibus
3594 3447 3751 3502 hate-

2156 3552 2298 3600 mus,
2327 3536 2588 3606 disputat,
2617 3546 2669 3591 et
2695 3537 2874 3607 primo
2915 3536 2968 3589 in
2996 3554 3079 3598 ea,
3111 3537 3309 3607 inquit,
3340 3550 3477 3609 qua:
3516 3543 3749 3595 testimo-

2152 3629 2298 3681 nium
2324 3638 2571 3684 nostrum
2602 3628 2925 3697 pra‘cedunt,
2952 3638 3009 3682 ut
3042 3630 3096 3683 in
3130 3630 3582 3686 decentissimum
3607 3635 3752 3689 clau-

2152 3721 2325 3774 sulam
2352 3762 2366 3785 ,
2408 3720 2674 3776 desinebat
2719 3722 2941 3790 epistola
2986 3737 3005 3775 :
3052 3722 3255 3792 reliqua
3303 3733 3499 3778 autem
3543 3727 3754 3780 minime

2152 3814 2435 3878 coltwrent,
2465 3823 2619 3885 atque
2649 3813 2764 3867 ideo
2786 3814 3131 3891 expungenda
3163 3824 3304 3869 sunt.
3345 3814 3754 3875 Verumenim-

2154 3919 2284 3958 vero
2313 3904 2457 3959 unde
2495 3904 2572 3959 illi
2602 3917 2789 3979 notum
2821 3914 2906 3959 est
2940 3903 3224 3976 Polycarpi
3255 3908 3577 3975 epistolam
3611 3914 3665 3965 in
3696 3930 3753 3967 ea

2152 3995 2315 4050 verba
2343 3996 2618 4053 desiisse?
2650 4014 2719 4052 au
2760 4015 2879 4055 eam
2914 4018 3157 4073 unquam
3204 4004 3423 4059 audivit
3475 4008 3538 4062 in
3591 4011 3757 4064 totius

2152 4083 2297 4139 Asia:
2328 4096 2596 4140 conventu
2634 4088 2871 4143 lectam?
2901 4107 2968 4145 an
3006 4107 3244 4162 unquam
3273 4093 3413 4148 vidit
3451 4094 3753 4169 Polycarpi

2150 4176 2435 4246 epistolam
2472 4179 2556 4233 vel
2605 4177 2792 4236 Griece
2826 4184 2907 4237 vel
2945 4183 3158 4250 Latine,
3206 4187 3289 4239 vel
3336 4202 3484 4256 ms.,
3521 4192 3615 4245 \‘ci
3663 4194 3756 4244 im-

2149 4283 2418 4337 pressam,
2454 4286 2576 4341 quze
2601 4272 2655 4326 in
2687 4288 2749 4327 ea
2782 4276 2947 4329 verba
2977 4276 3296 4331 desineret?
3328 4278 3589 4336 minime
3632 4301 3757 4354 gen-

2152 4360 2310 4414 tium.
2338 4361 2478 4427 Quid
2523 4363 2727 4434 igitur?
2765 4364 2984 4422 Judieio
3040 4366 3091 4422 .l.
3140 4367 3319 4424 Dalltei
3361 4386 3435 4426 ea
3498 4375 3756 4432 clausula

444 4456 589 4527 .Ruﬁ
626 4468 674 4512 et
705 4457 934 4526 Zosimi,
977 4461 1041 4514 de
1087 4478 1309 4531 quorum
1335 4480 1499 4533 agone
1525 4466 1667 4533 felici
1704 4466 1764 4521 S.
1794 4466 2033 4538 Polycar-

2174 4464 2268 4507 :rat
2308 4453 2727 4524 decentissima;
2780 4475 2953 4528 quare
2998 4475 3106 4516 non
3154 4462 3345 4517 debuit
3389 4462 3758 4540 Polycarpus

469 4566 564 4609 pus
594 4551 818 4619 epistola
866 4552 936 4605 ad
969 4551 1331 4624 Philippenses
1379 4557 1585 4611 scribit.
1618 4557 1748 4633 Post
1789 4560 1891 4615 hos
1944 4559 2048 4632 Sy-

470 4655 628 4693 meon
660 4639 1078 4711 Metaphrastes,
1113 4645 1374 4701 Actorum
1404 4645 1460 4701 S.
1497 4647 1686 4718 lgnatii
1716 4664 2043 4722 anonymus.

464 4729 861 4796 Suidas,verbo
884 4735 1578 4811 Πολύκαρπος·Ἐγραψεν
1604 4741 1891 4813 ἐπιστολὴν
1913 4742 2048 4815 πρὸς

460 4820 868 4893 *Φιλιππησῖους
902 4824 1041 4878 πάνυ
1090 4826 1427 4902 θαυμαστήν.
1479 4829 1703 4901 Scripsit
1766 4835 2043 4903 epistolam

462 4912 539 4966 ad
553 4910 920 4983 Philippenses
942 4934 1158 4987 prorsus
1174 4921 1568 4978 admirandam.
1589 4922 1798 4990 Quibus
1813 4928 2045 4983 addendi

470 5001 737 5072 Georgius
768 5003 1181 5076 Pachymerius,
1207 5008 1481 5065 Honorius
1509 5013 2042 5082 Augustodunensis,

461 5103 523 5147 et
548 5092 891 5164 Nicephorus
917 5096 1194 5166 Callistus,
1219 5102 1311 5171 qui
1358 5112 1481 5172 post
1508 5102 1873 5172 Nicephorum
1903 5104 2047 5159 Con-

462 5181 1015 5253 stantinopolitanum
1070 5188 1211 5243 idem
1264 5190 1332 5245 de
1383 5191 1439 5245 S.
1479 5190 1766 5263 Polycarpi
1816 5194 2042 5264 epistola

462 5285 592 5324 cum
624 5271 714 5341 iis,
742 5276 837 5345 qui
872 5286 999 5331 ante
1028 5279 1231 5347 vixere,
1272 5283 1637 5351 protulerunt.

545 5362 742 5421 Verum
770 5368 853 5421 hic
888 5358 1177 5439 Nicephori
1204 5375 1521 5439 patriarchae
1559 5377 1809 5447 primarii
1841 5379 1909 5434 de
1939 5380 2043 5437 hac

469 5456 695 5523 epistola
742 5462 1010 5530 judicium
1064 5464 1386 5520 ﬂammandi
1426 5469 1699 5523 sententia:
1754 5472 2041 5542 praeferre,

468 5548 639 5611 nulla,
678 5550 872 5622 inquit,
910 5556 1111 5610 invidia
1133 5567 1231 5612 est.
1258 5560 1326 5614 At
1354 5574 1462 5615 non
1492 5561 1581 5616 hic
1606 5560 1673 5616 de
1697 5561 1921 5630 invidia,
1948 5567 2041 5621 sed

467 5640 535 5695 de
564 5655 775 5712 recepta
805 5645 865 5699 S.
895 5646 1179 5719 Polycarpt
1204 5655 1530 5708 auctoritate
1557 5655 1845 5725 qumritur.
1874 5656 2044 5712 Ham-

464 5733 729 5789 mondum
761 5750 885 5791 cum
912 5737 1218 5810 Nicephoro
1257 5758 1365 5798 non
1396 5760 1781 5814 comparamus
1817 5765 1831 5801 :
1875 5745 2038 5804 Nice-

2151 4545 2308 4614 plura
2340 4546 2539 4602 addere
2564 4564 2576 4600 :
2610 4549 2773 4619 igitur
2803 4552 2856 4604 in
2887 4568 2950 4607 ea
2977 4555 3138 4608 verba
3167 4555 3469 4612 desinebat
3492 4562 3755 4631 epistola.

2149 4635 2337 4707 Neque
2359 4638 2503 4691 enim
2536 4640 2838 4709 putandum
2870 4653 2955 4698 est
2994 4644 3355 4717 Polyearpum
3389 4650 3582 4718 plura
3619 4657 3756 4709 scri-

2152 4730 2276 4783 bere
2299 4729 2563 4797 voluissc,
2592 4748 2757 4801 quam
2804 4736 3139 4803 permitteret
3182 4736 3465 4794 Dallteus!
3508 4742 3686 4801 Certe
3714 4746 3756 4799 si

2150 4824 2255 4877 hac
2293 4823 2409 4894 lege
2464 4826 2517 4878 in
2577 4827 2826 4895 epistolis
2864 4830 3139 4885 veteribus
3183 4833 3261 4885 uti
3309 4832 3528 4905 liceat,
3566 4854 3759 4895 omnes

2149 4930 2287 4983 pene
2314 4916 2595 4985 clausulae,
2623 4936 2745 4989 qum
2784 4938 2929 4977 nunc
2954 4934 3192 4990 exstant,
3236 4936 3401 4981 erunt
3459 4932 3643 4989 nobis
3670 4950 3759 4988 ex-

2149 5011 2471 5079 pungcnda).
2515 5010 2708 5067 Nonne
2750 5030 2945 5070 versus
2997 5015 3222 5072 ultimus
3270 5020 3492 5088 capitis
3554 5026 3759 5082 decimi

2148 5102 2325 5169 quinti
2360 5102 2618 5172 Epistolm
2651 5107 2716 5160 ad
2749 5105 3029 5164 Romanos
3056 5108 3229 5163 :Deus
3261 5121 3446 5166 autem
3479 5120 3653 5185 pacis
3695 5122 3761 5173 sit

2147 5208 2267 5245 cum
2313 5196 2555 5250 omnibus
2602 5198 2766 5265 vobis,
2806 5199 2991 5266 Amen,
3036 5200 3431 5261 decentissima
3495 5212 3761 5267 clausula

2147 5296 2251 5350 est,
2282 5295 2455 5341 totum
2494 5288 2657 5359 igitur
2681 5299 2845 5359 caput
2884 5291 3157 5347 decimum
3196 5305 3416 5349 sextum
3467 5303 3595 5357 erit
3637 5321 3760 5357 era~

2146 5376 2406 5431 deudum.
2454 5377 2645 5433 Nonne
2693 5396 2885 5437 versus
2924 5383 3150 5440 ultimus
3191 5387 3337 5440 tertii
3377 5393 3611 5459 capitis
3637 5395 3755 5467 Epi-

2147 5470 2302 5523 stola:
2343 5470 2411 5523 ad
2455 5470 2724 5541 Ephesios
2757 5488 2773 5526 :
2811 5472 2925 5543 Ipsi
2966 5475 3140 5546 gloria
3183 5478 3238 5531 iu
3274 5478 3568 5549 Ecclesia,
3609 5499 3664 5541 et
3709 5491 3757 5541 ia

2147 5564 2361 5618 Christo
2393 5564 2545 5631 Jesu,
2585 5566 2640 5620 in
2674 5584 2850 5621 omnes
2880 5572 3241 5640 generationes
3279 5578 3479 5628 δαναιιὶ
3514 5586 3732 5639 δωςιιο

2148 5673 2288 5724 rum,
2323 5657 2510 5725 Amen,
2552 5660 2944 5718 decentissima
2993 5665 3239 5721 clausula
3269 5669 3391 5723 est?
3436 5672 3540 5728 An
3588 5677 3755 5747 igitur

2150 5751 2249 5803 tria
2282 5752 2492 5822 reliqua
2527 5754 2702 5824 capita
2733 5772 2833 5826 pro
2874 5759 3078 5815 assutis
3110 5770 3237 5814 sunt
3274 5762 3553 5822 habenda
3580 5770 3607 5823 ?
3641 5771 3763 5827 Clc»
