3786 6338
147 374 219 427 157

806 368 857 422 J.
901 366 1268 423 PEARSONII
1311 367 1633 423 VlNDlCl/‘E
1673 366 2095 425 IGNA'I'IANAE.
2139 399 2204 407 --
2240 368 2420 423 PARS
2454 369 2496 423 Ι.

3234 370 3336 425 138

141 506 258 544 mens
280 487 553 550 Romanus,
587 489 828 557 epistola:
860 491 924 543 ad
957 490 1273 544 Corinthios
1317 492 1513 561 pagina
1552 492 1644 556 9.9,
1676 512 1719 565 Α
1750 493 1933 560 piatis.
1966 490 2245 546 Continent
2265 494 2406 545 enim
2434 492 2497 546 tle
2521 492 2626 562 [ide
2658 503 2706 547 et
2732 494 2996 560 patientia
3019 494 3307 549 instructio

142 583 219 634 Per
254 579 410 633 Iesum
451 578 743 645 Christum,
796 582 995 651 inquit,
1042 583 1128 635 cui
1169 583 1337 652 gloria
1386 584 1556 635 omnis
1604 593 1652 636 et

142 673 467 742 magniﬁcentia
504 674 562 726 in
602 676 802 727 sarcula
846 673 1184 730 saeculorum.
1230 678 1417 730 Amen.
1462 674 1656 730 Nonne

141 769 227 819 haec
249 766 604 821 decentissima
638 767 888 821 clausula
924 767 1052 822 est?
1088 768 1259 838 Igitur
1287 768 1653 839 quadraginta

138 868 298 927 septem
340 860 542 929 pagina:
598 867 729 915 sunt
771 871 994 915 assutrc.
1040 861 1303 916 Eamdem
1346 861 1650 916 clausulam

138 951 347 1003 habemus
377 966 495 1020 pag.
534 952 629 1019 All,
669 952 759 1017 50,
802 954 892 1018 57,
925 954 1015 1018 59,
1046 954 1138 1017 66,
1176 954 1279 1020 75;
1311 969 1450 1024 opus
1488 955 1653 1026 igitur

133 1044 213 1096 erit
236 1042 500 1098 Marcionis
524 1047 819 1110 machaera,
862 1055 921 1100 ut
967 1048 1080 1100 haec
1118 1056 1172 1101 et
1201 1047 1402 1101 similia
1442 1049 1651 1101 rescin—

134 1137 308 1190 dantur.
350 1135 418 1190 Ea
453 1138 699 1206 quidem,
749 1154 873 1208 qum
916 1148 1223 1208 sequuntur
1271 1140 1647 1194 testimonium

131 1242 350 1293 nostrunt,
380 1231 592 1284 admitti
632 1246 798 1300 posse
841 1235 937 1297 ait,
984 1234 1108 1289 licet
1140 1234 1525 1290 decentissima
1559 1237 1649 1292 illa

131 1322 324 1375 clausula
349 1326 705 1392 prmeesserit.
730 1325 798 1378 At
820 1326 864 1379 si
886 1335 1011 1394 post
1035 1327 1474 1383 decentissimam
1500 1330 1653 1384 clau-

128 1416 264 1468 sulam
295 1416 484 1484 aliquid
514 1416 731 1470 admitti
761 1419 957 1487 possit,
980 1434 1081 1472 cur
1100 1434 1208 1473 non
1239 1420 1373 1476 illud
1398 1423 1465 1501 de
1494 1422 1650 1492 Igna-

129 1506 298 1561 tio?An
330 1509 411 1563 illa
442 1511 685 1566 absurde
714 1512 925 1567 inserta
954 1522 1119 1583 atque
1157 1514 1353 1570 inl'ulta
1384 1516 1493 1571 dici
1523 1532 1651 1587 pos-

127 1613 238 1667 sunt,
268 1619 375 1673 qum
402 1612 524 1673 post
572 1621 765 1660 omnes
808 1606 1081 1661 salutares
1131 1607 1536 1663 admonitiones
1579 1610 1648 1664 ad

127 1694 269 1761 ﬁdem,
324 1698 631 1766 patientiam
697 1709 752 1753 et
804 1700 1229 1755 aedificationem
1278 1703 1646 1772 pertinentes,

124 1788 351 1855 speciatim
375 1790 437 1844 ad
463 1789 571 1845 ista
600 1793 951 1860 respondent,
977 1808 1099 1861 qua:
1123 1794 1227 1863 ipsi
1250 1794 1317 1847 ad
1339 1810 1481 1864 quos
1508 1796 1647 1848 scri-

1756 598 1872 633 nem
1904 581 2189 651 perfectam
2222 584 2505 643 secundum
2549 583 2764 637 Domini
2794 596 3132 655 praeceptum.
3170 585 3335 639 Euse-

1757 672 1904 727 bium
1956 688 2023 725 ex
2076 672 2307 742 epistola
2359 674 2675 746 Polycarpi,
2730 692 2853 746 qua:
2912 686 3043 731 tunc
3088 677 3336 732 omnium

1754 767 2014 821 manibus
2048 769 2360 832 tenebatur,
2406 770 2521 824 haec
2556 770 2675 840 ipsa
2714 772 2882 827 verba
2922 772 3338 842 transcripsisse

1753 861 2067 923 credimus;
2115 871 2231 914 tum
2263 863 2412 930 quod
2464 861 2581 932 ipse
2626 864 2729 918 hoc
2768 873 3004 929 asserat,
3038 874 3153 919 tum
3188 865 3335 934 quod

1754 952 1808 1006 in
1838 954 2005 1007 veteri
2031 954 2253 1021 vulgata
2282 954 2539 1009 versione
2561 956 2808 1025 epistola:
2830 956 2890 1011 S.
2911 956 3198 1028 Polycarpi
3220 957 3339 1011 haec

1751 1044 2053 1100 etiamnum
2110 1045 2357 1116 legamus
2404 1062 2419 1098 :
2469 1046 2739 1116 Epistolas
2794 1031 3175 1120 sanedgnatii
3218 1064 3338 1119 qua:

1753 1139 2082 1192 transmissa
2102 1149 2223 1192 sunt
2243 1138 2385 1193 vobis
2403 1142 2526 1209 (pro
2547 1141 2719 1210 nobis)
2750 1142 2908 1205 abeo,
2926 1153 2975 1195 et
2992 1143 3338 1212 alias,quan-

1750 1241 2042 1300 tascunque
2074 1232 2215 1300 apud
2258 1248 2352 1284 nos
2383 1232 2688 1298 habuimus,
2735 1232 3132 1289 transmisimus
3165 1235 3333 1298 vobis,

1751 1325 2041 1378 secundum
2069 1326 2209 1394 quod
2253 1326 2571 1390 mandastis,
2606 1343 2725 1396 qua:
2756 1336 2879 1379 sunt
2922 1326 3172 1394 subjecta:
3214 1327 3337 1379 huic

1746 1417 1988 1487 cpistola:
2031 1434 2050 1471 :
2083 1433 2148 1471 ea:
2187 1418 2377 1488 quibus
2431 1434 2655 1488 magnus
2698 1419 2840 1471 vobis
2892 1421 2992 1472 erit
3043 1419 3331 1487 profectus.

1752 1508 2034 1563 Continent
2065 1511 2207 1563 enim
2245 1510 2425 1577 ﬁdem,
2468 1511 2807 1579 patientiam,
2842 1519 2893 1563 et
2923 1528 3123 1564 onmem
3163 1511 3337 1579 aediﬁ-

1749 1602 2009 1655 cationem
2058 1602 2128 1654 ad
2176 1600 2465 1655 Dominum
2503 1613 2745 1656 nostrum
2790 1605 3173 1674 pertinentem;
3218 1614 3333 1656 tum

1750 1692 1991 1763 denique
2017 1695 2163 1763 quod
2209 1693 2463 1760 Photius,
2497 1696 2592 1765 qui
2646 1696 2790 1750 hanc
2824 1696 2999 1766 ipsam
3045 1695 3334 1765 epistulam

1749 1784 1899 1855 legit,
1921 1795 1976 1840 et
2000 1793 2288 1856 tantopere
2316 1786 2583 1850 laudavit,
2606 1787 2749 1843 idem
2775 1803 2886 1841 non
2914 1788 3151 1841 obscure
3173 1797 3335 1841 teste-

125 1879 197 1940 bit,
224 1880 392 1934 litteris
414 1881 532 1936 suis
554 1883 1010 1950 postulaverant?
1033 1883 1411 1955 Philippenscs
1441 1885 1510 1939 ad
1540 1885 1645 1939 Po-

1820 1894 1858 1944 r,
1891 1893 2017 1933 cum
2060 1878 2184 1933 ait:
2233 1879 2395 1948 Λέγει
2430 1879 2487 1932 δὲ
2534 1880 2627 1934 καὶ
2669 1880 2769 1944 τὰς
2816 1880 3105 1944 ἐπιστολὰς
3150 1879 3335 1943 αὐτοῖς

123 1969 347 2040 lycarpum
376 1973 710 2042 scripserant
740 1976 808 2030 de
842 1975 1127 2031 mittendis
1162 1977 1360 2032 litteris
1389 1977 1505 2033 suis
1533 1979 1645 2032 An—

124 2062 350 2128 tiochiam,
371 2075 422 2118 et
440 2076 738 2120 oraverant
779 2067 944 2121 etiam
982 2078 1041 2122 ut
1060 2069 1323 2137 epistolas
1345 2069 1403 2125 S.
1431 2072 1644 2140 lgnatii,

119 2170 223 2222 quas
249 2159 376 2225 apud
401 2174 459 2211 se
487 2158 734 2226 haberet,
768 2161 838 2213 ad
869 2160 1021 2229 ipsos
1050 2161 1269 2215 mittere
1301 2162 1641 2233 dignaretur.

122 2246 267 2302 Nonne
288 2250 347 2302 ad
374 2251 536 2303 ﬁnem
566 2251 813 2320 epistolae
838 2255 1209 2322 responsoria:
1238 2266 1645 2326 per0pportune

121 2342 279 2394 laceret
304 2340 655 2413 Polycarpus,
687 2343 734 2398 si
774 2344 866 2397 illa
916 2356 1223 2413 reponeret,
1268 2363 1391 2416 qua:
1425 2347 1528 2416 ipsi
1574 2349 1646 2403 ab

120 2448 167 2483 eo
189 2434 567 2504 efﬂagitabant?
587 2435 725 2490 Cum
758 2438 1021 2507 epistolas
1048 2439 1239 2507 lgnatii
1272 2456 1385 2494 sua:
1415 2441 1645 2510 subjun-

120 2523 269 2586 xisset,
297 2542 358 2578 an
381 2526 446 2580 de
477 2527 592 2581 illis
623 2528 753 2581 alibi
790 2528 972 2597 potius
1009 2529 1309 2598 quidquam
1354 2531 1639 2595 scriberet,

118 2631 242 2681 quam
268 2618 327 2671 ad
370 2619 534 2673 ﬁnem
563 2620 810 2689 epistola:
841 2636 979 2686 suae,
1024 2622 1112 2675 cui
1161 2638 1354 2676 earum
1397 2640 1642 2692 συναγω-

119 2707 194 2774 γὴν
218 2710 605 2779 subjunxerat?
639 2710 783 2765 Nihil
833 2713 919 2767 his
948 2722 1098 2769 certe
1137 2723 1233 2767 aut
1273 2716 1348 2767 rei
1382 2716 1505 2784 ipsi,
1548 2724 1645 2770 aut

119 2802 221 2852 ntori
261 2803 533 2858 hominum
581 2805 635 2858 in
682 2806 1100 2861 conscribendis
1144 2808 1395 2876 epistolis
1442 2823 1645 2862 conve-

117 2891 309 2949 nientius
329 2899 627 2968 excogitari
662 2908 860 2968 potest.

169 2984 300 3041 Levia
344 2990 507 3059 igitur
547 2992 663 3045 haec
706 3000 855 3055 sunt,
899 2991 979 3044 vel
1022 2991 1141 3061 ipso
1186 2990 1390 3045 Dallteo
1415 2991 1637 3061 judice:

116 3076 180 3127 sed
202 3087 243 3130 et
279 3082 416 3134 aliud
445 3091 551 3146 est,
601 3083 801 3153 inquit,
840 3084 1008 3135 multo
1053 3084 1287 3153 gravius,
1324 3084 1465 3153 quod
1508 3085 1642 3137 hanc

116 3170 161 3219 de
184 3169 450 3240 lgnatianis
484 3175 808 3245 particulam
842 3193 945 3229 non
985 3178 1242 3239 auctoris,
1279 3178 1368 3230 sed
1410 3178 1642 3245 alicujus

118 3261 290 3317 alterius
311 3283 415 3321 esse
441 3269 645 3338 arguit.
673 3266 844 3322 Grave
870 3269 1090 3338 quidem
1117 3269 1244 3332 hoc,
1277 3271 1323 3323 si
1354 3286 1479 3324 vera
1506 3271 1638 3329 sint,

117 3367 206 3417 qua!
248 3361 485 3424 proximo
537 3360 719 3429 capite
768 3362 970 3415 asserit
1017 3360 1409 3426 adversarius,
1467 3360 1642 3414 locum

119 3456 402 3516 nempe,qu0
428 3449 709 3520 lgnatiana
741 3452 1120 3517 nominantur,
1141 3451 1338 3522 insigni
1368 3453 1642 3506 mendacio

116 3534 347 3603 deformem
377 3558 524 3607 esse,
563 3552 621 3597 et
650 3559 775 3612 qua:
816 3545 996 3613 capite
1025 3544 1095 3599 '56
1128 3546 1334 3614 pariter
1370 3545 1640 3609 allirmat,

122 3625 372 3703 Polycarpi,
406 3637 641 3704 scilicet,
685 3638 825 3706 quod
866 3639 1091 3706 a/fertur
1135 3638 1496 3692 testimonium
1533 3656 1644 3693 esse

116 3721 398 3780 subdititium
434 3729 818 3799 mendacioque
849 3733 1167 3799 inspersum.
1199 3729 1379 3786 Grave
1420 3731 1641 3800 quidem

117 3811 275 3868 crimen
306 3819 677 3886 tnendacium,
707 3821 1013 3889 priesertim
1061 3822 1110 3875 si
1154 3821 1369 3890 insigne
1400 3821 1507 3888 sit,
1550 3838 1643 3875 nc-

115 3916 194 3968 (ὶιιε
220 3908 358 3963 video
388 3912 675 3981 quomodo
712 3914 964 3967 excusari
996 3913 1236 3983 possint,
1267 3912 1363 3983 qui
1393 3913 1644 3967 testimo-

118 3994 184 4046 uio
208 4008 409 4057 utuntur
439 4012 556 4058 tam
596 4004 753 4074 gravi
787 4004 1021 4060 crimine
1066 4006 1336 4075 inspersa.
1382 4004 1503 4061 Non
1552 4022 1644 4060 ne-

115 4087 323 4155 gligenter
344 4096 511 4164 igitur
530 4099 887 4167 quaerendum
914 4108 1001 4153 est
1023 4098 1139 4163 ubi,
1165 4100 1270 4152 hoc
1293 4098 1642 4153 mendacium

117 4177 300 4237 inveniri
325 4191 497 4256 possit
530 4208 543 4243 :
584 4205 712 4244 nam
751 4201 922 4254 certe,
957 4200 1017 4244 ut
1048 4206 1194 4244 nunc
1225 4205 1286 4246 se
1327 4206 1417 4245 res
1458 4192 1643 4257 habet,

116 4280 185 4322 aut
210 4274 254 4328 in
274 4274 595 4352 Polycarpo,
634 4291 732 4337 aut
767 4283 820 4336 in
845 4282 1107 4349 Eusebio,
1140 4292 1236 4338 aut
1264 4285 1323 4337 in
1346 4284 1646 4355 impostore

116 4359 276 4430 aliquo,
301 4378 389 4422 aut
422 4372 477 4424 in
514 4372 894 4427 testimonium
927 4373 1208 4441 all‘erente,
1244 4382 1341 4429 aut
1377 4374 1435 4428 in
1477 4390 1643 4443 repu-

114 4450 253 4510 diante
275 4462 621 4518 mendacium
650 4472 755 4520 est.

1669 3236 1712 3291 C

1759 1971 2022 2039 Ἰγνατιου
2062 1969 2159 2024 τοῦ
2207 1971 2467 2043 θεοφόρου
2502 1973 2927 2038 ἀπεσταλκέναι,
2971 1974 3104 2026 dicit
3154 1984 3334 2027 autem

1747 2060 2132 2132 (Polycarpus)
2178 2079 2233 2115 se
2284 2063 2449 2116 etiam
2501 2060 2705 2133 lgnatii
2757 2065 3031 2133 theoplwri
3078 2064 3333 2133 epistolas

1746 2156 1876 2223 ipsis
1910 2156 2292 2209 transmisisse.
2327 2153 2444 2209 Iloc
2472 2156 2696 2210 unicum
2726 2157 3104 2211 testimonium
3129 2172 3197 2211 es
3225 2155 3333 2209 Po-

1745 2248 1953 2319 lycarpi
2002 2249 2234 2318 epistola
2278 2247 2680 2318 depromimus,
2725 2248 2869 2318 quod
2918 2249 3331 2319 integerrimum

1744 2356 1869 2395 esse
1904 2353 2186 2409 putamus,
2227 2350 2282 2395 et
2317 2342 2405 2396 cui
2456 2342 2604 2396 nulla
2642 2358 2887 2412 unquam
2920 2342 3075 2398 labes
3106 2329 3333 2413 aspersa

1744 2443 1849 2497 est,
1882 2442 2176 2502 antequam
2211 2448 2241 2486 a
2288 2433 2499 2487 nostris
2537 2448 2635 2502 pro
2681 2432 2984 2503 lgnatianis
3028 2434 3327 2489 adducere-

1746 2538 1855 2583 tur.
1898 2527 2049 2583 Satis
2092 2530 2262 2599 igitur
2292 2545 2393 2583 nos
2426 2529 2578 2600 ipsos
2609 2544 2639 2583 a
2672 2528 2945 2585 mendacii
2980 2533 3214 2585 crimine
3247 2542 3322 2585 tu~

1748 2619 1845 2674 tati
1877 2636 2092 2675 sumus.
2422 2605 2454 2621 V

1820 2712 1879 2766 S.
1912 2712 2277 2784 Polycarpum
2311 2713 2413 2782 ipsi
2442 2714 2511 2767 ab
2543 2715 2694 2767 omni
2724 2716 3044 2784 suspicione
3074 2715 3330 2779 liberant,

1745 2803 1868 2859 ideo
1895 2805 2043 2858 enim
2091 2807 2283 2859 volunt
2325 2806 2441 2859 hasc
2471 2822 2501 2859 a
2535 2804 2835 2876 Polycarpo
2863 2807 3088 2860 minime
3128 2808 3331 2876 scripta

1748 2896 1944 2962 fuisse,
1989 2898 2137 2967 quod
2172 2897 2241 2951 ab
2281 2898 2402 2967 ejus
2428 2897 2716 2967 prudentia
2751 2908 2917 2967 atque
2948 2899 3239 2954 sanctitate
3267 2917 3331 2953 ea

1746 2990 1988 3042 maxime
2039 2991 2338 3043 abhorrere
2390 2990 2751 3043 arbitrantur.
2808 2989 2947 3055 Quid
3007 2992 3217 3060 igitur?
3262 3006 3333 3044 an

1746 3082 2011 3135 mentitus
2041 3091 2127 3136 est
2157 3080 2449 3144 Eusebius,
2483 3091 2533 3134 et
2563 3096 2627 3135 ea
2663 3081 2820 3136 nobis
2858 3083 3101 3148 tradidit,
3125 3082 3248 3153 qna:
3277 3083 3330 3135 in

1745 3174 1975 3241 epistola
2002 3173 2288 3245 Polyearpi
2326 3191 2428 3228 sua
2457 3184 2617 3229 aetate
2651 3176 2878 3230 minime
2903 3177 3334 3246 comparebant?

1745 3266 1826 3318 An
1854 3267 1946 3320 ille
1977 3268 2211 3321 lectores
2251 3266 2439 3321 fallere
2479 3269 2719 3323 voluisse
2754 3270 3033 3338 putandus
3061 3278 3146 3324 est
3179 3270 3232 3321 in
3276 3285 3332 3321 re.

1747 3366 1858 3409 tam
1897 3367 2085 3425 aperta
2128 3367 2183 3411 et
2230 3358 2491 3411 omnibus
2537 3366 2667 3412 tunc
2696 3360 2962 3429 temporis
3008 3360 3335 3414 notissima?

1745 3446 1937 3501 Nonne
1964 3448 2195 3516 epistola
2232 3449 2520 3520 Polycarpi
2552 3453 2604 3503 in
2634 3461 2905 3505 conventu
2939 3452 3084 3505 Asiae
3114 3452 3332 3521 publice

1746 3540 1882 3594 lecta
1909 3540 2031 3605 fuit,
2056 3556 2183 3593 eum
2202 3536 2499 3595 Historiam
2530 3558 2686 3595 suam
2720 3543 3000 3596 scribebat
3024 3540 3334 3597 Eusebius?

1747 3632 1829 3684 An
1860 3632 2187 3685 sententiam
2214 3633 2353 3687 bene
2381 3632 2600 3702 longam
2628 3634 2743 3701 ipse
2764 3634 3112 3687 comminisci
3137 3633 3329 3698 voluit,

1745 3732 1799 3777 et
1824 3725 2072 3792 epistola:
2092 3724 2357 3788 inserere,
2387 3725 2453 3777 ad
2484 3725 2643 3778 tidem
2672 3724 2970 3794 lgnatianis
2998 3725 3328 3791 faciendam,

1746 3817 1863 3871 suis
1901 3817 2315 3887 derogandam?
2363 3816 2477 3872 Hoc
2527 3819 2692 3871 etiam
2734 3818 2899 3872 nimis
2936 3834 3189 3873 crassum
3224 3835 3331 3888 pu-

1748 3917 1896 3973 tant;
1932 3924 2109 3979 neque
2150 3907 2541 3981 Polycarpum,
2567 3909 2752 3980 'neque
2793 3909 3094 3966 Eusebium
3132 3912 3334 3967 menti-

1746 4008 1861 4054 tum
1897 4002 2106 4069 voluit;
2156 4004 2250 4058 sed
2304 4004 2661 4073 impostorem
2705 4005 2898 4059 nescio
2939 4021 3129 4075 quem,
3167 4020 3331 4075 quem

1746 4102 1876 4147 ante
1918 4094 2216 4149 Eusebium
2265 4097 2471 4151 vixisse
2516 4096 2890 4161 hariolantur,
2935 4099 3028 4153 sed
3066 4114 3229 4167 quem
3278 4100 3335 4154 in

1746 4186 1889 4241 vivis
1918 4203 2189 4257 unquam,
2224 4204 2324 4243 nec
2357 4190 2473 4255 ille,
2506 4205 2609 4243 nec
2637 4191 2781 4245 alius
2807 4191 3111 4259 quispiam,
3158 4190 3359 4246 fuisse.

1747 4280 2055 4347 praestabit.
2085 4280 2181 4336 Ille
2207 4293 2393 4337 autem
2424 4282 2564 4337 falso
2591 4292 2646 4337 et
2688 4281 2838 4337 vafre
2868 4292 3043 4337 tonnn
3078 4294 3330 4338 nostrum
3410 4344 3415 4345 ί

1748 4370 2125 4426 testimonium
2180 4373 2347 4428 alicui
2396 4374 2645 4443 cpistola:
2687 4373 3102 4445 Polycarpiana:
3140 4390 3336 4429 exem-

1747 4464 1887 4532 plari
1925 4465 2161 4520 inseruit
2194 4482 2206 4517 :
2255 4476 2311 4520 et
2352 4468 2540 4522 statim
2584 4476 2682 4521 aut
2727 4468 2781 4521 in
2821 4467 3143 4536 impostoris
3174 4475 3337 4521 auto-

165 4542 317 4604 Primo
344 4554 505 4624 igitur
535 4572 639 4610 nos
658 4556 750 4626 qui
770 4556 1145 4612 testimonium
1167 4556 1521 4626 proferimus,
1542 4573 1643 4612 nos
1677 4577 1722 4632 ο
1750 4558 2041 4625 graphum,
2076 4565 2172 4611 aut
2196 4558 2248 4611 in
2279 4558 2523 4612 libellum
2555 4560 2793 4629 aliquem
2838 4559 2908 4613 ab
2936 4559 3029 4612 illo
3069 4559 3338 4613 transcri-

117 4634 229 4703 ipsos
248 4644 311 4698 ab
333 4646 431 4701 hoc
450 4648 688 4703 crimine
709 4657 900 4718 aperte
928 4648 1309 4704 liberabimus.
1328 4648 1457 4704 Haec
1475 4649 1642 4704 verba

117 4728 258 4787 Graece
304 4753 362 4791 ex
411 4737 652 4794 Eusebio
698 4742 820 4795 sine
860 4740 976 4794 ullo
1018 4742 1146 4796 dolo
1197 4742 1641 4806 transcribimus,

119 4816 226 4877 Hist.
261 4829 377 4883 eccl.
416 4832 452 4884 i.
502 4848 591 4892 tu,
628 4847 679 4886 c.
724 4832 795 4887 36
833 4851 847 4886 :
894 4833 1008 4896 Τὰς
1039 4833 1332 4897 ἐπιστολὰς
1383 4835 1643 4903 Ίγνατίου

116 4912 186 4973 τὶς
209 4922 529 4989 πεμφθείσας
563 4926 691 4994 ἡμῖν
720 4924 815 4978 ἀπ’
842 4924 1032 4990 αὑτοῦ,
1069 4926 1165 4979 καὶ
1208 4925 1376 4989 ἄλλας
1403 4926 1537 4988 ὅσας
1567 4926 1644 4979 εἵ-

118 5021 244 5075 κομεν
282 5017 403 5085 παρ’
446 5019 607 5087 ἡμῖν,
650 5016 981 5088 ἐπέμψαμεν
1014 5019 1166 5088 ὑμῖν,
1216 5016 1399 5081 καθὼς
1440 5017 1643 5071 ἐνετεί-

117 5096 265 5167 λασθε,
311 5110 367 5160 αῖ
406 5128 558 5173 τινες
611 5111 1057 5182 ἀποτεταγμέναι
1105 5111 1214 5164 εἰσὶ
1259 5113 1328 5181 τῇ
1383 5112 1642 5182 ἐπιστολῇ

117 5189 261 5265 ταύτῃ,
300 5198 355 5263 ἐξ
389 5193 463 5253 ὧν
508 5203 725 5271 μεγάλα
754 5201 1102 5274 ὠφεληθῆναι
1129 5200 1452 5273 δυνήσεσθε“
1485 5219 1643 5274 περι-

118 5277 254 5345 ἑ(θ’-ἐπι
270 5289 369 5359 γὰρ
394 5292 581 5345 πίστιν
599 5294 693 5348 καὶ
719 5293 1017 5365 ὑπομονὴν,
1040 5294 1134 5347 καὶ
1158 5296 1339 5347 πᾶσαν
1357 5295 1647 5367 οἰκοδομὴν

118 5370 187 5441 τίτί
208 5378 273 5441 εἰς
291 5382 376 5435 τὸν
404 5384 612 5456 Κύριον
632 5386 790 5456 ἡμῶν
818 5387 1151 5459 ἀνήκουσαν.
1177 5384 1303 5441 Περ
1335 5386 1503 5441 verba
1524 5404 1648 5456 qua:

119 5476 228 5520 nunc
269 5472 317 5525 in
358 5474 603 5531 Eusebio
652 5478 910 5549 legimus,
965 5478 1034 5531 ab
1072 5478 1193 5547 ipso
1237 5476 1411 5530 fuisse
1441 5477 1647 5547 scripta

119 5569 199 5611 non
225 5562 523 5625 dubitamus
561 5589 575 5624 :
603 5573 685 5626 sic
710 5573 857 5626 enim
887 5587 951 5627 ea
983 5572 1128 5626 intra
1154 5587 1330 5625 annos
1359 5570 1429 5626 85
1451 5588 1482 5625 a
1526 5568 1647 5621 Rn-

120 5648 215 5713 ίίῐιο,
240 5656 351 5712 licet
378 5663 739 5733 negligenter,
770 5679 930 5719 versa
953 5664 1204 5719 videmus
1228 5686 1239 5714 :
1263 5660 1479 5715 Mittam
1506 5663 1647 5715 vobis

120 5748 153 5791 α
176 5742 343 5815 lguatii
372 5756 653 5824 epistolas,
679 5768 727 5811 et
761 5760 900 5812 alias
931 5760 977 5812 si
1000 5774 1117 5828 qua:
1142 5759 1269 5823 sint,
1308 5772 1426 5825 qua:
1453 5754 1523 5807 ad
1554 5771 1647 5811 nos

123 5840 394 5899 lfansmissm
424 5858 549 5901 sunt
575 5866 593 5912 ;
619 5866 681 5903 ex
708 5852 896 5918 quibus
924 5852 1212 5907 utilitatem
1242 5850 1534 5903 maximam
1557 5866 1646 5903 ca-

345 5930 621 6004 I‘arnoe.
676 5945 788 6006 Gn.
825 5944 901 6005 ν.

1748 4658 1903 4716 ptum
1948 4650 2162 4715 incidit,
2190 4665 2299 4705 non
2329 4650 2472 4705 forte
2515 4652 2609 4706 sed
2653 4651 2982 4718 certissime,
3023 4648 3335 4720 Eusebius;

1746 4755 1873 4793 cum
1901 4740 2067 4811 igitur
2105 4742 2255 4795 aliud
2288 4744 2571 4813 exemplar
2602 4759 2712 4798 non
2745 4743 2975 4809 videret,
3011 4753 3068 4798 et
3103 4745 3237 4814 quid
3278 4746 3361 4800 in.

1747 4831 1892 4885 Asia:
1922 4843 2197 4887 conventu
2225 4835 2501 4906 legeretur
2531 4837 2830 4906 ignoraret,
2864 4836 2918 4889 in
2954 4835 3159 4891 fcedum
3184 4852 3359 4891 error»

1747 4940 1862 4978 rem
1895 4924 2153 4993 delapsus
2180 4936 2267 4982 est
2305 4928 2699 4983 Ecclesiasticas
2727 4930 2969 4983 historia:
3003 4928 3184 4983 Pater.
3233 4926 3339 4982 Ne-

1747 5032 1855 5086 que
1888 5018 2127 5083 mirum;
2175 5029 2295 5073 erat
2321 5022 2527 5091 quippe
2564 5023 2818 5093 egregius
2861 5021 3060 5081 artifex
3100 5021 3191 5075 hic
3233 5021 3340 5075 im-

1747 5118 1973 5177 postor;
2004 5109 2147 5163 idem
2179 5111 2349 5174 enim,
2383 5128 2561 5183 neque
2584 5115 2881 5185 quisquam
2915 5114 3056 5169 alius
3090 5111 3213 5169 fuit.
3237 5110 3333 5180 qui

1748 5218 1844 5256 sex
1872 5203 1955 5256 vel
1980 5211 2189 5271 septem
2221 5204 2487 5273 epistolas
2521 5221 2554 5260 a
2584 5222 2644 5261 se
2668 5206 2936 5261 conﬁctas
2970 5203 3179 5273 lgnatio
3200 5203 3333 5256 sub-

1748 5295 1908 5360 didit,
1937 5304 1986 5348 et
2020 5297 2133 5350 Ιηιέ
2155 5294 2220 5349 de
2249 5296 2570 5366 quibusdam
2609 5296 2811 5368 lgnatii
2841 5314 2875 5349 a
2913 5293 3209 5363 Palycarpo
3234 5292 3333 5345 lit-

1751 5387 1877 5441 teris
1904 5386 2063 5455 hujus
2102 5387 2171 5440 ad
2204 5387 2567 5457 Pliilippenses
2605 5398 2855 5442 extrema:
2884 5385 3126 5454 epistola:
3153 5384 3339 5438 subte-

1748 5483 1889 5543 xuit,
1912 5491 2086 5545 ratus,
2111 5478 2250 5550 quod
2270 5479 2488 5543 accidit,
2511 5481 2727 5533 lectores
2747 5480 2858 5531 hac
2874 5477 2940 5531 de
2960 5479 3073 5532 suis
3094 5478 3337 5547 epistolis

1750 5582 2079 5640 accepturos.
2132 5570 2311 5641 Hujus
2352 5572 2590 5625 fallaciis
2618 5571 2885 5641 deceptus
2913 5580 2998 5625 est
3039 5569 3338 5630 Eusebius,

1752 5674 1812 5717 ut
1847 5664 2087 5729 videtur,
2140 5664 2224 5717 vir
2272 5663 2499 5717 minime
2546 5661 2753 5728 malus,
2796 5673 2894 5717 aut
2939 5663 3233 5732 suspicax;
3284 5662 3336 5712 in

1751 5754 2006 5809 eumdem
2060 5769 2305 5810 errorem
2350 5754 2567 5810 induxit
2609 5769 2802 5810 omnes
2850 5769 2945 5809 eos
2987 5751 3197 5817 Patres,
3243 5750 3339 5820 qui

1753 5848 1883 5903 dum
1921 5847 2154 5917 epistola
2198 5845 2486 5918 Polycarpi
2518 5848 2575 5904 in
2620 5855 2894 5905 conventu
2938 5845 3082 5899 Asiae
3121 5842 3338 5913 publice

2982 5939 3021 6001 5
