3786 6336
437 340 539 400 13$
1483 345 1541 400 S.
1583 344 1931 402 lGNATlUS.
1967 375 2035 385 -—
2076 346 2609 404 PROLEGOMENA.
3586 344 3662 399 1111

435 480 726 540 tegeretur,
756 470 961 536 vixere,
989 462 1194 539 quique
1226 469 1513 539 epistolam
1544 470 1813 539 integrann
1847 479 1900 523 et
1932 470 2013 522 in-
2046 487 2092 544 Α
2120 470 2377 527 dentibus
2404 479 2459 527 et
2483 487 2606 527 cum
2652 467 3011 539 sequentibus
3046 466 3319 537 congruit.
3352 480 3529 535 neque
3556 466 3666 519 inter

433 572 750 633 corruptam
809 563 990 615 videre
1038 578 1319 631 nunquam
1384 570 1701 631 potuerunt.
1748 560 1817 614 At
1864 568 2016 630 post-
2118 578 2238 617 eam
2262 573 2316 619 et
2347 565 2514 617 ullam
2542 563 2703 616 aliam
2725 560 2972 629 episto|:e
2998 559 3325 628 particulam
3353 557 3463 611 ulla
3490 557 3663 613 discre-

433 668 599 725 quam
617 669 678 708 ca
703 654 807 725 legi
823 654 1327 723 dcsiit,quingenlis
1358 661 1483 723 post
1509 652 1803 707 Eusebium
1830 653 2011 719 annis,
2117 656 2302 723 pantia
2340 664 2444 711 est.
2478 654 2655 709 Verba
2698 669 2821 723 quae
2858 651 3213 722 producimus
3254 650 3325 703 ab
3357 648 3587 703 Eusebio
3615 665 3662 700 ex

435 746 619 799 omnia
649 746 768 801 hate
797 745 931 800 vidit
972 744 1339 814 Nicephorus,
1374 746 1609 815 ideoque
1651 755 1759 799 tam
1798 745 2011 800 tristem
2117 748 2403 819 Polycarpi
2449 748 2680 818 epistola
2731 744 3065 814 transcripta
3105 757 3207 797 nec
3252 740 3527 813 lgnatium
3568 749 3666 792 tunc

431 837 756 891 sententiam
788 837 856 892 de
886 836 1170 907 Polycarpi
1199 837 1429 907 epistola
1467 837 1609 903 tulit,
1641 846 1696 891 et
1729 838 1870 891 inter
1894 853 2016 907 pcs-
2116 842 2381 910 temporis
2414 840 2469 894 in
2500 839 2663 905 vivis,
2699 852 2800 893 nec
2826 847 3103 891 mortuum
3138 833 3313 889 fuisse
3363 831 3665 903 significant,

431 930 586 983 sima:
637 941 778 983 nota:
820 930 1133 1007 apocrypha
1184 929 1517 984 numeravit.
1575 927 1719 983 Proh
1775 928 2011 1000 lepidam

429 1022 712 1076 fabulam!
760 1021 904 1077 Proh
948 1038 1117 1078 suave
1161 1021 1473 1077 somnium!
1512 1019 1637 1076 Haec
1675 1022 1861 1075 omnia
1905 1037 2009 1075 non

428 1125 642 1171 tantum
682 1125 877 1170 contra
908 1123 1182 1177 nostrum,
1220 1114 1315 1168 sed
1343 1124 1397 1167 8|.
1425 1127 1722 1167 commune
1759 1113 2009 1167 omnium

421 1210 717 1282 judicium,
744 1210 857 1263 imo
877 1218 1069 1263 contra
1101 1207 1275 1276 ipsius
1306 1206 1491 1261 Dallzei
1520 1207 1849 1261 sententiam
1879 1221 2015 1261 con-

427 1304 551 1357 ticta
596 1310 747 1356 sunt.
780 1298 1163 1368 Quisquamne
1211 1298 1399 1353 credet
1452 1297 1728 1351 hominem
1771 1297 1865 1367 qui
1909 1297 2013 1352 sub

426 1392 623 1463 lgnatii
653 1392 879 1446 nomine
901 1388 1162 1444 Ecclesia:
1187 1390 1469 1458 imponere
1491 1388 1688 1449 voluit,
1715 1396 2007 1457 antequam

426 1485 702 1539 Eusebius
753 1485 1045 1546 scriberet,
1090 1483 1194 1537 sub
1241 1483 1402 1535 linem
1450 1481 1596 1534 tertii
1646 1488 1744 1535 aut
1792 1481 2009 1535 initium

424 1578 607 1647 quarti
659 1577 871 1639 saeculi,
910 1587 970 1630 ut
1012 1576 1064 1629 id
1099 1574 1316 1630 facilius
1360 1571 1585 1638 faceret,
1635 1573 2011 1643 majoremquc

424 1669 809 1723 auctoritatem
843 1668 988 1722 lictis
1019 1667 1136 1722 suis
1170 1666 1549 1721 mercimoniis
1578 1666 1917 1733 conciliaret,
1948 1664 2008 1720 S.

380 1748 394 1763 ’
422 1759 711 1832 Polycarpi
762 1761 1053 1830 epistolam
1090 1759 1273 1829 primo
1316 1774 1675 1828 corrumpere
1725 1758 2007 1825 voluisse;

2120 948 2221 988 nec
2242 932 2368 987 vita:
2390 939 2487 986 aut
2509 928 2663 984 necis
2686 927 3025 983 mentionem
3042 926 3209 981 ullam
3229 924 3476 979 faciunt:
3502 922 3666 991 episto-

2114 1025 2198 1079 las
2245 1033 2456 1079 tantum
2500 1024 2681 1095 primo
2715 1022 2939 1093 petitas,
2985 1019 3112 1076 dein
3167 1018 3369 1073 missas
3430 1015 3670 1083 indicant,

2112 1133 2237 1189 quae
2260 1116 2471 1188 lgnatio
2504 1117 2591 1172 vel
2622 1117 2839 1171 vivente
2865 1115 2947 1171 vel
2978 1122 3197 1169 mortuo
3225 1119 3282 1167 et
3319 1109 3431 1180 peti
3471 1118 3529 1163 et
3558 1109 3668 1162 mitti

2113 1220 2433 1281 petiuerunt.
2472 1208 2696 1264 Nullum
2744 1209 2915 1280 igitur
2961 1206 3046 1261 vel
3089 1203 3378 1259 minimum
3428 1201 3668 1257 mendacii

2117 1303 2406 1375 vestigium
2445 1303 2501 1356 in
2539 1301 2860 1357 testimonio
2888 1307 3079 1353 nostro
3103 1303 3355 1366 apparet.
3387 1293 3447 1347 Si
3481 1294 3603 1363 quid
3628 1293 3667 1353 in

2114 1395 2367 1463 Sequenti
2395 1394 2664 1463 particula
2695 1392 2879 1447 minus
2906 1403 3213 1459 congruum
3244 1386 3527 1450 videatur,
3564 1384 3669 1438 illud

2114 1505 2223 1544 non
2247 1490 2425 1558 magis
2450 1496 2638 1543 nostra
2675 1486 2842 1541 verba
2877 1484 3051 1539 inlicit
3078 1498 3243 1555 quam
3277 1480 3489 1550 priora.
3520 1480 3581 1531 At
3606 1476 3670 1530 ln-

2116 1591 2259 1637 tetur
2288 1581 2523 1635 Dallzeus
2558 1580 2690 1633 nihil
2724 1579 2777 1632 in
2808 1577 3088 1647 prioribus
3120 1589 3419 1636 occurrere,
3454 1570 3588 1641 quod
3613 1570 3669 1623 vel

2112 1692 2427 1747 quamquam
2453 1674 2737 1743 offendere,
2763 1672 2842 1726 vel
2868 1670 3166 1741 Polycarpo
3190 1667 3473 1737 indignum
3508 1664 3671 1717 censen

2114 1769 2321 1823 debeat.
2360 1767 2506 1821 Idem
2551 1766 2723 1835 igitur
2751 1764 2818 1818 de
2848 1763 3057 1818 nostris
3102 1760 3330 1815 omnino
3381 1756 3674 1817 dicendum.

422 1869 551 1907 cum
594 1868 660 1907 ex
701 1854 790 1908 illa
838 1868 946 1908 una
983 1868 1043 1908 Ie
1086 1852 1208 1921 eius
1252 1850 1470 1906 fallacia
1513 1851 1773 1906 θιηηίὺυε
1823 1861 2010 1920 aperta
2045 1843 2087 1897 Β
2115 1872 2210 1918 aut
2248 1861 2457 1931 aliquid
2488 1861 2543 1915 in
2576 1860 2646 1914 iis
2675 1858 2859 1914 verbis
2897 1855 3320 1917 ostendendum,
3350 1852 3508 1923 quod
3539 1850 3672 1920 Poly-

312 2004 321 2017 ἰ
421 1943 586 2010 foret,
621 1946 1001 2014 majorcmque
1026 1943 1095 1998 de
1126 1942 1424 2013 lgnatianis
1450 1941 1522 1995 ab
1548 1940 1670 2010 ipso
1697 1939 2009 2010 producen-

418 2040 507 2092 dis
537 2038 908 2107 suspicionem
957 2036 1227 2097 excitare,
1269 2042 1324 2088 et
1368 2033 1612 2104 seipsum
1646 2033 1852 2088 certius
1882 2047 2011 2101 pro-

417 2132 550 2185 dere
574 2146 682 2185 non
716 2128 949 2200 posset?
987 2127 1279 2200 Polycarpi
1302 2128 1451 2183 enim
1483 2128 1599 2183 hzec
1628 2126 1860 2197 epistola
1890 2142 2011 2181 om-

416 2224 586 2279 nibus
628 2222 733 2277 l‘uit
773 2222 1051 2293 exposita,
1093 2221 1148 2275 in
1191 2220 1445 2276 ecclesiis
1486 2219 1749 2274 Asiaticis
1792 2218 2010 2289 publice

416 2316 598 2383 lecta;
638 2317 728 2371 cui
769 2316 814 2371 si
861 2315 996 2385 quid
1043 2328 1246 2368 novum
1293 2321 1345 2368 et
1395 2313 1664 2367 hactenus
1700 2312 2007 2366 inauditum

418 2410 737 2477 adderetur,
769 2410 962 2475 latere,
996 2419 1051 2464 et
1090 2423 1200 2464 non
1236 2407 1490 2478 protinus
1514 2406 1864 2461 innotescere
1900 2419 2006 2458 non

416 2503 617 2572 potuit.
650 2502 857 2557 Fatuus
887 2518 1021 2557 sane
1053 2500 1349 2570 impostor,
1383 2499 1481 2569 qui
1524 2499 1642 2553 haac
1678 2507 1789 2553 tam
1821 2496 2009 2568 pueri-

416 2594 543 2649 liter
569 2594 908 2665 excogitaret
940 2612 954 2648 :
999 2592 1202 2662 fungus
1240 2591 1535 2657 Eusebius,
1578 2590 1675 2660 qui
1706 2598 1817 2645 tam
1852 2590 2011 2644 adul-

416 2685 612 2741 terinis
644 2686 922 2741 mercibus
947 2694 1058 2739 tam
1086 2684 1248 2739 facile
1274 2683 1622 2752 deciperetur
1660 2700 1674 2736 :
1718 2682 1848 2737 casei
1880 2697 2006 2737 sur-

416 2777 544 2832 dive
567 2793 762 2833 omnes
785 2777 997 2845 Patres,
1026 2777 1120 2847 qui
1141 2776 1371 2846 epistola
1412 2790 1508 2845 per
1537 2774 1722 2831 Asiam
1752 2784 2005 2842 sonante,

415 2869 535 2924 haec
582 2882 692 2923 non
736 2868 1223 2939 deprehenderunt
1266 2885 1279 2920 ε
1324 2866 1545 2932 unicus,
1591 2876 1645 2919 et
1693 2865 1784 2920 ille
1821 2866 2004 2930 ﬁctus,

414 2959 760 3032 Nicephorus
804 2962 920 3015 hare
956 2961 1166 3025 omnia,
1203 2959 1435 3023 scilicet,
1467 2958 1695 3026 detexit,
1737 2964 1792 3012 et
1832 2967 2003 3012 totam

415 3053 705 3126 Polycarpi
735 3054 1022 3123 epistolam
1048 3054 1115 3108 ad
1142 3054 1428 3109 scombros
1459 3051 1866 3108 condemnavit.
1898 3049 2005 3106 Sed

2114 1969 2284 2024 carpo
2313 1954 2385 2008 sit
2423 1952 2708 2022 indignum
2750 1967 2765 2005 :
2814 1948 2945 2003 illud
2978 1957 3160 2003 autem
3200 1962 3304 2001 nec
3336 1946 3417 2011 lit,
3454 1959 3556 2000 nec
3582 1943 3671 1997 ﬁer'

2113 2043 2341 2098 omnino
2370 2049 2575 2114 potest.
2600 2040 2763 2096 Certe
2786 2039 3095 2111 Polycarpo
3134 2038 3419 2107 indignum
3461 2052 3566 2091 non
3592 2046 3675 2095 est.

2113 2143 2175 2191 ut
2195 2134 2457 2205 epistolas
2487 2131 2684 2205 lgnatii
2712 2133 2855 2203 apud
2883 2148 2943 2188 se
2976 2139 3349 2188 conservaret.
3383 2138 3451 2184 ut
3496 2128 3677 2196 Philip-

2111 2244 2310 2299 penses
2336 2243 2431 2283 eas
2468 2228 2539 2283 ab
2582 2226 2705 2297 ipso
2744 2235 3013 2296 peterent,
3061 2236 3156 2279 aut
3197 2233 3259 2279 ut
3290 2224 3363 2279 ab
3403 2224 3479 2278 iis
3510 2222 3679 2293 petitas

2112 2321 2373 2385 mitteret,
2417 2330 2473 2375 et
2523 2336 2639 2376 sua:
2672 2320 2921 2390 epistola:
2960 2318 3341 2388 subjungeiet,
3394 2318 3482 2371 uti
3536 2314 3681 2370 moris

2109 2424 2257 2480 erat;
2290 2414 2373 2469 sic
2404 2413 2550 2467 enim
2601 2414 2784 2469 clerus
2813 2411 3102 2466 Romanus
3131 2411 3197 2465 ad
3229 2409 3290 2464 S.
3319 2409 3677 2481 Cyprianum:

2113 2505 2310 2570 Quales
2339 2504 2549 2559 litteras
2585 2506 2638 2559 in
2680 2502 2926 2559 Siciliam
2963 2519 3167 2574 quoque
3205 2503 3540 2567 miserimus,
3574 2498 3679 2554 sub-

2101 2598 2274 2667 jectas
2302 2596 2518 2651 habebis
2551 2612 2569 2650 :
2611 2596 2692 2652 sic
2721 2595 2967 2667 synodus
3006 2594 3274 2649 adversus
3312 2591 3554 2647 Paulum
3599 2588 3682 2643 Sac

2110 2699 2459 2746 mosatenum
2497 2699 2725 2753 coacta,
2760 2688 2829 2749 ad
2876 2687 3198 2758 Dionysium
3236 2684 3513 2764 Romana:
3552 2685 3683 2737 urbis

2108 2782 2454 2851 episcopum,
2487 2781 2778 2851 epistolam
2810 2778 3060 2850 Dionysii
3090 2777 3455 2832 Alexandrini
3499 2789 3687 2830 memo-

2109 2882 2255 2939 rant,
2288 2868 2357 2946 ἦς
2400 2873 2496 2926 καὶ
2524 2872 2585 2925 τὸ
2613 2870 2972 2944 ἀντίγραφον,
3013 2871 3293 2940 inquiunt,
3326 2868 3685 2938 ὑπετάξαμεν,

2109 2964 2261 3035 cujus
2285 2979 2448 3019 etiam
2473 2963 2745 3032 exemplar
2771 2962 3117 3032 subjecimus.
3141 2960 3344 3016 Euseb.
3366 2957 3523 3014 Hist.
3551 2958 3685 3021 εισι,

2109 3057 2146 3111 1.
2179 3074 2278 3124 vn,
2302 3072 2355 3111 c.
2381 3055 2472 3110 50.

413 3164 484 3203 an
513 3157 737 3217 propter
770 3148 915 3202 hanc
958 3146 1436 3216 interpolalionem
1476 3143 1817 3215 Nicephorus
1844 3142 2007 3215 Poly—
2033 3185 2075 3242 ο
2182 3151 2322 3206 Tota
2349 3151 2516 3221 igitur
2551 3149 2803 3205 criminis
2852 3148 3090 3219 obiectio
3139 3148 3206 3203 ad
3253 3148 3402 3202 illam
3465 3157 3691 3203 tantum.

412 3242 567 3312 carpi
600 3242 886 3312 epistolam
915 3241 1325 3307 condemnavit,
1377 3255 1505 3295 cum
1545 3239 1599 3293 id
1643 3254 1837 3294 verum
1882 3253 2008 3294 esse
2044 3238 2073 3242 ’ί
2108 3244 2273 3298 modo
2310 3243 2634 3313 particulam
2669 3242 2925 3313 pertinet,
2981 3255 3220 3311 quacum
3255 3250 3519 3295 nostrum
3557 3238 3666 3293 testi

412 3336 483 3389 de
509 3334 761 3404 epistolis
790 3332 985 3405 lgnatii
1031 3348 1140 3389 non
1192 3348 1356 3403 posse
1396 3331 1836 3402 pronuntiaverit
1879 3329 2009 3385 Dal-
2107 3336 2356 3390 monium
2382 3335 2521 3389 nihil
2546 3349 2845 3389 commune
2886 3334 3072 3401 habet,
3100 3347 3223 3404 quae
3253 3332 3301 3387 si
3346 3332 3690 3403 admittatur,

413 3427 571 3489 lanis,
598 3426 744 3496 quod
776 3426 830 3479 in
863 3426 1015 3481 nullo
1040 3426 1150 3480 alio
1179 3441 1345 3495 opere
1372 3426 1515 3481 idem
1542 3424 1849 3495 praestitum
1877 3424 1949 3479 sit
1974 3438 2005 3478 a

411 3510 762 3583 Nicephoro?
805 3513 888 3567 An
940 3514 1030 3567 ille
1071 3512 1442 3584 Nicephorum
1487 3515 1561 3569 ob
1600 3513 1746 3568 hanc
1774 3529 2002 3569 causam

409 3603 699 3677 Polycarpi
730 3605 1018 3675 epistolam
1062 3605 1202 3660 adeo
1246 3607 1514 3672 nobilem,
1539 3615 1647 3661 tam
1671 3605 1763 3663 diu
1783 3607 2017 3676 publice

411 3697 635 3762 lectam,
658 3706 715 3753 et
739 3700 808 3753 ab
837 3699 1098 3753 omnibus
1126 3699 1193 3753 ad
1222 3715 1379 3754 suam
1403 3715 1582 3769 usque
1602 3709 1817 3753 atatem
1851 3706 2001 3753 tanta

410 3805 538 3844 cum
570 3791 928 3844 veneratione
957 3798 1275 3859 susceptam
1322 3806 1435 3845 uno
1475 3790 1704 3845 verbulo
1734 3789 2004 3859 lrejecisse

409 3883 550 3948 vult,
576 3882 674 3952 qui
712 3882 857 3937 idem
887 3881 942 3935 in
978 3880 1190 3952 lgnatio
1214 3881 1334 3936 ﬁeri
1363 3897 1470 3936 non
1497 3882 1745 3952 potuisse
1775 3891 2004 3937 conten-

408 3975 511 4040 dit,
544 3975 651 4029 nisi
687 3972 1093 4029 Stichometriae
1122 3980 1319 4027 auctor
1352 3974 1406 4028 id
1455 3974 1636 4044 ipsum
1668 3974 2002 4041 monuisset,

407 4072 467 4122 et
495 4066 786 4136 diligenter
820 4081 884 4121 se
929 4067 1262 4136 purgasset?
1289 4065 1376 4120 An
1410 4066 1464 4121 id
1505 4064 1823 4137 Nicephoro
1862 4067 1999 4122 sub-

406 4159 619 4215 ol'uisse
651 4167 761 4213 tam
792 4167 947 4213 certo
988 4158 1206 4214 deliniri
1233 4166 1437 4229 potest,
1467 4174 1632 4230 quem
1665 4159 1863 4232 legisse
1888 4159 2002 4215 Po.

406 4251 695 4323 l'ycarpum
724 4251 971 4307 nondum
996 4251 1228 4319 scimus,
1268 4266 1395 4307 cum
1419 4250 1702 4319 Pbotium,
1731 4252 1824 4324 qui
1850 4267 1997 4309 eam-

405 4343 533 4417 dem
568 4344 755 4400 sedem
795 4351 923 4415 post
951 4358 1161 4416 paucos
1194 4360 1371 4401 annos
1407 4346 1606 4410 tenuit,
1645 4344 1790 4400 idem
1836 4346 2001 4416 plane

404 4436 588 4503 latuit,
621 4451 786 4507 quem
829 4445 884 4492 et
927 4435 1218 4508 epistolam
1260 4444 1317 4493 et
1361 4451 1427 4492 ea
1465 4437 1630 4493 verba
1666 4435 1864 4508 legisse
1895 4451 1997 4491 no~

402 4529 584 4585 vimus
605 4532 629 4585 ‘l
988 4538 991 4540 ’

476 4623 587 4681 Sed
614 4626 747 4696 quid
776 4634 1059 4681 auctorem
1086 4623 1358 4680 mendacii
1383 4622 1706 4694 quaerimus,
1732 4623 1827 4693 qui
1854 4637 1995 4677 non-

405 4718 541 4774 dum
571 4718 921 4773 mendacium
967 4718 1146 4786 ipsum
1187 4715 1693 4785 deprehendimus?
1737 4714 1997 4769 Testimo-

406 4811 557 4865 nium
582 4808 893 4878 Polycarpi,
920 4809 1118 4878 inquit,
1144 4808 1485 4863 subdititium
1508 4818 1607 4873 est,
1639 4815 1689 4861 et
1717 4806 1996 4860 mendacio

404 4905 730 4975 inspersum.
785 4900 1190 4957 Testimonium
1248 4902 1588 4967 audivimus,
1642 4901 1993 4955 mendacium

403 5009 516 5049 non
552 4992 945 5063 perspicimus.
979 4990 1087 5045 Sed
1115 4991 1385 5060 impostor
1431 4991 1497 5043 de
1524 4989 1742 5061 Ignatio
1786 4991 1867 5045 ita
1909 4991 1993 5043 lo-

401 5085 608 5156 quitur,
644 5092 705 5137 ut
730 5098 854 5136 eum
884 5096 986 5151 quo
1016 5092 1248 5149 tempore
1275 5082 1388 5136 hinc
1414 5081 1617 5150 scripta
1645 5088 1791 5145 sunt,
1817 5080 1993 5135 adhuc

403 5191 674 5247 superesse
713 5172 999 5244 signiﬁcet.
1032 5170 1110 5226 De
1150 5171 1291 5241 ipso,
1324 5170 1519 5240 inquit,
1556 5168 1791 5241 lgnatio,
1827 5178 1885 5224 et
1925 5170 1993 5225 de

405 5268 493 5323 his
519 5268 614 5338 qui
645 5282 771 5323 cum
803 5280 870 5320 eo
910 5274 1061 5328 sunt,
1093 5263 1242 5333 quod
1277 5262 1485 5318 certius
1531 5260 1888 5331 agnoveritis,
1917 5262 1995 5316 si-

402 5360 678 5430 gnilicate.
727 5357 798 5411 At
837 5355 1080 5424 epistola
1130 5363 1321 5408 auctor
1361 5355 1520 5423 plane
1572 5354 1681 5406 alia
1730 5352 1989 5423 loquitur,

400 5451 729 5521 apertissime
758 5450 1027 5520 afﬁrmans
1057 5446 1357 5519 Ignatium,
1376 5463 1479 5517 quo
1510 5454 1739 5515 tempore
1777 5448 1888 5517 ipse
1917 5447 1989 5500 ad

400 5543 766 5612 Philippense:
783 5543 1069 5607 scribebat,
1085 5542 1204 5612 jam
1222 5541 1388 5611 fuisse
1408 5539 1849 5610 τετελειωμένον.
1868 5537 1990 5595 Huc

402 5636 624 5691 tandem
663 5645 775 5690 tota
805 5636 1075 5691 mendacii
1101 5634 1396 5704 imputatio
1428 5633 1589 5688 redit.
1621 5631 1765 5699 Quid
1800 5640 1984 5687 autem

398 5745 516 5785 haec
541 5729 608 5783 ad
632 5727 1013 5783 testimonium
1046 5739 1320 5793 nostrum,
1346 5726 1492 5796 quod
1528 5740 1630 5781 nos
1649 5740 1716 5780 ex
1744 5723 1985 5780 Eusebio

396 5818 1113 5893 transcripsimuswptime
1173 5829 1318 5879 certe
1354 5818 1486 5878 illud
1515 5826 1570 5875 et
1611 5833 1738 5875 cum
1773 5832 1981 5891 prlece-

2106 3429 2372 3483 nihilnos
2397 3429 2601 3498 juvat;
2653 3427 2700 3482 si
2749 3425 3055 3496 rejiciatnr,
3111 3425 3248 3480 nihil
3293 3424 3468 3479 nobis
3520 3422 3689 3478 allicit.

2104 3518 2305 3575 Nostra
2338 3529 2471 3576 tunc
2518 3520 2574 3574 in
2626 3517 2859 3588 epistola
2904 3517 3192 3589 Polycarpi
3223 3516 3361 3572 vidit
3402 3515 3691 3577 Eusebius,

2105 3626 2231 3665 cum
2264 3618 2377 3663 tota
2430 3618 2485 3665 et
2530 3609 2742 3680 integra
2796 3610 2850 3663 in
2885 3616 3161 3663 conventu
3209 3604 3357 3661 Asia:
3394 3606 3672 3678 legeretur

2104 3712 2230 3752 cum
2264 3696 2538 3752 Eusebius
2563 3712 2666 3753 nec
2686 3698 2809 3753 sine
2850 3712 3069 3752 summa
3098 3695 3445 3766 negligentia
3475 3706 3533 3753 et
3559 3696 3693 3751 osci-

2105 3790 2277 3845 tantia
2303 3789 2441 3857 falli,
2480 3806 2583 3847 nec
2612 3792 2734 3847 sine
2792 3789 3104 3846 incredibili
3152 3788 3385 3844 audacia
3419 3799 3483 3845 et
3527 3792 3695 3859 impu-

2103 3883 2287 3938 dentia
2316 3882 2509 3939 fallere
2535 3884 2733 3955 potuit.
2762 3882 2890 3939 Haec
2928 3882 3199 3955 particula
3226 3883 3564 3954 quingentis
3588 3891 3695 3953 post

2102 3975 2403 4032 Eusebium
2434 3979 2598 4033 annis
2627 3978 2685 4033 in
2706 3977 2898 4033 eadem
2929 3976 3166 4048 epistola
3189 3976 3478 4042 exstabat,
3535 3986 3597 4031 ut
3636 3990 3693 4028 ss

2103 4068 2301 4125 Photio
2325 4068 2632 4137 discimus;
2683 4085 2755 4125 an
2807 4069 3036 4141 reliquis
3077 4084 3263 4125 coaeva
3314 4068 3497 4125 fuerit
3545 4068 3698 4140 plane

2103 4162 2404 4218 nescimus.
2436 4159 2544 4216 Sed
2589 4162 2634 4216 si
2686 4161 2882 4216 demus
2911 4175 3034 4216 eam
3063 4160 3231 4215 etiam
3274 4158 3463 4216 fuisse
3517 4168 3695 4214 nostra

2102 4254 2423 4309 testimonio
2468 4262 2720 4325 tempore
2767 4251 2996 4309 Eusebii
3053 4251 3387 4323 subiectam,
3448 4252 3696 4308 nondum

2101 4354 2285 4401 tamen
2316 4344 2401 4401 vel
2428 4345 2578 4401 illam
2609 4346 2901 4402 mendacio
2927 4345 3233 4416 inspersam
3265 4358 3388 4401 esse
3438 4343 3697 4400 concedi-

2102 4452 2247 4493 mus.
2291 4435 2408 4492 lmo
2462 4452 2593 4493 vero
2654 4436 2937 4508 quomodo
2970 4437 3089 4492 haec
3134 4435 3342 4492 verba:
3382 4433 3467 4489 Et
3499 4437 3697 4501 ἀείρεο

2028 4528 2074 4583 D
2103 4528 2354 4600 lgnatio,
2382 4537 2435 4583 et
2487 4530 2554 4585 de
2596 4530 2679 4585 his
2734 4531 2824 4595 qui
2869 4545 2990 4584 cum
3026 4545 3088 4584 eo
3133 4538 3280 4594 sunt,
3321 4536 3475 4599 quod
3504 4529 3697 4583 certius

2100 4621 2422 4691 agnoveritis
2457 4620 2780 4692 signiﬁcate,
2803 4634 2928 4690 quae
2984 4619 3121 4673 nihil
3150 4618 3378 4675 omnino
3408 4630 3697 4679 asserunt,

2100 4711 2237 4765 nihil
2269 4710 2543 4774 allirmant
2563 4719 2661 4764 aut
2694 4718 2916 4779 negant,
2950 4707 3221 4763 mendacii
3250 4714 3305 4760 et
3348 4707 3595 4777 quidem
3623 4706 3701 4760 in-

2100 4803 2274 4873 signis
2328 4818 2419 4858 rea
2465 4817 2590 4859 esse
2636 4802 2871 4873 possint,
2931 4816 3042 4855 non
3088 4799 3352 4869 intelligo.
3414 4798 3541 4867 Qui
3577 4798 3700 4855 talia

2098 4895 2239 4949 mihi
2265 4896 2557 4961 scriberet,
2588 4909 2715 4950 eum
2749 4909 2817 4949 ne
2847 4907 2973 4947 vera
3001 4891 3222 4962 quidem
3253 4891 3501 4959 dixisse,
3532 4893 3702 4947 multo

2097 4989 2283 5044 minus
2334 4989 2625 5044 mentitum
2675 5002 2797 5043 esse
2854 4988 3115 5041 dicerem.
3170 4985 3399 5053 Verum,
3458 4986 3705 5058 inquies,

2097 5082 2355 5155 quamvis
2377 5098 2487 5138 non
2538 5091 2819 5149 asserunt,
2876 5082 3117 5137 innuunt
3159 5090 3343 5135 tamen
3373 5080 3523 5137 illud
3557 5080 3703 5153 quod

2096 5186 2217 5231 erat
2240 5174 2461 5230 veritati
2494 5175 2863 5237 contrarium.
2896 5174 3127 5238 scilicet,
3177 5172 3467 5242 Ignatium
3501 5190 3700 5244 super-

2094 5283 2237 5334 esse,
2272 5267 2455 5322 vivere
2499 5274 2554 5321 et
2599 5266 2820 5330 valere,
2870 5281 3033 5337 quem
3077 5264 3419 5337 Polycarpus
3466 5277 3706 5321 noverat

2093 5370 2224 5414 ante
2248 5359 2572 5415 defunctum
2616 5374 2759 5414 esse.
2820 5357 2927 5413 Sed
2978 5374 3048 5413 ne
3089 5358 3193 5412 hoc
3223 5357 3457 5427 quidem
3508 5374 3705 5414 verum

2091 5460 2208 5519 est;
2242 5446 2526 5521 particulae
2557 5450 2706 5506 illius
2736 5459 2931 5504 auctor
2958 5465 3070 5504 non
3112 5448 3429 5517 signiﬁcat,
3463 5461 3574 5505 aut
3599 5452 3708 5505 ullo

2092 5544 2257 5598 modo
2289 5543 2471 5597 innuit
2509 5541 2781 5612 lgnatium
2813 5552 2945 5597 tunc
2998 5541 3051 5595 in
3086 5540 3227 5595 vivis
3256 5539 3463 5595 fuisse.
3523 5541 3702 5597 Verba

2089 5631 2375 5701 particula:
2424 5632 2477 5685 in
2537 5631 2708 5686 veteri
2766 5628 2964 5685 Latina
3018 5630 3316 5687 versione:
3360 5627 3444 5684 Et
3494 5634 3569 5688 de
3595 5636 3707 5703 ipso

2089 5725 2352 5796 Ignatio,
2413 5734 2461 5778 et
2536 5724 2600 5777 de
2652 5724 2720 5778 iis
2776 5724 2867 5794 qui
2912 5740 3031 5777 cum
3080 5739 3140 5778 eo
3192 5732 3317 5777 sunt
3365 5721 3608 5792 (Graece
3650 5738 3709 5780 ut

2088 5816 2326 5890 opinor,
2380 5816 2474 5870 καὶ
2538 5814 2669 5888 περὶ
2732 5813 2995 5884 ἰγνατιου
3053 5815 3147 5869 καὶ
3207 5813 3335 5885 περὶ
3403 5815 3538 5870 τῶν
3595 5817 3710 5887 μετ’
