  <div class='ocr_page' id='page_1' title='image "/cluster/home/n/w/nwhite01/storage/ocr_20150623/5/hvd.32044019206598/078.png"; bbox 0 0 3786 6344; ppageno 0'>
   <div class='ocr_carea' id='block_1_1' title="bbox 156 406 2521 469">
    <p class='ocr_par' dir='ltr' id='par_1_1' title="bbox 156 406 2521 469">
     <span class='ocr_line' id='line_1_1' title="bbox 156 406 2521 469; baseline -0.003 0"><span class='ocrx_word' id='word_1_1' title='bbox 156 412 233 469; x_wconf 73' lang='grc' dir='ltr'><strong>ιιι</strong></span> <span class='ocrx_word' id='word_1_2' title='bbox 823 406 874 462; x_wconf 82' lang='lat' dir='ltr'><strong>J.</strong></span> <span class='ocrx_word' id='word_1_3' title='bbox 916 406 1286 465; x_wconf 82' lang='lat' dir='ltr'><strong>PEARSONII</strong></span> <span class='ocrx_word' id='word_1_4' title='bbox 1327 408 1648 466; x_wconf 65' lang='lat' dir='ltr'><strong>VlNDlCIIE</strong></span> <span class='ocrx_word' id='word_1_5' title='bbox 1691 409 2116 468; x_wconf 69' lang='lat' dir='ltr'><strong>IGNATIANZE.</strong></span> <span class='ocrx_word' id='word_1_6' title='bbox 2154 441 2222 452; x_wconf 93' lang='lat'><strong>—</strong></span> <span class='ocrx_word' id='word_1_7' title='bbox 2256 409 2438 464; x_wconf 63' lang='lat' dir='ltr'><strong>P&#39;ARS</strong></span> <span class='ocrx_word' id='word_1_8' title='bbox 2479 407 2521 463; x_wconf 91' lang='lat' dir='ltr'><strong>I.</strong></span> 
     </span>
    </p>
   </div>
   <div class='ocr_carea' id='block_1_2' title="bbox 3247 406 3354 460">
    <p class='ocr_par' dir='ltr' id='par_1_2' title="bbox 3247 406 3354 460">
     <span class='ocr_line' id='line_1_2' title="bbox 3247 406 3354 460; baseline 0.019 -2"><span class='ocrx_word' id='word_1_9' title='bbox 3247 406 3354 460; x_wconf 65' lang='lat' dir='ltr'><strong>H2</strong></span> 
     </span>
    </p>
   </div>
   <div class='ocr_carea' id='block_1_3' title="bbox 152 528 3353 608">
    <p class='ocr_par' dir='ltr' id='par_1_3' title="bbox 152 528 3353 608">
     <span class='ocr_line' id='line_1_3' title="bbox 152 528 3353 608; baseline -0.002 -21"><span class='ocrx_word' id='word_1_10' title='bbox 152 532 444 608; x_wconf 58' lang='lat' dir='ltr'><strong>mnum</strong></span> <span class='ocrx_word' id='word_1_11' title='bbox 498 531 690 585; x_wconf 83' lang='lat' dir='ltr'><strong>certius</strong></span> <span class='ocrx_word' id='word_1_12' title='bbox 752 533 1076 600; x_wconf 83' lang='lat' dir='ltr'><strong>agnoveritis</strong></span> <span class='ocrx_word' id='word_1_13' title='bbox 1117 533 1454 602; x_wconf 79' lang='lat' dir='ltr'><strong>significate;</strong></span> <span class='ocrx_word' id='word_1_14' title='bbox 1500 536 1666 588; x_wconf 85' lang='lat' dir='ltr'><strong>verba</strong></span> <span class='ocrx_word' id='word_1_15' title='bbox 1696 543 1742 599; x_wconf 80' lang='grc' dir='ltr'><strong>Α</strong></span> <span class='ocrx_word' id='word_1_16' title='bbox 1841 535 2022 605; x_wconf 82' lang='lat' dir='ltr'><strong>Atque</strong></span> <span class='ocrx_word' id='word_1_17' title='bbox 2054 534 2168 587; x_wconf 71' lang='lat' dir='ltr'><strong>haec</strong></span> <span class='ocrx_word' id='word_1_18' title='bbox 2201 532 2266 587; x_wconf 90' lang='lat' dir='ltr'><strong>de</strong></span> <span class='ocrx_word' id='word_1_19' title='bbox 2289 535 2421 601; x_wconf 79' lang='lat' dir='ltr'><strong>ﬁde;</strong></span> <span class='ocrx_word' id='word_1_20' title='bbox 2477 546 2623 586; x_wconf 87' lang='lat' dir='ltr'><strong>nunc</strong></span> <span class='ocrx_word' id='word_1_21' title='bbox 2648 531 2719 585; x_wconf 89' lang='lat' dir='ltr'><strong>de</strong></span> <span class='ocrx_word' id='word_1_22' title='bbox 2765 530 2819 584; x_wconf 97' lang='lat' dir='ltr'><strong>vi</strong></span> <span class='ocrx_word' id='word_1_23' title='bbox 2858 528 3155 584; x_wconf 90' lang='lat' dir='ltr'><strong>testimonii</strong></span> <span class='ocrx_word' id='word_1_24' title='bbox 3184 542 3353 598; x_wconf 79' lang='lat' dir='ltr'><strong>agen-</strong></span> 
     </span>
    </p>
   </div>
   <div class='ocr_carea' id='block_1_4' title="bbox 152 620 1669 695">
    <p class='ocr_par' dir='ltr' id='par_1_4' title="bbox 152 620 1669 695">
     <span class='ocr_line' id='line_1_4' title="bbox 152 620 1669 695; baseline -0.002 -15"><span class='ocrx_word' id='word_1_25' title='bbox 152 624 293 679; x_wconf 78' lang='lat' dir='ltr'><strong>Pbotii</strong></span> <span class='ocrx_word' id='word_1_26' title='bbox 313 631 462 679; x_wconf 72' lang='lat' dir='ltr'><strong>sunt:</strong></span> <span class='ocrx_word' id='word_1_27' title='bbox 499 622 737 673; x_wconf 79' lang='grc' dir='ltr'><strong>Αἱτείται</strong></span> <span class='ocrx_word' id='word_1_28' title='bbox 771 620 1187 693; x_wconf 79' lang='grc' dir='ltr'><strong>ἀναδιδαχθῆναι</strong></span> <span class='ocrx_word' id='word_1_29' title='bbox 1235 626 1367 695; x_wconf 76' lang='grc' dir='ltr'><strong>παρ’</strong></span> <span class='ocrx_word' id='word_1_30' title='bbox 1400 624 1584 677; x_wconf 81' lang='grc' dir='ltr'><strong>αὐτῶν</strong></span> <span class='ocrx_word' id='word_1_31' title='bbox 1616 624 1669 677; x_wconf 73' lang='grc' dir='ltr'><strong>εἰ</strong></span> 
     </span>
    </p>
   </div>
   <div class='ocr_carea' id='block_1_5' title="bbox 150 712 1671 787">
    <p class='ocr_par' dir='ltr' id='par_1_5' title="bbox 150 712 1671 787">
     <span class='ocr_line' id='line_1_5' title="bbox 150 712 1671 787; baseline 0.001 -17"><span class='ocrx_word' id='word_1_32' title='bbox 150 735 190 770; x_wconf 80' lang='grc' dir='ltr'><strong>τι</strong></span> <span class='ocrx_word' id='word_1_33' title='bbox 215 717 320 787; x_wconf 78' lang='grc' dir='ltr'><strong>περὶ</strong></span> <span class='ocrx_word' id='word_1_34' title='bbox 347 714 541 768; x_wconf 70' lang='grc' dir='ltr'><strong>ἐκείνου</strong></span> <span class='ocrx_word' id='word_1_35' title='bbox 562 712 925 777; x_wconf 78' lang='grc' dir='ltr'><strong>διακούσαιεν,</strong></span> <span class='ocrx_word' id='word_1_36' title='bbox 959 716 1090 784; x_wconf 91' lang='lat' dir='ltr'><strong>petit</strong></span> <span class='ocrx_word' id='word_1_37' title='bbox 1116 723 1174 768; x_wconf 84' lang='lat' dir='ltr'><strong>ut</strong></span> <span class='ocrx_word' id='word_1_38' title='bbox 1208 716 1274 768; x_wconf 90' lang='lat' dir='ltr'><strong>ab</strong></span> <span class='ocrx_word' id='word_1_39' title='bbox 1309 718 1439 786; x_wconf 90' lang='lat' dir='ltr'><strong>ipsis</strong></span> <span class='ocrx_word' id='word_1_40' title='bbox 1474 720 1671 771; x_wconf 82' lang='lat' dir='ltr'><strong>certior</strong></span> 
     </span>
    </p>
   </div>
   <div class='ocr_carea' id='block_1_6' title="bbox 149 805 1672 880">
    <p class='ocr_par' dir='ltr' id='par_1_6' title="bbox 149 805 1672 880">
     <span class='ocr_line' id='line_1_6' title="bbox 149 805 1672 880; baseline 0.001 -19"><span class='ocrx_word' id='word_1_41' title='bbox 149 813 242 880; x_wconf 73' lang='lat' dir='ltr'><strong>ﬁat,</strong></span> <span class='ocrx_word' id='word_1_42' title='bbox 265 809 305 862; x_wconf 90' lang='lat' dir='ltr'><strong>si</strong></span> <span class='ocrx_word' id='word_1_43' title='bbox 328 808 441 877; x_wconf 81' lang='lat' dir='ltr'><strong>quid</strong></span> <span class='ocrx_word' id='word_1_44' title='bbox 462 806 527 859; x_wconf 84' lang='lat' dir='ltr'><strong>de</strong></span> <span class='ocrx_word' id='word_1_45' title='bbox 570 805 667 859; x_wconf 82' lang='lat' dir='ltr'><strong>illo</strong></span> <span class='ocrx_word' id='word_1_46' title='bbox 699 807 1080 861; x_wconf 80' lang='lat' dir='ltr'><strong>inaudwerint.</strong></span> <span class='ocrx_word' id='word_1_47' title='bbox 1131 807 1322 861; x_wconf 90' lang='lat' dir='ltr'><strong>Primo</strong></span> <span class='ocrx_word' id='word_1_48' title='bbox 1351 816 1533 863; x_wconf 88' lang='lat' dir='ltr'><strong>autem</strong></span> <span class='ocrx_word' id='word_1_49' title='bbox 1568 824 1672 863; x_wconf 84' lang='lat' dir='ltr'><strong>au-</strong></span> 
     </span>
    </p>
   </div>
   <div class='ocr_carea' id='block_1_7' title="bbox 148 896 1664 970">
    <p class='ocr_par' dir='ltr' id='par_1_7' title="bbox 148 896 1664 970">
     <span class='ocr_line' id='line_1_7' title="bbox 148 896 1664 970; baseline 0 -14"><span class='ocrx_word' id='word_1_50' title='bbox 148 904 239 957; x_wconf 86' lang='lat' dir='ltr'><strong>dire</strong></span> <span class='ocrx_word' id='word_1_51' title='bbox 263 906 482 970; x_wconf 85' lang='lat' dir='ltr'><strong>poterant</strong></span> <span class='ocrx_word' id='word_1_52' title='bbox 504 896 886 969; x_wconf 82' lang='lat' dir='ltr'><strong>Philippenses</strong></span> <span class='ocrx_word' id='word_1_53' title='bbox 914 899 1122 969; x_wconf 87' lang='lat' dir='ltr'><strong>aliquid</strong></span> <span class='ocrx_word' id='word_1_54' title='bbox 1153 899 1221 955; x_wconf 91' lang='lat' dir='ltr'><strong>de</strong></span> <span class='ocrx_word' id='word_1_55' title='bbox 1269 899 1479 970; x_wconf 88' lang='lat' dir='ltr'><strong>lgnatio</strong></span> <span class='ocrx_word' id='word_1_56' title='bbox 1517 901 1664 969; x_wconf 88' lang='lat' dir='ltr'><strong>vivo,</strong></span> 
     </span>
    </p>
   </div>
   <div class='ocr_carea' id='block_1_8' title="bbox 145 990 1663 1064">
    <p class='ocr_par' dir='ltr' id='par_1_8' title="bbox 145 990 1663 1064">
     <span class='ocr_line' id='line_1_8' title="bbox 145 990 1663 1064; baseline 0.001 -18"><span class='ocrx_word' id='word_1_57' title='bbox 145 993 259 1064; x_wconf 82' lang='lat' dir='ltr'><strong>quod</strong></span> <span class='ocrx_word' id='word_1_58' title='bbox 282 990 592 1062; x_wconf 80' lang='lat' dir='ltr'><strong>Polycarpus</strong></span> <span class='ocrx_word' id='word_1_59' title='bbox 618 990 688 1045; x_wconf 91' lang='lat' dir='ltr'><strong>ab</strong></span> <span class='ocrx_word' id='word_1_60' title='bbox 718 991 826 1047; x_wconf 86' lang='lat' dir='ltr'><strong>illis</strong></span> <span class='ocrx_word' id='word_1_61' title='bbox 855 991 999 1048; x_wconf 86' lang='lat' dir='ltr'><strong>scire</strong></span> <span class='ocrx_word' id='word_1_62' title='bbox 1017 1004 1241 1064; x_wconf 88' lang='lat' dir='ltr'><strong>cuperet</strong></span> <span class='ocrx_word' id='word_1_63' title='bbox 1264 995 1359 1048; x_wconf 92' lang='lat' dir='ltr'><strong>illo</strong></span> <span class='ocrx_word' id='word_1_64' title='bbox 1384 992 1663 1050; x_wconf 84' lang='lat' dir='ltr'><strong>defuncto.</strong></span> 
     </span>
    </p>
   </div>
   <div class='ocr_carea' id='block_1_9' title="bbox 147 1079 1665 1154">
    <p class='ocr_par' dir='ltr' id='par_1_9' title="bbox 147 1079 1665 1154">
     <span class='ocr_line' id='line_1_9' title="bbox 147 1079 1665 1154; baseline 0.001 -17"><span class='ocrx_word' id='word_1_65' title='bbox 147 1083 361 1153; x_wconf 83' lang='lat' dir='ltr'><strong>lgnatius,</strong></span> <span class='ocrx_word' id='word_1_66' title='bbox 388 1089 443 1135; x_wconf 91' lang='lat' dir='ltr'><strong>ut</strong></span> <span class='ocrx_word' id='word_1_67' title='bbox 491 1079 739 1136; x_wconf 85' lang='lat' dir='ltr'><strong>referunt</strong></span> <span class='ocrx_word' id='word_1_68' title='bbox 792 1081 943 1137; x_wconf 90' lang='lat' dir='ltr'><strong>illius</strong></span> <span class='ocrx_word' id='word_1_69' title='bbox 967 1092 1110 1149; x_wconf 85' lang='lat' dir='ltr'><strong>acta,</strong></span> <span class='ocrx_word' id='word_1_70' title='bbox 1156 1100 1253 1153; x_wconf 89' lang='lat' dir='ltr'><strong>per</strong></span> <span class='ocrx_word' id='word_1_71' title='bbox 1297 1083 1665 1154; x_wconf 82' lang='lat' dir='ltr'><strong>Philippenses</strong></span> 
     </span>
    </p>
   </div>
   <div class='ocr_carea' id='block_1_10' title="bbox 142 1174 1667 1247">
    <p class='ocr_par' dir='ltr' id='par_1_10' title="bbox 142 1174 1667 1247">
     <span class='ocr_line' id='line_1_10' title="bbox 142 1174 1667 1247; baseline 0.002 -17"><span class='ocrx_word' id='word_1_72' title='bbox 142 1176 426 1246; x_wconf 74' lang='lat' dir='ltr'><strong>pertransivit</strong></span> <span class='ocrx_word' id='word_1_73' title='bbox 474 1174 844 1229; x_wconf 77' lang='lat' dir='ltr'><strong>Macedoniam</strong></span> <span class='ocrx_word' id='word_1_74' title='bbox 885 1178 1078 1246; x_wconf 84' lang='lat' dir='ltr'><strong>pedes;</strong></span> <span class='ocrx_word' id='word_1_75' title='bbox 1130 1190 1163 1232; x_wconf 87' lang='lat' dir='ltr'><strong>a</strong></span> <span class='ocrx_word' id='word_1_76' title='bbox 1218 1176 1667 1247; x_wconf 79' lang='lat' dir='ltr'><strong>Philippensibus</strong></span> 
     </span>
    </p>
   </div>
   <div class='ocr_carea' id='block_1_11' title="bbox 144 1266 1666 1340">
    <p class='ocr_par' dir='ltr' id='par_1_11' title="bbox 144 1266 1666 1340">
     <span class='ocr_line' id='line_1_11' title="bbox 144 1266 1666 1340; baseline -0.001 -17"><span class='ocrx_word' id='word_1_77' title='bbox 144 1269 264 1323; x_wconf 83' lang='lat' dir='ltr'><strong>missi</strong></span> <span class='ocrx_word' id='word_1_78' title='bbox 286 1275 399 1322; x_wconf 90' lang='lat' dir='ltr'><strong>sunt</strong></span> <span class='ocrx_word' id='word_1_79' title='bbox 425 1266 590 1336; x_wconf 88' lang='lat' dir='ltr'><strong>aliqui</strong></span> <span class='ocrx_word' id='word_1_80' title='bbox 615 1268 709 1337; x_wconf 85' lang='lat' dir='ltr'><strong>qui</strong></span> <span class='ocrx_word' id='word_1_81' title='bbox 743 1283 892 1332; x_wconf 90' lang='lat' dir='ltr'><strong>eum,</strong></span> <span class='ocrx_word' id='word_1_82' title='bbox 935 1268 1163 1324; x_wconf 83' lang='lat' dir='ltr'><strong>honoris</strong></span> <span class='ocrx_word' id='word_1_83' title='bbox 1188 1280 1241 1324; x_wconf 94' lang='lat' dir='ltr'><strong>et</strong></span> <span class='ocrx_word' id='word_1_84' title='bbox 1290 1268 1666 1340; x_wconf 81' lang='lat' dir='ltr'><strong>refrigeratio-</strong></span> 
     </span>
    </p>
   </div>
   <div class='ocr_carea' id='block_1_12' title="bbox 141 1355 1668 1428">
    <p class='ocr_par' dir='ltr' id='par_1_12' title="bbox 141 1355 1668 1428">
     <span class='ocr_line' id='line_1_12' title="bbox 141 1355 1668 1428; baseline 0.001 -17"><span class='ocrx_word' id='word_1_85' title='bbox 141 1358 209 1411; x_wconf 87' lang='lat' dir='ltr'><strong>nis</strong></span> <span class='ocrx_word' id='word_1_86' title='bbox 235 1372 396 1420; x_wconf 85' lang='lat' dir='ltr'><strong>causa,</strong></span> <span class='ocrx_word' id='word_1_87' title='bbox 426 1357 476 1410; x_wconf 90' lang='lat' dir='ltr'><strong>in</strong></span> <span class='ocrx_word' id='word_1_88' title='bbox 504 1355 701 1410; x_wconf 84' lang='lat' dir='ltr'><strong>itinere</strong></span> <span class='ocrx_word' id='word_1_89' title='bbox 724 1356 1081 1425; x_wconf 89' lang='lat' dir='ltr'><strong>deducerent,</strong></span> <span class='ocrx_word' id='word_1_90' title='bbox 1113 1359 1256 1428; x_wconf 92' lang='lat' dir='ltr'><strong>quod</strong></span> <span class='ocrx_word' id='word_1_91' title='bbox 1292 1359 1425 1412; x_wconf 91' lang='lat' dir='ltr'><strong>mihi</strong></span> <span class='ocrx_word' id='word_1_92' title='bbox 1449 1359 1668 1413; x_wconf 88' lang='lat' dir='ltr'><strong>videtur</strong></span> 
     </span>
    </p>
   </div>
   <div class='ocr_carea' id='block_1_13' title="bbox 140 1448 1663 1520">
    <p class='ocr_par' dir='ltr' id='par_1_13' title="bbox 140 1448 1663 1520">
     <span class='ocr_line' id='line_1_13' title="bbox 140 1448 1663 1520; baseline 0.003 -19"><span class='ocrx_word' id='word_1_93' title='bbox 140 1448 419 1520; x_wconf 76' lang='lat' dir='ltr'><strong>Polycarpus</strong></span> <span class='ocrx_word' id='word_1_94' title='bbox 444 1448 496 1502; x_wconf 90' lang='lat' dir='ltr'><strong>in</strong></span> <span class='ocrx_word' id='word_1_95' title='bbox 531 1448 688 1502; x_wconf 90' lang='lat' dir='ltr'><strong>initio</strong></span> <span class='ocrx_word' id='word_1_96' title='bbox 737 1448 983 1518; x_wconf 71' lang='lat' dir='ltr'><strong>epistola:</strong></span> <span class='ocrx_word' id='word_1_97' title='bbox 1024 1450 1293 1517; x_wconf 84' lang='lat' dir='ltr'><strong>immisse,</strong></span> <span class='ocrx_word' id='word_1_98' title='bbox 1332 1452 1417 1505; x_wconf 90' lang='lat' dir='ltr'><strong>his</strong></span> <span class='ocrx_word' id='word_1_99' title='bbox 1443 1451 1623 1505; x_wconf 85' lang='lat' dir='ltr'><strong>verbis</strong></span> <span class='ocrx_word' id='word_1_100' title='bbox 1645 1469 1663 1506; x_wconf 92' lang='lat'><strong>:</strong></span> 
     </span>
    </p>
   </div>
   <div class='ocr_carea' id='block_1_14' title="bbox 138 1539 1668 1613">
    <p class='ocr_par' dir='ltr' id='par_1_14' title="bbox 138 1539 1668 1613">
     <span class='ocr_line' id='line_1_14' title="bbox 138 1539 1668 1613; baseline 0.001 -20"><span class='ocrx_word' id='word_1_101' title='bbox 138 1541 409 1612; x_wconf 77' lang='grc' dir='ltr'><strong>Δεξαμένοις</strong></span> <span class='ocrx_word' id='word_1_102' title='bbox 433 1539 501 1593; x_wconf 80' lang='grc' dir='ltr'><strong>τὰ</strong></span> <span class='ocrx_word' id='word_1_103' title='bbox 540 1541 835 1612; x_wconf 83' lang='grc' dir='ltr'><strong>μιμήματα</strong></span> <span class='ocrx_word' id='word_1_104' title='bbox 863 1542 965 1612; x_wconf 79' lang='grc' dir='ltr'><strong>τῆς</strong></span> <span class='ocrx_word' id='word_1_105' title='bbox 1003 1540 1239 1613; x_wconf 80' lang='grc' dir='ltr'><strong>ἀληθοῦς</strong></span> <span class='ocrx_word' id='word_1_106' title='bbox 1289 1543 1534 1613; x_wconf 80' lang='grc' dir='ltr'><strong>ἀγάπης,</strong></span> <span class='ocrx_word' id='word_1_107' title='bbox 1569 1542 1668 1595; x_wconf 77' lang='grc' dir='ltr'><strong>καὶ</strong></span> 
     </span>
    </p>
   </div>
   <div class='ocr_carea' id='block_1_15' title="bbox 138 1633 1667 1706">
    <p class='ocr_par' dir='ltr' id='par_1_15' title="bbox 138 1633 1667 1706">
     <span class='ocr_line' id='line_1_15' title="bbox 138 1633 1667 1706; baseline 0.001 -19"><span class='ocrx_word' id='word_1_108' title='bbox 138 1634 492 1704; x_wconf 72' lang='grc' dir='ltr'><strong>προπέμψασιν,</strong></span> <span class='ocrx_word' id='word_1_109' title='bbox 518 1634 595 1698; x_wconf 85' lang='grc' dir='ltr'><strong>ὡς</strong></span> <span class='ocrx_word' id='word_1_110' title='bbox 625 1633 890 1688; x_wconf 75' lang='grc' dir='ltr'><strong>ἐπέϐαλεν</strong></span> <span class='ocrx_word' id='word_1_111' title='bbox 937 1635 1088 1706; x_wconf 81' lang='grc' dir='ltr'>ὑμῖν,</span> <span class='ocrx_word' id='word_1_112' title='bbox 1120 1636 1247 1699; x_wconf 77' lang='grc' dir='ltr'>τοὺς</span> <span class='ocrx_word' id='word_1_113' title='bbox 1285 1635 1667 1706; x_wconf 79' lang='grc' dir='ltr'><strong>ὲνειλημένους</strong></span> 
     </span>
    </p>
   </div>
   <div class='ocr_carea' id='block_1_16' title="bbox 136 1725 1663 1797">
    <p class='ocr_par' dir='ltr' id='par_1_16' title="bbox 136 1725 1663 1797">
     <span class='ocr_line' id='line_1_16' title="bbox 136 1725 1663 1797; baseline 0.003 -18"><span class='ocrx_word' id='word_1_114' title='bbox 136 1728 224 1788; x_wconf 81' lang='grc' dir='ltr'><strong>τοῖς</strong></span> <span class='ocrx_word' id='word_1_115' title='bbox 247 1725 588 1797; x_wconf 80' lang='grc' dir='ltr'><strong>ἁγιοπρεπέσι</strong></span> <span class='ocrx_word' id='word_1_116' title='bbox 631 1726 874 1797; x_wconf 83' lang='grc' dir='ltr'><strong>δεσμοῖς,</strong></span> <span class='ocrx_word' id='word_1_117' title='bbox 920 1742 1043 1796; x_wconf 75' lang='lat' dir='ltr'><strong>qua:</strong></span> <span class='ocrx_word' id='word_1_118' title='bbox 1072 1727 1293 1797; x_wconf 87' lang='lat' dir='ltr'><strong>quidem</strong></span> <span class='ocrx_word' id='word_1_119' title='bbox 1335 1728 1500 1782; x_wconf 89' lang='lat' dir='ltr'><strong>verba</strong></span> <span class='ocrx_word' id='word_1_120' title='bbox 1537 1743 1663 1783; x_wconf 90' lang='lat' dir='ltr'><strong>cum</strong></span> 
     </span>
    </p>
   </div>
   <div class='ocr_carea' id='block_1_17' title="bbox 137 1820 1669 1892">
    <p class='ocr_par' dir='ltr' id='par_1_17' title="bbox 137 1820 1669 1892">
     <span class='ocr_line' id='line_1_17' title="bbox 137 1820 1669 1892; baseline 0.002 -19"><span class='ocrx_word' id='word_1_121' title='bbox 137 1836 214 1874; x_wconf 84' lang='lat' dir='ltr'><strong>nec</strong></span> <span class='ocrx_word' id='word_1_122' title='bbox 233 1831 360 1877; x_wconf 82' lang='lat' dir='ltr'><strong>recte</strong></span> <span class='ocrx_word' id='word_1_123' title='bbox 389 1821 616 1892; x_wconf 82' lang='lat' dir='ltr'><strong>legeret,</strong></span> <span class='ocrx_word' id='word_1_124' title='bbox 651 1836 753 1875; x_wconf 88' lang='lat' dir='ltr'><strong>nec</strong></span> <span class='ocrx_word' id='word_1_125' title='bbox 786 1821 1016 1875; x_wconf 87' lang='lat' dir='ltr'><strong>omnino</strong></span> <span class='ocrx_word' id='word_1_126' title='bbox 1040 1820 1367 1891; x_wconf 79' lang='lat' dir='ltr'><strong>intelligeret</strong></span> <span class='ocrx_word' id='word_1_127' title='bbox 1388 1831 1547 1877; x_wconf 87' lang='lat' dir='ltr'><strong>vetus</strong></span> <span class='ocrx_word' id='word_1_128' title='bbox 1578 1823 1669 1877; x_wconf 79' lang='lat' dir='ltr'><strong>in-</strong></span> 
     </span>
    </p>
   </div>
   <div class='ocr_carea' id='block_1_18' title="bbox 1769 618 3355 693">
    <p class='ocr_par' dir='ltr' id='par_1_18' title="bbox 1769 618 3355 693">
     <span class='ocr_line' id='line_1_18' title="bbox 1769 618 3355 693; baseline -0.001 -14"><span class='ocrx_word' id='word_1_129' title='bbox 1769 627 1899 680; x_wconf 90' lang='lat' dir='ltr'><strong>dum</strong></span> <span class='ocrx_word' id='word_1_130' title='bbox 1927 636 2030 681; x_wconf 89' lang='lat' dir='ltr'><strong>est.</strong></span> <span class='ocrx_word' id='word_1_131' title='bbox 2063 626 2273 680; x_wconf 84' lang='lat' dir='ltr'><strong>Asserit</strong></span> <span class='ocrx_word' id='word_1_132' title='bbox 2297 625 2569 680; x_wconf 73' lang='lat' dir='ltr'><strong>Eitsebius</strong></span> <span class='ocrx_word' id='word_1_133' title='bbox 2594 624 2695 679; x_wconf 88' lang='lat' dir='ltr'><strong>has</strong></span> <span class='ocrx_word' id='word_1_134' title='bbox 2722 618 2873 693; x_wconf 83' lang='lat' dir='ltr'><strong>ipsas</strong></span> <span class='ocrx_word' id='word_1_135' title='bbox 2904 622 3185 691; x_wconf 86' lang='lat' dir='ltr'><strong>epistolas,</strong></span> <span class='ocrx_word' id='word_1_136' title='bbox 3210 635 3355 691; x_wconf 71' lang='lat' dir='ltr'><strong>quas</strong></span> 
     </span>
    </p>
   </div>
   <div class='ocr_carea' id='block_1_19' title="bbox 1768 716 3353 789">
    <p class='ocr_par' dir='ltr' id='par_1_19' title="bbox 1768 716 3353 789">
     <span class='ocr_line' id='line_1_19' title="bbox 1768 716 3353 789; baseline -0.001 -17"><span class='ocrx_word' id='word_1_137' title='bbox 1768 718 2139 781; x_wconf 78' lang='lat' dir='ltr'><strong>defendimus,</strong></span> <span class='ocrx_word' id='word_1_138' title='bbox 2174 719 2343 773; x_wconf 82' lang='lat' dir='ltr'><strong>fuisse</strong></span> <span class='ocrx_word' id='word_1_139' title='bbox 2371 735 2402 772; x_wconf 91' lang='lat' dir='ltr'><strong>a</strong></span> <span class='ocrx_word' id='word_1_140' title='bbox 2438 718 2742 789; x_wconf 83' lang='lat' dir='ltr'><strong>Polycarpo</strong></span> <span class='ocrx_word' id='word_1_141' title='bbox 2784 724 3139 769; x_wconf 86' lang='lat' dir='ltr'><strong>memoratas.</strong></span> <span class='ocrx_word' id='word_1_142' title='bbox 3179 716 3289 768; x_wconf 70' lang='grc' dir='ltr'><strong>Καὶ</strong></span> <span class='ocrx_word' id='word_1_143' title='bbox 3320 716 3353 770; x_wconf 78' lang='grc' dir='ltr'><strong>ὁ</strong></span> 
     </span>
    </p>
   </div>
   <div class='ocr_carea' id='block_1_20' title="bbox 1767 807 3354 881">
    <p class='ocr_par' dir='ltr' id='par_1_20' title="bbox 1767 807 3354 881">
     <span class='ocr_line' id='line_1_20' title="bbox 1767 807 3354 881; baseline -0.001 -20"><span class='ocrx_word' id='word_1_144' title='bbox 1767 808 2127 881; x_wconf 81' lang='grc' dir='ltr'><strong>Πολύχαρπος</strong></span> <span class='ocrx_word' id='word_1_145' title='bbox 2146 808 2203 861; x_wconf 82' lang='grc' dir='ltr'><strong>δὲ</strong></span> <span class='ocrx_word' id='word_1_146' title='bbox 2240 808 2445 861; x_wconf 81' lang='grc' dir='ltr'><strong>τούτων</strong></span> <span class='ocrx_word' id='word_1_147' title='bbox 2490 808 2668 861; x_wconf 81' lang='grc' dir='ltr'>αὐτῶν</span> <span class='ocrx_word' id='word_1_148' title='bbox 2699 807 2970 878; x_wconf 83' lang='grc' dir='ltr'><strong>μέμνηται</strong></span> <span class='ocrx_word' id='word_1_149' title='bbox 3004 808 3062 859; x_wconf 77' lang='grc' dir='ltr'>ὲν</span> <span class='ocrx_word' id='word_1_150' title='bbox 3093 809 3160 877; x_wconf 74' lang='grc' dir='ltr'><strong>τῇ</strong></span> <span class='ocrx_word' id='word_1_151' title='bbox 3187 821 3354 877; x_wconf 84' lang='grc' dir='ltr'><strong>φερο-</strong></span> 
     </span>
    </p>
   </div>
   <div class='ocr_carea' id='block_1_21' title="bbox 1771 897 3350 972">
    <p class='ocr_par' dir='ltr' id='par_1_21' title="bbox 1771 897 3350 972">
     <span class='ocr_line' id='line_1_21' title="bbox 1771 897 3350 972; baseline -0.001 -19"><span class='ocrx_word' id='word_1_152' title='bbox 1771 901 1908 972; x_wconf 82' lang='grc' dir='ltr'><strong>μένῃ</strong></span> <span class='ocrx_word' id='word_1_153' title='bbox 1940 899 2106 953; x_wconf 60' lang='lat' dir='ltr'><strong>adeo?)</strong></span> <span class='ocrx_word' id='word_1_154' title='bbox 2133 899 2270 972; x_wconf 69' lang='grc' dir='ltr'>πρὸς</span> <span class='ocrx_word' id='word_1_155' title='bbox 2293 899 2689 970; x_wconf 80' lang='grc' dir='ltr'><strong>Φιλιππησίους</strong></span> <span class='ocrx_word' id='word_1_156' title='bbox 2721 898 2997 970; x_wconf 74' lang='grc' dir='ltr'><strong>ἐπιστολῇ.</strong></span> <span class='ocrx_word' id='word_1_157' title='bbox 3027 898 3131 953; x_wconf 90' lang='lat' dir='ltr'><strong>Sed</strong></span> <span class='ocrx_word' id='word_1_158' title='bbox 3161 908 3211 952; x_wconf 88' lang='lat' dir='ltr'><strong>et</strong></span> <span class='ocrx_word' id='word_1_159' title='bbox 3241 897 3350 951; x_wconf 84' lang='lat' dir='ltr'><strong>Po-</strong></span> 
     </span>
    </p>
   </div>
   <div class='ocr_carea' id='block_1_22' title="bbox 1767 990 3349 1061">
    <p class='ocr_par' dir='ltr' id='par_1_22' title="bbox 1767 990 3349 1061">
     <span class='ocr_line' id='line_1_22' title="bbox 1767 990 3349 1061; baseline -0.001 -16"><span class='ocrx_word' id='word_1_160' title='bbox 1767 990 2016 1061; x_wconf 77' lang='lat' dir='ltr'><strong>lycarpus</strong></span> <span class='ocrx_word' id='word_1_161' title='bbox 2049 993 2106 1045; x_wconf 85' lang='lat' dir='ltr'><strong>in</strong></span> <span class='ocrx_word' id='word_1_162' title='bbox 2161 1008 2261 1045; x_wconf 77' lang='lat' dir='ltr'><strong>sua</strong></span> <span class='ocrx_word' id='word_1_163' title='bbox 2291 992 2361 1044; x_wconf 88' lang='lat' dir='ltr'><strong>ad</strong></span> <span class='ocrx_word' id='word_1_164' title='bbox 2396 990 2757 1060; x_wconf 78' lang='lat' dir='ltr'><strong>Philippenses</strong></span> <span class='ocrx_word' id='word_1_165' title='bbox 2789 990 3012 1060; x_wconf 82' lang='lat' dir='ltr'><strong>epistola</strong></span> <span class='ocrx_word' id='word_1_166' title='bbox 3040 991 3349 1044; x_wconf 81' lang='lat' dir='ltr'><strong>earumdem</strong></span> 
     </span>
    </p>
   </div>
   <div class='ocr_carea' id='block_1_23' title="bbox 1767 1082 3363 1151">
    <p class='ocr_par' dir='ltr' id='par_1_23' title="bbox 1767 1082 3363 1151">
     <span class='ocr_line' id='line_1_23' title="bbox 1767 1082 3363 1151; baseline -0.002 -14"><span class='ocrx_word' id='word_1_167' title='bbox 1767 1084 2005 1137; x_wconf 81' lang='lat' dir='ltr'><strong>meminit</strong></span> <span class='ocrx_word' id='word_1_168' title='bbox 2056 1082 2424 1151; x_wconf 79' lang='lat' dir='ltr'><strong>epistolarum.</strong></span> <span class='ocrx_word' id='word_1_169' title='bbox 2484 1082 2639 1148; x_wconf 82' lang='lat' dir='ltr'><strong>Quod</strong></span> <span class='ocrx_word' id='word_1_170' title='bbox 2682 1082 2950 1138; x_wconf 78' lang='lat' dir='ltr'><strong>Eusebius</strong></span> <span class='ocrx_word' id='word_1_171' title='bbox 2993 1082 3213 1147; x_wconf 84' lang='lat' dir='ltr'><strong>asserit,</strong></span> <span class='ocrx_word' id='word_1_172' title='bbox 3245 1097 3363 1136; x_wconf 12' lang='lat' dir='ltr'><strong>no-r</strong></span> 
     </span>
    </p>
   </div>
   <div class='ocr_carea' id='block_1_24' title="bbox 1767 1174 3349 1244">
    <p class='ocr_par' dir='ltr' id='par_1_24' title="bbox 1767 1174 3349 1244">
     <span class='ocr_line' id='line_1_24' title="bbox 1767 1174 3349 1244; baseline -0.001 -14"><span class='ocrx_word' id='word_1_173' title='bbox 1767 1175 1868 1231; x_wconf 89' lang='lat' dir='ltr'><strong>stri</strong></span> <span class='ocrx_word' id='word_1_174' title='bbox 1918 1176 2125 1243; x_wconf 88' lang='lat' dir='ltr'><strong>pariter</strong></span> <span class='ocrx_word' id='word_1_175' title='bbox 2152 1174 2458 1242; x_wconf 84' lang='lat' dir='ltr'><strong>allirmant;</strong></span> <span class='ocrx_word' id='word_1_176' title='bbox 2491 1175 2725 1230; x_wconf 72' lang='lat' dir='ltr'><strong>Dallaaus</strong></span> <span class='ocrx_word' id='word_1_177' title='bbox 2757 1185 2941 1244; x_wconf 72' lang='lat' dir='ltr'><strong>negat.</strong></span> <span class='ocrx_word' id='word_1_178' title='bbox 2979 1174 3205 1229; x_wconf 85' lang='lat' dir='ltr'><strong>Fatetur</strong></span> <span class='ocrx_word' id='word_1_179' title='bbox 3231 1174 3349 1243; x_wconf 87' lang='lat' dir='ltr'><strong>qui-</strong></span> 
     </span>
    </p>
   </div>
   <div class='ocr_carea' id='block_1_25' title="bbox 1766 1265 3351 1341">
    <p class='ocr_par' dir='ltr' id='par_1_25' title="bbox 1766 1265 3351 1341">
     <span class='ocr_line' id='line_1_25' title="bbox 1766 1265 3351 1341; baseline 0 -20"><span class='ocrx_word' id='word_1_180' title='bbox 1766 1265 1889 1321; x_wconf 88' lang='lat' dir='ltr'><strong>dem</strong></span> <span class='ocrx_word' id='word_1_181' title='bbox 1932 1268 2122 1323; x_wconf 84' lang='lat' dir='ltr'><strong>tcstari</strong></span> <span class='ocrx_word' id='word_1_182' title='bbox 2176 1284 2341 1338; x_wconf 87' lang='lat' dir='ltr'><strong>posse</strong></span> <span class='ocrx_word' id='word_1_183' title='bbox 2388 1268 2772 1341; x_wconf 80' lang='lat' dir='ltr'><strong>Polycarpum,</strong></span> <span class='ocrx_word' id='word_1_184' title='bbox 2804 1269 3017 1339; x_wconf 87' lang='lat' dir='ltr'><strong>aliquas</strong></span> <span class='ocrx_word' id='word_1_185' title='bbox 3059 1268 3351 1337; x_wconf 80' lang='lat' dir='ltr'><strong>scripsisse</strong></span> 
     </span>
    </p>
   </div>
   <div class='ocr_carea' id='block_1_26' title="bbox 1767 1358 3347 1431">
    <p class='ocr_par' dir='ltr' id='par_1_26' title="bbox 1767 1358 3347 1431">
     <span class='ocr_line' id='line_1_26' title="bbox 1767 1358 3347 1431; baseline 0 -18"><span class='ocrx_word' id='word_1_186' title='bbox 1767 1358 2027 1428; x_wconf 82' lang='lat' dir='ltr'><strong>epistolas</strong></span> <span class='ocrx_word' id='word_1_187' title='bbox 2058 1359 2351 1431; x_wconf 84' lang='lat' dir='ltr'><strong>lgnatium,</strong></span> <span class='ocrx_word' id='word_1_188' title='bbox 2383 1361 2482 1416; x_wconf 90' lang='lat' dir='ltr'><strong>has</strong></span> <span class='ocrx_word' id='word_1_189' title='bbox 2510 1372 2690 1415; x_wconf 87' lang='lat' dir='ltr'><strong>autem</strong></span> <span class='ocrx_word' id='word_1_190' title='bbox 2717 1375 2811 1415; x_wconf 87' lang='lat' dir='ltr'><strong>eas</strong></span> <span class='ocrx_word' id='word_1_191' title='bbox 2838 1360 3010 1415; x_wconf 79' lang='lat' dir='ltr'><strong>fuisse</strong></span> <span class='ocrx_word' id='word_1_192' title='bbox 3042 1368 3236 1429; x_wconf 88' lang='lat' dir='ltr'><strong>negat;</strong></span> <span class='ocrx_word' id='word_1_193' title='bbox 3271 1360 3347 1414; x_wconf 87' lang='lat' dir='ltr'><strong>si-</strong></span> 
     </span>
    </p>
   </div>
   <div class='ocr_carea' id='block_1_27' title="bbox 1767 1451 3350 1523">
    <p class='ocr_par' dir='ltr' id='par_1_27' title="bbox 1767 1451 3350 1523">
     <span class='ocr_line' id='line_1_27' title="bbox 1767 1451 3350 1523; baseline 0.001 -19"><span class='ocrx_word' id='word_1_194' title='bbox 1767 1451 1924 1507; x_wconf 88' lang='lat' dir='ltr'><strong>miles</strong></span> <span class='ocrx_word' id='word_1_195' title='bbox 1950 1452 2131 1521; x_wconf 89' lang='lat' dir='ltr'><strong>aliqua</strong></span> <span class='ocrx_word' id='word_1_196' title='bbox 2164 1468 2222 1508; x_wconf 93' lang='lat' dir='ltr'><strong>re</strong></span> <span class='ocrx_word' id='word_1_197' title='bbox 2250 1452 2419 1507; x_wconf 80' lang='lat' dir='ltr'><strong>fuisse</strong></span> <span class='ocrx_word' id='word_1_198' title='bbox 2466 1452 2717 1523; x_wconf 83' lang='lat' dir='ltr'><strong>largitur.</strong></span> <span class='ocrx_word' id='word_1_199' title='bbox 2765 1452 2986 1507; x_wconf 88' lang='lat' dir='ltr'><strong>easdem</strong></span> <span class='ocrx_word' id='word_1_200' title='bbox 3019 1451 3191 1506; x_wconf 79' lang='lat' dir='ltr'><strong>fuisse</strong></span> <span class='ocrx_word' id='word_1_201' title='bbox 3224 1467 3350 1521; x_wconf 87' lang='lat' dir='ltr'><strong>per-</strong></span> 
     </span>
    </p>
   </div>
   <div class='ocr_carea' id='block_1_28' title="bbox 1766 1542 3347 1616">
    <p class='ocr_par' dir='ltr' id='par_1_28' title="bbox 1766 1542 3347 1616">
     <span class='ocr_line' id='line_1_28' title="bbox 1766 1542 3347 1616; baseline 0.001 -20"><span class='ocrx_word' id='word_1_202' title='bbox 1766 1556 1946 1612; x_wconf 80' lang='lat' dir='ltr'><strong>negat.</strong></span> <span class='ocrx_word' id='word_1_203' title='bbox 1982 1542 2274 1600; x_wconf 79' lang='lat' dir='ltr'><strong>Rationem</strong></span> <span class='ocrx_word' id='word_1_204' title='bbox 2300 1546 2609 1616; x_wconf 79' lang='lat' dir='ltr'><strong>negationis</strong></span> <span class='ocrx_word' id='word_1_205' title='bbox 2637 1545 2856 1599; x_wconf 87' lang='lat' dir='ltr'><strong>unicam</strong></span> <span class='ocrx_word' id='word_1_206' title='bbox 2885 1545 3064 1608; x_wconf 76' lang='lat' dir='ltr'><strong>alfert,</strong></span> <span class='ocrx_word' id='word_1_207' title='bbox 3101 1544 3250 1615; x_wconf 89' lang='lat' dir='ltr'><strong>quod</strong></span> <span class='ocrx_word' id='word_1_208' title='bbox 3292 1544 3347 1599; x_wconf 88' lang='lat' dir='ltr'><strong>id</strong></span> 
     </span>
    </p>
   </div>
   <div class='ocr_carea' id='block_1_29' title="bbox 1764 1634 3457 1719">
    <p class='ocr_par' dir='ltr' id='par_1_29' title="bbox 1764 1634 3457 1719">
     <span class='ocr_line' id='line_1_29' title="bbox 1764 1634 3457 1719; baseline 0.002 -31"><span class='ocrx_word' id='word_1_209' title='bbox 1764 1634 2062 1691; x_wconf 79' lang='lat' dir='ltr'><strong>clarissime</strong></span> <span class='ocrx_word' id='word_1_210' title='bbox 2084 1648 2134 1691; x_wconf 90' lang='lat' dir='ltr'><strong>et</strong></span> <span class='ocrx_word' id='word_1_211' title='bbox 2163 1638 2517 1708; x_wconf 84' lang='lat' dir='ltr'><strong>multifariam</strong></span> <span class='ocrx_word' id='word_1_212' title='bbox 2541 1656 2573 1692; x_wconf 88' lang='lat' dir='ltr'><strong>a</strong></span> <span class='ocrx_word' id='word_1_213' title='bbox 2597 1655 2648 1693; x_wconf 88' lang='lat' dir='ltr'><strong>se</strong></span> <span class='ocrx_word' id='word_1_214' title='bbox 2686 1640 2848 1709; x_wconf 86' lang='lat' dir='ltr'><strong>fuerit</strong></span> <span class='ocrx_word' id='word_1_215' title='bbox 2885 1639 3345 1701; x_wconf 87' lang='lat' dir='ltr'><strong>demonstratum,</strong></span> <span class='ocrx_word' id='word_1_216' title='bbox 3426 1690 3457 1719; x_wconf 34' lang='grc' dir='ltr'><strong>νο,</strong></span> 
     </span>
    </p>
   </div>
   <div class='ocr_carea' id='block_1_30' title="bbox 1765 1729 3364 1803">
    <p class='ocr_par' dir='ltr' id='par_1_30' title="bbox 1765 1729 3364 1803">
     <span class='ocr_line' id='line_1_30' title="bbox 1765 1729 3364 1803; baseline -0.001 -19"><span class='ocrx_word' id='word_1_217' title='bbox 1765 1729 1838 1784; x_wconf 91' lang='lat' dir='ltr'><strong>ob</strong></span> <span class='ocrx_word' id='word_1_218' title='bbox 1871 1745 2065 1799; x_wconf 88' lang='lat' dir='ltr'><strong>nempe</strong></span> <span class='ocrx_word' id='word_1_219' title='bbox 2106 1729 2600 1785; x_wconf 84' lang='lat' dir='ltr'><strong>Valentinianorum</strong></span> <span class='ocrx_word' id='word_1_220' title='bbox 2652 1732 2833 1803; x_wconf 82' lang='grc' dir='ltr'><strong>σιγὴν,</strong></span> <span class='ocrx_word' id='word_1_221' title='bbox 2870 1741 2921 1786; x_wconf 91' lang='lat' dir='ltr'><strong>et</strong></span> <span class='ocrx_word' id='word_1_222' title='bbox 2970 1731 3364 1800; x_wconf 57' lang='lat' dir='ltr'><strong>Patripassiao</strong></span> 
     </span>
    </p>
   </div>
   <div class='ocr_carea' id='block_1_31' title="bbox 1766 1820 3349 1892">
    <p class='ocr_par' dir='ltr' id='par_1_31' title="bbox 1766 1820 3349 1892">
     <span class='ocr_line' id='line_1_31' title="bbox 1766 1820 3349 1892; baseline 0 -19"><span class='ocrx_word' id='word_1_223' title='bbox 1766 1836 1955 1873; x_wconf 84' lang='lat' dir='ltr'><strong>norum</strong></span> <span class='ocrx_word' id='word_1_224' title='bbox 1979 1820 2225 1884; x_wconf 71' lang='lat' dir='ltr'><strong>hieresin,</strong></span> <span class='ocrx_word' id='word_1_225' title='bbox 2258 1821 2573 1891; x_wconf 89' lang='lat' dir='ltr'><strong>similiaque</strong></span> <span class='ocrx_word' id='word_1_226' title='bbox 2605 1837 2724 1892; x_wconf 74' lang='lat' dir='ltr'><strong>qua:</strong></span> <span class='ocrx_word' id='word_1_227' title='bbox 2765 1822 2885 1891; x_wconf 80' lang='lat' dir='ltr'><strong>fieri</strong></span> <span class='ocrx_word' id='word_1_228' title='bbox 2917 1838 3019 1875; x_wconf 82' lang='lat' dir='ltr'><strong>non</strong></span> <span class='ocrx_word' id='word_1_229' title='bbox 3062 1831 3233 1891; x_wconf 80' lang='lat' dir='ltr'><strong>potest</strong></span> <span class='ocrx_word' id='word_1_230' title='bbox 3288 1832 3349 1874; x_wconf 74' lang='lat' dir='ltr'><strong>ut</strong></span> 
     </span>
    </p>
   </div>
   <div class='ocr_carea' id='block_1_32' title="bbox 136 1900 3348 1982">
    <p class='ocr_par' dir='ltr' id='par_1_32' title="bbox 136 1900 3348 1982">
     <span class='ocr_line' id='line_1_32' title="bbox 136 1900 3348 1982; baseline 0.001 -19"><span class='ocrx_word' id='word_1_231' title='bbox 136 1920 322 1979; x_wconf 82' lang='lat' dir='ltr'><strong>terpres,</strong></span> <span class='ocrx_word' id='word_1_232' title='bbox 349 1911 417 1965; x_wconf 84' lang='lat' dir='ltr'><strong>ita</strong></span> <span class='ocrx_word' id='word_1_233' title='bbox 448 1910 729 1966; x_wconf 89' lang='lat' dir='ltr'><strong>transtulit</strong></span> <span class='ocrx_word' id='word_1_234' title='bbox 778 1929 795 1965; x_wconf 88' lang='lat'><strong>:</strong></span> <span class='ocrx_word' id='word_1_235' title='bbox 838 1909 1144 1980; x_wconf 82' lang='lat' dir='ltr'><strong>Suscipiens</strong></span> <span class='ocrx_word' id='word_1_236' title='bbox 1175 1911 1466 1965; x_wconf 85' lang='lat' dir='ltr'><strong>imitabilia</strong></span> <span class='ocrx_word' id='word_1_237' title='bbox 1507 1912 1664 1966; x_wconf 79' lang='lat' dir='ltr'><strong>verba</strong></span> <span class='ocrx_word' id='word_1_238' title='bbox 1694 1900 1737 1955; x_wconf 84' lang='grc' dir='ltr'><strong>Β</strong></span> <span class='ocrx_word' id='word_1_239' title='bbox 1765 1911 2001 1979; x_wconf 68' lang='lat' dir='ltr'><strong>epistolis</strong></span> <span class='ocrx_word' id='word_1_240' title='bbox 2033 1925 2149 1965; x_wconf 78' lang='lat' dir='ltr'><strong>vere</strong></span> <span class='ocrx_word' id='word_1_241' title='bbox 2192 1912 2257 1964; x_wconf 91' lang='lat' dir='ltr'><strong>ab</strong></span> <span class='ocrx_word' id='word_1_242' title='bbox 2287 1911 2503 1982; x_wconf 86' lang='lat' dir='ltr'><strong>lgnatio</strong></span> <span class='ocrx_word' id='word_1_243' title='bbox 2530 1915 2744 1982; x_wconf 77' lang='lat' dir='ltr'><strong>scripta:</strong></span> <span class='ocrx_word' id='word_1_244' title='bbox 2788 1912 3093 1968; x_wconf 84' lang='lat' dir='ltr'><strong>habuerint.</strong></span> <span class='ocrx_word' id='word_1_245' title='bbox 3152 1913 3230 1968; x_wconf 84' lang='lat' dir='ltr'><strong>Ita</strong></span> <span class='ocrx_word' id='word_1_246' title='bbox 3278 1916 3348 1968; x_wconf 89' lang='lat' dir='ltr'><strong>ah</strong></span> 
     </span>
    </p>
   </div>
   <div class='ocr_carea' id='block_1_33' title="bbox 133 2002 1667 2074">
    <p class='ocr_par' dir='ltr' id='par_1_33' title="bbox 133 2002 1667 2074">
     <span class='ocr_line' id='line_1_33' title="bbox 133 2002 1667 2074; baseline 0.005 -21"><span class='ocrx_word' id='word_1_247' title='bbox 133 2002 403 2067; x_wconf 84' lang='lat' dir='ltr'><strong>dilectionis,</strong></span> <span class='ocrx_word' id='word_1_248' title='bbox 425 2018 585 2072; x_wconf 85' lang='lat' dir='ltr'><strong>quam</strong></span> <span class='ocrx_word' id='word_1_249' title='bbox 643 2002 959 2056; x_wconf 82' lang='lat' dir='ltr'><strong>ostendistis</strong></span> <span class='ocrx_word' id='word_1_250' title='bbox 1008 2004 1063 2056; x_wconf 90' lang='lat' dir='ltr'><strong>in</strong></span> <span class='ocrx_word' id='word_1_251' title='bbox 1092 2002 1225 2070; x_wconf 84' lang='lat' dir='ltr'><strong>illis,</strong></span> <span class='ocrx_word' id='word_1_252' title='bbox 1272 2006 1366 2074; x_wconf 86' lang='lat' dir='ltr'><strong>qui</strong></span> <span class='ocrx_word' id='word_1_253' title='bbox 1398 2007 1667 2074; x_wconf 74' lang='lat' dir='ltr'><strong>praemissi</strong></span> 
     </span>
    </p>
   </div>
   <div class='ocr_carea' id='block_1_34' title="bbox 135 2096 1664 2154">
    <p class='ocr_par' dir='ltr' id='par_1_34' title="bbox 135 2096 1664 2154">
     <span class='ocr_line' id='line_1_34' title="bbox 135 2096 1664 2154; baseline 0.004 -7"><span class='ocrx_word' id='word_1_254' title='bbox 135 2104 230 2147; x_wconf 72' lang='lat' dir='ltr'><strong>sunt</strong></span> <span class='ocrx_word' id='word_1_255' title='bbox 259 2096 372 2147; x_wconf 76' lang='lat' dir='ltr'><strong>uiris</strong></span> <span class='ocrx_word' id='word_1_256' title='bbox 416 2096 619 2149; x_wconf 83' lang='lat' dir='ltr'><strong>sanctis</strong></span> <span class='ocrx_word' id='word_1_257' title='bbox 669 2096 942 2149; x_wconf 85' lang='lat' dir='ltr'><strong>decorosis</strong></span> <span class='ocrx_word' id='word_1_258' title='bbox 992 2096 1219 2152; x_wconf 84' lang='lat' dir='ltr'><strong>vinculis</strong></span> <span class='ocrx_word' id='word_1_259' title='bbox 1257 2099 1532 2153; x_wconf 72' lang='lat' dir='ltr'><strong>connexis.</strong></span> <span class='ocrx_word' id='word_1_260' title='bbox 1585 2098 1664 2154; x_wconf 84' lang='lat' dir='ltr'><strong>Ita</strong></span> 
     </span>
    </p>
   </div>
   <div class='ocr_carea' id='block_1_35' title="bbox 134 2186 1667 2269">
    <p class='ocr_par' dir='ltr' id='par_1_35' title="bbox 134 2186 1667 2269">
     <span class='ocr_line' id='line_1_35' title="bbox 134 2186 1667 2269; baseline 0.004 -30"><span class='ocrx_word' id='word_1_261' title='bbox 134 2187 221 2249; x_wconf 85' lang='lat' dir='ltr'><strong>ille,</strong></span> <span class='ocrx_word' id='word_1_262' title='bbox 255 2186 531 2258; x_wconf 77' lang='grc' dir='ltr'><strong>δεξάμενος</strong></span> <span class='ocrx_word' id='word_1_263' title='bbox 565 2202 666 2257; x_wconf 85' lang='lat' dir='ltr'><strong>pro</strong></span> <span class='ocrx_word' id='word_1_264' title='bbox 699 2187 1031 2269; x_wconf 47' lang='grc' dir='ltr'><strong>δεξαμένοις.</strong></span> <span class='ocrx_word' id='word_1_265' title='bbox 1065 2188 1272 2259; x_wconf 83' lang='lat' dir='ltr'><strong>legens,</strong></span> <span class='ocrx_word' id='word_1_266' title='bbox 1326 2198 1491 2259; x_wconf 82' lang='lat' dir='ltr'><strong>atque</strong></span> <span class='ocrx_word' id='word_1_267' title='bbox 1543 2189 1667 2245; x_wconf 92' lang='lat' dir='ltr'><strong>ideo</strong></span> 
     </span>
    </p>
   </div>
   <div class='ocr_carea' id='block_1_36' title="bbox 135 2280 1665 2347">
    <p class='ocr_par' dir='ltr' id='par_1_36' title="bbox 135 2280 1665 2347">
     <span class='ocr_line' id='line_1_36' title="bbox 135 2280 1665 2347; baseline 0.005 -16"><span class='ocrx_word' id='word_1_268' title='bbox 135 2280 304 2347; x_wconf 82' lang='lat' dir='ltr'><strong>reliqua</strong></span> <span class='ocrx_word' id='word_1_269' title='bbox 351 2280 529 2335; x_wconf 88' lang='lat' dir='ltr'><strong>omnia</strong></span> <span class='ocrx_word' id='word_1_270' title='bbox 577 2280 846 2334; x_wconf 85' lang='lat' dir='ltr'><strong>aliorsum</strong></span> <span class='ocrx_word' id='word_1_271' title='bbox 887 2280 1143 2345; x_wconf 87' lang='lat' dir='ltr'><strong>trahens;</strong></span> <span class='ocrx_word' id='word_1_272' title='bbox 1174 2289 1233 2335; x_wconf 91' lang='lat' dir='ltr'><strong>tu</strong></span> <span class='ocrx_word' id='word_1_273' title='bbox 1266 2291 1486 2337; x_wconf 81' lang='lat' dir='ltr'><strong>vertas:</strong></span> <span class='ocrx_word' id='word_1_274' title='bbox 1513 2282 1665 2338; x_wconf 90' lang='lat' dir='ltr'><strong>Con-</strong></span> 
     </span>
    </p>
   </div>
   <div class='ocr_carea' id='block_1_37' title="bbox 132 2372 1665 2444">
    <p class='ocr_par' dir='ltr' id='par_1_37' title="bbox 132 2372 1665 2444">
     <span class='ocr_line' id='line_1_37' title="bbox 132 2372 1665 2444; baseline 0.003 -22"><span class='ocrx_word' id='word_1_275' title='bbox 132 2372 311 2438; x_wconf 82' lang='lat' dir='ltr'><strong>gavisus</strong></span> <span class='ocrx_word' id='word_1_276' title='bbox 332 2387 447 2426; x_wconf 91' lang='lat' dir='ltr'><strong>sum</strong></span> <span class='ocrx_word' id='word_1_277' title='bbox 480 2372 663 2435; x_wconf 89' lang='lat' dir='ltr'><strong>vobis,</strong></span> <span class='ocrx_word' id='word_1_278' title='bbox 711 2373 802 2443; x_wconf 89' lang='lat' dir='ltr'><strong>qui</strong></span> <span class='ocrx_word' id='word_1_279' title='bbox 859 2389 994 2428; x_wconf 76' lang='lat' dir='ltr'><strong>verte</strong></span> <span class='ocrx_word' id='word_1_280' title='bbox 1021 2374 1308 2428; x_wconf 84' lang='lat' dir='ltr'><strong>charitatis</strong></span> <span class='ocrx_word' id='word_1_281' title='bbox 1334 2374 1665 2444; x_wconf 74' lang='lat' dir='ltr'><strong>exemplaria</strong></span> 
     </span>
    </p>
   </div>
   <div class='ocr_carea' id='block_1_38' title="bbox 132 2461 1669 2530">
    <p class='ocr_par' dir='ltr' id='par_1_38' title="bbox 132 2461 1669 2530">
     <span class='ocr_line' id='line_1_38' title="bbox 132 2461 1669 2530; baseline 0 -18"><span class='ocrx_word' id='word_1_282' title='bbox 132 2462 380 2527; x_wconf 71' lang='lat' dir='ltr'><strong>excepistis,</strong></span> <span class='ocrx_word' id='word_1_283' title='bbox 401 2470 448 2515; x_wconf 84' lang='lat' dir='ltr'><strong>et</strong></span> <span class='ocrx_word' id='word_1_284' title='bbox 470 2461 796 2526; x_wconf 75' lang='lat' dir='ltr'><strong>deduxistis,</strong></span> <span class='ocrx_word' id='word_1_285' title='bbox 820 2472 878 2515; x_wconf 86' lang='lat' dir='ltr'><strong>ut</strong></span> <span class='ocrx_word' id='word_1_286' title='bbox 910 2470 1081 2515; x_wconf 82' lang='lat' dir='ltr'><strong>vestro</strong></span> <span class='ocrx_word' id='word_1_287' title='bbox 1108 2462 1274 2530; x_wconf 77' lang='lat' dir='ltr'><strong>officio</strong></span> <span class='ocrx_word' id='word_1_288' title='bbox 1304 2461 1669 2527; x_wconf 76' lang='lat' dir='ltr'><strong>conveniebat,</strong></span> 
     </span>
    </p>
   </div>
   <div class='ocr_carea' id='block_1_39' title="bbox 129 2550 1659 2622">
    <p class='ocr_par' dir='ltr' id='par_1_39' title="bbox 129 2550 1659 2622">
     <span class='ocr_line' id='line_1_39' title="bbox 129 2550 1659 2622; baseline 0.003 -21"><span class='ocrx_word' id='word_1_289' title='bbox 129 2550 347 2605; x_wconf 74' lang='lat' dir='ltr'><strong>involutos</strong></span> <span class='ocrx_word' id='word_1_290' title='bbox 400 2552 664 2617; x_wconf 80' lang='lat' dir='ltr'><strong>vinculis,</strong></span> <span class='ocrx_word' id='word_1_291' title='bbox 714 2568 832 2622; x_wconf 78' lang='lat' dir='ltr'><strong>qua:</strong></span> <span class='ocrx_word' id='word_1_292' title='bbox 898 2554 1101 2607; x_wconf 82' lang='lat' dir='ltr'><strong>sanctis</strong></span> <span class='ocrx_word' id='word_1_293' title='bbox 1150 2563 1461 2607; x_wconf 85' lang='lat' dir='ltr'><strong>ornamento</strong></span> <span class='ocrx_word' id='word_1_294' title='bbox 1513 2564 1659 2607; x_wconf 88' lang='lat' dir='ltr'><strong>sunt.</strong></span> 
     </span>
    </p>
   </div>
   <div class='ocr_carea' id='block_1_40' title="bbox 131 2638 1669 2715">
    <p class='ocr_par' dir='ltr' id='par_1_40' title="bbox 131 2638 1669 2715">
     <span class='ocr_line' id='line_1_40' title="bbox 131 2638 1669 2715; baseline 0.005 -24"><span class='ocrx_word' id='word_1_295' title='bbox 131 2638 387 2698; x_wconf 70' lang='lat' dir='ltr'><strong>Halloi‘xius</strong></span> <span class='ocrx_word' id='word_1_296' title='bbox 409 2643 484 2707; x_wconf 82' lang='grc' dir='ltr'>ὡς</span> <span class='ocrx_word' id='word_1_297' title='bbox 515 2644 787 2698; x_wconf 77' lang='grc' dir='ltr'><strong>ἐπέϐαλεν</strong></span> <span class='ocrx_word' id='word_1_298' title='bbox 820 2645 971 2715; x_wconf 82' lang='grc' dir='ltr'>ὑμῖν,</span> <span class='ocrx_word' id='word_1_299' title='bbox 1008 2645 1265 2711; x_wconf 82' lang='lat' dir='ltr'><strong>reddidit,</strong></span> <span class='ocrx_word' id='word_1_300' title='bbox 1301 2654 1359 2698; x_wconf 86' lang='lat' dir='ltr'><strong>ut</strong></span> <span class='ocrx_word' id='word_1_301' title='bbox 1387 2645 1531 2700; x_wconf 82' lang='lat' dir='ltr'><strong>vobis</strong></span> <span class='ocrx_word' id='word_1_302' title='bbox 1556 2646 1669 2698; x_wconf 85' lang='lat' dir='ltr'><strong>Do-</strong></span> 
     </span>
    </p>
   </div>
   <div class='ocr_carea' id='block_1_41' title="bbox 129 2733 1668 2806">
    <p class='ocr_par' dir='ltr' id='par_1_41' title="bbox 129 2733 1668 2806">
     <span class='ocr_line' id='line_1_41' title="bbox 129 2733 1668 2806; baseline 0.005 -24"><span class='ocrx_word' id='word_1_303' title='bbox 129 2733 268 2787; x_wconf 81' lang='lat' dir='ltr'><strong>minus</strong></span> <span class='ocrx_word' id='word_1_304' title='bbox 292 2735 599 2803; x_wconf 85' lang='lat' dir='ltr'><strong>inspiravit;</strong></span> <span class='ocrx_word' id='word_1_305' title='bbox 632 2750 734 2806; x_wconf 83' lang='lat' dir='ltr'><strong>ego</strong></span> <span class='ocrx_word' id='word_1_306' title='bbox 758 2736 964 2805; x_wconf 87' lang='lat' dir='ltr'><strong>potius,</strong></span> <span class='ocrx_word' id='word_1_307' title='bbox 1000 2745 1060 2789; x_wconf 88' lang='lat' dir='ltr'><strong>ut</strong></span> <span class='ocrx_word' id='word_1_308' title='bbox 1088 2745 1256 2790; x_wconf 82' lang='lat' dir='ltr'><strong>vestro</strong></span> <span class='ocrx_word' id='word_1_309' title='bbox 1287 2736 1453 2805; x_wconf 73' lang='lat' dir='ltr'><strong>ofﬁcio</strong></span> <span class='ocrx_word' id='word_1_310' title='bbox 1479 2751 1668 2789; x_wconf 78' lang='lat' dir='ltr'><strong>conre-</strong></span> 
     </span>
    </p>
   </div>
   <div class='ocr_carea' id='block_1_42' title="bbox 130 2821 1665 2896">
    <p class='ocr_par' dir='ltr' id='par_1_42' title="bbox 130 2821 1665 2896">
     <span class='ocr_line' id='line_1_42' title="bbox 130 2821 1665 2896; baseline 0.007 -25"><span class='ocrx_word' id='word_1_311' title='bbox 130 2821 291 2885; x_wconf 66' lang='lat' dir='ltr'><strong>aiebat,</strong></span> <span class='ocrx_word' id='word_1_312' title='bbox 318 2824 442 2893; x_wconf 88' lang='lat' dir='ltr'><strong>quia</strong></span> <span class='ocrx_word' id='word_1_313' title='bbox 498 2826 833 2879; x_wconf 66' lang='lat' dir='ltr'><strong>haec&#39;multo</strong></span> <span class='ocrx_word' id='word_1_314' title='bbox 860 2826 1198 2896; x_wconf 89' lang='lat' dir='ltr'><strong>simpliciora</strong></span> <span class='ocrx_word' id='word_1_315' title='bbox 1247 2836 1397 2891; x_wconf 86' lang='lat' dir='ltr'><strong>sunt,</strong></span> <span class='ocrx_word' id='word_1_316' title='bbox 1445 2835 1501 2881; x_wconf 91' lang='lat' dir='ltr'><strong>et</strong></span> <span class='ocrx_word' id='word_1_317' title='bbox 1558 2827 1665 2881; x_wconf 90' lang='lat' dir='ltr'><strong>hoc</strong></span> 
     </span>
    </p>
   </div>
   <div class='ocr_carea' id='block_1_43' title="bbox 128 2914 1668 2987">
    <p class='ocr_par' dir='ltr' id='par_1_43' title="bbox 128 2914 1668 2987">
     <span class='ocr_line' id='line_1_43' title="bbox 128 2914 1668 2987; baseline 0.002 -20"><span class='ocrx_word' id='word_1_318' title='bbox 128 2927 259 2967; x_wconf 78' lang='lat' dir='ltr'><strong>sensu</strong></span> <span class='ocrx_word' id='word_1_319' title='bbox 285 2914 413 2970; x_wconf 89' lang='lat' dir='ltr'><strong>bene</strong></span> <span class='ocrx_word' id='word_1_320' title='bbox 435 2915 651 2973; x_wconf 83' lang='lat' dir='ltr'><strong>Graeca.</strong></span> <span class='ocrx_word' id='word_1_321' title='bbox 682 2916 1034 2971; x_wconf 85' lang='lat' dir='ltr'><strong>Deducebant</strong></span> <span class='ocrx_word' id='word_1_322' title='bbox 1066 2917 1230 2986; x_wconf 79' lang='lat' dir='ltr'><strong>igitur</strong></span> <span class='ocrx_word' id='word_1_323' title='bbox 1262 2932 1330 2971; x_wconf 80' lang='lat' dir='ltr'><strong>ex</strong></span> <span class='ocrx_word' id='word_1_324' title='bbox 1353 2915 1668 2987; x_wconf 78' lang='lat' dir='ltr'><strong>Philippen-</strong></span> 
     </span>
    </p>
   </div>
   <div class='ocr_carea' id='block_1_44' title="bbox 128 3002 1662 3079">
    <p class='ocr_par' dir='ltr' id='par_1_44' title="bbox 128 3002 1662 3079">
     <span class='ocr_line' id='line_1_44' title="bbox 128 3002 1662 3079; baseline 0.006 -23"><span class='ocrx_word' id='word_1_325' title='bbox 128 3002 251 3059; x_wconf 84' lang='lat' dir='ltr'><strong>sibus</strong></span> <span class='ocrx_word' id='word_1_326' title='bbox 271 3007 426 3077; x_wconf 88' lang='lat' dir='ltr'><strong>aliqui</strong></span> <span class='ocrx_word' id='word_1_327' title='bbox 455 3008 729 3079; x_wconf 86' lang='lat' dir='ltr'><strong>lgnatium</strong></span> <span class='ocrx_word' id='word_1_328' title='bbox 754 3008 1098 3079; x_wconf 89' lang='lat' dir='ltr'><strong>comitesque</strong></span> <span class='ocrx_word' id='word_1_329' title='bbox 1124 3025 1222 3079; x_wconf 90' lang='lat' dir='ltr'><strong>per</strong></span> <span class='ocrx_word' id='word_1_330' title='bbox 1260 3008 1662 3075; x_wconf 79' lang='lat' dir='ltr'><strong>Macedoniam,</strong></span> 
     </span>
    </p>
   </div>
   <div class='ocr_carea' id='block_1_45' title="bbox 126 3093 1664 3173">
    <p class='ocr_par' dir='ltr' id='par_1_45' title="bbox 126 3093 1664 3173">
     <span class='ocr_line' id='line_1_45' title="bbox 126 3093 1664 3173; baseline 0.007 -26"><span class='ocrx_word' id='word_1_331' title='bbox 126 3093 237 3151; x_wconf 80' lang='lat' dir='ltr'><strong>forte</strong></span> <span class='ocrx_word' id='word_1_332' title='bbox 254 3098 406 3153; x_wconf 88' lang='lat' dir='ltr'><strong>etiam</strong></span> <span class='ocrx_word' id='word_1_333' title='bbox 439 3114 620 3169; x_wconf 91' lang='lat' dir='ltr'><strong>usque</strong></span> <span class='ocrx_word' id='word_1_334' title='bbox 666 3099 1033 3170; x_wconf 84' lang='lat' dir='ltr'><strong>Epidamum;</strong></span> <span class='ocrx_word' id='word_1_335' title='bbox 1084 3101 1227 3157; x_wconf 91' lang='lat' dir='ltr'><strong>unde</strong></span> <span class='ocrx_word' id='word_1_336' title='bbox 1269 3100 1664 3173; x_wconf 69' lang='lat' dir='ltr'><strong>pseudo-lgna-</strong></span> 
     </span>
    </p>
   </div>
   <div class='ocr_carea' id='block_1_46' title="bbox 125 3186 1663 3263">
    <p class='ocr_par' dir='ltr' id='par_1_46' title="bbox 125 3186 1663 3263">
     <span class='ocr_line' id='line_1_46' title="bbox 125 3186 1663 3263; baseline 0.007 -26"><span class='ocrx_word' id='word_1_337' title='bbox 125 3186 228 3251; x_wconf 88' lang='lat' dir='ltr'><strong>tius,</strong></span> <span class='ocrx_word' id='word_1_338' title='bbox 254 3191 329 3243; x_wconf 90' lang='lat' dir='ltr'><strong>vel</strong></span> <span class='ocrx_word' id='word_1_339' title='bbox 361 3192 547 3261; x_wconf 86' lang='lat' dir='ltr'><strong>potius</strong></span> <span class='ocrx_word' id='word_1_340' title='bbox 600 3192 803 3262; x_wconf 87' lang='lat' dir='ltr'><strong>aliquis</strong></span> <span class='ocrx_word' id='word_1_341' title='bbox 845 3192 1011 3257; x_wconf 89' lang='lat' dir='ltr'><strong>alius,</strong></span> <span class='ocrx_word' id='word_1_342' title='bbox 1037 3191 1131 3263; x_wconf 90' lang='lat' dir='ltr'><strong>qui</strong></span> <span class='ocrx_word' id='word_1_343' title='bbox 1164 3192 1382 3247; x_wconf 90' lang='lat' dir='ltr'><strong>titulum</strong></span> <span class='ocrx_word' id='word_1_344' title='bbox 1416 3194 1663 3263; x_wconf 64' lang='lat' dir='ltr'><strong>epistolas</strong></span> 
     </span>
    </p>
   </div>
   <div class='ocr_carea' id='block_1_47' title="bbox 1768 2004 3345 2075">
    <p class='ocr_par' dir='ltr' id='par_1_47' title="bbox 1768 2004 3345 2075">
     <span class='ocr_line' id='line_1_47' title="bbox 1768 2004 3345 2075; baseline 0.001 -18"><span class='ocrx_word' id='word_1_345' title='bbox 1768 2012 2097 2074; x_wconf 87' lang='lat' dir='ltr'><strong>argumento</strong></span> <span class='ocrx_word' id='word_1_346' title='bbox 2142 2020 2173 2058; x_wconf 88' lang='lat' dir='ltr'><strong>a</strong></span> <span class='ocrx_word' id='word_1_347' title='bbox 2206 2004 2534 2059; x_wconf 89' lang='lat' dir='ltr'><strong>testimoniis</strong></span> <span class='ocrx_word' id='word_1_348' title='bbox 2576 2006 2769 2075; x_wconf 89' lang='lat' dir='ltr'><strong>petito,</strong></span> <span class='ocrx_word' id='word_1_349' title='bbox 2818 2005 2883 2059; x_wconf 91' lang='lat' dir='ltr'><strong>ad</strong></span> <span class='ocrx_word' id='word_1_350' title='bbox 2915 2006 3047 2059; x_wconf 91' lang='lat' dir='ltr'><strong>illud</strong></span> <span class='ocrx_word' id='word_1_351' title='bbox 3093 2006 3238 2075; x_wconf 91' lang='lat' dir='ltr'><strong>quod</strong></span> <span class='ocrx_word' id='word_1_352' title='bbox 3278 2021 3345 2059; x_wconf 76' lang='lat' dir='ltr'><strong>ex</strong></span> 
     </span>
    </p>
   </div>
   <div class='ocr_carea' id='block_1_48' title="bbox 1768 2091 3369 2163">
    <p class='ocr_par' dir='ltr' id='par_1_48' title="bbox 1768 2091 3369 2163">
     <span class='ocr_line' id='line_1_48' title="bbox 1768 2091 3369 2163; baseline 0.002 -17"><span class='ocrx_word' id='word_1_353' title='bbox 1768 2091 1998 2147; x_wconf 84' lang='lat' dir='ltr'><strong>materia</strong></span> <span class='ocrx_word' id='word_1_354' title='bbox 2026 2093 2207 2163; x_wconf 88' lang='lat' dir='ltr'><strong>operis</strong></span> <span class='ocrx_word' id='word_1_355' title='bbox 2234 2093 2541 2159; x_wconf 88' lang='lat' dir='ltr'><strong>deducitur,</strong></span> <span class='ocrx_word' id='word_1_356' title='bbox 2567 2094 2867 2149; x_wconf 87' lang='lat' dir='ltr'><strong>desultorie</strong></span> <span class='ocrx_word' id='word_1_357' title='bbox 2893 2095 3110 2161; x_wconf 84' lang='lat' dir='ltr'><strong>transit,</strong></span> <span class='ocrx_word' id='word_1_358' title='bbox 3134 2105 3188 2149; x_wconf 91' lang='lat' dir='ltr'><strong>et</strong></span> <span class='ocrx_word' id='word_1_359' title='bbox 3216 2110 3369 2150; x_wconf 22' lang='lat' dir='ltr'><strong>cum;</strong></span> 
     </span>
    </p>
   </div>
   <div class='ocr_carea' id='block_1_49' title="bbox 1766 2185 3344 2254">
    <p class='ocr_par' dir='ltr' id='par_1_49' title="bbox 1766 2185 3344 2254">
     <span class='ocr_line' id='line_1_49' title="bbox 1766 2185 3344 2254; baseline 0.002 -18"><span class='ocrx_word' id='word_1_360' title='bbox 1766 2192 1994 2237; x_wconf 76' lang='lat' dir='ltr'><strong>externo</strong></span> <span class='ocrx_word' id='word_1_361' title='bbox 2025 2194 2350 2253; x_wconf 89' lang='lat' dir='ltr'><strong>argumento</strong></span> <span class='ocrx_word' id='word_1_362' title='bbox 2390 2185 2680 2254; x_wconf 89' lang='lat' dir='ltr'><strong>premitur,</strong></span> <span class='ocrx_word' id='word_1_363' title='bbox 2732 2186 2798 2239; x_wconf 89' lang='lat' dir='ltr'><strong>ad</strong></span> <span class='ocrx_word' id='word_1_364' title='bbox 2836 2187 3112 2239; x_wconf 84' lang='lat' dir='ltr'><strong>internum</strong></span> <span class='ocrx_word' id='word_1_365' title='bbox 3146 2185 3344 2240; x_wconf 80' lang='lat' dir='ltr'><strong>confu-</strong></span> 
     </span>
    </p>
   </div>
   <div class='ocr_carea' id='block_1_50' title="bbox 1767 2273 3343 2349">
    <p class='ocr_par' dir='ltr' id='par_1_50' title="bbox 1767 2273 3343 2349">
     <span class='ocr_line' id='line_1_50' title="bbox 1767 2273 3343 2349; baseline 0.003 -22"><span class='ocrx_word' id='word_1_366' title='bbox 1767 2274 1860 2343; x_wconf 85' lang='lat' dir='ltr'><strong>git.</strong></span> <span class='ocrx_word' id='word_1_367' title='bbox 1888 2273 2089 2330; x_wconf 87' lang='lat' dir='ltr'><strong>Dicunt</strong></span> <span class='ocrx_word' id='word_1_368' title='bbox 2116 2277 2292 2331; x_wconf 87' lang='lat' dir='ltr'><strong>nostri</strong></span> <span class='ocrx_word' id='word_1_369' title='bbox 2322 2276 2683 2349; x_wconf 82' lang='lat' dir='ltr'><strong>Polycarpum</strong></span> <span class='ocrx_word' id='word_1_370' title='bbox 2738 2277 2928 2331; x_wconf 89' lang='lat' dir='ltr'><strong>testari</strong></span> <span class='ocrx_word' id='word_1_371' title='bbox 2980 2276 3040 2331; x_wconf 96' lang='grc'><strong>8.</strong></span> <span class='ocrx_word' id='word_1_372' title='bbox 3072 2278 3343 2347; x_wconf 82' lang='lat' dir='ltr'><strong>lgnatium</strong></span> 
     </span>
    </p>
   </div>
   <div class='ocr_carea' id='block_1_51' title="bbox 1769 2365 3345 2438">
    <p class='ocr_par' dir='ltr' id='par_1_51' title="bbox 1769 2365 3345 2438">
     <span class='ocr_line' id='line_1_51' title="bbox 1769 2365 3345 2438; baseline 0.004 -21"><span class='ocrx_word' id='word_1_373' title='bbox 1769 2365 1868 2419; x_wconf 88' lang='lat' dir='ltr'><strong>has</strong></span> <span class='ocrx_word' id='word_1_374' title='bbox 1894 2365 2157 2435; x_wconf 85' lang='lat' dir='ltr'><strong>epistolas</strong></span> <span class='ocrx_word' id='word_1_375' title='bbox 2187 2367 2511 2436; x_wconf 88' lang='lat' dir='ltr'><strong>scripsisse;</strong></span> <span class='ocrx_word' id='word_1_376' title='bbox 2548 2368 2862 2437; x_wconf 87' lang='lat' dir='ltr'><strong>respondet,</strong></span> <span class='ocrx_word' id='word_1_377' title='bbox 2910 2369 3041 2438; x_wconf 81' lang='lat' dir='ltr'><strong>ipste</strong></span> <span class='ocrx_word' id='word_1_378' title='bbox 3098 2368 3345 2423; x_wconf 77' lang='lat' dir='ltr'><strong>luculen-</strong></span> 
     </span>
    </p>
   </div>
   <div class='ocr_carea' id='block_1_52' title="bbox 1768 2456 3346 2528">
    <p class='ocr_par' dir='ltr' id='par_1_52' title="bbox 1768 2456 3346 2528">
     <span class='ocr_line' id='line_1_52' title="bbox 1768 2456 3346 2528; baseline 0.004 -20"><span class='ocrx_word' id='word_1_379' title='bbox 1768 2457 1970 2511; x_wconf 82' lang='lat' dir='ltr'><strong>tissime</strong></span> <span class='ocrx_word' id='word_1_380' title='bbox 1992 2469 2205 2528; x_wconf 87' lang='lat' dir='ltr'><strong>negant.</strong></span> <span class='ocrx_word' id='word_1_381' title='bbox 2239 2456 2469 2514; x_wconf 86' lang='lat' dir='ltr'><strong>Frustra</strong></span> <span class='ocrx_word' id='word_1_382' title='bbox 2498 2460 2728 2513; x_wconf 88' lang='lat' dir='ltr'><strong>omnino</strong></span> <span class='ocrx_word' id='word_1_383' title='bbox 2768 2468 2822 2513; x_wconf 91' lang='lat' dir='ltr'><strong>et</strong></span> <span class='ocrx_word' id='word_1_384' title='bbox 2850 2460 3016 2516; x_wconf 91' lang='lat' dir='ltr'><strong>dictis</strong></span> <span class='ocrx_word' id='word_1_385' title='bbox 3065 2476 3233 2516; x_wconf 89' lang='lat' dir='ltr'><strong>causa</strong></span> <span class='ocrx_word' id='word_1_386' title='bbox 3261 2477 3346 2515; x_wconf 87' lang='lat' dir='ltr'><strong>re-</strong></span> 
     </span>
    </p>
   </div>
   <div class='ocr_carea' id='block_1_53' title="bbox 1765 2546 3348 2620">
    <p class='ocr_par' dir='ltr' id='par_1_53' title="bbox 1765 2546 3348 2620">
     <span class='ocr_line' id='line_1_53' title="bbox 1765 2546 3348 2620; baseline 0.004 -20"><span class='ocrx_word' id='word_1_387' title='bbox 1765 2546 2015 2603; x_wconf 86' lang='lat' dir='ltr'><strong>lellendis</strong></span> <span class='ocrx_word' id='word_1_388' title='bbox 2051 2558 2367 2603; x_wconf 89' lang='lat' dir='ltr'><strong>nostrorum</strong></span> <span class='ocrx_word' id='word_1_389' title='bbox 2400 2550 2739 2620; x_wconf 83' lang='lat' dir='ltr'><strong>argumentis</strong></span> <span class='ocrx_word' id='word_1_390' title='bbox 2776 2564 2808 2604; x_wconf 90' lang='lat' dir='ltr'><strong>a</strong></span> <span class='ocrx_word' id='word_1_391' title='bbox 2838 2558 3081 2605; x_wconf 85' lang='lat' dir='ltr'><strong>veterum</strong></span> <span class='ocrx_word' id='word_1_392' title='bbox 3107 2553 3348 2606; x_wconf 84' lang='lat' dir='ltr'><strong>auctori-</strong></span> 
     </span>
    </p>
   </div>
   <div class='ocr_carea' id='block_1_54' title="bbox 1767 2641 3345 2713">
    <p class='ocr_par' dir='ltr' id='par_1_54' title="bbox 1767 2641 3345 2713">
     <span class='ocr_line' id='line_1_54' title="bbox 1767 2641 3345 2713; baseline 0.003 -20"><span class='ocrx_word' id='word_1_393' title='bbox 1767 2648 1875 2693; x_wconf 88' lang='lat' dir='ltr'><strong>tate</strong></span> <span class='ocrx_word' id='word_1_394' title='bbox 1897 2641 2132 2710; x_wconf 88' lang='lat' dir='ltr'><strong>sumptis</strong></span> <span class='ocrx_word' id='word_1_395' title='bbox 2154 2642 2451 2706; x_wconf 78' lang='lat' dir='ltr'><strong>insudarit,</strong></span> <span class='ocrx_word' id='word_1_396' title='bbox 2483 2642 2530 2697; x_wconf 87' lang='lat' dir='ltr'><strong>si</strong></span> <span class='ocrx_word' id='word_1_397' title='bbox 2577 2643 2794 2713; x_wconf 90' lang='lat' dir='ltr'><strong>quoties</strong></span> <span class='ocrx_word' id='word_1_398' title='bbox 2821 2658 2884 2697; x_wconf 89' lang='lat' dir='ltr'><strong>ea</strong></span> <span class='ocrx_word' id='word_1_399' title='bbox 2908 2643 3244 2709; x_wconf 70' lang='lat' dir='ltr'><strong>afferuntur,</strong></span> <span class='ocrx_word' id='word_1_400' title='bbox 3277 2646 3345 2698; x_wconf 87' lang='lat' dir='ltr'><strong>ad</strong></span> 
     </span>
    </p>
   </div>
   <div class='ocr_carea' id='block_1_55' title="bbox 1765 2732 3345 2806">
    <p class='ocr_par' dir='ltr' id='par_1_55' title="bbox 1765 2732 3345 2806">
     <span class='ocr_line' id='line_1_55' title="bbox 1765 2732 3345 2806; baseline 0.002 -18"><span class='ocrx_word' id='word_1_401' title='bbox 1765 2732 1902 2788; x_wconf 89' lang='lat' dir='ltr'><strong>tales</strong></span> <span class='ocrx_word' id='word_1_402' title='bbox 1954 2733 2457 2789; x_wconf 88' lang='lat' dir='ltr'><strong>demonstrationes</strong></span> <span class='ocrx_word' id='word_1_403' title='bbox 2504 2744 2788 2802; x_wconf 88' lang='lat' dir='ltr'><strong>recurrat;</strong></span> <span class='ocrx_word' id='word_1_404' title='bbox 2835 2751 2960 2789; x_wconf 87' lang='lat' dir='ltr'><strong>cum</strong></span> <span class='ocrx_word' id='word_1_405' title='bbox 3014 2751 3122 2790; x_wconf 87' lang='lat' dir='ltr'><strong>una</strong></span> <span class='ocrx_word' id='word_1_406' title='bbox 3180 2751 3345 2806; x_wconf 81' lang='lat' dir='ltr'><strong>opera</strong></span> 
     </span>
    </p>
   </div>
   <div class='ocr_carea' id='block_1_56' title="bbox 1764 2825 3348 2895">
    <p class='ocr_par' dir='ltr' id='par_1_56' title="bbox 1764 2825 3348 2895">
     <span class='ocr_line' id='line_1_56' title="bbox 1764 2825 3348 2895; baseline 0.001 -16"><span class='ocrx_word' id='word_1_407' title='bbox 1764 2825 1948 2894; x_wconf 88' lang='lat' dir='ltr'><strong>potius</strong></span> <span class='ocrx_word' id='word_1_408' title='bbox 1969 2826 2155 2880; x_wconf 86' lang='lat' dir='ltr'><strong>omnia</strong></span> <span class='ocrx_word' id='word_1_409' title='bbox 2202 2826 2491 2895; x_wconf 87' lang='lat' dir='ltr'><strong>repudiare</strong></span> <span class='ocrx_word' id='word_1_410' title='bbox 2538 2825 2807 2881; x_wconf 88' lang='lat' dir='ltr'><strong>debuerit.</strong></span> <span class='ocrx_word' id='word_1_411' title='bbox 2843 2825 2951 2881; x_wconf 88' lang='lat' dir='ltr'><strong>Sed</strong></span> <span class='ocrx_word' id='word_1_412' title='bbox 2990 2841 3095 2882; x_wconf 88' lang='lat' dir='ltr'><strong>nos</strong></span> <span class='ocrx_word' id='word_1_413' title='bbox 3120 2827 3348 2883; x_wconf 89' lang='lat' dir='ltr'><strong>demon-</strong></span> 
     </span>
    </p>
   </div>
   <div class='ocr_carea' id='block_1_57' title="bbox 1765 2918 3372 2990">
    <p class='ocr_par' dir='ltr' id='par_1_57' title="bbox 1765 2918 3372 2990">
     <span class='ocr_line' id='line_1_57' title="bbox 1765 2918 3372 2990; baseline 0.002 -19"><span class='ocrx_word' id='word_1_414' title='bbox 1765 2918 2062 2972; x_wconf 84' lang='lat' dir='ltr'><strong>strationes</strong></span> <span class='ocrx_word' id='word_1_415' title='bbox 2106 2918 2227 2988; x_wconf 85' lang='lat' dir='ltr'><strong>ejus</strong></span> <span class='ocrx_word' id='word_1_416' title='bbox 2278 2933 2472 2973; x_wconf 87' lang='lat' dir='ltr'><strong>omnes</strong></span> <span class='ocrx_word' id='word_1_417' title='bbox 2492 2933 2632 2987; x_wconf 91' lang='lat' dir='ltr'><strong>quas</strong></span> <span class='ocrx_word' id='word_1_418' title='bbox 2659 2919 2864 2989; x_wconf 87' lang='lat' dir='ltr'><strong>ubique</strong></span> <span class='ocrx_word' id='word_1_419' title='bbox 2905 2920 3191 2990; x_wconf 76' lang='lat' dir='ltr'><strong>praedicat,</strong></span> <span class='ocrx_word' id='word_1_420' title='bbox 3220 2935 3372 2988; x_wconf 42' lang='lat' dir='ltr'><strong>pro-T</strong></span> 
     </span>
    </p>
   </div>
   <div class='ocr_carea' id='block_1_58' title="bbox 1766 3009 3367 3081">
    <p class='ocr_par' dir='ltr' id='par_1_58' title="bbox 1766 3009 3367 3081">
     <span class='ocr_line' id='line_1_58' title="bbox 1766 3009 3367 3081; baseline 0.003 -19"><span class='ocrx_word' id='word_1_421' title='bbox 1766 3011 1913 3063; x_wconf 80' lang='lat' dir='ltr'><strong>xima</strong></span> <span class='ocrx_word' id='word_1_422' title='bbox 1927 3010 2337 3073; x_wconf 87' lang='lat' dir='ltr'><strong>dissertatione,</strong></span> <span class='ocrx_word' id='word_1_423' title='bbox 2369 3009 2473 3064; x_wconf 90' lang='lat' dir='ltr'><strong>hoc</strong></span> <span class='ocrx_word' id='word_1_424' title='bbox 2496 3018 2601 3075; x_wconf 89' lang='lat' dir='ltr'><strong>est,</strong></span> <span class='ocrx_word' id='word_1_425' title='bbox 2622 3025 2725 3064; x_wconf 92' lang='lat' dir='ltr'><strong>suo</strong></span> <span class='ocrx_word' id='word_1_426' title='bbox 2749 3010 2891 3076; x_wconf 87' lang='lat' dir='ltr'><strong>loco,</strong></span> <span class='ocrx_word' id='word_1_427' title='bbox 2909 3010 3367 3081; x_wconf 30' lang='lat' dir='ltr'><strong>objectiunculas.</strong></span> 
     </span>
    </p>
   </div>
   <div class='ocr_carea' id='block_1_59' title="bbox 1765 3100 3349 3173">
    <p class='ocr_par' dir='ltr' id='par_1_59' title="bbox 1765 3100 3349 3173">
     <span class='ocr_line' id='line_1_59' title="bbox 1765 3100 3349 3173; baseline 0.001 -17"><span class='ocrx_word' id='word_1_428' title='bbox 1765 3109 1977 3156; x_wconf 90' lang='lat' dir='ltr'><strong>tantum</strong></span> <span class='ocrx_word' id='word_1_429' title='bbox 2028 3101 2298 3169; x_wconf 82' lang='lat' dir='ltr'><strong>inﬁrmas,</strong></span> <span class='ocrx_word' id='word_1_430' title='bbox 2352 3100 2773 3172; x_wconf 85' lang='lat' dir='ltr'><strong>levissimasque</strong></span> <span class='ocrx_word' id='word_1_431' title='bbox 2823 3102 3174 3173; x_wconf 75' lang='lat' dir='ltr'><strong>conjecturas</strong></span> <span class='ocrx_word' id='word_1_432' title='bbox 3223 3117 3349 3157; x_wconf 86' lang='lat' dir='ltr'><strong>esse</strong></span> 
     </span>
    </p>
   </div>
   <div class='ocr_carea' id='block_1_60' title="bbox 1766 3191 3350 3267">
    <p class='ocr_par' dir='ltr' id='par_1_60' title="bbox 1766 3191 3350 3267">
     <span class='ocr_line' id='line_1_60' title="bbox 1766 3191 3350 3267; baseline 0.001 -20"><span class='ocrx_word' id='word_1_433' title='bbox 1766 3194 2291 3260; x_wconf 83' lang='lat' dir='ltr'><strong>demonstrabimus,</strong></span> <span class='ocrx_word' id='word_1_434' title='bbox 2344 3204 2509 3263; x_wconf 90' lang='lat' dir='ltr'><strong>atque</strong></span> <span class='ocrx_word' id='word_1_435' title='bbox 2549 3195 2767 3250; x_wconf 88' lang='lat' dir='ltr'><strong>interim</strong></span> <span class='ocrx_word' id='word_1_436' title='bbox 2800 3194 2905 3250; x_wconf 88' lang='lat' dir='ltr'><strong>hoc</strong></span> <span class='ocrx_word' id='word_1_437' title='bbox 2958 3194 3140 3264; x_wconf 89' lang='lat' dir='ltr'><strong>ipsum</strong></span> <span class='ocrx_word' id='word_1_438' title='bbox 3187 3191 3350 3267; x_wconf 84' lang='lat' dir='ltr'><strong>Poly—</strong></span> 
     </span>
    </p>
   </div>
   <div class='ocr_carea' id='block_1_61' title="bbox 125 3263 3346 3355">
    <p class='ocr_par' dir='ltr' id='par_1_61' title="bbox 125 3263 3346 3355">
     <span class='ocr_line' id='line_1_61' title="bbox 125 3263 3346 3355; baseline 0.003 -25"><span class='ocrx_word' id='word_1_439' title='bbox 125 3278 175 3331; x_wconf 85' lang='lat' dir='ltr'><strong>ad</strong></span> <span class='ocrx_word' id='word_1_440' title='bbox 197 3278 550 3352; x_wconf 82' lang='lat' dir='ltr'><strong>Philippenses</strong></span> <span class='ocrx_word' id='word_1_441' title='bbox 598 3285 852 3354; x_wconf 64' lang='lat' dir='ltr'><strong>praeﬁxit,</strong></span> <span class='ocrx_word' id='word_1_442' title='bbox 905 3284 1168 3353; x_wconf 88' lang='lat' dir='ltr'><strong>scriptam</strong></span> <span class='ocrx_word' id='word_1_443' title='bbox 1196 3300 1319 3338; x_wconf 90' lang='lat' dir='ltr'><strong>eam</strong></span> <span class='ocrx_word' id='word_1_444' title='bbox 1367 3285 1541 3339; x_wconf 88' lang='lat' dir='ltr'><strong>voluit</strong></span> <span class='ocrx_word' id='word_1_445' title='bbox 1589 3286 1659 3339; x_wconf 91' lang='lat' dir='ltr'><strong>ab</strong></span> <span class='ocrx_word' id='word_1_446' title='bbox 1687 3263 1733 3326; x_wconf 67' lang='grc' dir='ltr'>ε</span> <span class='ocrx_word' id='word_1_447' title='bbox 1764 3286 1911 3355; x_wconf 87' lang='lat' dir='ltr'><strong>carpi</strong></span> <span class='ocrx_word' id='word_1_448' title='bbox 1940 3285 2314 3342; x_wconf 90' lang='lat' dir='ltr'><strong>testimonium</strong></span> <span class='ocrx_word' id='word_1_449' title='bbox 2371 3285 2754 3352; x_wconf 81' lang='lat' dir='ltr'><strong>defendemus,</strong></span> <span class='ocrx_word' id='word_1_450' title='bbox 2808 3294 2865 3343; x_wconf 85' lang='lat' dir='ltr'><strong>et</strong></span> <span class='ocrx_word' id='word_1_451' title='bbox 2911 3295 3069 3343; x_wconf 76' lang='lat' dir='ltr'><strong>extra</strong></span> <span class='ocrx_word' id='word_1_452' title='bbox 3125 3263 3346 3343; x_wconf 73' lang='lat' dir='ltr'><strong>omnem</strong></span> 
     </span>
    </p>
   </div>
   <div class='ocr_carea' id='block_1_62' title="bbox 126 3368 1662 3447">
    <p class='ocr_par' dir='ltr' id='par_1_62' title="bbox 126 3368 1662 3447">
     <span class='ocr_line' id='line_1_62' title="bbox 126 3368 1662 3447; baseline 0.007 -26"><span class='ocrx_word' id='word_1_453' title='bbox 126 3368 405 3439; x_wconf 80' lang='lat' dir='ltr'><strong>Epidamno.</strong></span> <span class='ocrx_word' id='word_1_454' title='bbox 457 3374 525 3430; x_wconf 89' lang='lat' dir='ltr'><strong>lli</strong></span> <span class='ocrx_word' id='word_1_455' title='bbox 573 3376 742 3447; x_wconf 80' lang='lat' dir='ltr'><strong>igitur</strong></span> <span class='ocrx_word' id='word_1_456' title='bbox 789 3375 1077 3446; x_wconf 85' lang='lat' dir='ltr'><strong>Philippos</strong></span> <span class='ocrx_word' id='word_1_457' title='bbox 1103 3376 1173 3430; x_wconf 82' lang='lat' dir='ltr'><strong>ab</strong></span> <span class='ocrx_word' id='word_1_458' title='bbox 1195 3374 1405 3445; x_wconf 87' lang='lat' dir='ltr'><strong>lgnatio</strong></span> <span class='ocrx_word' id='word_1_459' title='bbox 1456 3378 1662 3432; x_wconf 90' lang='lat' dir='ltr'><strong>reversi</strong></span> 
     </span>
    </p>
   </div>
   <div class='ocr_carea' id='block_1_63' title="bbox 125 3463 1665 3538">
    <p class='ocr_par' dir='ltr' id='par_1_63' title="bbox 125 3463 1665 3538">
     <span class='ocr_line' id='line_1_63' title="bbox 125 3463 1665 3538; baseline 0.007 -25"><span class='ocrx_word' id='word_1_460' title='bbox 125 3463 260 3516; x_wconf 86' lang='lat' dir='ltr'><strong>multa</strong></span> <span class='ocrx_word' id='word_1_461' title='bbox 285 3466 397 3522; x_wconf 90' lang='lat' dir='ltr'><strong>sine</strong></span> <span class='ocrx_word' id='word_1_462' title='bbox 423 3468 599 3522; x_wconf 91' lang='lat' dir='ltr'><strong>dubio</strong></span> <span class='ocrx_word' id='word_1_463' title='bbox 624 3469 691 3523; x_wconf 89' lang='lat' dir='ltr'><strong>de</strong></span> <span class='ocrx_word' id='word_1_464' title='bbox 728 3469 850 3538; x_wconf 90' lang='lat' dir='ltr'><strong>ipso</strong></span> <span class='ocrx_word' id='word_1_465' title='bbox 880 3469 1213 3535; x_wconf 86' lang='lat' dir='ltr'><strong>narrabant,</strong></span> <span class='ocrx_word' id='word_1_466' title='bbox 1250 3469 1421 3523; x_wconf 88' lang='lat' dir='ltr'><strong>multa</strong></span> <span class='ocrx_word' id='word_1_467' title='bbox 1455 3469 1523 3524; x_wconf 92' lang='lat' dir='ltr'><strong>de</strong></span> <span class='ocrx_word' id='word_1_468' title='bbox 1569 3484 1665 3524; x_wconf 54' lang='lat' dir='ltr'><strong>co-</strong></span> 
     </span>
    </p>
   </div>
   <div class='ocr_carea' id='block_1_64' title="bbox 126 3554 1665 3630">
    <p class='ocr_par' dir='ltr' id='par_1_64' title="bbox 126 3554 1665 3630">
     <span class='ocr_line' id='line_1_64' title="bbox 126 3554 1665 3630; baseline 0.008 -28"><span class='ocrx_word' id='word_1_469' title='bbox 126 3554 326 3623; x_wconf 81' lang='lat' dir='ltr'><strong>mitibus,</strong></span> <span class='ocrx_word' id='word_1_470' title='bbox 354 3575 475 3628; x_wconf 62' lang='lat' dir='ltr'><strong>quae</strong></span> <span class='ocrx_word' id='word_1_471' title='bbox 518 3559 581 3613; x_wconf 92' lang='lat' dir='ltr'><strong>S.</strong></span> <span class='ocrx_word' id='word_1_472' title='bbox 630 3557 995 3630; x_wconf 83' lang='lat' dir='ltr'><strong>Polycarpum</strong></span> <span class='ocrx_word' id='word_1_473' title='bbox 1049 3560 1120 3614; x_wconf 89' lang='lat' dir='ltr'><strong>ab</strong></span> <span class='ocrx_word' id='word_1_474' title='bbox 1168 3559 1304 3630; x_wconf 89' lang='lat' dir='ltr'><strong>ipsis</strong></span> <span class='ocrx_word' id='word_1_475' title='bbox 1348 3561 1540 3615; x_wconf 89' lang='lat' dir='ltr'><strong>audire</strong></span> <span class='ocrx_word' id='word_1_476' title='bbox 1565 3575 1665 3614; x_wconf 89' lang='lat' dir='ltr'><strong>vo-</strong></span> 
     </span>
    </p>
   </div>
   <div class='ocr_carea' id='block_1_65' title="bbox 125 3640 1667 3721">
    <p class='ocr_par' dir='ltr' id='par_1_65' title="bbox 125 3640 1667 3721">
     <span class='ocr_line' id='line_1_65' title="bbox 125 3640 1667 3721; baseline 0.01 -29"><span class='ocrx_word' id='word_1_477' title='bbox 125 3640 275 3712; x_wconf 85' lang='lat' dir='ltr'><strong>luisse,</strong></span> <span class='ocrx_word' id='word_1_478' title='bbox 310 3650 473 3704; x_wconf 88' lang='lat' dir='ltr'><strong>ctiam</strong></span> <span class='ocrx_word' id='word_1_479' title='bbox 528 3661 656 3720; x_wconf 87' lang='lat' dir='ltr'><strong>post</strong></span> <span class='ocrx_word' id='word_1_480' title='bbox 697 3651 1021 3721; x_wconf 80' lang='lat' dir='ltr'><strong>martyrium</strong></span> <span class='ocrx_word' id='word_1_481' title='bbox 1078 3650 1137 3705; x_wconf 88' lang='lat' dir='ltr'><strong>S.</strong></span> <span class='ocrx_word' id='word_1_482' title='bbox 1190 3650 1405 3721; x_wconf 87' lang='lat' dir='ltr'><strong>lgnatii,</strong></span> <span class='ocrx_word' id='word_1_483' title='bbox 1434 3667 1532 3721; x_wconf 88' lang='lat' dir='ltr'><strong>par</strong></span> <span class='ocrx_word' id='word_1_484' title='bbox 1580 3661 1667 3707; x_wconf 84' lang='lat' dir='ltr'><strong>est</strong></span> 
     </span>
    </p>
   </div>
   <div class='ocr_carea' id='block_1_66' title="bbox 124 3739 1660 3815">
    <p class='ocr_par' dir='ltr' id='par_1_66' title="bbox 124 3739 1660 3815">
     <span class='ocr_line' id='line_1_66' title="bbox 124 3739 1660 3815; baseline 0.005 -24"><span class='ocrx_word' id='word_1_485' title='bbox 124 3739 323 3794; x_wconf 80' lang='lat' dir='ltr'><strong>credere.</strong></span> <span class='ocrx_word' id='word_1_486' title='bbox 353 3742 613 3799; x_wconf 86' lang='lat' dir='ltr'><strong>Secundo</strong></span> <span class='ocrx_word' id='word_1_487' title='bbox 649 3743 842 3798; x_wconf 89' lang='lat' dir='ltr'><strong>audire</strong></span> <span class='ocrx_word' id='word_1_488' title='bbox 870 3753 1117 3814; x_wconf 79' lang='lat' dir='ltr'><strong>poterant</strong></span> <span class='ocrx_word' id='word_1_489' title='bbox 1140 3743 1521 3815; x_wconf 82' lang='lat' dir='ltr'><strong>Philippenses</strong></span> <span class='ocrx_word' id='word_1_490' title='bbox 1555 3745 1660 3798; x_wconf 81' lang='lat' dir='ltr'><strong>ali-</strong></span> 
     </span>
    </p>
   </div>
   <div class='ocr_carea' id='block_1_67' title="bbox 124 3828 1666 3905">
    <p class='ocr_par' dir='ltr' id='par_1_67' title="bbox 124 3828 1666 3905">
     <span class='ocr_line' id='line_1_67' title="bbox 124 3828 1666 3905; baseline 0.008 -28"><span class='ocrx_word' id='word_1_491' title='bbox 124 3828 225 3892; x_wconf 84' lang='lat' dir='ltr'><strong>quid</strong></span> <span class='ocrx_word' id='word_1_492' title='bbox 249 3830 308 3885; x_wconf 89' lang='lat' dir='ltr'><strong>de</strong></span> <span class='ocrx_word' id='word_1_493' title='bbox 334 3832 542 3904; x_wconf 86' lang='lat' dir='ltr'><strong>lgnatio</strong></span> <span class='ocrx_word' id='word_1_494' title='bbox 568 3843 810 3901; x_wconf 91' lang='lat' dir='ltr'><strong>mortuo,</strong></span> <span class='ocrx_word' id='word_1_495' title='bbox 844 3850 957 3889; x_wconf 90' lang='lat' dir='ltr'><strong>non</strong></span> <span class='ocrx_word' id='word_1_496' title='bbox 986 3836 1169 3890; x_wconf 90' lang='lat' dir='ltr'><strong>minus</strong></span> <span class='ocrx_word' id='word_1_497' title='bbox 1193 3850 1359 3905; x_wconf 90' lang='lat' dir='ltr'><strong>quam</strong></span> <span class='ocrx_word' id='word_1_498' title='bbox 1410 3835 1538 3889; x_wconf 90' lang='lat' dir='ltr'><strong>vivo</strong></span> <span class='ocrx_word' id='word_1_499' title='bbox 1564 3855 1578 3890; x_wconf 88' lang='lat'><strong>:</strong></span> <span class='ocrx_word' id='word_1_500' title='bbox 1607 3843 1666 3889; x_wconf 87' lang='lat' dir='ltr'><strong>et</strong></span> 
     </span>
    </p>
   </div>
   <div class='ocr_carea' id='block_1_68' title="bbox 123 3914 1663 3998">
    <p class='ocr_par' dir='ltr' id='par_1_68' title="bbox 123 3914 1663 3998">
     <span class='ocr_line' id='line_1_68' title="bbox 123 3914 1663 3998; baseline 0.005 -27"><span class='ocrx_word' id='word_1_501' title='bbox 123 3914 412 3993; x_wconf 74' lang='lat' dir='ltr'><strong>Polycarpus</strong></span> <span class='ocrx_word' id='word_1_502' title='bbox 445 3926 573 3981; x_wconf 88' lang='lat' dir='ltr'><strong>sine</strong></span> <span class='ocrx_word' id='word_1_503' title='bbox 613 3926 784 3981; x_wconf 86' lang='lat' dir='ltr'><strong>dubio</strong></span> <span class='ocrx_word' id='word_1_504' title='bbox 806 3927 949 3981; x_wconf 88' lang='lat' dir='ltr'><strong>scire</strong></span> <span class='ocrx_word' id='word_1_505' title='bbox 989 3926 1166 3998; x_wconf 88' lang='lat' dir='ltr'><strong>magis</strong></span> <span class='ocrx_word' id='word_1_506' title='bbox 1222 3926 1565 3996; x_wconf 80' lang='lat' dir='ltr'><strong>avebat&#39;quae</strong></span> <span class='ocrx_word' id='word_1_507' title='bbox 1590 3925 1663 3980; x_wconf 89' lang='lat' dir='ltr'><strong>ad</strong></span> 
     </span>
    </p>
   </div>
   <div class='ocr_carea' id='block_1_69' title="bbox 124 4015 1658 4087">
    <p class='ocr_par' dir='ltr' id='par_1_69' title="bbox 124 4015 1658 4087">
     <span class='ocr_line' id='line_1_69' title="bbox 124 4015 1658 4087; baseline 0.005 -24"><span class='ocrx_word' id='word_1_508' title='bbox 124 4022 333 4080; x_wconf 88' lang='lat' dir='ltr'><strong>mortem,</strong></span> <span class='ocrx_word' id='word_1_509' title='bbox 357 4031 523 4085; x_wconf 88' lang='lat' dir='ltr'><strong>quam</strong></span> <span class='ocrx_word' id='word_1_510' title='bbox 565 4031 692 4087; x_wconf 69' lang='lat' dir='ltr'><strong>qua:</strong></span> <span class='ocrx_word' id='word_1_511' title='bbox 723 4017 791 4071; x_wconf 92' lang='lat' dir='ltr'><strong>ad</strong></span> <span class='ocrx_word' id='word_1_512' title='bbox 823 4016 1042 4070; x_wconf 90' lang='lat' dir='ltr'><strong>vincula</strong></span> <span class='ocrx_word' id='word_1_513' title='bbox 1069 4015 1262 4085; x_wconf 82' lang='lat' dir='ltr'><strong>lgnatii</strong></span> <span class='ocrx_word' id='word_1_514' title='bbox 1291 4016 1658 4086; x_wconf 89' lang='lat' dir='ltr'><strong>pertinebant;</strong></span> 
     </span>
    </p>
   </div>
   <div class='ocr_carea' id='block_1_70' title="bbox 122 4108 1679 4179">
    <p class='ocr_par' dir='ltr' id='par_1_70' title="bbox 122 4108 1679 4179">
     <span class='ocr_line' id='line_1_70' title="bbox 122 4108 1679 4179; baseline 0.003 -21"><span class='ocrx_word' id='word_1_515' title='bbox 122 4116 249 4168; x_wconf 82' lang='lat' dir='ltr'><strong>quam</strong></span> <span class='ocrx_word' id='word_1_516' title='bbox 269 4109 521 4176; x_wconf 70' lang='lat' dir='ltr'><strong>praeclare</strong></span> <span class='ocrx_word' id='word_1_517' title='bbox 572 4125 634 4166; x_wconf 86' lang='lat' dir='ltr'><strong>se</strong></span> <span class='ocrx_word' id='word_1_518' title='bbox 661 4110 716 4163; x_wconf 91' lang='lat' dir='ltr'><strong>iu</strong></span> <span class='ocrx_word' id='word_1_519' title='bbox 749 4110 868 4179; x_wconf 88' lang='lat' dir='ltr'><strong>ipso</strong></span> <span class='ocrx_word' id='word_1_520' title='bbox 896 4108 1162 4179; x_wconf 81' lang='lat' dir='ltr'><strong>martyrio</strong></span> <span class='ocrx_word' id='word_1_521' title='bbox 1213 4108 1463 4179; x_wconf 84' lang='lat' dir='ltr'><strong>gesserit,</strong></span> <span class='ocrx_word' id='word_1_522' title='bbox 1491 4123 1679 4178; x_wconf 43' lang='lat' dir='ltr'><strong>quan:</strong></span> 
     </span>
    </p>
   </div>
   <div class='ocr_carea' id='block_1_71' title="bbox 123 4202 1663 4277">
    <p class='ocr_par' dir='ltr' id='par_1_71' title="bbox 123 4202 1663 4277">
     <span class='ocr_line' id='line_1_71' title="bbox 123 4202 1663 4277; baseline 0.003 -24"><span class='ocrx_word' id='word_1_523' title='bbox 123 4203 211 4253; x_wconf 84' lang='lat' dir='ltr'><strong>lum</strong></span> <span class='ocrx_word' id='word_1_524' title='bbox 232 4202 480 4261; x_wconf 84' lang='lat' dir='ltr'><strong>honorem</strong></span> <span class='ocrx_word' id='word_1_525' title='bbox 525 4205 861 4262; x_wconf 62' lang='lat' dir='ltr'><strong>Christiana:</strong></span> <span class='ocrx_word' id='word_1_526' title='bbox 909 4206 1162 4277; x_wconf 84' lang='lat' dir='ltr'><strong>religioni</strong></span> <span class='ocrx_word' id='word_1_527' title='bbox 1210 4205 1479 4269; x_wconf 87' lang='lat' dir='ltr'><strong>attulerit,</strong></span> <span class='ocrx_word' id='word_1_528' title='bbox 1527 4202 1663 4274; x_wconf 91' lang='lat' dir='ltr'><strong>quid</strong></span> 
     </span>
    </p>
   </div>
   <div class='ocr_carea' id='block_1_72' title="bbox 122 4294 1657 4370">
    <p class='ocr_par' dir='ltr' id='par_1_72' title="bbox 122 4294 1657 4370">
     <span class='ocr_line' id='line_1_72' title="bbox 122 4294 1657 4370; baseline 0.007 -29"><span class='ocrx_word' id='word_1_529' title='bbox 122 4294 310 4351; x_wconf 86' lang='lat' dir='ltr'><strong>comites</strong></span> <span class='ocrx_word' id='word_1_530' title='bbox 331 4299 377 4351; x_wconf 87' lang='lat' dir='ltr'><strong>ei</strong></span> <span class='ocrx_word' id='word_1_531' title='bbox 406 4299 463 4352; x_wconf 80' lang='lat' dir='ltr'><strong>in</strong></span> <span class='ocrx_word' id='word_1_532' title='bbox 517 4308 633 4354; x_wconf 89' lang='lat' dir='ltr'><strong>tam</strong></span> <span class='ocrx_word' id='word_1_533' title='bbox 666 4300 934 4370; x_wconf 66' lang='lat' dir='ltr'><strong>prmeipiti</strong></span> <span class='ocrx_word' id='word_1_534' title='bbox 981 4299 1226 4369; x_wconf 86' lang='lat' dir='ltr'><strong>periculo</strong></span> <span class='ocrx_word' id='word_1_535' title='bbox 1276 4298 1657 4368; x_wconf 59' lang='lat' dir='ltr'><strong>praestiterint.</strong></span> 
     </span>
    </p>
   </div>
   <div class='ocr_carea' id='block_1_73' title="bbox 121 4386 1661 4461">
    <p class='ocr_par' dir='ltr' id='par_1_73' title="bbox 121 4386 1661 4461">
     <span class='ocr_line' id='line_1_73' title="bbox 121 4386 1661 4461; baseline 0 -16"><span class='ocrx_word' id='word_1_536' title='bbox 121 4386 223 4451; x_wconf 78' lang='lat' dir='ltr'><strong>quid</strong></span> <span class='ocrx_word' id='word_1_537' title='bbox 248 4391 381 4458; x_wconf 82' lang='lat' dir='ltr'><strong>passi</strong></span> <span class='ocrx_word' id='word_1_538' title='bbox 430 4392 569 4456; x_wconf 89' lang='lat' dir='ltr'><strong>sint,</strong></span> <span class='ocrx_word' id='word_1_539' title='bbox 623 4400 721 4446; x_wconf 89' lang='lat' dir='ltr'><strong>aut</strong></span> <span class='ocrx_word' id='word_1_540' title='bbox 770 4390 1021 4457; x_wconf 79' lang='lat' dir='ltr'><strong>fecerint,</strong></span> <span class='ocrx_word' id='word_1_541' title='bbox 1049 4407 1119 4446; x_wconf 89' lang='lat' dir='ltr'><strong>an</strong></span> <span class='ocrx_word' id='word_1_542' title='bbox 1150 4391 1217 4446; x_wconf 91' lang='lat' dir='ltr'><strong>de</strong></span> <span class='ocrx_word' id='word_1_543' title='bbox 1242 4390 1493 4461; x_wconf 86' lang='lat' dir='ltr'><strong>reliquiis</strong></span> <span class='ocrx_word' id='word_1_544' title='bbox 1522 4390 1661 4445; x_wconf 83' lang='lat' dir='ltr'><strong>tanti</strong></span> 
     </span>
    </p>
   </div>
   <div class='ocr_carea' id='block_1_74' title="bbox 122 4482 1657 4554">
    <p class='ocr_par' dir='ltr' id='par_1_74' title="bbox 122 4482 1657 4554">
     <span class='ocr_line' id='line_1_74' title="bbox 122 4482 1657 4554; baseline 0.007 -27"><span class='ocrx_word' id='word_1_545' title='bbox 122 4482 332 4550; x_wconf 81' lang='lat' dir='ltr'><strong>martyris</strong></span> <span class='ocrx_word' id='word_1_546' title='bbox 353 4484 561 4554; x_wconf 88' lang='lat' dir='ltr'><strong>aliquid</strong></span> <span class='ocrx_word' id='word_1_547' title='bbox 590 4485 1066 4539; x_wconf 86' lang='lat' dir='ltr'><strong>conservaverint.</strong></span> <span class='ocrx_word' id='word_1_548' title='bbox 1116 4482 1234 4539; x_wconf 84' lang='lat' dir='ltr'><strong>Non</strong></span> <span class='ocrx_word' id='word_1_549' title='bbox 1264 4484 1414 4538; x_wconf 90' lang='lat' dir='ltr'><strong>enim</strong></span> <span class='ocrx_word' id='word_1_550' title='bbox 1444 4491 1657 4538; x_wconf 91' lang='lat' dir='ltr'><strong>tantum</strong></span> 
     </span>
    </p>
   </div>
   <div class='ocr_carea' id='block_1_75' title="bbox 1765 3377 2745 3448">
    <p class='ocr_par' dir='ltr' id='par_1_75' title="bbox 1765 3377 2745 3448">
     <span class='ocr_line' id='line_1_75' title="bbox 1765 3377 2745 3448; baseline 0 -15"><span class='ocrx_word' id='word_1_551' title='bbox 1765 3377 2219 3434; x_wconf 85' lang='lat' dir='ltr'><strong>contradictionis</strong></span> <span class='ocrx_word' id='word_1_552' title='bbox 2251 3379 2425 3434; x_wconf 88' lang='lat' dir='ltr'><strong>aleam</strong></span> <span class='ocrx_word' id='word_1_553' title='bbox 2451 3392 2745 3448; x_wconf 80' lang='lat' dir='ltr'><strong>ponemus.</strong></span> 
     </span>
    </p>
   </div>
   <div class='ocr_carea' id='block_1_76' title="bbox 1837 3468 3347 3541">
    <p class='ocr_par' dir='ltr' id='par_1_76' title="bbox 1837 3468 3347 3541">
     <span class='ocr_line' id='line_1_76' title="bbox 1837 3468 3347 3541; baseline -0.001 -18"><span class='ocrx_word' id='word_1_554' title='bbox 1837 3469 1979 3536; x_wconf 83' lang='lat' dir='ltr'><strong>Has,</strong></span> <span class='ocrx_word' id='word_1_555' title='bbox 2031 3471 2230 3539; x_wconf 86' lang='lat' dir='ltr'><strong>inquit,</strong></span> <span class='ocrx_word' id='word_1_556' title='bbox 2260 3472 2538 3540; x_wconf 81' lang='lat' dir='ltr'><strong>scripsisse</strong></span> <span class='ocrx_word' id='word_1_557' title='bbox 2576 3469 2843 3541; x_wconf 86' lang='lat' dir='ltr'><strong>Ignatium</strong></span> <span class='ocrx_word' id='word_1_558' title='bbox 2871 3486 2976 3523; x_wconf 87' lang='lat' dir='ltr'><strong>non</strong></span> <span class='ocrx_word' id='word_1_559' title='bbox 3016 3470 3147 3523; x_wconf 88' lang='lat' dir='ltr'><strong>dicit</strong></span> <span class='ocrx_word' id='word_1_560' title='bbox 3200 3468 3347 3523; x_wconf 78' lang='lat' dir='ltr'><strong>locus</strong></span> 
     </span>
    </p>
   </div>
   <div class='ocr_carea' id='block_1_77' title="bbox 1765 3562 3350 3633">
    <p class='ocr_par' dir='ltr' id='par_1_77' title="bbox 1765 3562 3350 3633">
     <span class='ocr_line' id='line_1_77' title="bbox 1765 3562 3350 3633; baseline -0.002 -15"><span class='ocrx_word' id='word_1_561' title='bbox 1765 3562 2019 3633; x_wconf 87' lang='lat' dir='ltr'><strong>objectus.</strong></span> <span class='ocrx_word' id='word_1_562' title='bbox 2052 3562 2193 3629; x_wconf 84' lang='lat' dir='ltr'><strong>Quid</strong></span> <span class='ocrx_word' id='word_1_563' title='bbox 2223 3564 2424 3633; x_wconf 86' lang='lat' dir='ltr'><strong>igitur?</strong></span> <span class='ocrx_word' id='word_1_564' title='bbox 2446 3578 2516 3617; x_wconf 86' lang='lat' dir='ltr'><strong>an</strong></span> <span class='ocrx_word' id='word_1_565' title='bbox 2552 3563 2736 3617; x_wconf 89' lang='lat' dir='ltr'><strong>minus</strong></span> <span class='ocrx_word' id='word_1_566' title='bbox 2774 3563 3031 3617; x_wconf 87' lang='lat' dir='ltr'><strong>idoneum</strong></span> <span class='ocrx_word' id='word_1_567' title='bbox 3065 3570 3149 3616; x_wconf 89' lang='lat' dir='ltr'><strong>est</strong></span> <span class='ocrx_word' id='word_1_568' title='bbox 3192 3562 3350 3616; x_wconf 88' lang='lat' dir='ltr'><strong>testi-</strong></span> 
     </span>
    </p>
   </div>
   <div class='ocr_carea' id='block_1_78' title="bbox 1764 3652 3351 3725">
    <p class='ocr_par' dir='ltr' id='par_1_78' title="bbox 1764 3652 3351 3725">
     <span class='ocr_line' id='line_1_78' title="bbox 1764 3652 3351 3725; baseline -0.004 -14"><span class='ocrx_word' id='word_1_569' title='bbox 1764 3657 2037 3722; x_wconf 89' lang='lat' dir='ltr'><strong>monium,</strong></span> <span class='ocrx_word' id='word_1_570' title='bbox 2067 3664 2164 3709; x_wconf 89' lang='lat' dir='ltr'><strong>aut</strong></span> <span class='ocrx_word' id='word_1_571' title='bbox 2199 3672 2268 3711; x_wconf 93' lang='lat' dir='ltr'><strong>eo</strong></span> <span class='ocrx_word' id='word_1_572' title='bbox 2298 3655 2522 3710; x_wconf 89' lang='lat' dir='ltr'><strong>nomine</strong></span> <span class='ocrx_word' id='word_1_573' title='bbox 2557 3654 2742 3709; x_wconf 85' lang='lat' dir='ltr'><strong>statim</strong></span> <span class='ocrx_word' id='word_1_574' title='bbox 2778 3654 3179 3725; x_wconf 83' lang='lat' dir='ltr'><strong>rejiciendum?</strong></span> <span class='ocrx_word' id='word_1_575' title='bbox 3211 3652 3351 3719; x_wconf 79' lang='lat' dir='ltr'><strong>Quis</strong></span> 
     </span>
    </p>
   </div>
   <div class='ocr_carea' id='block_1_79' title="bbox 1765 3745 3349 3816">
    <p class='ocr_par' dir='ltr' id='par_1_79' title="bbox 1765 3745 3349 3816">
     <span class='ocr_line' id='line_1_79' title="bbox 1765 3745 3349 3816; baseline -0.002 -15"><span class='ocrx_word' id='word_1_576' title='bbox 1765 3761 2007 3816; x_wconf 90' lang='lat' dir='ltr'><strong>unquam</strong></span> <span class='ocrx_word' id='word_1_577' title='bbox 2042 3758 2289 3802; x_wconf 89' lang='lat' dir='ltr'><strong>veterum</strong></span> <span class='ocrx_word' id='word_1_578' title='bbox 2336 3746 2475 3800; x_wconf 78' lang='lat' dir='ltr'><strong>dixit</strong></span> <span class='ocrx_word' id='word_1_579' title='bbox 2523 3760 2620 3801; x_wconf 89' lang='lat' dir='ltr'><strong>eos</strong></span> <span class='ocrx_word' id='word_1_580' title='bbox 2649 3745 2847 3816; x_wconf 87' lang='lat' dir='ltr'><strong>libros,</strong></span> <span class='ocrx_word' id='word_1_581' title='bbox 2871 3760 3013 3815; x_wconf 90' lang='lat' dir='ltr'><strong>quos</strong></span> <span class='ocrx_word' id='word_1_582' title='bbox 3066 3760 3215 3799; x_wconf 87' lang='lat' dir='ltr'><strong>nunc</strong></span> <span class='ocrx_word' id='word_1_583' title='bbox 3246 3745 3349 3798; x_wconf 70' lang='grc' dir='ltr'><strong>Ιη-</strong></span> 
     </span>
    </p>
   </div>
   <div class='ocr_carea' id='block_1_80' title="bbox 1763 3836 3352 3908">
    <p class='ocr_par' dir='ltr' id='par_1_80' title="bbox 1763 3836 3352 3908">
     <span class='ocr_line' id='line_1_80' title="bbox 1763 3836 3352 3908; baseline -0.004 -14"><span class='ocrx_word' id='word_1_584' title='bbox 1763 3838 1983 3906; x_wconf 87' lang='lat' dir='ltr'><strong>bemus,</strong></span> <span class='ocrx_word' id='word_1_585' title='bbox 2038 3838 2210 3895; x_wconf 81' lang='lat' dir='ltr'><strong>fuisse</strong></span> <span class='ocrx_word' id='word_1_586' title='bbox 2258 3839 2328 3893; x_wconf 90' lang='lat' dir='ltr'><strong>ab</strong></span> <span class='ocrx_word' id='word_1_587' title='bbox 2388 3838 2497 3894; x_wconf 90' lang='lat' dir='ltr'><strong>illis</strong></span> <span class='ocrx_word' id='word_1_588' title='bbox 2543 3837 2804 3908; x_wconf 84' lang='lat' dir='ltr'><strong>scriptos,</strong></span> <span class='ocrx_word' id='word_1_589' title='bbox 2840 3838 3044 3907; x_wconf 82' lang='lat' dir='ltr'><strong>quibus</strong></span> <span class='ocrx_word' id='word_1_590' title='bbox 3083 3837 3199 3907; x_wconf 86' lang='lat' dir='ltr'><strong>jam</strong></span> <span class='ocrx_word' id='word_1_591' title='bbox 3246 3836 3352 3891; x_wconf 81' lang='lat' dir='ltr'><strong>tri-</strong></span> 
     </span>
    </p>
   </div>
   <div class='ocr_carea' id='block_1_81' title="bbox 1763 3930 3351 4001">
    <p class='ocr_par' dir='ltr' id='par_1_81' title="bbox 1763 3930 3351 4001">
     <span class='ocr_line' id='line_1_81' title="bbox 1763 3930 3351 4001; baseline -0.001 -16"><span class='ocrx_word' id='word_1_592' title='bbox 1763 3930 2046 3986; x_wconf 87' lang='lat' dir='ltr'><strong>buuntur?</strong></span> <span class='ocrx_word' id='word_1_593' title='bbox 2070 3930 2153 3985; x_wconf 82' lang='lat' dir='ltr'><strong>An</strong></span> <span class='ocrx_word' id='word_1_594' title='bbox 2178 3946 2369 3986; x_wconf 90' lang='lat' dir='ltr'><strong>eorum</strong></span> <span class='ocrx_word' id='word_1_595' title='bbox 2404 3931 2698 4001; x_wconf 87' lang='lat' dir='ltr'><strong>quisquam</strong></span> <span class='ocrx_word' id='word_1_596' title='bbox 2733 3930 2873 3985; x_wconf 85' lang='lat' dir='ltr'><strong>vidit</strong></span> <span class='ocrx_word' id='word_1_597' title='bbox 2921 3940 3109 3985; x_wconf 89' lang='lat' dir='ltr'><strong>nostra</strong></span> <span class='ocrx_word' id='word_1_598' title='bbox 3163 3944 3351 3984; x_wconf 78' lang='lat' dir='ltr'><strong>exem-</strong></span> 
     </span>
    </p>
   </div>
   <div class='ocr_carea' id='block_1_82' title="bbox 1763 4020 3369 4092">
    <p class='ocr_par' dir='ltr' id='par_1_82' title="bbox 1763 4020 3369 4092">
     <span class='ocr_line' id='line_1_82' title="bbox 1763 4020 3369 4092; baseline -0.001 -16"><span class='ocrx_word' id='word_1_599' title='bbox 1763 4021 1973 4092; x_wconf 78' lang='lat' dir='ltr'><strong>plaria?</strong></span> <span class='ocrx_word' id='word_1_600' title='bbox 2028 4036 2098 4075; x_wconf 86' lang='lat' dir='ltr'><strong>an</strong></span> <span class='ocrx_word' id='word_1_601' title='bbox 2146 4022 2290 4076; x_wconf 86' lang='lat' dir='ltr'><strong>scire</strong></span> <span class='ocrx_word' id='word_1_602' title='bbox 2344 4021 2457 4076; x_wconf 92' lang='lat' dir='ltr'><strong>ullo</strong></span> <span class='ocrx_word' id='word_1_603' title='bbox 2492 4021 2659 4076; x_wconf 92' lang='lat' dir='ltr'><strong>modo</strong></span> <span class='ocrx_word' id='word_1_604' title='bbox 2689 4024 2901 4092; x_wconf 89' lang='lat' dir='ltr'><strong>potuit,</strong></span> <span class='ocrx_word' id='word_1_605' title='bbox 2956 4021 3089 4091; x_wconf 90' lang='lat' dir='ltr'><strong>quid</strong></span> <span class='ocrx_word' id='word_1_606' title='bbox 3118 4034 3220 4075; x_wconf 91' lang='lat' dir='ltr'><strong>nos</strong></span> <span class='ocrx_word' id='word_1_607' title='bbox 3246 4020 3369 4074; x_wconf 65' lang='lat' dir='ltr'><strong>hac,</strong></span> 
     </span>
    </p>
   </div>
   <div class='ocr_carea' id='block_1_83' title="bbox 1763 4110 3369 4183">
    <p class='ocr_par' dir='ltr' id='par_1_83' title="bbox 1763 4110 3369 4183">
     <span class='ocr_line' id='line_1_83' title="bbox 1763 4110 3369 4183; baseline -0.001 -15"><span class='ocrx_word' id='word_1_608' title='bbox 1763 4122 1921 4168; x_wconf 69' lang='lat' dir='ltr'><strong>aetate</strong></span> <span class='ocrx_word' id='word_1_609' title='bbox 1944 4114 2288 4183; x_wconf 75' lang='lat' dir='ltr'><strong>legeremus?</strong></span> <span class='ocrx_word' id='word_1_610' title='bbox 2334 4110 2391 4166; x_wconf 91' lang='lat' dir='ltr'><strong>Si</strong></span> <span class='ocrx_word' id='word_1_611' title='bbox 2444 4114 2527 4167; x_wconf 90' lang='lat' dir='ltr'><strong>sic</strong></span> <span class='ocrx_word' id='word_1_612' title='bbox 2551 4113 2780 4170; x_wconf 88' lang='lat' dir='ltr'><strong>criticen</strong></span> <span class='ocrx_word' id='word_1_613' title='bbox 2831 4127 3088 4168; x_wconf 82' lang='lat' dir='ltr'><strong>exercere</strong></span> <span class='ocrx_word' id='word_1_614' title='bbox 3115 4112 3369 4181; x_wconf 59' lang='grc' dir='ltr'><strong>βίασαι..</strong></span> 
     </span>
    </p>
   </div>
   <div class='ocr_carea' id='block_1_84' title="bbox 1763 4204 3363 4260">
    <p class='ocr_par' dir='ltr' id='par_1_84' title="bbox 1763 4204 3363 4260">
     <span class='ocr_line' id='line_1_84' title="bbox 1763 4204 3363 4260; baseline -0.001 -2"><span class='ocrx_word' id='word_1_615' title='bbox 1763 4205 2020 4260; x_wconf 87' lang='lat' dir='ltr'><strong>universa</strong></span> <span class='ocrx_word' id='word_1_616' title='bbox 2046 4215 2289 4259; x_wconf 88' lang='lat' dir='ltr'><strong>veterum</strong></span> <span class='ocrx_word' id='word_1_617' title='bbox 2316 4205 2627 4259; x_wconf 85' lang='lat' dir='ltr'><strong>testimonia</strong></span> <span class='ocrx_word' id='word_1_618' title='bbox 2651 4205 2929 4260; x_wconf 87' lang='lat' dir='ltr'><strong>incassum</strong></span> <span class='ocrx_word' id='word_1_619' title='bbox 2956 4204 3113 4260; x_wconf 87' lang='lat' dir='ltr'><strong>libris</strong></span> <span class='ocrx_word' id='word_1_620' title='bbox 3145 4204 3363 4259; x_wconf 82' lang='lat' dir='ltr'><strong>nostris</strong></span> 
     </span>
    </p>
   </div>
   <div class='ocr_carea' id='block_1_85' title="bbox 1763 4295 3365 4367">
    <p class='ocr_par' dir='ltr' id='par_1_85' title="bbox 1763 4295 3365 4367">
     <span class='ocr_line' id='line_1_85' title="bbox 1763 4295 3365 4367; baseline -0.004 -17"><span class='ocrx_word' id='word_1_621' title='bbox 1763 4295 2051 4353; x_wconf 86' lang='lat' dir='ltr'><strong>doctorum</strong></span> <span class='ocrx_word' id='word_1_622' title='bbox 2092 4297 2337 4352; x_wconf 88' lang='lat' dir='ltr'><strong>virorum</strong></span> <span class='ocrx_word' id='word_1_623' title='bbox 2390 4296 2663 4352; x_wconf 88' lang='lat' dir='ltr'><strong>industria</strong></span> <span class='ocrx_word' id='word_1_624' title='bbox 2691 4296 2965 4367; x_wconf 64' lang='lat' dir='ltr'><strong>praeﬁxit:</strong></span> <span class='ocrx_word' id='word_1_625' title='bbox 3015 4311 3139 4365; x_wconf 69' lang='lat' dir='ltr'><strong>qua:</strong></span> <span class='ocrx_word' id='word_1_626' title='bbox 3167 4297 3365 4365; x_wconf 34' lang='lat' dir='ltr'><strong>potius.</strong></span> 
     </span>
    </p>
   </div>
   <div class='ocr_carea' id='block_1_86' title="bbox 1763 4387 3350 4459">
    <p class='ocr_par' dir='ltr' id='par_1_86' title="bbox 1763 4387 3350 4459">
     <span class='ocr_line' id='line_1_86' title="bbox 1763 4387 3350 4459; baseline -0.002 -16"><span class='ocrx_word' id='word_1_627' title='bbox 1763 4389 1819 4443; x_wconf 89' lang='lat' dir='ltr'><strong>in</strong></span> <span class='ocrx_word' id='word_1_628' title='bbox 1846 4396 2128 4459; x_wconf 88' lang='lat' dir='ltr'><strong>posterum</strong></span> <span class='ocrx_word' id='word_1_629' title='bbox 2182 4389 2459 4445; x_wconf 89' lang='lat' dir='ltr'><strong>eradenda</strong></span> <span class='ocrx_word' id='word_1_630' title='bbox 2513 4390 2810 4455; x_wconf 89' lang='lat' dir='ltr'><strong>videntur;</strong></span> <span class='ocrx_word' id='word_1_631' title='bbox 2841 4388 2891 4443; x_wconf 81' lang='lat' dir='ltr'><strong>si</strong></span> <span class='ocrx_word' id='word_1_632' title='bbox 2917 4388 3065 4443; x_wconf 89' lang='lat' dir='ltr'><strong>enim</strong></span> <span class='ocrx_word' id='word_1_633' title='bbox 3110 4388 3223 4443; x_wconf 68' lang='lat' dir='ltr'><strong>haec</strong></span> <span class='ocrx_word' id='word_1_634' title='bbox 3250 4387 3350 4440; x_wconf 92' lang='lat' dir='ltr'><strong>ob-</strong></span> 
     </span>
    </p>
   </div>
   <div class='ocr_carea' id='block_1_87' title="bbox 1763 4478 3351 4548">
    <p class='ocr_par' dir='ltr' id='par_1_87' title="bbox 1763 4478 3351 4548">
     <span class='ocr_line' id='line_1_87' title="bbox 1763 4478 3351 4548; baseline -0.003 -14"><span class='ocrx_word' id='word_1_635' title='bbox 1763 4482 2002 4536; x_wconf 86' lang='lat' dir='ltr'><strong>servatio</strong></span> <span class='ocrx_word' id='word_1_636' title='bbox 2046 4482 2331 4548; x_wconf 89' lang='lat' dir='ltr'><strong>obtineat,</strong></span> <span class='ocrx_word' id='word_1_637' title='bbox 2389 4482 2546 4535; x_wconf 87' lang='lat' dir='ltr'><strong>nihili</strong></span> <span class='ocrx_word' id='word_1_638' title='bbox 2581 4492 2711 4536; x_wconf 91' lang='lat' dir='ltr'><strong>sunt</strong></span> <span class='ocrx_word' id='word_1_639' title='bbox 2742 4480 2953 4535; x_wconf 87' lang='lat' dir='ltr'><strong>omnia.</strong></span> <span class='ocrx_word' id='word_1_640' title='bbox 3010 4478 3183 4533; x_wconf 85' lang='lat' dir='ltr'><strong>Verba</strong></span> <span class='ocrx_word' id='word_1_641' title='bbox 3220 4485 3351 4532; x_wconf 87' lang='lat' dir='ltr'><strong>sunt</strong></span> 
     </span>
    </p>
   </div>
   <div class='ocr_carea' id='block_1_88' title="bbox 122 4564 3366 4662">
    <p class='ocr_par' dir='ltr' id='par_1_88' title="bbox 122 4564 3366 4662">
     <span class='ocr_line' id='line_1_88' title="bbox 122 4564 3366 4662; baseline 0.001 -46"><span class='ocrx_word' id='word_1_642' title='bbox 122 4564 170 4618; x_wconf 83' lang='lat' dir='ltr'><strong>de</strong></span> <span class='ocrx_word' id='word_1_643' title='bbox 190 4567 390 4641; x_wconf 77' lang='lat' dir='ltr'><strong>lgnatio,</strong></span> <span class='ocrx_word' id='word_1_644' title='bbox 433 4576 532 4630; x_wconf 88' lang='lat' dir='ltr'><strong>sed</strong></span> <span class='ocrx_word' id='word_1_645' title='bbox 597 4576 761 4631; x_wconf 88' lang='lat' dir='ltr'><strong>etiam</strong></span> <span class='ocrx_word' id='word_1_646' title='bbox 812 4576 881 4631; x_wconf 87' lang='lat' dir='ltr'><strong>de</strong></span> <span class='ocrx_word' id='word_1_647' title='bbox 928 4574 1160 4630; x_wconf 83' lang='lat' dir='ltr'><strong>Philone</strong></span> <span class='ocrx_word' id='word_1_648' title='bbox 1208 4582 1265 4629; x_wconf 85' lang='lat' dir='ltr'><strong>et</strong></span> <span class='ocrx_word' id='word_1_649' title='bbox 1300 4574 1659 4644; x_wconf 87' lang='lat' dir='ltr'><strong>Agathopode</strong></span> <span class='ocrx_word' id='word_1_650' title='bbox 1686 4602 1738 4662; x_wconf 68' lang='grc' dir='ltr'><strong>υ</strong></span> <span class='ocrx_word' id='word_1_651' title='bbox 1766 4569 1996 4625; x_wconf 70' lang='lat' dir='ltr'><strong>Dallazi:</strong></span> <span class='ocrx_word' id='word_1_652' title='bbox 2050 4571 2203 4637; x_wconf 83' lang='lat' dir='ltr'><strong>Quod</strong></span> <span class='ocrx_word' id='word_1_653' title='bbox 2233 4573 2374 4626; x_wconf 80' lang='lat' dir='ltr'><strong>enim</strong></span> <span class='ocrx_word' id='word_1_654' title='bbox 2399 4574 2581 4638; x_wconf 87' lang='lat' dir='ltr'><strong>aiunt,</strong></span> <span class='ocrx_word' id='word_1_655' title='bbox 2622 4570 2919 4641; x_wconf 84' lang='lat' dir='ltr'><strong>lgnatiana</strong></span> <span class='ocrx_word' id='word_1_656' title='bbox 2963 4570 3107 4639; x_wconf 80' lang='lat' dir='ltr'><strong>apud</strong></span> <span class='ocrx_word' id='word_1_657' title='bbox 3153 4580 3366 4622; x_wconf 79' lang='lat' dir='ltr'><strong>veteres</strong></span> 
     </span>
    </p>
   </div>
   <div class='ocr_carea' id='block_1_89' title="bbox 120 4663 1659 4738">
    <p class='ocr_par' dir='ltr' id='par_1_89' title="bbox 120 4663 1659 4738">
     <span class='ocr_line' id='line_1_89' title="bbox 120 4663 1659 4738; baseline 0.005 -26"><span class='ocrx_word' id='word_1_658' title='bbox 120 4663 360 4721; x_wconf 84' lang='lat' dir='ltr'><strong>comitibus</strong></span> <span class='ocrx_word' id='word_1_659' title='bbox 381 4668 505 4737; x_wconf 81' lang='lat' dir='ltr'><strong>ejus</strong></span> <span class='ocrx_word' id='word_1_660' title='bbox 537 4669 760 4737; x_wconf 69' lang='lat' dir='ltr'><strong>quaarit.</strong></span> <span class='ocrx_word' id='word_1_661' title='bbox 789 4666 977 4722; x_wconf 84' lang='lat' dir='ltr'><strong>Potuit</strong></span> <span class='ocrx_word' id='word_1_662' title='bbox 1007 4668 1171 4737; x_wconf 88' lang='lat' dir='ltr'><strong>igitur</strong></span> <span class='ocrx_word' id='word_1_663' title='bbox 1204 4666 1539 4738; x_wconf 86' lang='lat' dir='ltr'><strong>Polycarpus</strong></span> <span class='ocrx_word' id='word_1_664' title='bbox 1571 4667 1659 4720; x_wconf 90' lang='lat' dir='ltr'><strong>in-</strong></span> 
     </span>
    </p>
   </div>
   <div class='ocr_carea' id='block_1_90' title="bbox 123 4759 1659 4833">
    <p class='ocr_par' dir='ltr' id='par_1_90' title="bbox 123 4759 1659 4833">
     <span class='ocr_line' id='line_1_90' title="bbox 123 4759 1659 4833; baseline 0.004 -22"><span class='ocrx_word' id='word_1_665' title='bbox 123 4759 241 4812; x_wconf 81' lang='lat' dir='ltr'><strong>cendi</strong></span> <span class='ocrx_word' id='word_1_666' title='bbox 275 4764 448 4819; x_wconf 88' lang='lat' dir='ltr'><strong>studio</strong></span> <span class='ocrx_word' id='word_1_667' title='bbox 477 4763 740 4818; x_wconf 88' lang='lat' dir='ltr'><strong>audiendi</strong></span> <span class='ocrx_word' id='word_1_668' title='bbox 770 4763 978 4833; x_wconf 89' lang='lat' dir='ltr'><strong>aliquid</strong></span> <span class='ocrx_word' id='word_1_669' title='bbox 1004 4764 1072 4819; x_wconf 88' lang='lat' dir='ltr'><strong>de</strong></span> <span class='ocrx_word' id='word_1_670' title='bbox 1104 4762 1316 4833; x_wconf 85' lang='lat' dir='ltr'><strong>lgnatio</strong></span> <span class='ocrx_word' id='word_1_671' title='bbox 1340 4762 1484 4826; x_wconf 88' lang='lat' dir='ltr'><strong>vivo,</strong></span> <span class='ocrx_word' id='word_1_672' title='bbox 1510 4762 1659 4832; x_wconf 88' lang='lat' dir='ltr'><strong>quod</strong></span> 
     </span>
    </p>
   </div>
   <div class='ocr_carea' id='block_1_91' title="bbox 122 4851 1660 4925">
    <p class='ocr_par' dir='ltr' id='par_1_91' title="bbox 122 4851 1660 4925">
     <span class='ocr_line' id='line_1_91' title="bbox 122 4851 1660 4925; baseline 0.006 -26"><span class='ocrx_word' id='word_1_673' title='bbox 122 4851 315 4908; x_wconf 85' lang='lat' dir='ltr'><strong>nondum</strong></span> <span class='ocrx_word' id='word_1_674' title='bbox 344 4856 660 4922; x_wconf 86' lang='lat' dir='ltr'><strong>audiverat,</strong></span> <span class='ocrx_word' id='word_1_675' title='bbox 691 4856 818 4910; x_wconf 90' lang='lat' dir='ltr'><strong>licet</strong></span> <span class='ocrx_word' id='word_1_676' title='bbox 846 4871 973 4909; x_wconf 88' lang='lat' dir='ltr'><strong>eum</strong></span> <span class='ocrx_word' id='word_1_677' title='bbox 1008 4855 1122 4925; x_wconf 86' lang='lat' dir='ltr'><strong>jam</strong></span> <span class='ocrx_word' id='word_1_678' title='bbox 1168 4854 1489 4910; x_wconf 78' lang='lat' dir='ltr'><strong>defunctum</strong></span> <span class='ocrx_word' id='word_1_679' title='bbox 1537 4868 1660 4908; x_wconf 86' lang='lat' dir='ltr'><strong>esse</strong></span> 
     </span>
    </p>
   </div>
   <div class='ocr_carea' id='block_1_92' title="bbox 123 4943 1659 5017">
    <p class='ocr_par' dir='ltr' id='par_1_92' title="bbox 123 4943 1659 5017">
     <span class='ocr_line' id='line_1_92' title="bbox 123 4943 1659 5017; baseline 0.004 -24"><span class='ocrx_word' id='word_1_680' title='bbox 123 4953 200 4993; x_wconf 86' lang='lat' dir='ltr'><strong>non</strong></span> <span class='ocrx_word' id='word_1_681' title='bbox 221 4943 513 5014; x_wconf 87' lang='lat' dir='ltr'><strong>dubitaret;</strong></span> <span class='ocrx_word' id='word_1_682' title='bbox 547 4949 725 5017; x_wconf 90' lang='lat' dir='ltr'><strong>potuit</strong></span> <span class='ocrx_word' id='word_1_683' title='bbox 751 4948 985 5001; x_wconf 88' lang='lat' dir='ltr'><strong>aviditas</strong></span> <span class='ocrx_word' id='word_1_684' title='bbox 1009 4962 1136 5002; x_wconf 89' lang='lat' dir='ltr'><strong>eum</strong></span> <span class='ocrx_word' id='word_1_685' title='bbox 1169 4955 1351 5001; x_wconf 88' lang='lat' dir='ltr'><strong>tenere</strong></span> <span class='ocrx_word' id='word_1_686' title='bbox 1375 4947 1560 5016; x_wconf 88' lang='lat' dir='ltr'><strong>aliqua</strong></span> <span class='ocrx_word' id='word_1_687' title='bbox 1591 4946 1659 5000; x_wconf 90' lang='lat' dir='ltr'><strong>de</strong></span> 
     </span>
    </p>
   </div>
   <div class='ocr_carea' id='block_1_93' title="bbox 122 5028 1659 5111">
    <p class='ocr_par' dir='ltr' id='par_1_93' title="bbox 122 5028 1659 5111">
     <span class='ocr_line' id='line_1_93' title="bbox 122 5028 1659 5111; baseline 0.004 -24"><span class='ocrx_word' id='word_1_688' title='bbox 122 5028 210 5097; x_wconf 77' lang='lat' dir='ltr'><strong>ipso</strong></span> <span class='ocrx_word' id='word_1_689' title='bbox 234 5049 437 5095; x_wconf 86' lang='lat' dir='ltr'><strong>mortuo</strong></span> <span class='ocrx_word' id='word_1_690' title='bbox 468 5041 726 5109; x_wconf 89' lang='lat' dir='ltr'><strong>vivisque</strong></span> <span class='ocrx_word' id='word_1_691' title='bbox 780 5041 1077 5095; x_wconf 87' lang='lat' dir='ltr'><strong>comitibus</strong></span> <span class='ocrx_word' id='word_1_692' title='bbox 1125 5039 1486 5111; x_wconf 84' lang='lat' dir='ltr'><strong>intelligendi,</strong></span> <span class='ocrx_word' id='word_1_693' title='bbox 1536 5054 1659 5109; x_wconf 64' lang='lat' dir='ltr'><strong>quas</strong></span> 
     </span>
    </p>
   </div>
   <div class='ocr_carea' id='block_1_94' title="bbox 121 5126 1659 5205">
    <p class='ocr_par' dir='ltr' id='par_1_94' title="bbox 121 5126 1659 5205">
     <span class='ocr_line' id='line_1_94' title="bbox 121 5126 1659 5205; baseline -0.002 -16"><span class='ocrx_word' id='word_1_694' title='bbox 121 5126 236 5188; x_wconf 76' lang='lat' dir='ltr'><strong>Prius</strong></span> <span class='ocrx_word' id='word_1_695' title='bbox 280 5132 342 5186; x_wconf 88' lang='lat' dir='ltr'><strong>ad</strong></span> <span class='ocrx_word' id='word_1_696' title='bbox 403 5134 791 5205; x_wconf 87' lang='lat' dir='ltr'><strong>Philippenses</strong></span> <span class='ocrx_word' id='word_1_697' title='bbox 846 5135 901 5188; x_wconf 92' lang='lat' dir='ltr'><strong>in</strong></span> <span class='ocrx_word' id='word_1_698' title='bbox 957 5133 1319 5201; x_wconf 81' lang='lat' dir='ltr'><strong>Macedonia,</strong></span> <span class='ocrx_word' id='word_1_699' title='bbox 1368 5148 1536 5203; x_wconf 89' lang='lat' dir='ltr'><strong>quam</strong></span> <span class='ocrx_word' id='word_1_700' title='bbox 1587 5134 1659 5187; x_wconf 87' lang='lat' dir='ltr'><strong>ad</strong></span> 
     </span>
    </p>
   </div>
   <div class='ocr_carea' id='block_1_95' title="bbox 122 5213 1660 5295">
    <p class='ocr_par' dir='ltr' id='par_1_95' title="bbox 122 5213 1660 5295">
     <span class='ocr_line' id='line_1_95' title="bbox 122 5213 1660 5295; baseline -0.001 -16"><span class='ocrx_word' id='word_1_701' title='bbox 122 5213 426 5289; x_wconf 70' lang='lat' dir='ltr'><strong>Smyrnenses</strong></span> <span class='ocrx_word' id='word_1_702' title='bbox 452 5226 509 5281; x_wconf 90' lang='lat' dir='ltr'><strong>in</strong></span> <span class='ocrx_word' id='word_1_703' title='bbox 564 5225 696 5280; x_wconf 86' lang='lat' dir='ltr'><strong>Asia</strong></span> <span class='ocrx_word' id='word_1_704' title='bbox 752 5226 1041 5295; x_wconf 88' lang='lat' dir='ltr'><strong>pervenire</strong></span> <span class='ocrx_word' id='word_1_705' title='bbox 1067 5234 1311 5295; x_wconf 87' lang='lat' dir='ltr'><strong>possent.</strong></span> <span class='ocrx_word' id='word_1_706' title='bbox 1365 5223 1487 5280; x_wconf 84' lang='lat' dir='ltr'><strong>Non</strong></span> <span class='ocrx_word' id='word_1_707' title='bbox 1528 5232 1660 5279; x_wconf 88' lang='lat' dir='ltr'><strong>sunt</strong></span> 
     </span>
    </p>
   </div>
   <div class='ocr_carea' id='block_1_96' title="bbox 121 5302 1657 5385">
    <p class='ocr_par' dir='ltr' id='par_1_96' title="bbox 121 5302 1657 5385">
     <span class='ocr_line' id='line_1_96' title="bbox 121 5302 1657 5385; baseline -0.004 -9"><span class='ocrx_word' id='word_1_708' title='bbox 121 5302 374 5376; x_wconf 61' lang='lat' dir='ltr'><strong>i{Itur-haec</strong></span> <span class='ocrx_word' id='word_1_709' title='bbox 409 5320 701 5375; x_wconf 86' lang='lat' dir='ltr'><strong>deeadem</strong></span> <span class='ocrx_word' id='word_1_710' title='bbox 756 5336 814 5374; x_wconf 91' lang='lat' dir='ltr'><strong>re</strong></span> <span class='ocrx_word' id='word_1_711' title='bbox 854 5318 1230 5385; x_wconf 86' lang='lat' dir='ltr'><strong>dissentanea,</strong></span> <span class='ocrx_word' id='word_1_712' title='bbox 1273 5318 1427 5373; x_wconf 89' lang='lat' dir='ltr'><strong>nulla</strong></span> <span class='ocrx_word' id='word_1_713' title='bbox 1466 5318 1521 5371; x_wconf 90' lang='lat' dir='ltr'><strong>in</strong></span> <span class='ocrx_word' id='word_1_714' title='bbox 1569 5317 1657 5371; x_wconf 89' lang='lat' dir='ltr'><strong>his</strong></span> 
     </span>
    </p>
   </div>
   <div class='ocr_carea' id='block_1_97' title="bbox 119 5404 1656 5481">
    <p class='ocr_par' dir='ltr' id='par_1_97' title="bbox 119 5404 1656 5481">
     <span class='ocr_line' id='line_1_97' title="bbox 119 5404 1656 5481; baseline 0.004 -26"><span class='ocrx_word' id='word_1_715' title='bbox 119 5404 258 5461; x_wconf 73' lang='lat' dir='ltr'><strong>verbis</strong></span> <span class='ocrx_word' id='word_1_716' title='bbox 296 5413 661 5467; x_wconf 88' lang='lat' dir='ltr'><strong>contrarietas</strong></span> <span class='ocrx_word' id='word_1_717' title='bbox 709 5421 805 5466; x_wconf 88' lang='lat' dir='ltr'><strong>aut</strong></span> <span class='ocrx_word' id='word_1_718' title='bbox 856 5410 1241 5481; x_wconf 87' lang='lat' dir='ltr'><strong>repugnantia.</strong></span> <span class='ocrx_word' id='word_1_719' title='bbox 1286 5409 1469 5477; x_wconf 86' lang='lat' dir='ltr'><strong>Quare</strong></span> <span class='ocrx_word' id='word_1_720' title='bbox 1519 5408 1656 5464; x_wconf 84' lang='lat' dir='ltr'><strong>satis</strong></span> 
     </span>
    </p>
   </div>
   <div class='ocr_carea' id='block_1_98' title="bbox 119 5498 1653 5575">
    <p class='ocr_par' dir='ltr' id='par_1_98' title="bbox 119 5498 1653 5575">
     <span class='ocr_line' id='line_1_98' title="bbox 119 5498 1653 5575; baseline 0.005 -28"><span class='ocrx_word' id='word_1_721' title='bbox 119 5498 359 5557; x_wconf 73' lang='lat' dir='ltr'><strong>mnifesto</strong></span> <span class='ocrx_word' id='word_1_722' title='bbox 413 5522 518 5561; x_wconf 88' lang='lat' dir='ltr'><strong>nos</strong></span> <span class='ocrx_word' id='word_1_723' title='bbox 570 5514 875 5559; x_wconf 78' lang='lat' dir='ltr'><strong>extremam</strong></span> <span class='ocrx_word' id='word_1_724' title='bbox 930 5504 1257 5575; x_wconf 85' lang='lat' dir='ltr'><strong>particulam</strong></span> <span class='ocrx_word' id='word_1_725' title='bbox 1299 5520 1331 5557; x_wconf 93' lang='lat' dir='ltr'><strong>a</strong></span> <span class='ocrx_word' id='word_1_726' title='bbox 1376 5502 1653 5557; x_wconf 90' lang='lat' dir='ltr'><strong>mendacii</strong></span> 
     </span>
    </p>
   </div>
   <div class='ocr_carea' id='block_1_99' title="bbox 119 5588 1656 5666">
    <p class='ocr_par' dir='ltr' id='par_1_99' title="bbox 119 5588 1656 5666">
     <span class='ocr_line' id='line_1_99' title="bbox 119 5588 1656 5666; baseline 0.006 -25"><span class='ocrx_word' id='word_1_727' title='bbox 119 5588 298 5648; x_wconf 67' lang='lat' dir='ltr'><strong>uimine</strong></span> <span class='ocrx_word' id='word_1_728' title='bbox 324 5596 714 5663; x_wconf 85' lang='lat' dir='ltr'><strong>liberavimus;</strong></span> <span class='ocrx_word' id='word_1_729' title='bbox 754 5614 882 5653; x_wconf 89' lang='lat' dir='ltr'><strong>eum</strong></span> <span class='ocrx_word' id='word_1_730' title='bbox 944 5606 1152 5662; x_wconf 90' lang='lat' dir='ltr'><strong>autem,</strong></span> <span class='ocrx_word' id='word_1_731' title='bbox 1176 5596 1273 5666; x_wconf 89' lang='lat' dir='ltr'><strong>qui</strong></span> <span class='ocrx_word' id='word_1_732' title='bbox 1305 5604 1417 5649; x_wconf 87' lang='lat' dir='ltr'><strong>tam</strong></span> <span class='ocrx_word' id='word_1_733' title='bbox 1447 5596 1656 5650; x_wconf 90' lang='lat' dir='ltr'><strong>diserte</strong></span> 
     </span>
    </p>
   </div>
   <div class='ocr_carea' id='block_1_100' title="bbox 121 5681 1653 5759">
    <p class='ocr_par' dir='ltr' id='par_1_100' title="bbox 121 5681 1653 5759">
     <span class='ocr_line' id='line_1_100' title="bbox 121 5681 1653 5759; baseline 0.007 -31"><span class='ocrx_word' id='word_1_734' title='bbox 121 5681 425 5740; x_wconf 74' lang='lat' dir='ltr'><strong>testimonium</strong></span> <span class='ocrx_word' id='word_1_735' title='bbox 455 5688 750 5759; x_wconf 85' lang='lat' dir='ltr'><strong>Polycarpi</strong></span> <span class='ocrx_word' id='word_1_736' title='bbox 796 5688 1073 5743; x_wconf 81' lang='lat' dir='ltr'><strong>mendacio</strong></span> <span class='ocrx_word' id='word_1_737' title='bbox 1117 5688 1444 5758; x_wconf 85' lang='lat' dir='ltr'><strong>inspersum,</strong></span> <span class='ocrx_word' id='word_1_738' title='bbox 1494 5698 1542 5740; x_wconf 92' lang='lat' dir='ltr'><strong>et</strong></span> <span class='ocrx_word' id='word_1_739' title='bbox 1570 5687 1653 5739; x_wconf 83' lang='lat' dir='ltr'><strong>lo-</strong></span> 
     </span>
    </p>
   </div>
   <div class='ocr_carea' id='block_1_101' title="bbox 120 5775 1651 5855">
    <p class='ocr_par' dir='ltr' id='par_1_101' title="bbox 120 5775 1651 5855">
     <span class='ocr_line' id='line_1_101' title="bbox 120 5775 1651 5855; baseline 0.008 -33"><span class='ocrx_word' id='word_1_740' title='bbox 120 5782 206 5826; x_wconf 75' lang='lat' dir='ltr'><strong>:ut</strong></span> <span class='ocrx_word' id='word_1_741' title='bbox 223 5775 398 5849; x_wconf 82' lang='lat' dir='ltr'><strong>insigni</strong></span> <span class='ocrx_word' id='word_1_742' title='bbox 416 5783 696 5838; x_wconf 82' lang='lat' dir='ltr'><strong>mendacio</strong></span> <span class='ocrx_word' id='word_1_743' title='bbox 720 5783 1009 5855; x_wconf 79' lang='lat' dir='ltr'><strong>deformem</strong></span> <span class='ocrx_word' id='word_1_744' title='bbox 1032 5781 1192 5851; x_wconf 82' lang='lat' dir='ltr'><strong>dixit,</strong></span> <span class='ocrx_word' id='word_1_745' title='bbox 1221 5781 1316 5838; x_wconf 90' lang='lat' dir='ltr'><strong>alii</strong></span> <span class='ocrx_word' id='word_1_746' title='bbox 1339 5781 1435 5853; x_wconf 88' lang='lat' dir='ltr'><strong>qui</strong></span> <span class='ocrx_word' id='word_1_747' title='bbox 1458 5780 1651 5836; x_wconf 89' lang='lat' dir='ltr'><strong>volunt</strong></span> 
     </span>
    </p>
   </div>
   <div class='ocr_carea' id='block_1_102' title="bbox 120 5871 693 5942">
    <p class='ocr_par' dir='ltr' id='par_1_102' title="bbox 120 5871 693 5942">
     <span class='ocr_line' id='line_1_102' title="bbox 120 5871 693 5942; baseline 0.016 -19"><span class='ocrx_word' id='word_1_748' title='bbox 120 5871 158 5915; x_wconf 74' lang='grc' dir='ltr'><strong>ει</strong></span> <span class='ocrx_word' id='word_1_749' title='bbox 176 5880 397 5942; x_wconf 65' lang='lat' dir='ltr'><strong>possunt,</strong></span> <span class='ocrx_word' id='word_1_750' title='bbox 415 5876 693 5934; x_wconf 86' lang='lat' dir='ltr'><strong>liberem.</strong></span> 
     </span>
    </p>
   </div>
   <div class='ocr_carea' id='block_1_103' title="bbox 1762 4658 3349 4731">
    <p class='ocr_par' dir='ltr' id='par_1_103' title="bbox 1762 4658 3349 4731">
     <span class='ocr_line' id='line_1_103' title="bbox 1762 4658 3349 4731; baseline -0.001 -17"><span class='ocrx_word' id='word_1_751' title='bbox 1762 4661 1832 4715; x_wconf 90' lang='lat' dir='ltr'><strong>ab</strong></span> <span class='ocrx_word' id='word_1_752' title='bbox 1856 4662 2009 4716; x_wconf 91' lang='lat' dir='ltr'><strong>omni</strong></span> <span class='ocrx_word' id='word_1_753' title='bbox 2038 4678 2156 4716; x_wconf 66' lang='lat' dir='ltr'><strong>aevo</strong></span> <span class='ocrx_word' id='word_1_754' title='bbox 2186 4660 2379 4715; x_wconf 88' lang='lat' dir='ltr'><strong>Patres</strong></span> <span class='ocrx_word' id='word_1_755' title='bbox 2417 4662 2538 4731; x_wconf 85' lang='lat' dir='ltr'><strong>pari</strong></span> <span class='ocrx_word' id='word_1_756' title='bbox 2589 4677 2708 4715; x_wconf 84' lang='lat' dir='ltr'><strong>cum</strong></span> <span class='ocrx_word' id='word_1_757' title='bbox 2758 4660 3047 4715; x_wconf 84' lang='lat' dir='ltr'><strong>Clementis</strong></span> <span class='ocrx_word' id='word_1_758' title='bbox 3082 4670 3133 4714; x_wconf 88' lang='lat' dir='ltr'><strong>et</strong></span> <span class='ocrx_word' id='word_1_759' title='bbox 3182 4658 3349 4728; x_wconf 42' lang='lat' dir='ltr'><strong>Poly:</strong></span> 
     </span>
    </p>
   </div>
   <div class='ocr_carea' id='block_1_104' title="bbox 1764 4753 3367 4827">
    <p class='ocr_par' dir='ltr' id='par_1_104' title="bbox 1764 4753 3367 4827">
     <span class='ocr_line' id='line_1_104' title="bbox 1764 4753 3367 4827; baseline -0.006 -14"><span class='ocrx_word' id='word_1_760' title='bbox 1764 4759 1911 4827; x_wconf 87' lang='lat' dir='ltr'><strong>carpi</strong></span> <span class='ocrx_word' id='word_1_761' title='bbox 1956 4756 2197 4827; x_wconf 86' lang='lat' dir='ltr'><strong>epistolis</strong></span> <span class='ocrx_word' id='word_1_762' title='bbox 2252 4755 2559 4810; x_wconf 83' lang='lat' dir='ltr'><strong>reverentia</strong></span> <span class='ocrx_word' id='word_1_763' title='bbox 2606 4770 2823 4823; x_wconf 89' lang='lat' dir='ltr'><strong>semper</strong></span> <span class='ocrx_word' id='word_1_764' title='bbox 2863 4754 3050 4824; x_wconf 89' lang='lat' dir='ltr'><strong>fuisse,</strong></span> <span class='ocrx_word' id='word_1_765' title='bbox 3095 4753 3151 4807; x_wconf 91' lang='lat' dir='ltr'><strong>id</strong></span> <span class='ocrx_word' id='word_1_766' title='bbox 3183 4753 3367 4815; x_wconf 70' lang='lat' dir='ltr'><strong>miror;</strong></span> 
     </span>
    </p>
   </div>
   <div class='ocr_carea' id='block_1_105' title="bbox 1761 4846 3364 4919">
    <p class='ocr_par' dir='ltr' id='par_1_105' title="bbox 1761 4846 3364 4919">
     <span class='ocr_line' id='line_1_105' title="bbox 1761 4846 3364 4919; baseline -0.001 -15"><span class='ocrx_word' id='word_1_767' title='bbox 1761 4853 1831 4905; x_wconf 88' lang='lat' dir='ltr'><strong>iis</strong></span> <span class='ocrx_word' id='word_1_768' title='bbox 1866 4851 2126 4905; x_wconf 74' lang='lat' dir='ltr'><strong>excidisse</strong></span> <span class='ocrx_word' id='word_1_769' title='bbox 2160 4850 2251 4919; x_wconf 85' lang='lat' dir='ltr'><strong>qui</strong></span> <span class='ocrx_word' id='word_1_770' title='bbox 2302 4848 2463 4919; x_wconf 82' lang='lat' dir='ltr'><strong>probe</strong></span> <span class='ocrx_word' id='word_1_771' title='bbox 2501 4849 2712 4914; x_wconf 83' lang='lat' dir='ltr'><strong>sciunt,</strong></span> <span class='ocrx_word' id='word_1_772' title='bbox 2754 4857 3036 4916; x_wconf 86' lang='lat' dir='ltr'><strong>utramque</strong></span> <span class='ocrx_word' id='word_1_773' title='bbox 3077 4847 3214 4900; x_wconf 87' lang='lat' dir='ltr'><strong>hanc</strong></span> <span class='ocrx_word' id='word_1_774' title='bbox 3239 4846 3364 4914; x_wconf 63' lang='grc' dir='ltr'><strong>δρᾶ-ο.</strong></span> 
     </span>
    </p>
   </div>
   <div class='ocr_carea' id='block_1_106' title="bbox 1759 4940 3366 5013">
    <p class='ocr_par' dir='ltr' id='par_1_106' title="bbox 1759 4940 3366 5013">
     <span class='ocr_line' id='line_1_106' title="bbox 1759 4940 3366 5013; baseline -0.003 -13"><span class='ocrx_word' id='word_1_775' title='bbox 1759 4948 1954 5000; x_wconf 86' lang='lat' dir='ltr'><strong>stolam</strong></span> <span class='ocrx_word' id='word_1_776' title='bbox 1984 4945 2048 4997; x_wconf 91' lang='lat' dir='ltr'><strong>ab</strong></span> <span class='ocrx_word' id='word_1_777' title='bbox 2076 4943 2282 4998; x_wconf 72' lang='lat' dir='ltr'><strong>Irenwo</strong></span> <span class='ocrx_word' id='word_1_778' title='bbox 2305 4942 2511 5013; x_wconf 87' lang='lat' dir='ltr'><strong>magnis</strong></span> <span class='ocrx_word' id='word_1_779' title='bbox 2534 4940 2783 4995; x_wconf 83' lang='lat' dir='ltr'><strong>laudibus</strong></span> <span class='ocrx_word' id='word_1_780' title='bbox 2814 4940 3135 4996; x_wconf 84' lang='lat' dir='ltr'><strong>celebratam</strong></span> <span class='ocrx_word' id='word_1_781' title='bbox 3159 4941 3366 5009; x_wconf 75' lang='lat' dir='ltr'><strong>fuisse,</strong></span> 
     </span>
    </p>
   </div>
   <div class='ocr_carea' id='block_1_107' title="bbox 1761 5030 3365 5105">
    <p class='ocr_par' dir='ltr' id='par_1_107' title="bbox 1761 5030 3365 5105">
     <span class='ocr_line' id='line_1_107' title="bbox 1761 5030 3365 5105; baseline -0.007 -12"><span class='ocrx_word' id='word_1_782' title='bbox 1761 5051 1813 5093; x_wconf 86' lang='lat' dir='ltr'><strong>et</strong></span> <span class='ocrx_word' id='word_1_783' title='bbox 1863 5037 2250 5093; x_wconf 82' lang='lat' dir='ltr'><strong>Clementinam</strong></span> <span class='ocrx_word' id='word_1_784' title='bbox 2280 5035 2491 5105; x_wconf 85' lang='lat' dir='ltr'><strong>proprie</strong></span> <span class='ocrx_word' id='word_1_785' title='bbox 2541 5052 2574 5087; x_wconf 93' lang='lat' dir='ltr'><strong>a</strong></span> <span class='ocrx_word' id='word_1_786' title='bbox 2624 5033 2885 5102; x_wconf 80' lang='lat' dir='ltr'><strong>Dionysio</strong></span> <span class='ocrx_word' id='word_1_787' title='bbox 2921 5030 3365 5087; x_wconf 81' lang='lat' dir='ltr'><strong>Corinthiolau-.</strong></span> 
     </span>
    </p>
   </div>
   <div class='ocr_carea' id='block_1_108' title="bbox 1707 5120 3348 5197">
    <p class='ocr_par' dir='ltr' id='par_1_108' title="bbox 1707 5120 3348 5197">
     <span class='ocr_line' id='line_1_108' title="bbox 1707 5120 3348 5197; baseline -0.007 -13"><span class='ocrx_word' id='word_1_788' title='bbox 1707 5166 1727 5185; x_wconf 81' lang='lat'><strong>._</strong></span> <span class='ocrx_word' id='word_1_789' title='bbox 1760 5132 1967 5184; x_wconf 87' lang='lat' dir='ltr'><strong>datam.</strong></span> <span class='ocrx_word' id='word_1_790' title='bbox 2021 5127 2129 5183; x_wconf 87' lang='lat' dir='ltr'><strong>Sed</strong></span> <span class='ocrx_word' id='word_1_791' title='bbox 2180 5141 2352 5197; x_wconf 80' lang='lat' dir='ltr'><strong>quare</strong></span> <span class='ocrx_word' id='word_1_792' title='bbox 2385 5128 2617 5180; x_wconf 86' lang='lat' dir='ltr'><strong>miretur</strong></span> <span class='ocrx_word' id='word_1_793' title='bbox 2662 5139 2771 5183; x_wconf 90' lang='lat' dir='ltr'><strong>non</strong></span> <span class='ocrx_word' id='word_1_794' title='bbox 2798 5124 2981 5188; x_wconf 91' lang='lat' dir='ltr'><strong>video,</strong></span> <span class='ocrx_word' id='word_1_795' title='bbox 3020 5137 3147 5177; x_wconf 91' lang='lat' dir='ltr'><strong>cum</strong></span> <span class='ocrx_word' id='word_1_796' title='bbox 3179 5120 3348 5188; x_wconf 77' lang='lat' dir='ltr'><strong>probe</strong></span> 
     </span>
    </p>
   </div>
   <div class='ocr_carea' id='block_1_109' title="bbox 1760 5209 3364 5287">
    <p class='ocr_par' dir='ltr' id='par_1_109' title="bbox 1760 5209 3364 5287">
     <span class='ocr_line' id='line_1_109' title="bbox 1760 5209 3364 5287; baseline -0.009 -10"><span class='ocrx_word' id='word_1_797' title='bbox 1760 5222 1924 5287; x_wconf 89' lang='lat' dir='ltr'><strong>sciat,</strong></span> <span class='ocrx_word' id='word_1_798' title='bbox 1952 5234 2054 5274; x_wconf 88' lang='lat' dir='ltr'><strong>nec</strong></span> <span class='ocrx_word' id='word_1_799' title='bbox 2078 5218 2139 5272; x_wconf 89' lang='lat' dir='ltr'><strong>S.</strong></span> <span class='ocrx_word' id='word_1_800' title='bbox 2166 5218 2431 5271; x_wconf 54' lang='lat' dir='ltr'><strong>Irenaeum</strong></span> <span class='ocrx_word' id='word_1_801' title='bbox 2466 5216 2610 5269; x_wconf 88' lang='lat' dir='ltr'><strong>hanc</strong></span> <span class='ocrx_word' id='word_1_802' title='bbox 2629 5212 2941 5284; x_wconf 84' lang='lat' dir='ltr'><strong>Polycarpi,</strong></span> <span class='ocrx_word' id='word_1_803' title='bbox 2979 5222 3073 5264; x_wconf 84' lang='lat' dir='ltr'><strong>aut</strong></span> <span class='ocrx_word' id='word_1_804' title='bbox 3101 5209 3364 5267; x_wconf 59' lang='lat' dir='ltr'><strong>(Reman--</strong></span> 
     </span>
    </p>
   </div>
   <div class='ocr_carea' id='block_1_110' title="bbox 1760 5299 3349 5380">
    <p class='ocr_par' dir='ltr' id='par_1_110' title="bbox 1760 5299 3349 5380">
     <span class='ocr_line' id='line_1_110' title="bbox 1760 5299 3349 5380; baseline -0.008 -14"><span class='ocrx_word' id='word_1_805' title='bbox 1760 5314 1850 5376; x_wconf 89' lang='lat' dir='ltr'><strong>tis,</strong></span> <span class='ocrx_word' id='word_1_806' title='bbox 1881 5325 1983 5365; x_wconf 87' lang='lat' dir='ltr'><strong>nec</strong></span> <span class='ocrx_word' id='word_1_807' title='bbox 2012 5308 2334 5380; x_wconf 88' lang='lat' dir='ltr'><strong>Dionysium</strong></span> <span class='ocrx_word' id='word_1_808' title='bbox 2366 5307 2509 5361; x_wconf 86' lang='lat' dir='ltr'><strong>hanc</strong></span> <span class='ocrx_word' id='word_1_809' title='bbox 2556 5305 2616 5360; x_wconf 85' lang='grc'><strong>8.</strong></span> <span class='ocrx_word' id='word_1_810' title='bbox 2663 5303 2965 5359; x_wconf 87' lang='lat' dir='ltr'><strong>Clementis</strong></span> <span class='ocrx_word' id='word_1_811' title='bbox 2986 5300 3204 5370; x_wconf 84' lang='lat' dir='ltr'><strong>proprie</strong></span> <span class='ocrx_word' id='word_1_812' title='bbox 3226 5299 3349 5355; x_wconf 82' lang='lat' dir='ltr'><strong>lau-</strong></span> 
     </span>
    </p>
   </div>
   <div class='ocr_carea' id='block_1_111' title="bbox 1758 5388 3345 5461">
    <p class='ocr_par' dir='ltr' id='par_1_111' title="bbox 1758 5388 3345 5461">
     <span class='ocr_line' id='line_1_111' title="bbox 1758 5388 3345 5461; baseline -0.008 -2"><span class='ocrx_word' id='word_1_813' title='bbox 1758 5404 1937 5459; x_wconf 85' lang='lat' dir='ltr'><strong>dasse.</strong></span> <span class='ocrx_word' id='word_1_814' title='bbox 2004 5401 2065 5456; x_wconf 89' lang='lat' dir='ltr'><strong>S.</strong></span> <span class='ocrx_word' id='word_1_815' title='bbox 2113 5400 2303 5455; x_wconf 79' lang='lat' dir='ltr'><strong>lremei</strong></span> <span class='ocrx_word' id='word_1_816' title='bbox 2356 5400 2520 5453; x_wconf 85' lang='lat' dir='ltr'><strong>verba</strong></span> <span class='ocrx_word' id='word_1_817' title='bbox 2552 5406 2721 5453; x_wconf 89' lang='lat' dir='ltr'><strong>sunt:</strong></span> <span class='ocrx_word' id='word_1_818' title='bbox 2757 5393 2864 5448; x_wconf 82' lang='lat' dir='ltr'><strong>Sub</strong></span> <span class='ocrx_word' id='word_1_819' title='bbox 2901 5392 2997 5445; x_wconf 81' lang='lat' dir='ltr'><strong>hoc</strong></span> <span class='ocrx_word' id='word_1_820' title='bbox 3031 5390 3199 5461; x_wconf 85' lang='lat' dir='ltr'><strong>igitur</strong></span> <span class='ocrx_word' id='word_1_821' title='bbox 3228 5388 3345 5451; x_wconf 64' lang='lat' dir='ltr'><strong>Cie:</strong></span> 
     </span>
    </p>
   </div>
   <div class='ocr_carea' id='block_1_112' title="bbox 1761 5484 3355 5563">
    <p class='ocr_par' dir='ltr' id='par_1_112' title="bbox 1761 5484 3355 5563">
     <span class='ocr_line' id='line_1_112' title="bbox 1761 5484 3355 5563; baseline -0.009 -12"><span class='ocrx_word' id='word_1_822' title='bbox 1761 5496 2296 5563; x_wconf 85' lang='lat' dir='ltr'><strong>mente,dissensione</strong></span> <span class='ocrx_word' id='word_1_823' title='bbox 2321 5510 2426 5546; x_wconf 76' lang='lat' dir='ltr'><strong>non</strong></span> <span class='ocrx_word' id='word_1_824' title='bbox 2451 5492 2661 5545; x_wconf 86' lang='lat' dir='ltr'><strong>modica</strong></span> <span class='ocrx_word' id='word_1_825' title='bbox 2693 5491 2833 5542; x_wconf 85' lang='lat' dir='ltr'><strong>inter</strong></span> <span class='ocrx_word' id='word_1_826' title='bbox 2863 5503 2957 5540; x_wconf 88' lang='lat' dir='ltr'><strong>eos</strong></span> <span class='ocrx_word' id='word_1_827' title='bbox 2984 5484 3355 5557; x_wconf 70' lang='lat' dir='ltr'><strong>quiCorintltt</strong></span> 
     </span>
    </p>
   </div>
   <div class='ocr_carea' id='block_1_113' title="bbox 1757 5576 3346 5657">
    <p class='ocr_par' dir='ltr' id='par_1_113' title="bbox 1757 5576 3346 5657">
     <span class='ocr_line' id='line_1_113' title="bbox 1757 5576 3346 5657; baseline -0.006 -15"><span class='ocrx_word' id='word_1_828' title='bbox 1757 5600 1926 5645; x_wconf 84' lang='lat' dir='ltr'><strong>essent</strong></span> <span class='ocrx_word' id='word_1_829' title='bbox 1960 5589 2154 5657; x_wconf 76' lang='lat' dir='ltr'><strong>fratres</strong></span> <span class='ocrx_word' id='word_1_830' title='bbox 2182 5587 2352 5657; x_wconf 85' lang='lat' dir='ltr'><strong>facta,</strong></span> <span class='ocrx_word' id='word_1_831' title='bbox 2383 5585 2598 5652; x_wconf 87' lang='lat' dir='ltr'><strong>scripsit</strong></span> <span class='ocrx_word' id='word_1_832' title='bbox 2627 5595 2746 5650; x_wconf 66' lang='lat' dir='ltr'><strong>qua:</strong></span> <span class='ocrx_word' id='word_1_833' title='bbox 2776 5589 2855 5635; x_wconf 82' lang='lat' dir='ltr'><strong>est</strong></span> <span class='ocrx_word' id='word_1_834' title='bbox 2888 5576 3346 5633; x_wconf 78' lang='lat' dir='ltr'><strong>RontteEcclesia</strong></span> 
     </span>
    </p>
   </div>
   <div class='ocr_carea' id='block_1_114' title="bbox 1757 5671 3345 5753">
    <p class='ocr_par' dir='ltr' id='par_1_114' title="bbox 1757 5671 3345 5753">
     <span class='ocr_line' id='line_1_114' title="bbox 1757 5671 3345 5753; baseline -0.008 -16"><span class='ocrx_word' id='word_1_835' title='bbox 1757 5683 2150 5753; x_wconf 85' lang='lat' dir='ltr'><strong>potentissimas</strong></span> <span class='ocrx_word' id='word_1_836' title='bbox 2210 5682 2419 5734; x_wconf 87' lang='lat' dir='ltr'><strong>litteras</strong></span> <span class='ocrx_word' id='word_1_837' title='bbox 2478 5675 2799 5732; x_wconf 84' lang='lat' dir='ltr'><strong>Corinthiis.</strong></span> <span class='ocrx_word' id='word_1_838' title='bbox 2855 5671 2978 5728; x_wconf 85' lang='lat' dir='ltr'><strong>Non</strong></span> <span class='ocrx_word' id='word_1_839' title='bbox 3032 5671 3167 5727; x_wconf 87' lang='lat' dir='ltr'><strong>dicit</strong></span> <span class='ocrx_word' id='word_1_840' title='bbox 3204 5672 3345 5726; x_wconf 78' lang='lat' dir='ltr'><strong>bant.</strong></span> 
     </span>
    </p>
   </div>
   <div class='ocr_carea' id='block_1_115' title="bbox 1756 5764 3345 5847">
    <p class='ocr_par' dir='ltr' id='par_1_115' title="bbox 1756 5764 3345 5847">
     <span class='ocr_line' id='line_1_115' title="bbox 1756 5764 3345 5847; baseline -0.01 -15"><span class='ocrx_word' id='word_1_841' title='bbox 1756 5776 2069 5847; x_wconf 81' lang='lat' dir='ltr'><strong>epistolam,</strong></span> <span class='ocrx_word' id='word_1_842' title='bbox 2107 5790 2297 5845; x_wconf 79' lang='lat' dir='ltr'><strong>quam</strong></span> <span class='ocrx_word' id='word_1_843' title='bbox 2354 5786 2501 5826; x_wconf 89' lang='lat' dir='ltr'><strong>nunc</strong></span> <span class='ocrx_word' id='word_1_844' title='bbox 2563 5770 2853 5835; x_wconf 87' lang='lat' dir='ltr'><strong>habemus,</strong></span> <span class='ocrx_word' id='word_1_845' title='bbox 2903 5767 2972 5822; x_wconf 88' lang='lat' dir='ltr'><strong>ad</strong></span> <span class='ocrx_word' id='word_1_846' title='bbox 3029 5764 3345 5820; x_wconf 77' lang='lat' dir='ltr'><strong>Corinthios</strong></span> 
     </span>
    </p>
   </div>
   <div class='ocr_carea' id='block_1_116' title="bbox 1759 5854 3344 5939">
    <p class='ocr_par' dir='ltr' id='par_1_116' title="bbox 1759 5854 3344 5939">
     <span class='ocr_line' id='line_1_116' title="bbox 1759 5854 3344 5939; baseline -0.014 -13"><span class='ocrx_word' id='word_1_847' title='bbox 1759 5880 1889 5929; x_wconf 87' lang='lat' dir='ltr'><strong>tunc</strong></span> <span class='ocrx_word' id='word_1_848' title='bbox 1916 5867 2088 5925; x_wconf 79' lang='lat' dir='ltr'><strong>fuisse</strong></span> <span class='ocrx_word' id='word_1_849' title='bbox 2118 5866 2414 5939; x_wconf 87' lang='lat' dir='ltr'><strong>scriptam;</strong></span> <span class='ocrx_word' id='word_1_850' title='bbox 2464 5878 2575 5919; x_wconf 88' lang='lat' dir='ltr'><strong>non</strong></span> <span class='ocrx_word' id='word_1_851' title='bbox 2617 5859 2860 5918; x_wconf 79' lang='lat' dir='ltr'><strong>afﬁrmat</strong></span> <span class='ocrx_word' id='word_1_852' title='bbox 2884 5860 3048 5922; x_wconf 85' lang='lat' dir='ltr'><strong>hanc,</strong></span> <span class='ocrx_word' id='word_1_853' title='bbox 3081 5871 3147 5911; x_wconf 84' lang='lat' dir='ltr'><strong>ne</strong></span> <span class='ocrx_word' id='word_1_854' title='bbox 3179 5854 3344 5908; x_wconf 82' lang='lat' dir='ltr'><strong>ullam</strong></span> 
     </span>
    </p>
   </div>
  </div>
