3814 6198
383 319 485 375 N3

1432 312 1487 365 S.
1524 308 1874 368 lCNATlUS.
1917 337 1985 346 -—
2024 304 2557 363 PROLEGOMENA.
3548 301 3639 355 ΗΛ

380 440 599 512 quidem
627 453 659 493 a
708 438 989 493 Clemente
1020 434 1190 491 fuisse
1220 442 1526 490 exaratam.
1564 434 1637 486 De
1674 429 1957 502 Polycarpi
1992 436 2033 488 Α
2065 429 2326 497 probatus
2371 430 2462 494 sit,
2495 437 2553 481 ut
2605 426 2990 490 Antiochense,
3028 423 3081 477 id
3110 435 3193 479 est
3222 423 3477 479 omnium
3526 438 3642 491 quse

379 528 611 600 epistola
644 528 761 583 hate
791 528 991 583 habet:
1049 526 1147 580 Est
1204 536 1383 580 autem
1427 536 1475 579 et
1523 524 1747 594 epistola
1794 523 1959 591 Poly-

379 623 527 693 carpi
551 622 622 676 ad
653 618 1015 691 Philippense:
1069 621 1270 690 scripta
1323 618 1730 688 perfectissima,
1762 631 1826 671 ea:
1854 632 1960 685 qua

379 715 742 768 characterem
789 712 915 782 ﬁdei
970 710 1116 780 ejus,
1143 720 1193 764 et
1224 709 1658 779 prardicationem
1699 707 1959 771 veritatis,

377 805 469 868 qui
498 803 703 870 uolunt,
743 813 791 859 et
833 819 1018 857 curam
1071 800 1263 855 habent
1293 816 1404 855 sua:
1456 799 1651 854 salutis
1675 837 1690 862 ,
1743 810 1961 865 possunt

377 901 604 957 discere.
635 899 753 955 Non
789 898 1023 954 allirmat
1049 897 1298 951 eamdem
1320 895 1607 967 epistolam
1633 909 1753 949 eam
1792 892 1963 949 fuisse

379 1010 502 1064 qua:
530 1009 679 1049 nunc
725 1000 927 1052 exstat,
965 992 1077 1045 imo
1128 990 1338 1044 nullum
1397 989 1769 1044 characterem
1799 986 1965 1042 tradit

382 1086 511 1139 huic
544 1084 900 1155 peculiarem.
934 1082 1009 1136 De
1037 1081 1337 1136 Clementis
1381 1080 1613 1150 epistola
1668 1078 1962 1150 Dionysius

378 1176 795 1231 Corinthiorum
821 1174 1135 1244 episcopus,
1164 1174 1231 1228 ad
1264 1172 1511 1228 Son-rem
1543 1171 1729 1226 Roma:
1749 1172 1963 1239 episco-

379 1284 508 1338 pum
548 1268 663 1323 haec
704 1266 934 1321 scribit:
975 1264 1151 1319 Hodie
1202 1282 1413 1319 sacrum
1438 1264 1578 1319 diem
1628 1264 1963 1317 Dominicum

381 1361 776 1431 transegimus,
830 1358 885 1411 in
936 1374 1039 1428 quo
1101 1358 1383 1427 epistolam
1437 1370 1665 1412 vestram
1716 1356 1960 1426 legimus,

378 1469 539 1523 quam
566 1452 779 1522 quidem
833 1460 1080 1523 perpetuo
1103 1450 1350 1519 deinceps
1381 1449 1606 1520 legentes
1645 1447 1861 1517 perinde
1901 1464 1965 1502 ac

377 1562 612 1615 priorem
660 1545 811 1599 illam
856 1545 1002 1598 nobis
1062 1560 1095 1597 ιι
1146 1542 1412 1597 Clemente
1464 1542 1723 1603 scriptam
1771 1540 1967 1608 episto-

377 1637 525 1701 lam,
568 1638 782 1705 aptimis
828 1637 1107 1706 prteceptis
1162 1652 1225 1688 ac
1290 1634 1623 1688 documentis
1668 1631 1966 1686 abundabi-

377 1747 520 1784 mus.
552 1729 747 1786 Tradit
791 1730 1013 1799 quidem
1044 1738 1099 1784 et
1132 1729 1223 1783 ille
1276 1727 1568 1797 epistolam
1605 1725 1899 1795 quamdam
1931 1740 1962 1779 a

2069 521 2210 589 apud
2235 530 2422 590 gentes
2470 528 2631 575 erant
2686 518 3056 574 Ecclesiarnm
3103 515 3531 585 antiquissimae,
3582 512 3643 567 ad

2070 613 2203 678 haec,
2233 614 2306 669 ob
2361 613 2600 668 civitatis
2655 612 2709 666 in
2760 610 2967 667 saeculo
3020 609 3441 679 amplitudinem
3489 615 3641 675 atque

2067 706 2464 776 praestantiam,
2494 704 2871 768 nobilissimae,
2916 702 3117 773 praefici
3172 702 3461 756 meruerit.
3509 698 3642 767 Quid

2065 798 2187 868 ejus
2222 807 2510 867 postremo
2556 796 2879 867 martyrium
2934 794 3139 861 dicam,
3167 809 3277 865 quo
3324 808 3492 863 opere
3518 792 3643 847 nihil

2068 903 2309 958 unquam
2341 888 2487 958 apud
2544 897 2762 942 nostros
2793 886 3150 942 excellentius
3187 894 3284 940 aut
3328 884 3646 955 praeclarius

2067 981 2316 1036 habitum
2372 978 2542 1035 fuisse
2593 979 2837 1036 scimus?
2888 978 3063 1049 Hujus
3085 993 3217 1048 ergo
3244 977 3382 1032 tanti
3438 991 3505 1030 ac
3532 976 3647 1030 talis

2066 1073 2191 1139 viri,
2221 1072 2275 1127 in
2300 1088 2412 1144 quo
2435 1087 2651 1129 summa
2694 1071 2879 1127 omnia
2910 1079 3090 1135 erant,
3142 1070 3189 1125 si
3240 1069 3364 1123 alia:
3396 1067 3644 1133 fuissent,

2065 1183 2232 1239 quam
2267 1183 2393 1238 quae
2423 1183 2569 1222 nunc
2612 1166 3080 1222 circumferuntur
3128 1166 3397 1237 epistola),
3424 1165 3646 1234 casiam

2067 1258 2136 1314 ab
2158 1258 2268 1313 illis
2294 1256 2654 1327 temporibus,
2684 1256 3008 1325 saeculisque
3028 1254 3273 1324 proxime
3294 1254 3649 1323 sequentibus

2065 1350 2451 1411 celeberrimas
2480 1350 2651 1406 fuisse
2679 1364 2906 1405 necesse
2956 1357 3062 1409 est.
3110 1357 3166 1402 et
3215 1357 3345 1418 post
3375 1347 3648 1417 apostolo-

2067 1460 2190 1499 rum
2221 1445 2466 1513 ipsorum
2507 1453 2563 1498 et
2614 1442 2916 1499 Clementis
2976 1440 3023 1496 si
3072 1440 3211 1497 forte
3260 1441 3470 1511 scripta
3498 1440 3649 1507 longe

2067 1536 2467 1594 nobilissimas.
2520 1538 2626 1592 Sed
2674 1552 2769 1592 eas
2828 1544 3026 1607 praeter
3088 1534 3333 1590 auctoris
3373 1533 3647 1597 meritum,

2067 1630 2248 1701 ipsum
2305 1630 2532 1700 insuper
2583 1637 2823 1699 tempus,
2874 1645 2987 1699 quo
3016 1628 3157 1683 datar-
3204 1643 3327 1682 esse
3371 1627 3646 1689 dicuntur,

2066 1737 2232 1793 supra
2264 1723 2488 1777 modum
2524 1722 2817 1777 nobilitare.
2837 1721 3047 1776 debuit.
3082 1720 3264 1775 lnnnit
3292 1720 3443 1775 enim
3492 1718 3648 1790 Poly—

375 1819 665 1877 Clemente
685 1821 754 1876 ad
776 1821 1099 1876 Corinthios
1138 1820 1401 1889 scriptam
1452 1817 1646 1884 fuisse,
1678 1826 1733 1871 et
1760 1818 1814 1872 in
1860 1816 1954 1871 Ec-
1994 1814 2037 1872 Β
2064 1831 2263 1885 corpus
2286 1816 2355 1871 ab
2379 1814 2591 1885 lgnatio
2622 1814 2677 1867 in
2712 1814 3008 1883 supremis,
3064 1813 3115 1866 in
3152 1812 3399 1884 martyrii
3427 1813 3650 1867 medita-

375 1912 543 1967 clesia
573 1913 768 1968 lectam
799 1930 812 1967 :
861 1928 971 1967 non
998 1913 1130 1968 dicit
1156 1912 1316 1971 hanc,
1344 1926 1510 1981 quam
1545 1908 1744 1965 Junius
1771 1926 1837 1964 ex
1873 1926 1965 1964 co-

375 2006 497 2062 dice
523 2006 695 2078 Regio
724 2008 1051 2078 descripsit,
1085 2022 1205 2061 eam
1266 2004 1476 2060 fuisse:
1519 2006 1629 2060 imo
1655 2003 1836 2074 qualis
1875 2002 1965 2056 illa

377 2099 544 2155 fuerit
577 2116 744 2171 quam
799 2100 1073 2155 Corinthii
1132 2098 1403 2167 legebant,
1446 2097 1598 2151 nullo
1658 2095 1825 2149 modo
1866 2094 1965 2149 de-

375 2189 573 2261 pingit,
599 2199 662 2244 ut
693 2200 937 2243 nostram
969 2189 1034 2243 ad
1062 2189 1215 2242 illius
1243 2187 1619 2243 characterem
1649 2185 1969 2240 examinare

375 2295 688 2352 possemus.
723 2278 790 2333 Et
827 2289 1009 2335 tamen
1042 2280 1158 2334 haec
1202 2278 1389 2333 Irenzei
1426 2289 1480 2334 et
1540 2276 1785 2349 Dionysii
1814 2275 1969 2331 testi-

377 2370 564 2425 monia
590 2370 658 2424 ad
693 2370 1097 2424 Clementinam
1160 2368 1453 2438 epistolam
1493 2368 1967 2423 statuminandam

377 2477 638 2533 magnam
670 2463 781 2515 vim
812 2461 1017 2517 habere
1043 2461 1260 2525 volunt,
1316 2458 1603 2532 Polycarpi
1636 2468 1819 2515 autem
1853 2458 1971 2516 suf—

378 2552 617 2623 fragium
671 2559 728 2607 et
785 2552 964 2606 multo
1024 2552 1310 2621 antiquius
1368 2560 1533 2621 atque
1588 2550 1853 2606 disertius
1901 2551 1969 2606 ad

380 2644 574 2714 lgnatii
599 2643 866 2714 epistolas
888 2645 1302 2702 contirmandas
1329 2644 1490 2715 plane
1520 2646 1753 2701 nullam.

450 2734 578 2791 llaec
610 2751 737 2792 cum
768 2736 930 2791 unica
972 2735 1058 2792 sit
1107 2736 1368 2806 obieetio,
1410 2752 1533 2808 quae
1578 2737 1799 2807 propr-ie
1858 2738 1967 2792 vim

378 2828 685 2886 testimonii
713 2838 945 2900 spectat,
976 2837 1176 2900 praeter
1221 2830 1498 2887 silentium
1552 2829 1761 2898 Irenzei,
1821 2832 1970 2902 quod

380 2922 637 2992 proximo
684 2923 868 2993 capite
928 2921 1362 2977 examinandum
1417 2931 1543 2989 est;
1608 2937 1846 2992 cumque
1905 2938 1968 2978 ea

382 3025 502 3077 tam
533 3016 721 3085 iniqua
764 3030 830 3071 ac
860 3015 996 3070 levis
1026 3015 1132 3080 sit,
1160 3023 1222 3069 ut
1249 3029 1441 3068 omnes
1466 3014 1682 3081 vident;
1722 3026 1968 3085 superest

382 3118 444 3163 ut
477 3107 860 3180 Polycarpiani
909 3106 1153 3176 suffragii
1209 3106 1380 3161 robur
1432 3107 1597 3162 latius
1642 3107 1964 3177 explicetur,

382 3202 745 3271 omniumque
775 3199 954 3255 oculis
1002 3199 1209 3255 clarius
1239 3208 1568 3269 exponatur.
1603 3198 1791 3255 Primo
1818 3200 1967 3255 enim

383 3294 720 3366 Polycarpus
752 3306 863 3347 non
897 3300 1111 3347 tanutm
1141 3302 1378 3348 testatur
1428 3293 1722 3363 scripsisse
1758 3293 1971 3363 aliquas

382 3388 644 3459 epistolas
690 3384 991 3457 lgnatium,
1023 3385 1119 3441 sed
1170 3385 1447 3456 significat
1491 3386 1819 3458 συναγωγὴν
1850 3386 1970 3457 epi-

382 3481 650 3536 stolarum
680 3478 803 3550 ejus
832 3487 968 3534 tunc
997 3478 1266 3549 temporis
1295 3476 1546 3550 Smyrna:
1562 3493 1623 3534 se
1649 3494 1761 3549 pne
1792 3479 1970 3534 mani-

384 3574 488 3630 bus
514 3572 819 3639 babuisse;
864 3570 1184 3627 earumdem
1227 3570 1510 3640 exemplar
1561 3570 1805 3640 epistolae
1855 3585 1970 3625 sua:

383 3667 577 3735 (quam
608 3663 833 3718 aliunde
860 3665 918 3717 in
947 3661 1200 3717 ecclesiis
1231 3659 1493 3716 Asiaticis
1515 3661 1736 3731 publice
1766 3662 1965 3716 lectam

384 3756 614 3825 scimus)
643 3770 703 3810 se
733 3753 1038 3823 subiecisse
1079 3750 1271 3818 tradit,
1298 3760 1357 3807 et
1393 3751 1842 3823 Philippe-usibus
1868 3752 1972 3806 mi-

384 3849 547 3915 sisse,
580 3848 747 3919 idque
771 3847 1019 3917 ipsorum
1051 3855 1279 3917 rogatu;
1310 3846 1502 3917 quanti
1534 3861 1630 3902 eas
1674 3848 1787 3916 ipse
1824 3845 1971 3900 aesti-

386 3950 564 3996 maret
587 3940 832 4010 Optimus
875 3940 1045 4010 judex
1071 3938 1348 4004 ostendit,
1376 3954 1581 4009 easque
1608 3938 1973 4009 Philippensi-

387 4036 490 4088 bus
517 4032 847 4089 utilissimas
898 4031 1019 4088 fore
1071 4031 1383 4102 proﬁtetur,
1434 4040 1488 4086 et
1532 4033 1716 4099 fidem,
1759 4032 1973 4102 patien-

388 4124 548 4192 tiam,
574 4138 905 4195 omnemque
958 4123 1380 4180 aedificationem
1425 4124 1493 4179 ad
1527 4123 1819 4178 Dominum
1848 4138 1973 4193 per-

391 4216 656 4273 tinentem
681 4218 967 4271 continere
999 4217 1254 4273 allirmat.
1307 4211 1437 4271 Haec
1460 4216 1527 4271 de
1548 4214 1800 4284 epistolis
1830 4228 1973 4284 quas

389 4307 508 4378 ipse
535 4308 757 4379 collegit
783 4318 839 4363 et
868 4308 1013 4378 apud
1065 4322 1125 4363 se
1156 4306 1348 4362 habuit
1396 4321 1522 4361 cum
1555 4314 1786 4360 testetur
1811 4302 1973 4375 Poly—

388 4417 612 4473 carpus,
636 4402 857 4458 easdem
886 4402 1115 4456 omnino
1142 4417 1268 4458 eum
1301 4398 1659 4462 intellexisse,
1691 4413 1833 4468 quas
1874 4412 1974 4453 nos

2070 1910 2239 1971 tione,
2262 1922 2329 1963 eo
2354 1907 2475 1978 ipso
2530 1917 2775 1976 tempore
2828 1908 3061 1977 scriptas
3092 1907 3299 1969 fuisse,
3347 1921 3464 1977 quo
3514 1908 3649 1962 edita

2068 2002 2376 2057 Antiochiae
2435 2001 2578 2071 apud
2630 1999 2929 2071 Trajanum
2980 2001 3402 2071 praeclarissima
3452 1999 3653 2055 Christi

2069 2094 2441 2158 confessione,
2497 2093 2762 2163 principis
2811 2110 2909 2148 ore
2955 2095 3021 2147 ad
3085 2094 3293 2149 besrias
3335 2093 3649 2157 damnatus,

2072 2182 2302 2238 Romam
2332 2184 2398 2238 ad
2426 2193 2658 2238 mortem
2709 2198 2811 2253 pro
2872 2181 3103 2238 Domino
3151 2183 3519 2253 oppetendam
3563 2184 3654 2238 ab-

2072 2272 2395 2329 ducebatur.
2427 2273 2564 2329 Cum
2616 2274 2782 2345 igitur
2834 2276 3131 2329 charorum
3183 2276 3390 2345 pietate
3430 2290 3654 2344 praeser-

2073 2366 2167 2420 tim
2200 2380 2264 2420 ac
2310 2366 2511 2421 virtute
2544 2366 2924 2436 praestantium
2974 2368 3217 2422 virorum
3280 2368 3334 2422 in
3385 2368 3654 2438 supremis

2072 2458 2249 2515 editas
2278 2476 2443 2516 voces
2471 2475 2667 2531 magna
2729 2476 2863 2515 cura
2916 2461 3187 2531 excipere,
3233 2476 3482 2527 servare,
3525 2462 3657 2516 cele-

2073 2556 2235 2610 brare
2262 2556 2656 2626 memoriaeque
2682 2565 3032 2626 posterorum
3063 2555 3325 2610 mandare
3356 2556 3653 2620 soleamus,

2070 2662 2185 2717 quo
2214 2647 2401 2702 studio
2444 2662 2476 2701 a
2519 2647 2657 2701 viris
2709 2646 2820 2700 illis
2852 2654 2950 2700 aut
2976 2644 3224 2700 ecclesiis
3247 2655 3511 2715 exceptas
3540 2660 3658 2700 esse

2071 2754 2170 2809 par
2196 2750 2278 2795 est
2309 2739 2643 2797 sanctissimi
2701 2738 2960 2810 martyris
2996 2738 3080 2793 ad
3130 2754 3190 2793 se
3234 2739 3287 2792 in
3322 2736 3464 2808 ipsa,
3494 2748 3553 2795 ut
3579 2739 3657 2794 sic

2073 2833 2276 2899 dicam,
2308 2848 2477 2889 arena
2510 2833 2742 2902 scriptas
2767 2831 2999 2898 litteras,
3024 2847 3136 2902 quo
3160 2832 3478 2886 animorum
3511 2842 3654 2886 motu

2071 2925 2355 2992 recitatas,
2381 2941 2489 2996 qua
2521 2925 2788 2981 charitate
2815 2939 2941 2980 cum
2974 2924 3111 2990 suis,
3133 2938 3473 2994 quacunque
3502 2924 3657 2978 Chrio

2071 3021 2142 3074 sti
2196 3036 2395 3077 nomen
2457 3023 2785 3087 colebatur,
2847 3022 3113 3077 fratribus
3179 3023 3661 3090 communicatae?

2073 3111 2364 3170 Summum
2412 3116 2773 3171 ecclesiarum
2825 3115 2879 3169 in
2932 3115 3066 3169 istas
3094 3114 3357 3185 epistolas
3391 3130 3657 3181 amorem,

2072 3222 2347 3264 summam
2385 3206 2819 3277 colligendarum
2867 3217 2922 3262 et
2978 3206 3375 3262 servandarum
3416 3216 3471 3261 et
3519 3207 3657 3276 apud

2070 3295 2270 3353 fratres
2292 3298 2835 3353 disseminandarum
2866 3314 3057 3353 curam
3078 3339 3094 3363 ,
3129 3313 3525 3368 summumque
3549 3308 3657 3354 stu-

2071 3391 2225 3446 dium
2260 3390 2434 3446 fuisse
2462 3392 2598 3446 satis
2629 3399 2863 3445 testatur
2890 3390 2948 3446 S.
2976 3389 3336 3462 Polycarpus,
3376 3390 3435 3445 S.
3492 3389 3660 3445 Joan-

2074 3483 2159 3539 nis
2183 3483 2414 3554 apostoli
2450 3483 2657 3553 pariter
2707 3482 3036 3552 discipulus,
3077 3482 3173 3551 qui
3203 3482 3272 3536 ab
3306 3497 3375 3537 eo
3414 3481 3665 3554 Smyrnae

2072 3574 2369 3645 episcopus
2421 3575 2732 3637 ordinatus,
2784 3574 2955 3629 totius
3012 3574 3157 3628 Asiae
3214 3573 3500 3644 princeps,
3562 3576 3663 3645 ipsi

2073 3664 2285 3736 lgnatio
2324 3666 2614 3721 familiaris
2648 3664 2771 3731 ltit,
2803 3668 2897 3736 qui
2931 3666 3092 3721 docet
3142 3680 3203 3721 se
3232 3680 3265 3719 a
3290 3664 3664 3736 Philippensi-

2072 3757 2176 3812 bus
2215 3767 2467 3828 rogatum
2497 3773 2690 3812 omnes
2728 3755 2923 3827 lgnatii
2973 3758 3254 3829 epismlas,
3302 3773 3669 3829 quascunque

2073 3850 2216 3920 apud
2247 3866 2308 3906 se
2342 3851 2587 3916 haberet,
2604 3850 2912 3922 collegisse,
2938 3865 3143 3921 easque
3167 3851 3235 3906 ad
3261 3851 3415 3920 ipsos
3436 3850 3527 3906 his
3552 3852 3669 3907 suis

2072 3943 2270 3999 litteris
2312 3941 2593 4013 subiectas
2644 3944 2880 4000 mittere.
2934 3943 3012 3998 Ex
3046 3943 3132 3998 his
3190 3943 3328 3998 satis
3356 3957 3510 3999 nunc
3537 3959 3670 3998 con-

2074 4044 2186 4091 stat
2224 4034 2351 4092 illas
2388 4035 2649 4105 epistolas
2679 4051 2819 4106 quas
2843 4037 3066 4105 scripsit
3100 4034 3362 4105 Ignatius,
3389 4050 3534 4105 quas
3558 4038 3671 4092 col-

2075 4128 2208 4200 legit
2231 4138 2288 4183 et
2312 4128 2485 4184 edidit
2519 4128 2879 4200 Polycarpus,
2940 4144 3048 4182 non
3100 4128 3348 4198 potuisse
3398 4143 3512 4182 non
3545 4144 3672 4184 esse

2076 4221 2245 4286 illius,
2271 4230 2326 4276 et
2371 4220 2638 4290 proximae
2688 4221 2945 4290 deinceps
2977 4220 3254 4275 memoria:
3302 4219 3671 4284 Christianis,

2076 4316 2381 4385 praesertim
2414 4330 2546 4369 vero
2583 4315 2840 4370 litteratis
2865 4325 2917 4369 et
2956 4314 3227 4379 eruditis,
3256 4314 3302 4368 si
3334 4316 3431 4385 qui
3458 4327 3672 4380 essent,

2077 4405 2422 4461 notissimas.
2452 4404 2593 4471 Quid
2624 4405 2773 4474 quod
2829 4406 2942 4459 hare
2975 4404 3091 4473 ipsa
3121 4403 3179 4456 S.
3223 4401 3515 4473 Polycarpi
3553 4406 3673 4474 epi—

390 4494 684 4559 habemus,
737 4508 877 4563 quas
925 4502 1052 4547 ante
1093 4507 1196 4547 nos
1256 4489 1550 4555 Eusebius,
1607 4488 1968 4552 Athanasius,
2002 4503 2046 4558 ι)
2076 4497 2243 4562 stola,
2271 4514 2380 4568 qua
2404 4496 2685 4567 lgnatiana
2734 4506 3020 4564 tantopere
3064 4495 3533 4565 praulicahantur,
3578 4512 3679 4566 per

389 4583 794 4647 Theodoretus,
840 4584 1047 4656 aliique
1098 4583 1448 4645 habuerunt,
1497 4590 1554 4635 et
1598 4578 1890 4645 contendo,
1919 4588 1974 4634 et

390 4687 580 4751 aperte
610 4679 948 4748 firmiterque
986 4678 1182 4749 probo.
1240 4678 1349 4731 Aut
1377 4675 1525 4730 enim
1585 4672 1692 4727 illa“:
1732 4673 1975 4743 epistolae

391 4784 532 4842 quas
555 4769 853 4840 publicavit
880 4768 1240 4840 Polycarpus,
1265 4768 1351 4822 hae
1374 4767 1506 4836 ipsa:
1533 4773 1681 4827 sunt,
1708 4780 1849 4835 quas
1873 4779 1974 4819 no-

392 4861 495 4918 stri
528 4859 848 4926 defendunt,
876 4870 972 4914 aut
994 4860 1218 4915 fuerunt
1246 4860 1368 4914 alite
1406 4867 1461 4913 et
1493 4858 1565 4913 ab
1604 4857 1691 4913 bis
1723 4856 1973 4911 diversa.

392 4951 502 5008 Sed
542 4950 684 5019 alite,
710 4959 767 5006 et
790 4951 860 5006 ab
882 4950 970 5007 bis
990 4952 1225 5007 diversae
1255 4965 1364 5005 non
1409 4949 1653 5005 fuerunt.
1682 4946 1973 5016 Reliquum

392 5046 562 5117 igitur
581 5057 668 5101 est
705 5053 767 5099 ut
797 5045 883 5101 hae
907 5046 1040 5116 ipsa;
1069 5043 1294 5100 fuerint.
1320 5042 1595 5114 Epistolas
1632 5051 1813 5096 autem
1839 5054 1979 5109 quas

392 5138 695 5209 publicavit
715 5137 1076 5210 Polycarpus,
1108 5152 1217 5192 non
1264 5135 1436 5191 fuisse
1465 5135 1625 5201 alias,
1671 5141 1725 5187 et
1765 5133 1835 5186 ab
1867 5132 1976 5197 his,

394 5244 535 5299 quas
564 5246 714 5286 nunc
743 5231 1033 5292 habemus,
1063 5230 1336 5291 diversas,
1368 5227 1450 5282 sic
1486 5223 1718 5280 ostendo
1744 5242 1756 5275 :

470 5320 531 5377 S.
568 5323 860 5394 lgnatium.
895 5322 992 5393 qui
1023 5320 1218 5392 paucis
1246 5328 1371 5387 post
1390 5316 1449 5371 S.
1473 5314 1706 5370 Joannis
1744 5315 1979 5384 apostoli

398 5424 630 5471 mortem
661 5415 825 5469 annis
867 5413 1193 5485 martyrium
1243 5409 1431 5464 Romae
1487 5407 1655 5471 fecit,
1700 5406 1981 5476 apostolos

399 5512 579 5578 ipsum
610 5508 908 5571 audivisse,
934 5516 990 5560 et
1018 5519 1082 5561 ex
1119 5506 1206 5560 his
1235 5501 1549 5575 purissimis
1568 5499 1981 5555 Christianismi

400 5599 646 5655 fontibus
690 5597 998 5653 doctrinam
1058 5612 1215 5652 suam
1257 5595 1510 5650 hausisse
1558 5604 1797 5649 constat.
1863 5591 1981 5649 lluc

398 5690 610 5745 accedit
634 5690 836 5743 eximia
870 5689 972 5743 viri
1005 5688 1265 5759 dignitas,
1300 5689 1396 5758 qui
1425 5700 1537 5740 non
1570 5687 1732 5741 modo
1758 5699 1983 5755 aposto-

400 5782 580 5839 lorum
621 5781 946 5852 discipulus,
1004 5781 1100 5838 sed
1128 5796 1319 5837 eorum
1372 5782 1597 5851 insuper
1634 5780 1844 5852 judicio
1900 5783 1981 5838 sic

2078 4590 2187 4644 tria
2220 4589 2436 4661 integra
2469 4589 2671 4644 saecula
2702 4588 2754 4641 in
2784 4596 3054 4643 conventu
3083 4587 3227 4641 Asia:
3278 4587 3501 4655 publice
3528 4588 3678 4659 lege-

2079 4693 2251 4748 retur,
2313 4696 2425 4752 qua
2475 4696 2693 4737 summa
2746 4694 2937 4736 eorum
2997 4678 3203 4734 utilitas
3261 4678 3675 4744 inculcabatur,

2078 4773 2364 4843 animique
2394 4772 2682 4826 hominum
2714 4772 3045 4839 scriptorum
3086 4770 3243 4823 fidem
3277 4769 3594 4839 antiquam,
3624 4781 3683 4825 et

2075 4866 2420 4935 patientiam,
2455 4873 2510 4918 et
2539 4864 2957 4919 aedificationem
3013 4861 3412 4917 continentium
3458 4862 3683 4931 cupidi-

2077 4964 2191 5010 tate
2223 4967 2489 5030 perpetuo
2540 4955 3004 5010 accendebantur.
3060 4954 3119 5008 Si
3176 4952 3345 5022 igitur
3396 4953 3506 5007 alia
3557 4961 3616 5008 et
3649 4969 3686 5008 a

2082 5061 2275 5105 nostra
2329 5050 2551 5104 diversa
2614 5046 2718 5101 fuit
2756 5046 3043 5117 Polycarpi
3104 5047 3425 5117 συναγωγὴ,
3457 5047 3504 5102 si
3552 5048 3690 5102 aliae

2078 5142 2324 5210 epistolae
2354 5139 2551 5210 lgnatii
2611 5138 2817 5193 fuerint
2846 5153 2985 5207 quas
3038 5138 3129 5192 ille
3177 5136 3423 5206 collegit,
3468 5146 3526 5192 et
3559 5140 3691 5193 suis

2082 5233 2276 5288 litteris
2317 5231 2751 5295 commendavit,
2784 5242 2837 5284 et
2872 5229 3314 5300 Philippensibus
3348 5232 3692 5285 communi-

2083 5324 2245 5385 cavit,
2280 5336 2448 5391 quam
2474 5336 2573 5385 eae,
2606 5336 2747 5391 quas
2772 5338 2873 5378 nos
2908 5324 3175 5378 habemus
3197 5330 3253 5376 et
3277 5331 3409 5377 ante
3432 5339 3541 5377 nos
3580 5324 3696 5378 ha-

2084 5416 2201 5469 buit
2228 5413 2537 5481 Eusebius;
2571 5413 2679 5471 illa:
2711 5425 2857 5471 certe
2910 5425 2970 5469 ut
3014 5415 3148 5469 viris
3177 5415 3434 5470 litteratis
3478 5414 3701 5481 praeci-

2083 5522 2191 5576 pue
2225 5518 2390 5575 atque
2432 5507 2664 5561 eruditis
2720 5508 3045 5571 notissimae,
3096 5523 3194 5577 per
3224 5507 3412 5561 omnia
3450 5508 3547 5563 illa
3579 5522 3704 5561 sae-

2084 5594 2228 5659 (-nla,
2258 5596 2560 5665 praesertim
2592 5598 2797 5667 quibus
2841 5598 3127 5668 Polycarpi
3169 5598 3399 5667 epistola
3429 5598 3486 5652 in
3523 5598 3707 5653 Asia-

2085 5690 2209 5743 ticis
2242 5689 2495 5749 ecclesiis
2550 5707 2683 5747 sane
2716 5692 3084 5747 nobilissimis
3121 5692 3480 5762 personabat,
3518 5693 3705 5745 inno-

2086 5792 2355 5840 tescerent
2379 5792 2540 5850 atque
2559 5794 2990 5855 agnoscerentur
3018 5800 3242 5843 necesse
3266 5784 3392 5843 fuit.
3435 5785 3497 5840 ln
3528 5793 3706 5840 tanta
