3814 6198
208 222 270 282 145
953 239 1001 293 ι.
1041 236 1405 292 ΡΕΑιιδοΝιι
1447 236 1766 292 vmmcns

1895 234 2232 291 NATIANE.
2275 247 2341 280 -‘—
2376 234 2556 291 PARS
2584 233 2629 290 I.

3366 224 3480 285 “$-

202 349 572 408 existimatione
642 371 795 412 cum
860 360 1038 428 primo
1076 359 1297 422 fuerint,
1348 369 1497 414 tanta
1544 376 1675 415 cura
1709 369 1788 414 at-
1819 366 1864 420 Α
1895 358 2289 425 Theodoretus,
2317 359 2455 414 duas
2506 356 2757 413 Gelasius
2800 353 3101 411 sententias
3155 344 3467 416 laudarunt,

201 444 460 511 questudio
520 448 611 502 ab
684 452 941 507 ecclesia
998 453 1065 506 ad
1109 453 1397 507 ecclesiam
1429 451 1789 516 transmisszr,

201 543 271 588 tam
294 536 545 603 publica,
580 549 845 613 tamque
868 555 1124 614 perpetua
1148 544 1671 599 commemoratione
1695 558 1792 598 or-

199 637 293 682 nata:
314 638 486 700 atque
514 636 879 703 posteritati
911 637 1325 701 commendatae,
1357 653 1465 692 non
1492 647 1794 707 potuerunt

198 722 367 776 omnino
392 724 627 790 latere,
659 737 724 783 et
757 729 901 785 viris
941 729 1135 794 doctis,
1194 738 1248 783 et
1280 729 1592 798 apostolica:
1620 730 1793 783 tradi-

202 814 321 871 tionis
348 818 623 874 maxime
680 821 943 876 curiosis
971 822 1165 892 ignota!
1194 837 1335 877 esse.
1366 822 1435 876 At
1462 822 1509 876 si
1540 822 1788 876 omnium

202 907 622 965 Christianorum
660 928 773 982 per
832 915 939 968 tria
987 914 1206 975 saecula,
1243 930 1351 967 non
1407 922 1616 969 tantum
1668 923 1792 984 post

205 999 373 1071 lgnatii.
404 1002 510 1056 sed
545 1012 611 1058 et
662 1003 971 1076 Polyrarpi
1023 1015 1275 1070 mortem,
1323 1006 1493 1063 libros
1535 1007 1792 1062 consula-

206 1109 313 1157 nnis,
336 1093 559 1147 nullam
628 1097 912 1162 aliarum,
968 1114 1131 1167 qnam
1174 1112 1314 1167 quas
1343 1113 1444 1152 nos
1500 1098 1787 1163 habemus,

204 1182 359 1254 lgnatii
418 1185 820 1254 cpistolarnm
890 1188 1220 1242 mentionem
1274 1203 1518 1257 unquam
1590 1186 1788 1242 factam

202 1277 547 1333 inveniemus.
593 1278 761 1334 Alias
811 1281 977 1351 igitur
1046 1296 1326 1350 nunquam
1386 1279 1557 1336 fuisse
1610 1281 1789 1335 mani-

199 1368 367 1423 festum
400 1379 511 1425 est.
528 1370 782 1436 Clarus,
818 1372 875 1425 ni
909 1372 1089 1437 fallor,
1122 1388 1306 1427 rerum
1341 1388 1537 1439 nexus,
1562 1372 1707 1429 clara
1736 1381 1791 1429 et

195 1458 560 1517 indubitabilis
591 1463 958 1518 consecutio.

247 1551 343 1618 Qui
374 1553 643 1623 quinque
668 1554 760 1609 vel
807 1570 907 1608 sex
958 1555 1218 1624 epistolas
1258 1571 1435 1625 nuper
1461 1554 1670 1626 lgnatio
1703 1567 1787 1611 at-

185 1642 402 1697 tributas
431 1652 720 1713 tanquam
752 1644 977 1713 spurias
1005 1655 1059 1699 et
1087 1645 1241 1701 ﬁctas
1265 1647 1603 1716 rejieiebant,
1636 1648 1689 1701 id
1730 1664 1789 1704 se

182 1730 294 1785 ideo
322 1730 529 1786 fecisse
573 1732 1011 1801 proﬁtebantur,
1064 1735 1209 1803 quod
1254 1735 1471 1790 Eusebii
1502 1746 1559 1791 et
1589 1736 1784 1792 Hiero-

181 1825 315 1895 uymi
357 1835 625 1893 tempore
668 1840 784 1880 11011
839 1836 1163 1881 exstarent:
1195 1842 1261 1882 ϐο
1308 1839 1490 1883 autem
1543 1838 1787 1899 tempore

178 1932 279 1970 non
302 1917 602 1971 exstitisse
628 1918 761 1973 inde
786 1918 1139 1988 colligebant,
1191 1922 1336 1988 quod
1367 1936 1465 1974 nec
1496 1919 1784 1987 Eusebius,

180 2024 271 2062 nec
298 2008 690 2080 Hieronymus
736 2026 936 2064 earum
987 2012 1317 2077 meminerit,
1362 2028 1485 2066 cum
1524 2014 1662 2069 alias
1690 2029 1786 2068 sex

176 2109 477 2168 septemve,
505 2118 656 2171 quas
695 2102 877 2158 nostri
909 2102 1226 2167 defendunt,
1260 2105 1549 2174 diligenter
1579 2120 1789 2160 memo‘

178 2204 409 2257 nossent,
466 2202 642 2263 atque
677 2194 1127 2263 descripsissent.
1159 2195 1312 2251 llanc
1339 2212 1529 2250 eorum
1559 2205 1786 2252 senten-

178 2286 307 2337 tiam
358 2294 533 2355 atque
592 2285 874 2340 rationem
907 2296 962 2342 et
990 2288 1177 2343 laudat
1203 2297 1258 2343 et
1278 2289 1628 2358 amplectitur
1659 2289 1786 2345 Dal-

177 2377 333 2433 lazus.
366 2380 509 2435 Nam
545 2382 619 2437 de
656 2381 891 2439 Usserio
912 2384 1164 2452 loquens,
1199 2383 1314 2439 htec
1343 2386 1521 2454 capite
1546 2384 1789 2441 secundo

176 2471 405 2526 scribit:
444 2472 702 2527 Primum
735 2492 865 2544 ergo
893 2491 985 2529 sea:
1016 2475 1139 2530 illas
1173 2476 1424 2546 epistolas
1452 2477 1523 2530 ad
1557 2477 1789 2533 Mariam

176 2557 596 2629 Cassebotitam,
629 2566 701 2619 ad
732 2565 1114 2638 Polycarpum,
1148 2568 1217 2621 ad
1254 2568 1556 2636 Tarsenses,
1591 2570 1662 2622 ad
1688 2571 1791 2624 An-

188 2652 487 2721 tiochenos,
525 2657 598 2709 ad
621 2655 920 2724 Heronem,
953 2668 1003 2713 et
1036 2660 1104 2711 ad
1138 2659 1524 2730 Philippenses,
1560 2662 1678 2727 has,
1708 2663 1789 2715 in-

176 2757 360 2810 quam,
399 2748 639 2802 nondum
676 2749 904 2804 Eusebii
928 2761 977 2805 et
1015 2751 1325 2822 Hieronymi
1354 2753 1672 2822 temporibus
1699 2769 1791 2808 ea:-

179 2836 385 2891 stitisse
409 2840 535 2893 inde
567 2841 909 2895 validissime
930 2842 1138 2911 probat,
1191 2844 1332 2914 quod
1370 2845 1436 2899 de
1468 2847 1535 2898 iis
1572 2855 1790 2916 uterque

178 2927 281 2983 iste
310 2934 549 2999 scriptor
580 2932 799 2985 nullum
841 2932 1055 2986 verbum
1090 2933 1243 3003 facit,
1278 2934 1371 3003 qui
1401 2950 1496 2988 sex
1525 2934 1665 2988 alias
1693 2950 1790 2987 su-

1893 465 2085 507 omnes
2112 466 2179 505 ex
2206 450 2451 518 epistolis
2482 450 2705 511 nostris,
2731 463 2794 501 ex
2832 447 2937 501 alia
2984 446 3166 515 aliqua
3199 459 3264 497 ne
3303 458 3467 503 unam

1893 543 2134 613 quidem.
2167 542 2301 596 Alia:
2327 542 2490 612 igitur
2520 557 2684 610 quam
2742 549 2941 594 nostra:
2990 538 3183 608 lygnatii
3225 535 3465 606 epistola:

1892 651 2177 705 nunquam
2218 636 2438 688 fuerunt
2464 650 2493 688 a
2528 635 2829 705 Polycarpo
2859 631 3163 702 posteritati
3184 645 3468 686 commen-

1892 727 2051 781 datae.
2102 724 2283 791 Quare
2337 740 2460 781 cum
2497 725 2565 779 ab
2613 725 2705 778 illo
2754 725 2949 793 aliqua:
2986 722 3187 778 fuerint
3227 721 3471 775 collectae.

1892 818 2309 887 publicatzeqne,
2346 826 2408 870 ut
2440 832 2504 869 ex
2555 815 2728 884 ipsius
2779 814 3098 870 testimonio
3134 821 3319 883 patet;
3350 811 3473 865 alia;

1886 916 2074 963 autem
2105 915 2210 962 eta
2239 907 2441 962 nostris
2489 906 2720 961 diversa,
2752 922 2860 960 non
2915 903 3139 971 fuerint,
3174 914 3233 958 ut
3257 918 3324 958 ex
3359 902 3478 957 alto

1893 1008 1973 1054 tot
2001 1000 2328 1054 sazculorum
2361 998 2580 1053 silentio
2606 998 2953 1051 manifestum
2975 1004 3088 1061 est;
3122 1004 3290 1049 restat
3311 1003 3368 1048 ut
3387 993 3472 1048 ha:

1893 1090 2024 1159 ipsa:
2048 1089 2271 1155 fuerint,
2299 1105 2439 1159 quas
2472 1088 2645 1143 nostri
2675 1087 2998 1155 defendunt,
3033 1102 3172 1157 quas
3201 1085 3472 1141 Eusebius

1892 1182 2048 1246 vidit,
2084 1182 2396 1253 descripsit,
2429 1182 2733 1237 deﬁoravit.

1962 1295 2224 1361 Quwnam
2273 1296 2444 1356 enim,
2497 1309 2706 1365 quaeso,
2735 1294 2842 1349 iilaa
2862 1294 3107 1364 epistola:
3136 1302 3285 1357 sunt,
3319 1294 3363 1348 si
3390 1294 3475 1349 hee

1893 1403 1999 1443 non
2023 1389 2132 1442 sint
2155 1388 2176 1441 ?
2203 1386 2337 1454 Quis
2365 1403 2460 1441 eas
2487 1403 2727 1457 unquam
2760 1386 2930 1458 legit?
2960 1386 3085 1456 quis
3114 1386 3286 1440 oculis
3313 1400 3474 1439 usur-

1891 1481 2083 1550 pavit?
2109 1480 2236 1548 quis
2274 1480 2357 1533 vel
2408 1478 2574 1532 fando
2605 1480 2673 1534 de
2711 1479 2834 1533 aliis
2884 1477 3133 1546 epistolis
3166 1476 3236 1530 ab
3266 1474 3475 1545 lgnatio

1892 1572 2136 1640 scriptis,
2166 1586 2195 1623 a
2221 1569 2521 1641 Polycarpo
2543 1570 2791 1624 collectis
2813 1568 3018 1637 aliquid
3049 1566 3257 1621 audivit
3279 1566 3303 1618 ?
3324 1566 3472 1626 aliis.

1893 1665 2138 1733 inquam,
2170 1672 2337 1731 Quam
2374 1679 2514 1732 quas
2549 1661 2860 1715 habemus?
2889 1661 2969 1713 An
3009 1660 3120 1713 ullo
3147 1658 3310 1712 modo
3335 1657 3475 1710 veri-

1889 1755 2068 1811 simile
2101 1763 2206 1828 est,
2247 1754 2512 1823 epistolas
2542 1769 2573 1808 a
2623 1762 2778 1807 tanto
2838 1761 3079 1821 martyre
3135 1758 3412 1815 exaratas,
3444 1764 3476 1804 a

1890 1854 2042 1899 tanto
2068 1846 2244 1900 editas
2267 1854 2431 1912 atque
2459 1844 2731 1908 laudatas,
2756 1843 3004 1912 epistola:
3033 1842 3197 1895 etiam
3225 1840 3302 1894 illi
3343 1841 3479 1895 sub-

1883 1936 2081 2007 jectas,
2113 1952 2237 2005 qua:
2258 1952 2354 2006 per
2385 1944 2464 1990 tot
2495 1936 2695 1990 sarcula
2728 1935 2944 2004 publice
2972 1934 3110 1987 lecta
3137 1950 3326 1988 earnm
3360 1950 3479 1988 me-

1889 2029 2119 2082 moriam
2159 2036 2423 2098 perpetuo
2450 2027 2879 2097 redintegrahat,
2925 2027 3112 2080 statim
3144 2025 3395 2095 periisse,
3424 2038 3481 2080 et

1889 2121 1958 2175 ab
1998 2120 2245 2175 omnium
2295 2120 2468 2174 oculis
2521 2108 2737 2188 ereptas
2786 2118 3002 2172 fuisse?
3034 2117 3117 2171 An
3165 2119 3479 2187 putabimus

1888 2208 2080 2274 lgnatii
2111 2210 2320 2265 ossium
2368 2209 2630 2279 reliquias
2680 2208 2850 2261 ltoma
2906 2206 3255 2262 Antiochiam
3292 2216 3477 2261 trans-

1888 2310 2155 2372 portatas,
2200 2311 2463 2371 tantaque
2498 2299 2851 2354 veneratione
2887 2314 2984 2367 per
3018 2306 3096 2351 tot
3149 2313 3327 2351 annos
3382 2297 3479 2351 ha-

1890 2394 2037 2451 bitas
2064 2412 2078 2460 ;
2105 2394 2370 2464 epistolas
2400 2402 2581 2448 autem
2609 2393 2660 2445 in
2698 2392 2816 2461 ipso
2850 2391 3042 2445 itinere
3070 2390 3324 2459 scriptas,
3353 2403 3479 2458 pro-

1890 2486 2103 2558 pediem
2139 2486 2191 2539 in
2219 2494 2417 2543 ventos
2454 2484 2701 2539 abiisse?
2732 2484 2813 2535 An
2859 2482 3246 2552 conjicicmus,
3300 2481 3475 2550 impe-

1892 2587 2048 2633 rante
2075 2578 2373 2644 Antonino,
2402 2588 2497 2631 aut
2518 2576 2763 2637 Aurelio,
2792 2576 2895 2628 hoc
2918 2584 3002 2629 est
3028 2615 3044 2637 ,
3070 2575 3194 2628 vivo
3219 2574 3397 2628 adhuc
3424 2583 3480 2628 et

1892 2670 2105 2725 valente
2146 2668 2204 2724 S.
2234 2668 2560 2740 Polycarpo,
2605 2668 2760 2723 ﬁctas
2797 2668 2990 2733 fuisse,
3020 2666 3119 2721 has
3146 2682 3286 2735 quas
3311 2666 3481 2719 habe-

1893 2778 2016 2819 mus
2072 2762 2356 2832 epistolas,
2403 2744 2529 2816 cum
2589 2759 2860 2815 Salmasio
2915 2768 2970 2813 et
3016 2759 3339 2824 Alliertino;
3384 2767 3481 2812 aut

1891 2854 2084 2909 saltem
2108 2854 2294 2908 statim
2324 2864 2448 2924 post
2472 2853 2774 2907 Clementis
2820 2851 3179 2906 Alexandrini
3213 2859 3473 2914 mortem,

1892 2961 2015 3001 cum
2043 2945 2347 3011 Blondcllo,
2377 2960 2613 3015 quorum
2654 2947 2832 3014 ipsum
2875 2944 3132 2998 Dalltenm
3160 2944 3366 3012 pudet?
3393 2942 3476 2997 An

175 3026 416 3092 periores
453 3026 610 3081 ambo
650 3032 977 3078 memorant.
1005 3024 1115 3079 Cur
1144 3027 1286 3080 enim
1318 3026 1413 3079 has
1438 3028 1613 3095 potius
1630 3043 1787 3095 quam

1895 3048 2073 3093 autem
2126 3038 2287 3093 tertio
2337 3037 2539 3092 saeculo
2592 3046 2847 3104 exeunte,
2877 3044 2972 3089 aut
3003 3034 3226 3088 ineunte
3254 3043 3475 3102 quarto,

175 3117 331 3179 illas,
365 3120 411 3171 si
466 3118 614 3183 illas,
653 3120 702 3171 si
752 3128 1011 3186 utrasque
1068 3128 1286 3181 norunt,
1320 3119 1632 3172 dixissent?
1677 3116 1789 3173 Cur

176 3223 299 3261 vero
324 3226 412 3263 eas
442 3209 805 3263 eruditissimi
838 3227 901 3262 ac
934 3210 1333 3279 diligentissimi
1375 3211 1611 3265 homines
1641 3212 1790 3281 igno-

174 3313 384 3363 rarent,
414 3303 463 3355 si
492 3311 669 3363 erant,
709 3311 772 3354 ut
810 3312 1003 3354 narrat
1048 3303 1338 3365 Baronius,
1369 3320 1401 3355 a
1430 3302 1789 3372 Philippensi-

173 3392 272 3445 ὁδε
305 3409 427 3446 cum
456 3409 551 3448 sea:
578 3394 927 3462 superiorum
974 3394 1043 3446 ad
1082 3410 1169 3447 eos
1223 3395 1388 3449 missa
1420 3411 1453 3449 a
1488 3395 1787 3466 Polycarpo

173 3484 487 3539 collectione
536 3485 890 3554 conjunctae?
930 3483 1052 3539 Non
1108 3486 1292 3555 fuisse,
1328 3486 1558 3557 adeoque
1603 3505 1768 3560 neque

175 3588 293 3631 tum
328 3580 606 3632 exstitisse
654 3578 782 3631 inde
836 3587 1071 3640 constat,
1106 3579 1249 3645 quod
1281 3596 1372 3633 eas
1404 3578 1664 3635 Eusebius
1696 3598 1788 3636 ne-

172 3672 364 3723 scierit
387 3686 407 3723 .·
442 3671 729 3724 nescivisse
755 3668 935 3721 altum
956 3668 1066 3737 ejus
1087 3670 1152 3722 de
1181 3669 1261 3723 his
1285 3670 1554 3725 silentium
1584 3673 1783 3743 arguit.

172 3759 230 3811 Si
263 3770 449 3813 autem
473 3760 590 3815 hare
622 3759 970 3813 validissime
994 3759 1223 3828 probent
1257 3760 1371 3815 sive
1399 3763 1641 3832 quinque
1673 3763 1788 3819 sive

171 3867 269 3905 sex
297 3853 418 3907 illas
441 3854 709 3922 epistolas
739 3863 989 3921 tempore
1018 3852 1235 3909 Eusebii
1259 3863 1313 3909 et
1335 3854 1645 3928 Hieronymi
1675 3874 1785 3913 non

171 3945 479 4008 exstitisse,
522 3946 781 4014 adeoque
813 3953 1000 4013 postea
1027 3945 1367 4015 excogitatas
1391 3957 1446 4002 et
1474 3949 1628 4005 lictas
1658 3949 1789 4006 fuis-

174 4050 269 4101 se;
309 4047 561 4091 nostrum
612 4045 767 4091 certe
825 4047 1207 4101 argumentum
1244 4039 1581 4095 validissime
1618 4041 1784 4095 etiam

172 4128 393 4193 prohat,
427 4130 568 4183 alias
594 4144 767 4198 quam
813 4135 1032 4183 nostras
1062 4127 1253 4199 lgnatii
1278 4131 1540 4200 epistolas
1570 4146 1671 4188 nec
1698 4147 1788 4187 eo-

173 4220 304 4274 dem
333 4238 433 4276 nec
457 4222 571 4275 ullo
595 4222 706 4275 alio
727 4220 1088 4275 antecedente
1109 4237 1225 4276 aevo
1241 4223 1594 4292 apparuisse;
1632 4232 1691 4279 ut
1717 4225 1785 4280 de

171 4310 304 4365 aliis
326 4327 355 4365 a
391 4311 703 4381 Polycarpo
760 4309 1029 4376 collectis,
1086 4312 1138 4364 in
1174 4328 1342 4365 unum
1373 4328 1572 4383 corpus
1627 4314 1787 4369 reda-

1892 3148 2016 3188 culn
2049 3130 2300 3185 homines
2329 3129 2573 3198 undique
2602 3127 2913 3182 doctissimi
2943 3129 2996 3181 in
3029 3125 3272 3181 Ecclesia
3298 3125 3478 3201 βίη-ρ-

1892 3231 2032 3285 rent,
2064 3231 2118 3276 ct
2168 3220 2516 3275 bibliotheca:
2566 3221 2732 3277 variae
2758 3220 2824 3273 ad
2852 3215 3095 3274 veterum
3130 3219 3477 3273 Christiano-

1891 3329 2012 3368 rum
2051 3312 2255 3382 scripta
2309 3312 2685 3367 conservanda
2735 3312 3123 3371 conderentur.
3162 3310 3476 3378 putabimus

1890 3405 2029 3460 alias
2054 3404 2314 3473 epistolas
2340 3418 2529 3457 earnm
2560 3401 2684 3456 loco
2709 3400 3025 3469 suppositas
3049 3399 3240 3463 fuisse,
3267 3407 3321 3453 et
3346 3399 3473 3463 illis,

1891 3497 2095 3567 quibus
2130 3494 2435 3550 Christiani
2482 3509 2577 3563 per
2608 3501 2689 3546 tot
2718 3495 2894 3546 annus
2925 3500 3345 3553 consueverant,
3378 3506 3473 3559 pe-

1888 3589 2037 3643 nitus
2068 3587 2302 3641 snhlatis
2332 3582 2703 3640 successisse?
2737 3583 2874 3638 Ecce
2903 3582 3048 3636 enim
3095 3581 3348 3645 Dalltens,
3381 3582 3475 3650 qui

1889 3680 2054 3734 modo
2084 3679 2437 3748 impostorem
2472 3691 2637 3732 suum
2679 3674 2966 3746 Polycarpi
3024 3674 3269 3743 epistola:
3304 3674 3474 3736 testi-

1889 3770 2136 3827 monium
2187 3778 2440 3824 nostrum
2477 3766 2802 3830 inseruisse,
2843 3775 2898 3821 et
2937 3767 3027 3821 ubi
3052 3776 3209 3821 antea
3242 3782 3347 3819 non
3379 3781 3475 3820 ex—

1890 3870 2083 3931 staret,
2114 3858 2397 3916 infnlsisse
2445 3859 2652 3913 diserte
2675 3858 2999 3923 aﬁirmaliat,
3026 3873 3150 3911 eum
3183 3858 3251 3911 de
3283 3866 3475 3911 aucto-

1888 3953 2051 4007 ritate
2103 3953 2349 4022 epistola:
2395 3949 2807 4021 Polycarpiame
2838 3957 3127 4018 ageretur:
3163 3964 3311 4003 nunc
3348 3963 3475 4002 cum

1888 4045 1955 4101 de
1992 4047 2043 4099 vi
2075 4043 2371 4099 testimonii
2409 4041 2610 4112 agitur,
2657 4041 2940 4094 Conversis
2962 4040 3096 4094 velis
3116 4041 3395 4109 remisque
3420 4040 3474 4093 in

1889 4136 2075 4191 omnia
2127 4136 2234 4188 alia
2288 4132 2482 4198 fertur,
2536 4147 2647 4184 non
2696 4129 2887 4183 eodem
2924 4129 3144 4198 quidem
3196 4129 3339 4195 loco,
3380 4131 3475 4184 sed

1890 4237 2049 4283 caute
2073 4226 2407 4295 provideque
2451 4223 2633 4292 capite
2659 4221 2753 4286 26,
2786 4222 2878 4274 ubi
2908 4229 3085 4274 totum
3134 4219 3330 4273 fabulae
3363 4234 3477 4274 sua:

1890 4326 2274 4388 argumentum
2306 4317 2574 4381 contexit,
2610 4314 2774 4368 aliam
2814 4313 2976 4367 nobis
3015 4328 3235 4367 scenam
3277 4314 3472 4381 aperit.

170 4402 303 4464 etis,
332 4405 399 4459 ad
437 4404 721 4459 Ecclesias
755 4404 1121 4470 transmissis,
1153 4415 1208 4460 et
1236 4406 1439 4477 insigni
1471 4407 1651 4478 elogio
1684 4423 1779 4463 or-
1815 4394 1859 4447 Ρ
1895 4410 2019 4464 Vult
2049 4411 2195 4465 enim
2224 4410 2564 4477 impostorem
2607 4421 2791 4470 suum,
2824 4421 2943 4457 cum
2968 4406 3198 4473 scriptas
3232 4405 3352 4456 hinc
3389 4403 3476 4457 di-

172 4497 321 4552 natis
350 4498 528 4568 loqui,
575 4499 743 4568 plane
779 4508 1155 4552 commentum
1190 4500 1385 4569 sapiat.
1431 4498 1604 4556 Nemo
1632 4502 1778 4557 enim

168 4600 301 4642 ante
329 4588 664 4652 Eusebium,
712 4589 802 4643 vel
831 4587 1245 4661 Hieronymum,
1297 4591 1379 4646 vel
1411 4593 1575 4648 etiam
1605 4593 1782 4651 Theo-

168 4682 453 4748 doretum,
482 4692 582 4736 ant
608 4681 923 4745 Gelasium,
957 4696 1119 4735 nemo
1141 4691 1266 4736 ante
1288 4682 1467 4751 quinti
1497 4685 1681 4739 saeculi
1714 4687 1780 4740 Ii-

167 4787 319 4837 nem,
370 4791 489 4844 quo
525 4782 747 4829 veteres
793 4787 988 4827 omnes
1038 4774 1398 4831 ecclesiastici
1444 4785 1500 4831 et
1526 4778 1781 4833 catholici

166 4866 505 4936 scriptores,
540 4882 612 4921 ac
654 4866 712 4919 in
746 4863 944 4934 primis
983 4863 1041 4919 S.
1089 4864 1354 4935 lgnatius,
1388 4867 1442 4921 in
1469 4879 1784 4924 controver-

164 4957 266 5013 siis
294 4961 426 5015 ﬁdei
456 4971 577 5015 tum
603 4974 637 5013 a
659 4956 983 5021 catholicis,
1008 4965 1119 5011 tum
1147 4972 1176 5011 a
1205 4959 1486 5015 modernis
1514 4960 1783 5018 haereticis

163 5060 433 5121 tanquam
463 5049 671 5105 arbitri
712 5048 1170 5112 admittebantur,
1204 5050 1285 5103 vel
1319 5050 1521 5117 virum,
1571 5052 1657 5108 vel
1687 5068 1780 5108 ec-

159 5140 394 5198 clesiam
426 5145 601 5198 aliam
637 5138 975 5203 nominavit,
1000 5141 1067 5193 ad
1107 5156 1272 5206 quam
1308 5140 1548 5210 lgnatius
1569 5144 1782 5200 litteras

156 5234 434 5303 dederat;
473 5249 652 5291 nemo
703 5232 876 5286 ullam
908 5233 1235 5287 sententiam
1268 5248 1335 5288 ex
1376 5234 1483 5289 ulla
1531 5235 1637 5289 alia
1666 5235 1784 5304 epi-

156 5331 297 5385 stola
351 5329 672 5399 excerpsit.
711 5323 795 5378 Ex
835 5326 1040 5380 nostris
1096 5341 1262 5381 unam
1309 5326 1568 5392 Irenzeus,
1614 5343 1780 5382 unam

152 5416 534 5493 Theophilus,
567 5427 678 5475 aut
713 5416 983 5487 antiquus
1026 5418 1213 5473 Basilii
1266 5430 1483 5484 auctor,
1534 5420 1781 5488 ejusdem

147 5527 275 5567 cum
308 5515 531 5570 Irenaeo
564 5510 706 5577 azvi,
734 5507 874 5563 duas
904 5506 1187 5579 Origenes,
1221 5524 1387 5564 unam
1412 5509 1782 5579 pseudo-Dio-

148 5608 372 5674 nysius,
414 5605 762 5675 complures
832 5599 1121 5667 Eusebius,
1193 5616 1358 5656 unam
1426 5602 1781 5664 Athanasius,

147 5700 288 5760 duas
335 5700 829 5772 Chrysostomus,
859 5694 1040 5763 plures
1086 5693 1470 5766 Hieronymus,
1508 5695 1781 5768 plurimas

1886 4502 2103 4556 dicisset
2128 4500 2257 4554 olim
2283 4500 2448 4570 {uisse
2472 4496 2538 4551 ab
2570 4496 2787 4567 Ignatio
2819 4498 3029 4566 aliquas
3059 4498 3475 4565 epistolas,eas—

1887 4606 1986 4664 que
2020 4593 2140 4662 jam
2191 4590 2488 4645 desiderari
2534 4588 3002 4652 animadverteret,
3038 4588 3325 4643 consilium
3352 4589 3476 4644 inde

1884 4681 2084 4750 cepisse
2123 4696 2249 4734 suas
2279 4679 2379 4732 sub
2414 4677 2597 4732 eodem
2639 4679 2849 4732 nomine
2890 4677 3125 4748 fingendi
3171 4689 3220 4733 et
3260 4679 3471 4734 edendi.

1886 4773 2150 4839 Quamvis
2173 4771 2357 4825 Dalla'i
2390 4770 2658 4840 imposwr
2683 4770 2859 4824 mirus
2888 4770 3083 4825 artifex
3113 4771 3205 4837 sit,
3236 4786 3337 4826 nec
3372 4772 3474 4823 ini--

1854 4910 1857 4911 ν
1886 4867 2006 4921 neri
2039 4865 2240 4935 ingenii
2275 4866 2531 4919 actintinc
2557 4865 2840 4932 lmeditns,
2863 4880 3031 4935 quam
3076 4864 3215 4933 ipse,
3245 4878 3353 4916 non
3387 4872 3475 4915 ta-

1886 4976 2011 5015 men
2052 4960 2168 5016 hate
2198 4959 2307 5013 duo
2340 4958 2479 5012 idem
2519 4965 2780 5026 pnestare
2818 4958 3030 5026 potuit;
3062 4955 3171 5010 non
3192 4955 3369 5024 potuit
3402 4968 3470 5008 ex

1885 5051 2170 5124 l‘olycarpi
2219 5050 2450 5119 epistoia
2495 5050 2731 5109 discere.
2769 5048 3008 5116 scriptas
3051 5045 3220 5100 fuisse
3242 5045 3373 5099 olim
3397 5045 3469 5099 ab

1887 5146 2095 5216 lgnatio
2131 5146 2346 5214 aliquas
2394 5145 2679 5214 epistolas,
2726 5152 2783 5197 et
2826 5142 2969 5195 idem
3013 5154 3075 5195 ea
3129 5138 3314 5198 verba.
3345 5153 3469 5205 qua

1887 5237 1991 5290 hoc
2012 5236 2190 5304 ipsum
2223 5235 2489 5297 indicant,
2522 5234 2787 5289 inserere.
2828 5232 2884 5286 Si
2910 5230 3026 5298 ipse
3053 5228 3266 5297 primus
3290 5244 3356 5282 ea
3384 5230 3469 5282 in.

1885 5326 2077 5389 seruit,
2131 5342 2240 5380 non
2278 5326 2444 5396 igitur
2474 5327 2529 5380 in
2575 5324 2859 5397 Polyearpi
2889 5320 3124 5389 epistola
3151 5319 3304 5388 prius
3346 5319 3468 5374 fue-

1884 5425 2045 5484 runt;
2072 5431 2246 5487 quare
2268 5417 2394 5473 inde
2425 5419 2637 5473 discere
2666 5430 2771 5469 non
2817 5412 3015 5481 potuit.
3044 5413 3127 5466 An
3150 5412 3273 5467 ideo
3298 5413 3472 5469 insul~

1886 5511 1978 5578 sit,
2000 5521 2062 5566 ut
2093 5526 2206 5565 non
2255 5519 2465 5566 tantum
2521 5510 2682 5573 alios,
2734 5506 2831 5562 sed
2854 5514 2909 5560 et
2935 5506 3177 5572 seipsum
3211 5505 3469 5561 falleret?

1886 5622 1953 5659 an
2000 5607 2093 5660 illa
2133 5604 2552 5673 interpolatione
2581 5617 2687 5655 non
2728 5608 2941 5655 tantum
2977 5601 3122 5662 aliis,
3155 5603 3250 5655 sed
3278 5609 3333 5655 et
3362 5599 3464 5654 sibi

1886 5694 2163 5765 persuasit
2206 5695 2432 5763 scriptas
2470 5691 2635 5746 fuisse
2670 5690 2883 5760 aliquas
2933 5692 3001 5745 ab
3032 5690 3234 5759 lgnatto
3260 5691 3469 5751 episto-
