3786 6300
408 298 508 353 M7

1432 284 1508 345 AS.
1545 286 1899 346 lGNATlUS.
1942 318 2005 328 —
2043 285 2574 343 PROLEGOMENA.

3558 281 3669 336 ‘HS

406 421 506 487 las,
545 418 689 490 quod
745 432 940 473 omnes
991 425 1115 470 ante
1144 431 1291 479 eum,
1337 412 1565 477 scilicet,
1618 413 1901 483 ignorabat

2174 412 2323 465 nlus:
2357 409 2491 464 Οὔτε
2524 410 2630 481 γὰρ
2660 410 2789 480 ἐγὼ,
2826 409 2948 463 οὔτε
2992 407 3151 471 ἄλλος
3197 408 3386 479 ὅμοιος
3423 406 3545 475 ἐμοὶ
3576 405 3669 460 δύ-

406 512 510 566 Sed
536 511 666 581 quid
709 525 848 579 Opus
877 517 960 564 est
996 517 1054 562 ut
1084 508 1355 575 impostor
1402 506 1505 560 hoc
1533 521 1598 559 ex
1627 505 1857 574 epistola
1882 502 1985 557 Po-

404 603 608 674 lycarpi
639 602 893 666 disceret,
925 609 1039 663 aut,
1074 609 1132 653 ut
1163 598 1255 652 alii
1300 597 1426 652 inde
1474 596 1780 661 haurirent,
1826 611 1988 649 cura-

406 696 531 750 ret?
563 694 733 761 Quasi
765 710 883 748 vero
914 694 1191 763 quisquam
1247 690 1377 745 adeo
1410 690 1606 743 stultus
1635 691 1725 752 sit,
1752 699 1810 741 ut
1839 697 1985 756 neget

412 788 745 857 rmplissimw
775 786 1009 839 civitatis
1038 785 1359 853 episcopum,
1395 782 1463 836 ad
1492 782 1601 836 hare
1621 781 1986 849 apostolorum

403 878 729 945 discipulum
777 877 917 931 ullas
960 875 1035 929 vel
1091 876 1319 928 scribere
1371 876 1627 944 potuisse,
1678 874 1754 927 vel
1806 889 1985 927 revera

404 971 680 1040 scripsisse
705 970 931 1023 litteras.
960 967 1136 1022 Verba
1159 976 1290 1022 sunt
1328 966 1534 1020 Dallzei.
1578 965 1853 1032 Quorsum
1885 964 1987 1034 igi-

404 1068 494 1114 tur
526 1063 880 1129 impostorem
932 1074 1092 1113 suum
1141 1058 1206 1111 ad
1248 1056 1605 1126 Polycarpum
1650 1054 1899 1119 remittit,
1926 1060 1986 1108 ut

402 1154 509 1206 hoc
540 1152 609 1205 ab
629 1166 696 1206 eo
732 1149 945 1205 discat?
970 1163 1234 1219 quorsum
1261 1162 1386 1201 eum
1431 1146 1706 1201 violentas
1738 1144 1987 1215 epistolae

402 1243 706 1299 notissima;
748 1257 948 1296 manus
1003 1239 1207 1294 inferre
1254 1239 1420 1309 cogit,
1458 1247 1518 1293 ut
1547 1239 1684 1294 alios
1714 1237 1856 1293 idem
1886 1237 1986 1296 do-

394 1345 541 1402 ceat,
570 1336 716 1407 quod
749 1349 819 1389 ne
842 1333 995 1391 stulti
1028 1333 1248 1403 quidem
1277 1348 1474 1405 negare
1505 1330 1846 1403 potuerunt?
1878 1328 1983 1384 Sed

398 1431 449 1486 si
482 1432 587 1486 hoc
624 1431 897 1500 impostor
921 1444 988 1483 ex
1040 1426 1342 1499 Polycarpo
1386 1426 1688 1492 didicisset,
1722 1424 1985 1495 epistolas

401 1524 595 1596 lgnatii
634 1525 705 1579 ab
748 1525 869 1593 ipso
918 1523 1175 1579 collectas
1200 1531 1255 1577 et
1292 1520 1598 1591 posteritati
1629 1517 1983 1575 commenda-

401 1627 486 1673 tas
526 1617 720 1684 fuisse,
773 1617 917 1671 unde
948 1630 1044 1671 eas
1083 1615 1197 1686 jam
1229 1613 1529 1669 desiderari
1555 1610 1985 1666 animadvertit?

401 1709 546 1763 unde
576 1710 683 1763 hoc
731 1710 815 1763 vir
846 1710 1203 1763 doctissimus
1251 1708 1487 1764 didicit?
1534 1709 1659 1777 quis
1705 1706 1983 1760 collectio-

400 1820 525 1859 nem
557 1802 840 1874 Polycarpi
887 1804 1116 1873 periisse
1142 1803 1301 1867 dixut,
1356 1812 1452 1857 aut
1481 1801 1713 1856 credidit
1740 1801 1763 1853 ?
1791 1799 1981 1855 Nonne

400 1897 593 1951 eodem
622 1897 782 1952 tertio
806 1897 1009 1952 saeculo
1035 1895 1249 1950 dixerat
1274 1894 1539 1965 Origenes
1564 1913 1579 1949 :
1609 1893 1895 1963 Eleganter
1926 1893 1979 1945 in

401 1989 682 2055 cujusdam
714 1989 966 2058 martyris
1012 1988 1236 2058 epistola
1279 1989 1537 2057 scriptum
1592 1986 1783 2051 reperi,
1812 1984 1979 2055 Igna-

401 2080 533 2130 tium
556 2078 697 2142 dico,
729 2079 1029 2148 episcopum
1062 2077 1359 2131 Antiochia:
1400 2089 1515 2147 post
1552 2074 1772 2130 Petrum
1798 2092 1983 2130 secun-

396 2170 549 2235 dum,
568 2172 659 2241 qui
685 2173 739 2225 in
764 2173 1124 2237 persecutione
1166 2172 1347 2226 Roma)
1375 2172 1625 2242 pugnavit
1667 2171 1737 2225 ad
1754 2172 1985 2226 bestius?

400 2265 480 2320 An
512 2266 604 2335 qui
633 2264 995 2336 Polycarpum
1026 2266 1252 2335 legerat,
1302 2265 1612 2333 lectamque
1638 2265 1758 2335 ejus
1782 2266 1982 2319 etiam-

401 2372 534 2409 num
572 2357 624 2410 in
652 2357 888 2426 publicis
916 2357 1280 2412 conventibus
1330 2357 1622 2427 epistolam
1652 2364 1898 2421 noverat,
1930 2364 1984 2409 et

399 2461 466 2501 ex
519 2448 707 2502 eadem
783 2447 1188 2517 lgnatianorum
1270 2448 1590 2518 συναγωγὴν
1649 2455 1798 2502 tanta
1850 2463 1981 2502 cura

404 2539 653 2612 Smyrna:
700 2554 1100 2609 conservatam,
1154 2543 1208 2597 in
1264 2541 1640 2598 Macedoniam
1685 2552 1832 2597 tanta
1859 2559 1981 2597 eum

400 2633 566 2688 laude
600 2636 1007 2699 transmissam,
1036 2635 1518 2698 animadverterat,
1555 2636 1750 2690 eodem
1783 2635 1984 2690 saeculo

403 2744 515 2798 quo
538 2726 802 2799 Origenes
833 2726 1081 2783 eamdem
1120 2728 1458 2794 laudaverat,
1484 2727 1727 2783 funditus
1758 2729 1986 2799 periisse

405 2830 596 2889 putare
623 2819 842 2889 potuit?
870 2818 1043 2875 Nimis
1090 2835 1274 2877 crassa
1306 2821 1424 2876 haec
1473 2830 1620 2887 sunt,
1676 2837 1840 2892 quam
1876 2830 1985 2875 uta

402 2914 535 2967 viris
565 2913 744 2967 doctis
773 2922 1129 2982 coquantur;
1176 2913 1343 2968 nimis
1394 2913 1657 2980 invalida,
1708 2929 1874 2984 quam
1928 2923 1988 2967 ut

403 3013 784 3075 argumentum
841 3015 1090 3060 nostrum
1161 3006 1465 3072 debilitent,
1518 3021 1629 3075 quo
1685 3020 1794 3060 non
1850 3007 1987 3063 alias

2087 519 2241 555 ναται
2271 502 2734 574 κατακολουθῆσαι
2755 506 2817 575 τῇ
2855 503 3016 573 σοφίᾳ
3035 502 3128 555 τοῦ
3162 501 3435 571 μακαρίου
3474 500 3570 552 καὶ
3589 500 3671 550 ἐν-

2084 594 2238 659 δόξου
2272 594 2508 658 Παύλου,
2537 596 2596 659 ὃς
2624 596 2915 666 γενόμενος
2949 599 3008 650 ὲν
3035 596 3166 665 ὑμῖν
3214 594 3358 648 κατά
3383 594 3671 664 πρόσωπον

2085 686 2195 740 τῶν
2223 688 2344 740 τότε
2377 687 2701 759 ἀνθρώπων,
2738 687 2975 753 ἐδίδαξεν
3027 686 3272 757 ἀκριὸὦς
3305 687 3401 738 καὶ
3440 683 3671 754 βεϐαίως

2084 780 2178 832 τὸν
2212 781 2342 850 περὶ
2382 779 2641 850 ἀληθείας
2687 780 2873 848 λόγον·
2908 779 2967 843 ὃς
3006 780 3101 833 καὶ
3133 778 3288 833 ἀπὼν
3324 780 3457 849 ύμῖν
3505 778 3668 847 E79:-

2084 871 2187 942 ψεν
2220 872 2526 935 ἐπιστολάς.
2579 872 2792 937 Quibus
2820 872 2947 940 quis
2985 887 3092 925 non
3140 872 3286 925 videt
3341 887 3473 925 eum
3516 868 3671 939 lgna-

2086 964 2223 1017 tium
2256 973 2505 1018 nostrum
2529 963 2596 1018 ad
2626 963 2916 1033 Ephesios,
2948 964 3276 1033 quibuscum
3312 964 3521 1032 pariter
3541 978 3671 1017 con-

2086 1064 2338 1111 versatus
2365 1065 2450 1111 est
2474 1066 2527 1110 et
2546 1057 2617 1110 ad
2648 1070 2790 1126 quos
2823 1056 3119 1123 scripserat
3142 1055 3199 1109 S.
3227 1054 3455 1119 Paulus,
3492 1056 3672 1108 imita-

2088 1156 2201 1202 tum
2239 1163 2362 1203 esse
2411 1147 2483 1201 ita
2519 1148 2885 1202 scribentem:
2918 1145 3047 1200 Οἶδα
3102 1148 3186 1211 τίς
3239 1149 3377 1218 είμι,
3410 1148 3508 1199 καὶ
3532 1147 3671 1198 τίσιν

2085 1238 2302 1309 γράφω.
2330 1238 2544 1292 Παύλου
2577 1240 2891 1310 συμμύσται
2924 1238 3018 1292 τοῦ
3053 1240 3411 1309 ἡγιασμένον,
3462 1257 3671 1309 μεμαρ-

2085 1332 2395 1403 τυρημένου
2442 1332 2927 1405 ἁξιομακαρίστου.
2982 1328 3057 1388 Οῦ
3102 1334 3312 1403 γένοιτό
3346 1351 3437 1404 μοι
3469 1333 3579 1386 ὑπὸ
3606 1334 3671 1385 τὰ

2088 1424 2208 1495 ἴχνη
2248 1425 2560 1496 εὑρεθῆναι,
2606 1427 2684 1479 ὅτ’
2713 1424 2778 1479 ἂν
2833 1425 2968 1478 Θεοῦ
3025 1426 3299 1495 ἐπιτύχωο
3333 1426 3393 1489 ὃς
3431 1428 3495 1479 ὲν
3523 1426 3672 1499 πάσῃ

2086 1516 2344 1595 ἐπιστολῇ
2374 1516 2700 1589 μνημονεύει
2734 1516 2888 1588 ὑμῶν
2919 1520 2977 1571 έν
3000 1518 3221 1588 Χριστῷ
3267 1516 3467 1588 Ἰησοῦ.
3492 1516 3671 1571 Monet

2086 1607 2442 1679 Polycarpus,
2520 1616 2581 1662 ut
2632 1608 3011 1678 Philippenses
3072 1610 3183 1665 sint
3238 1610 3673 1679 ὑποτασσόμενοι

2085 1701 2496 1774 πρεσϐυτέροις,
2554 1702 2647 1755 καὶ
2693 1702 2958 1766 διακόνοις
3002 1703 3077 1765 ὡς
3122 1702 3241 1772 Θεῷ
3286 1704 3381 1755 καὶ
3431 1702 3673 1774 Χριστῷ,

2014 1772 2055 1826 Β
2085 1794 2231 1862 quod
2283 1796 2441 1850 toties
2472 1795 2713 1849 inculcat
2747 1794 2990 1865 lgnatius
3020 1808 3228 1849 noster.
3268 1794 3345 1849 De
3374 1796 3633 1850 diaconis
3662 1818 3673 1850 ;

2097 1888 2328 1958 Ὁμοίως
2368 1889 2605 1943 διάκονοι
2652 1891 2931 1960 ἄμεμπτοι
2991 1889 3328 1942 κατενώπιον
3375 1888 3547 1941 αὐτοῦ
3582 1890 3674 1958 τῆς

2083 1980 2434 2054 δικαιοσύνης
2480 1981 2556 2047 ὡς
2582 1980 2718 2034 Θεοῦ
2755 1982 2847 2035 καὶ
2882 1980 3118 2052 Χριστοῦ
3154 1981 3415 2045 διάκονοι,
3454 1984 3551 2035 καὶ⁵
3583 1982 3676 2034 οὖν

2087 2074 2411 2147 ἀνθρώπων.
2467 2071 2539 2127 Ut
2576 2084 2759 2128 noster
2802 2075 2868 2129 ad
2918 2074 3265 2130 Trallenses:
3326 2076 3422 2127 Δεῖ
3466 2075 3524 2128 δὲ
3589 2076 3673 2129 καὶ

2084 2168 2212 2231 τοὺς
2262 2166 2544 2231 διακόνους
2601 2167 2759 2230 ὄντας
2816 2168 3131 2240 μυστηρίων
3199 2167 3375 2239 Ἰησοῦ
3436 2168 3676 2239 Χριστοῦ

2087 2260 2227 2314 κατὰ
2256 2260 2436 2315 πάντα
2465 2260 2664 2331 τρόπον
2700 2262 2865 2313 πᾶσιν
2898 2261 3185 2330 ἀρέσκεινο
3221 2261 3281 2313 ού
3303 2261 3413 2332 γὰρ

2084 2373 2193 2409 των
2222 2356 2317 2408 καὶ
2361 2354 2541 2409 ποτῶν
2574 2355 2710 2409 εἰσὶν
2758 2355 3016 2419 διάκονοι,
3064 2355 3175 2410 ἀλλ’
3211 2356 3510 2427 ἐκκλησίας
3544 2355 3676 2407 Θεοῖ

2084 2446 2382 2518 ὑπηρέται.
2432 2445 2686 2516 Praecipit
2735 2445 3069 2517 Polycarpus
3114 2446 3593 2517 Philippensibus,
3625 2456 3675 2498 ut

2087 2540 2199 2595 sint
2254 2539 2327 2610 μὴ
2359 2537 2689 2610 ἀμελοῦντες
2731 2541 2927 2611 χήρας,
2978 2538 3010 2610 ἢ
3044 2539 3301 2610 ὀρφανοῦ,
3348 2550 3381 2621 ἢ
3420 2539 3678 2609 πένητος.

2088 2645 2214 2684 cum
2243 2628 2483 2701 lgnatius
2512 2632 2583 2684 ita
2609 2630 2892 2686 luereticos
2930 2633 3013 2685 sui
3050 2633 3312 2701 temporis
3353 2633 3663 2702 descripsis

2089 2728 2190 2785 set,
2224 2718 2354 2789 περὶ
2379 2720 2601 2790 ἀγάπης
2624 2720 2683 2773 οὐ
2724 2721 2874 2791 μέλει
2903 2722 3107 2787 αὐτοῖς,
3142 2723 3203 2774 ού
3232 2723 3361 2791 περὶ
3389 2724 3595 2793 χήρας,
3621 2724 3679 2775 ού

2090 2813 2219 2882 περὶ
2253 2813 2513 2884 ὀρφανοῦ,
2570 2813 2631 2865 ού
2686 2814 2814 2884 περὶ
2864 2814 3206 2885 θλιϐομένου,
3245 2825 3298 2868 et
3350 2816 3459 2884 ipsi
3514 2815 3675 2887 Poly-

2090 2918 2257 2973 carpo
2296 2904 2403 2959 hoc
2451 2916 2780 2974 praeceptum
2833 2906 3091 2970 dedisset,
3149 2906 3314 2976 χῆραι
3351 2906 3426 2977 μὴ
3455 2908 3680 2977 ἀμελεί-

2095 2993 2327 3047 σθωσαν.
2358 2993 2516 3049 Unde
2552 2996 2666 3058 illa,
2706 3011 2827 3065 qua:
2860 3012 3005 3051 nunc
3036 2996 3226 3050 Latina
3277 3007 3491 3050 tantum
3542 2998 3679 3067 legi-

401 3112 567 3167 quam
618 3105 836 3152 nostras
867 3112 897 3150 a
927 3095 1230 3168 Polycarpo
1258 3099 1433 3153 editas
1482 3096 1743 3167 epistolas
1801 3106 1896 3151 osti

2191 3102 2237 3149 s,
2282 3085 2389 3140 nisi
2418 3101 2486 3140 ex
2522 3084 2730 3156 lgnatio
2778 3087 3015 3140 nostro?
3046 3085 3157 3155 Ego
3188 3096 3366 3166 autem
3403 3088 3545 3139 nihil
3578 3088 3679 3140 tale

402 3192 605 3245 dimus.

475 3282 618 3337 Idem
651 3292 831 3337 autem
865 3282 993 3349 alio,
1028 3290 1084 3337 et
1117 3283 1337 3352 quidem
1382 3281 1729 3347 allirmativo,
1762 3298 1866 3337 nec
1890 3281 1986 3336 illo

404 3376 808 3431 contemnendo
851 3385 1197 3447 argumento,
1239 3391 1305 3429 ex
1335 3375 1469 3445 ipsis
1497 3374 1742 3444 epistolis
1791 3374 1982 3443 petito,

402 3485 511 3523 non
550 3468 738 3523 leviter
762 3469 1088 3522 confirmare
1118 3484 1206 3522 me
1232 3484 1393 3538 posse
1421 3468 1655 3555 cqnﬁtlo.
1687 3465 1805 3520 Non
1838 3466 1983 3520 enim

402 3568 617 3613 tantum
670 3568 889 3615 nostras
940 3560 1199 3629 epistolas
1247 3558 1497 3630 quamvis
1527 3558 1871 3630 generaliter,
1898 3567 1984 3612 ta—

399 3666 524 3703 men
551 3650 685 3705 satis
706 3651 907 3706 diserte
947 3650 1228 3715 describit,
1256 3667 1396 3720 quas
1427 3651 1611 3716 ﬁdem,
1639 3650 1981 3719 patientiam,

400 3755 732 3810 omnemque
788 3743 1205 3797 aediﬁcationem
1276 3743 1557 3795 continere
1611 3750 1863 3804 testatur,
1916 3741 1983 3795 de

402 3849 510 3901 qua
543 3850 602 3885 re
630 3834 793 3903 paulo
829 3833 1005 3888 fusius
1041 3842 1168 3888 ante
1190 3833 1466 3897 diximus;
1499 3832 1592 3887 sed
1622 3840 1676 3885 et
1700 3831 1981 3901 speciatim

400 3924 727 3993 legationem
760 3926 823 3978 ad
850 3925 1220 3979 Antiochenos
1248 3924 1437 3993 tangit,
1461 3938 1583 3993 quae
1616 3939 1742 3977 cum
1779 3923 1831 3976 in
1861 3923 1983 3978 aliis

399 4022 517 4067 tum
572 4015 845 4083 praecipue
877 4016 929 4067 in
978 4015 1067 4068 illa
1100 4014 1167 4068 ad
1212 4013 1576 4084 Polycarpum
1629 4022 1841 4079 exstat;
1871 4012 1982 4066 imo

402 4107 517 4174 ipse
546 4105 881 4176 Polycarpus
913 4108 966 4160 in
1016 4107 1224 4175 reliquo
1254 4106 1497 4175 epistolae
1541 4120 1767 4174 corpore
1810 4105 1981 4159 multa

402 4206 777 4267 repraesentat,
804 4214 925 4268 quae
948 4198 1207 4269 epistolas
1237 4208 1454 4253 nostras
1486 4215 1627 4267 saepe
1657 4198 1977 4266 respiciunt;

401 4297 462 4342 ut
491 4304 615 4343 eum
640 4290 861 4343 easdem
888 4289 1116 4343 omnino
1164 4288 1453 4359 diligenter
1478 4289 1697 4357 legisse,
1723 4298 1776 4343 et
1802 4289 1979 4342 liben-

401 4388 484 4434 ter
515 4396 676 4435 usum
709 4380 905 4443 fuisse,
943 4379 1124 4449 quivis
1157 4378 1473 4449 perspiciat,
1520 4388 1579 4434 ut
1605 4379 1693 4432 vix
1744 4378 1803 4434 S.
1836 4378 1979 4432 Pau-

2088 3176 2227 3229 sensi
2267 3176 2323 3228 in
2351 3175 2514 3240 vobis,
2547 3177 2626 3229 vel
2653 3176 2855 3241 audivi,
2889 3178 2943 3230 in
2973 3177 3163 3249 quibus
3200 3179 3465 3231 laboravit
3493 3180 3679 3232 beatus

2094 3265 2334 3329 Paulus;
2365 3269 2453 3337 qui
2482 3268 2607 3321 estis
2636 3269 2689 3320 in
2732 3270 2994 3338 principio
3035 3270 3273 3338 epistola:
3299 3270 3415 3339 ejus
3442 3286 3461 3323 .°
3487 3272 3557 3324 de
3589 3290 3680 3325 ro-

2089 3356 2167 3412 bis
2205 3360 2397 3412 etenim
2429 3359 2694 3429 gloriatur
2728 3362 2781 3413 in
2810 3361 3050 3414 omnibus
3077 3363 3331 3416 ecclesiis.
3382 3362 3565 3429 Nihil,
3601 3364 3680 3417 in-

2088 3450 2208 3519 quit
2236 3449 2572 3521 Polycarpus
2597 3451 2662 3505 ad
2691 3451 3085 3521 Philippenses,
3118 3469 3206 3506 vos
3232 3453 3361 3505 latet
3380 3468 3398 3505 :
3428 3452 3680 3521 lgnatius

2088 3544 2155 3597 ad
2190 3542 2488 3614 Ephesios:
2538 3540 2642 3597 Ὧν
2672 3544 2825 3597 οὐδὲν
2888 3544 3137 3599 λανθάνει
3187 3546 3353 3616 ὑμᾶς.
3382 3545 3448 3600 Et
3477 3558 3682 3616 praeter

2087 3637 2193 3689 alia
2246 3636 2534 3701 nonnulla,
2580 3637 2842 3706 epistolas
2900 3638 3091 3707 lgnatii
3144 3637 3488 3708 Polycarpus
3515 3641 3680 3710 quasi

2088 3727 2261 3797 ipsius
2291 3729 2473 3783 verbis
2507 3731 2723 3785 tandem
2760 3731 2967 3793 laudat,
3021 3729 3251 3796 scilicet,
3295 3733 3442 3801 quod
3498 3736 3680 3787 conti-

2082 3830 2253 3874 neant
2294 3821 2581 3893 οἰκοδομὴν
2630 3822 2728 3893 τὴν
2776 3824 2854 3885 είς
2885 3822 2977 3876 τὸν
3006 3822 3208 3893 Κύριον
3248 3824 3590 3893 ἀνήκουσαν,
3626 3834 3678 3878 ut

2087 3913 2216 3967 ille:
2253 3913 2499 3983 Ἔτοιμοί
2525 3915 2649 3965 ἐστε
2683 3915 2763 3976 εἱς
2793 3914 3040 3967 εὐποιΐαν
3078 3913 3201 3984 Θεῷ
3241 3915 3583 3984 ἀνήκουσαν,
3626 3927 3678 3968 et

2086 4005 2213 4059 alibi
2249 4023 2262 4059 :
2302 4003 2423 4057 Τῶν
2448 4004 2760 4074 ἀνηκόντων
2790 4006 2871 4067 είς
2905 4006 3005 4075 τὴν
3056 4005 3401 4076 Ἐκκλησίαν,
3432 4016 3527 4059 et:
3565 4008 3678 4075 Τὴν

2082 4097 2358 4150 διακονίαν
2385 4096 2483 4167 τὴν
2516 4100 2597 4161 εἰς
2622 4097 2684 4150 τὸ
2717 4098 2894 4150 κοινὸν
2915 4079 3261 4168 ἀνήκουσαν.
3318 4096 3445 4151 llaec
3482 4106 3677 4153 osten-

2082 4189 2222 4242 dunt
2244 4186 2609 4259 Polycarpum
2641 4190 2693 4242 in
2728 4190 2813 4243 his
2838 4189 2991 4259 ipsis,
3026 4205 3163 4259 quas
3202 4205 3300 4243 nos
3326 4190 3493 4243 etiam
3548 4202 3676 4244 tan-

2082 4278 2204 4332 dem
2239 4279 2523 4344 habemus,
2548 4277 2739 4347 lgnatii
2763 4278 3008 4347 epistolis
3032 4294 3140 4334 non
3174 4278 3525 4350 indiligenter
3553 4294 3680 4333 ver-

2082 4378 2259 4424 satum
2290 4384 2432 4424 esse.

398 4472 535 4538 lum,
566 4481 660 4526 aut
692 4472 750 4526 S.
784 4470 1030 4529 Petrum,
1070 4479 1164 4524 aut
1188 4469 1524 4525 Clementem
1571 4471 1747 4540 magis
1779 4470 1831 4524 in
1865 4471 1981 4541 epi-
2014 4460 2062 4519 ι)
2155 4465 2335 4532 Atque
2368 4464 2459 4519 hic
2481 4465 2643 4518 finem
2669 4464 2799 4519 huic
2833 4465 3195 4534 disputationi
3226 4466 3513 4535 imponere
3533 4475 3673 4521 tem,

399 4564 535 4618 stola
573 4580 693 4627 sua,
727 4580 891 4634 quam
916 4563 1185 4634 lgnatium
1222 4573 1472 4618 nostrum
1500 4572 1722 4619 secutus
1754 4578 1874 4618 esse
1898 4564 1979 4615 vi-

397 4655 613 4708 deatur.
665 4653 876 4724 Quippe
914 4670 982 4708 ex
1019 4669 1232 4709 summa
1285 4655 1659 4719 veneratione,
1706 4651 1978 4721 frequenti

399 4746 653 4810 lectione,
683 4754 737 4798 et
759 4744 963 4798 recenti
1019 4744 1284 4798 memoria
1318 4754 1452 4799 tunc
1502 4758 1626 4797 cum
1674 4742 1741 4797 ad
1772 4740 1981 4809 Philip-

397 4852 596 4909 penses
621 4836 901 4900 scriberet,
933 4836 1047 4889 haec
1075 4835 1194 4903 ejus
1228 4835 1414 4888 animo
1442 4834 1548 4889 alte
1584 4834 1854 4890 insedisse
1875 4834 1978 4887 ob-

396 4943 703 4984 servamus.
737 4925 933 4979 Statim
956 4925 1025 4979 ab
1051 4924 1229 4987 initio,
1256 4938 1381 4977 cum
1413 4925 1481 4977 de
1512 4923 1722 4994 Ignatio
1749 4923 1979 4991 ejusque

393 5020 691 5076 comitibus
719 5016 982 5088 loquitur,
1016 5030 1111 5070 eos
1150 5016 1223 5069 ita
1254 5014 1537 5081 describit,
1585 5015 1714 5077 τοὺς
1772 5016 1978 5085 ἐνειλη-

397 5111 595 5182 μὲνους
621 5111 737 5171 τοῖς
773 5104 1137 5176 ἀγιοπρεπέσι
1187 5104 1425 5175 δεσμοῖς,
1458 5105 1614 5159 ἅτινά
1659 5107 1774 5158 ἐστι
1793 5105 1977 5179 διαδή-

399 5217 546 5271 ματα
574 5198 682 5252 τῶν
708 5196 926 5267 ἀληθῶς
972 5194 1078 5247 ὑπὸ
1116 5193 1275 5257 Θεοῦ,
1319 5197 1413 5250 καὶ
1442 5196 1537 5250 τοῦ
1568 5196 1775 5267 Κυρίου
1820 5200 1851 5267 ἡ
1863 5199 1977 5268 μῶν

398 5294 826 5365 ὲκλελεγμένων,
859 5294 1034 5362 iisque
1055 5290 1237 5346 verbis
1261 5291 1371 5344 duo
1410 5290 1606 5360 lgnatii
1650 5292 1825 5345 nostri
1860 5293 1976 5346 loca

397 5390 689 5457 expressit,
714 5402 886 5443 unum
918 5384 1163 5455 epistola:
1189 5384 1255 5437 ad
1287 5382 1632 5452 Smyrnaeos:
1687 5383 1978 5453 Δεδεμένος

398 5480 890 5551 θτοπρεττεστάτοις
917 5480 1135 5551 δεσμοῖς
1159 5479 1366 5539 πάντας
1385 5476 1721 5546 ἀσπάζομαι,
1746 5476 1975 5529 alterum

396 5564 463 5629 ad
486 5574 782 5643 Ephesios:
818 5574 907 5627 Ἐν
939 5568 983 5641 ᾧ
1014 5574 1083 5626 τὰ
1110 5571 1288 5643 δεσμὰ
1332 5570 1614 5642 περιφέρω
1651 5571 1777 5632 τοὺς
1811 5587 1977 5621 πνευ-

401 5668 665 5739 ματικοὺς
698 5666 1063 5738 μαργαρίτας.
1125 5665 1191 5720 Ει
1238 5682 1346 5719 non
1402 5665 1573 5718 multo
1600 5677 1723 5733 post
1752 5664 1817 5717 ad
1850 5663 1977 5718 Phi-

398 5762 676 5831 lippcnscs
735 5774 888 5827 suos,
944 5760 1010 5815 ad
1057 5775 1194 5829 quos
1250 5760 1537 5831 epistolam
1595 5759 1888 5830 scripserat
1916 5758 1973 5813 S.

2085 4573 2188 4625 pus
2234 4566 2400 4620 esset,
2458 4556 2564 4612 nisi
2622 4556 2875 4622 Dallreus,
2918 4558 2987 4611 ab
3034 4558 3139 4611 hoc
3191 4568 3521 4627 argumento
3571 4559 3673 4612 de-

2084 4649 2292 4717 lapsus,
2338 4655 2551 4715 postea,
2606 4656 2667 4701 ut
2714 4647 2873 4713 solet,
2908 4662 3104 4700 novam
3141 4647 3300 4700 nobis
3354 4648 3672 4701 molestiam

2083 4746 2315 4806 crearet,
2340 4747 2584 4809 et,quasi
2610 4746 2693 4799 sui
2719 4745 2944 4805 oblitus,
2966 4736 3173 4805 aliquid
3234 4736 3455 4801 fortius,
3519 4737 3674 4804 quod

2082 4837 2211 4883 ante
2251 4829 2536 4895 omiserat,
2591 4828 2839 4894 haberet,
2871 4827 3304 4881 controversiam
3334 4828 3481 4879 hanc
3514 4842 3675 4895 post-

2081 4921 2297 4975 liminio
2324 4920 2742 4992 redintegraret.
2776 4921 2965 4990 Capite
2985 4920 3130 4974 enim
3158 4920 3441 4972 tricesimo
3466 4929 3628 4972 sexto
3655 4937 3669 4970 :

2085 5014 2203 5069 Hoc
2222 5023 2381 5080 certe,
2434 5014 2635 5082 inquit,
2684 5013 2973 5082 Polycarpi
3028 5012 3325 5066 testimonio
3354 5009 3546 5063 Latini
3575 5028 3673 5080 pro

2080 5125 2174 5162 sea:
2201 5107 2311 5160 illis
2348 5105 2645 5176 lgnatianis
2666 5107 3075 5176 epistolis,quas
3096 5115 3287 5174 prwter
3321 5102 3677 5157 Usserianant

2082 5201 2446 5254 collectionem
2499 5208 2763 5264 asserunt,
2804 5215 2908 5252 non
2938 5200 3114 5251 minus
3137 5199 3369 5267 speciose
3412 5205 3671 5263 utuntur,

2081 5310 2238 5363 quam
2268 5309 2363 5363 pro
2398 5293 2510 5345 suis
2542 5308 2634 5345 sea:
2660 5293 2849 5361 primis
2903 5293 3368 5346 reverendissimus
3416 5292 3672 5347 Usserins

2080 5397 2129 5439 et
2178 5386 2519 5438 doctissimus
2567 5383 2955 5437 llammondus.
3014 5383 3119 5436 Ain
3166 5398 3320 5448 vero,
3352 5399 3461 5435 non
3494 5386 3674 5436 minus

2083 5478 2313 5545 speciose
2355 5478 2380 5529 ?
2432 5477 2605 5530 miror
2654 5476 2915 5529 maxime.
2975 5476 3056 5527 An
3108 5475 3365 5542 speciose,
3424 5474 3544 5527 imo
3602 5490 3672 5525 an

2082 5570 2310 5623 omnino
2341 5568 2624 5639 Polycarpi
2652 5568 2967 5623 testimonio
2990 5567 3043 5620 in
3076 5582 3138 5620 ea
3172 5582 3232 5620 re
3263 5564 3541 5619 utuntur?
3566 5566 3672 5621 uisi

2082 5663 2315 5716 Dallaaus
2352 5661 2455 5714 hoc
2479 5660 2705 5725 diceret,
2732 5677 2839 5714 non
2866 5660 3183 5725 crederem;
3228 5660 3340 5712 imo
3373 5670 3671 5728 postquam

2081 5758 2242 5825 dixit,
2273 5756 2403 5814 dum
2455 5770 2669 5811 mecum
2723 5754 3020 5826 perpendo,
3072 5770 3180 5809 non
3240 5754 3426 5809 crcdo.
3484 5751 3671 5806 Latini
