  <div class='ocr_page' id='page_1' title='image "/cluster/home/n/w/nwhite01/storage/ocr_20150623/5/hvd.32044019206598/082.png"; bbox 0 0 3786 6316; ppageno 0'>
   <div class='ocr_carea' id='block_1_1' title="bbox 152 284 242 341">
    <p class='ocr_par' dir='ltr' id='par_1_1' title="bbox 152 284 242 341">
     <span class='ocr_line' id='line_1_1' title="bbox 152 284 242 341; baseline 0.022 -2"><span class='ocrx_word' id='word_1_1' title='bbox 152 284 242 341; x_wconf 75' lang='grc' dir='ltr'><strong>ιιο</strong></span> 
     </span>
    </p>
   </div>
   <div class='ocr_carea' id='block_1_2' title="bbox 855 286 2524 349">
    <p class='ocr_par' dir='ltr' id='par_1_2' title="bbox 855 286 2524 349">
     <span class='ocr_line' id='line_1_2' title="bbox 855 286 2524 349; baseline 0.001 -7"><span class='ocrx_word' id='word_1_2' title='bbox 855 286 907 342; x_wconf 79' lang='lat' dir='ltr'><strong>J.</strong></span> <span class='ocrx_word' id='word_1_3' title='bbox 947 288 1314 345; x_wconf 76' lang='lat' dir='ltr'><strong>PEARSONII</strong></span> <span class='ocrx_word' id='word_1_4' title='bbox 1351 291 1673 348; x_wconf 66' lang='lat' dir='ltr'><strong>VINDICIIE</strong></span> <span class='ocrx_word' id='word_1_5' title='bbox 1708 290 2123 349; x_wconf 69' lang='lat' dir='ltr'><strong>IGNA&#39;I‘IANAB.</strong></span> <span class='ocrx_word' id='word_1_6' title='bbox 2167 322 2237 333; x_wconf 94' lang='grc'><strong><em>--</em></strong></span> <span class='ocrx_word' id='word_1_7' title='bbox 2267 291 2450 348; x_wconf 76' lang='lat' dir='ltr'><strong>PARS</strong></span> <span class='ocrx_word' id='word_1_8' title='bbox 2486 290 2524 344; x_wconf 88' lang='lat' dir='ltr'><strong>l.</strong></span> 
     </span>
    </p>
   </div>
   <div class='ocr_carea' id='block_1_3' title="bbox 3275 295 3379 348">
    <p class='ocr_par' dir='ltr' id='par_1_3' title="bbox 3275 295 3379 348">
     <span class='ocr_line' id='line_1_3' title="bbox 3275 295 3379 348; baseline 0.01 -1"><span class='ocrx_word' id='word_1_9' title='bbox 3275 295 3379 348; x_wconf 55' lang='grc' dir='ltr'><strong>ὑί·ίο</strong></span> 
     </span>
    </p>
   </div>
   <div class='ocr_carea' id='block_1_4' title="bbox 149 406 3354 482">
    <p class='ocr_par' dir='ltr' id='par_1_4' title="bbox 149 406 3354 482">
     <span class='ocr_line' id='line_1_4' title="bbox 149 406 3354 482; baseline 0.001 -22"><span class='ocrx_word' id='word_1_10' title='bbox 149 408 298 470; x_wconf 84' lang='lat' dir='ltr'><strong>enim,</strong></span> <span class='ocrx_word' id='word_1_11' title='bbox 330 413 387 459; x_wconf 93' lang='lat' dir='ltr'><strong>ut</strong></span> <span class='ocrx_word' id='word_1_12' title='bbox 413 406 625 475; x_wconf 83' lang='lat' dir='ltr'><strong>opinor,</strong></span> <span class='ocrx_word' id='word_1_13' title='bbox 656 407 735 462; x_wconf 84' lang='lat' dir='ltr'><strong>illi</strong></span> <span class='ocrx_word' id='word_1_14' title='bbox 777 419 928 477; x_wconf 91' lang='lat' dir='ltr'><strong>sunt,</strong></span> <span class='ocrx_word' id='word_1_15' title='bbox 982 412 1077 482; x_wconf 87' lang='lat' dir='ltr'><strong>qui</strong></span> <span class='ocrx_word' id='word_1_16' title='bbox 1124 413 1381 470; x_wconf 73' lang='lat' dir='ltr'><strong>Ecclesia:</strong></span> <span class='ocrx_word' id='word_1_17' title='bbox 1432 414 1693 470; x_wconf 75' lang='lat' dir='ltr'><strong>Romana:</strong></span> <span class='ocrx_word' id='word_1_18' title='bbox 1722 421 1769 476; x_wconf 75' lang='grc' dir='ltr'>Α</span> <span class='ocrx_word' id='word_1_19' title='bbox 1797 428 1987 468; x_wconf 86' lang='lat' dir='ltr'><strong>omnes</strong></span> <span class='ocrx_word' id='word_1_20' title='bbox 2022 424 2225 468; x_wconf 88' lang='lat' dir='ltr'><strong>norunt</strong></span> <span class='ocrx_word' id='word_1_21' title='bbox 2271 428 2393 468; x_wconf 88' lang='lat' dir='ltr'><strong>esse</strong></span> <span class='ocrx_word' id='word_1_22' title='bbox 2426 412 2763 467; x_wconf 86' lang='lat' dir='ltr'><strong>falsissima?</strong></span> <span class='ocrx_word' id='word_1_23' title='bbox 2794 411 2997 482; x_wconf 79' lang='lat' dir='ltr'><strong>Nempe</strong></span> <span class='ocrx_word' id='word_1_24' title='bbox 3038 424 3093 466; x_wconf 76' lang='lat' dir='ltr'><strong>ut</strong></span> <span class='ocrx_word' id='word_1_25' title='bbox 3122 412 3354 482; x_wconf 78' lang='lat' dir='ltr'><strong>Polycar</strong></span> 
     </span>
    </p>
   </div>
   <div class='ocr_carea' id='block_1_5' title="bbox 150 498 1693 581">
    <p class='ocr_par' dir='ltr' id='par_1_5' title="bbox 150 498 1693 581">
     <span class='ocr_line' id='line_1_5' title="bbox 150 498 1693 581; baseline 0.01 -30"><span class='ocrx_word' id='word_1_26' title='bbox 150 498 422 563; x_wconf 67' lang='lat' dir='ltr'><strong>adhaerent,</strong></span> <span class='ocrx_word' id='word_1_27' title='bbox 473 514 706 567; x_wconf 89' lang='lat' dir='ltr'><strong>quorum</strong></span> <span class='ocrx_word' id='word_1_28' title='bbox 772 519 900 573; x_wconf 90' lang='lat' dir='ltr'><strong>pars</strong></span> <span class='ocrx_word' id='word_1_29' title='bbox 958 506 1199 560; x_wconf 77' lang='lat' dir='ltr'><strong>maxima</strong></span> <span class='ocrx_word' id='word_1_30' title='bbox 1235 509 1519 577; x_wconf 77' lang='lat' dir='ltr'><strong>epistolas,</strong></span> <span class='ocrx_word' id='word_1_31' title='bbox 1554 526 1693 581; x_wconf 90' lang='lat' dir='ltr'><strong>quas</strong></span> 
     </span>
    </p>
   </div>
   <div class='ocr_carea' id='block_1_6' title="bbox 151 590 1691 672">
    <p class='ocr_par' dir='ltr' id='par_1_6' title="bbox 151 590 1691 672">
     <span class='ocr_line' id='line_1_6' title="bbox 151 590 1691 672; baseline 0.009 -29"><span class='ocrx_word' id='word_1_32' title='bbox 151 590 299 645; x_wconf 86' lang='lat' dir='ltr'><strong>nostri</strong></span> <span class='ocrx_word' id='word_1_33' title='bbox 348 591 617 659; x_wconf 87' lang='lat' dir='ltr'><strong>rejiciunt,</strong></span> <span class='ocrx_word' id='word_1_34' title='bbox 679 595 944 650; x_wconf 89' lang='lat' dir='ltr'><strong>hactenus</strong></span> <span class='ocrx_word' id='word_1_35' title='bbox 998 600 1219 668; x_wconf 88' lang='lat' dir='ltr'><strong>recepit.</strong></span> <span class='ocrx_word' id='word_1_36' title='bbox 1276 600 1381 656; x_wconf 88' lang='lat' dir='ltr'><strong>Sed</strong></span> <span class='ocrx_word' id='word_1_37' title='bbox 1431 604 1578 672; x_wconf 89' lang='lat' dir='ltr'><strong>quod</strong></span> <span class='ocrx_word' id='word_1_38' title='bbox 1613 605 1691 657; x_wconf 89' lang='lat' dir='ltr'><strong>illi</strong></span> 
     </span>
    </p>
   </div>
   <div class='ocr_carea' id='block_1_7' title="bbox 151 683 1697 757">
    <p class='ocr_par' dir='ltr' id='par_1_7' title="bbox 151 683 1697 757">
     <span class='ocr_line' id='line_1_7' title="bbox 151 683 1697 757; baseline 0.009 -21"><span class='ocrx_word' id='word_1_39' title='bbox 151 683 406 752; x_wconf 70' lang='lat' dir='ltr'><strong>f‘olyearpi</strong></span> <span class='ocrx_word' id='word_1_40' title='bbox 440 685 752 741; x_wconf 89' lang='lat' dir='ltr'><strong>testimonio</strong></span> <span class='ocrx_word' id='word_1_41' title='bbox 786 686 907 742; x_wconf 89' lang='lat' dir='ltr'><strong>freti</strong></span> <span class='ocrx_word' id='word_1_42' title='bbox 937 690 987 741; x_wconf 90' lang='lat' dir='ltr'><strong>id</strong></span> <span class='ocrx_word' id='word_1_43' title='bbox 1019 690 1268 757; x_wconf 80' lang='lat' dir='ltr'><strong>fecerint,</strong></span> <span class='ocrx_word' id='word_1_44' title='bbox 1328 696 1571 749; x_wconf 83' lang='lat' dir='ltr'><strong>nondum</strong></span> <span class='ocrx_word' id='word_1_45' title='bbox 1618 697 1697 750; x_wconf 85' lang='lat' dir='ltr'><strong>di-</strong></span> 
     </span>
    </p>
   </div>
   <div class='ocr_carea' id='block_1_8' title="bbox 148 775 1691 843">
    <p class='ocr_par' dir='ltr' id='par_1_8' title="bbox 148 775 1691 843">
     <span class='ocr_line' id='line_1_8' title="bbox 148 775 1691 843; baseline 0.01 -16"><span class='ocrx_word' id='word_1_46' title='bbox 148 775 260 829; x_wconf 90' lang='lat' dir='ltr'><strong>dici.</strong></span> <span class='ocrx_word' id='word_1_47' title='bbox 304 775 601 832; x_wconf 72' lang='lat' dir='ltr'><strong>Audiamus</strong></span> <span class='ocrx_word' id='word_1_48' title='bbox 658 779 1099 837; x_wconf 85' lang='lat' dir='ltr'><strong>illustrissimum</strong></span> <span class='ocrx_word' id='word_1_49' title='bbox 1150 785 1304 839; x_wconf 88' lang='lat' dir='ltr'><strong>illum</strong></span> <span class='ocrx_word' id='word_1_50' title='bbox 1356 788 1691 843; x_wconf 87' lang='lat' dir='ltr'><strong>cardinalem</strong></span> 
     </span>
    </p>
   </div>
   <div class='ocr_carea' id='block_1_9' title="bbox 151 866 1693 950">
    <p class='ocr_par' dir='ltr' id='par_1_9' title="bbox 151 866 1693 950">
     <span class='ocr_line' id='line_1_9' title="bbox 151 866 1693 950; baseline 0.012 -32"><span class='ocrx_word' id='word_1_51' title='bbox 151 866 449 921; x_wconf 84' lang='lat' dir='ltr'><strong>Baronium:</strong></span> <span class='ocrx_word' id='word_1_52' title='bbox 482 868 636 934; x_wconf 82' lang='lat' dir='ltr'><strong>Quod</strong></span> <span class='ocrx_word' id='word_1_53' title='bbox 688 871 855 940; x_wconf 77' lang='lat' dir='ltr'><strong>igitur</strong></span> <span class='ocrx_word' id='word_1_54' title='bbox 884 885 1078 943; x_wconf 83' lang='lat' dir='ltr'><strong>septem</strong></span> <span class='ocrx_word' id='word_1_55' title='bbox 1110 876 1221 930; x_wconf 64' lang='lat' dir='ltr'><strong>illa;-</strong></span> <span class='ocrx_word' id='word_1_56' title='bbox 1249 894 1482 933; x_wconf 83' lang='lat' dir='ltr'><strong>seorsum</strong></span> <span class='ocrx_word' id='word_1_57' title='bbox 1505 883 1693 950; x_wconf 80' lang='lat' dir='ltr'><strong>posita:</strong></span> 
     </span>
    </p>
   </div>
   <div class='ocr_carea' id='block_1_10' title="bbox 148 960 1693 1039">
    <p class='ocr_par' dir='ltr' id='par_1_10' title="bbox 148 960 1693 1039">
     <span class='ocr_line' id='line_1_10' title="bbox 148 960 1693 1039; baseline 0.012 -28"><span class='ocrx_word' id='word_1_58' title='bbox 148 960 433 1014; x_wconf 72' lang='lat' dir='ltr'><strong>haberentur</strong></span> <span class='ocrx_word' id='word_1_59' title='bbox 449 960 537 1029; x_wconf 89' lang='lat' dir='ltr'><strong>(de</strong></span> <span class='ocrx_word' id='word_1_60' title='bbox 561 964 761 1017; x_wconf 86' lang='lat' dir='ltr'><strong>nostris</strong></span> <span class='ocrx_word' id='word_1_61' title='bbox 785 965 1067 1036; x_wconf 88' lang='lat' dir='ltr'><strong>loquitur),</strong></span> <span class='ocrx_word' id='word_1_62' title='bbox 1098 968 1199 1036; x_wconf 79' lang='lat' dir='ltr'><strong>fuit</strong></span> <span class='ocrx_word' id='word_1_63' title='bbox 1225 970 1320 1024; x_wconf 91' lang='lat' dir='ltr'><strong>illa</strong></span> <span class='ocrx_word' id='word_1_64' title='bbox 1336 973 1509 1039; x_wconf 89' lang='lat' dir='ltr'><strong>prima</strong></span> <span class='ocrx_word' id='word_1_65' title='bbox 1532 975 1693 1029; x_wconf 89' lang='lat' dir='ltr'><strong>colle-</strong></span> 
     </span>
    </p>
   </div>
   <div class='ocr_carea' id='block_1_11' title="bbox 145 1049 1687 1127">
    <p class='ocr_par' dir='ltr' id='par_1_11' title="bbox 145 1049 1687 1127">
     <span class='ocr_line' id='line_1_11' title="bbox 145 1049 1687 1127; baseline 0.01 -26"><span class='ocrx_word' id='word_1_66' title='bbox 145 1050 236 1102; x_wconf 89' lang='lat' dir='ltr'><strong>ctio</strong></span> <span class='ocrx_word' id='word_1_67' title='bbox 260 1050 397 1119; x_wconf 79' lang='lat' dir='ltr'><strong>facta</strong></span> <span class='ocrx_word' id='word_1_68' title='bbox 417 1068 451 1104; x_wconf 93' lang='lat' dir='ltr'><strong>a</strong></span> <span class='ocrx_word' id='word_1_69' title='bbox 476 1049 798 1125; x_wconf 84' lang='lat' dir='ltr'><strong>Polycarpo,</strong></span> <span class='ocrx_word' id='word_1_70' title='bbox 821 1057 911 1125; x_wconf 89' lang='lat' dir='ltr'><strong>qui</strong></span> <span class='ocrx_word' id='word_1_71' title='bbox 933 1074 1037 1110; x_wconf 87' lang='lat' dir='ltr'><strong>non</strong></span> <span class='ocrx_word' id='word_1_72' title='bbox 1062 1068 1267 1113; x_wconf 87' lang='lat' dir='ltr'><strong>tantum</strong></span> <span class='ocrx_word' id='word_1_73' title='bbox 1299 1061 1369 1114; x_wconf 90' lang='lat' dir='ltr'><strong>ad</strong></span> <span class='ocrx_word' id='word_1_74' title='bbox 1398 1078 1452 1115; x_wconf 92' lang='lat' dir='ltr'><strong>se</strong></span> <span class='ocrx_word' id='word_1_75' title='bbox 1479 1064 1687 1127; x_wconf 89' lang='lat' dir='ltr'><strong>missas,</strong></span> 
     </span>
    </p>
   </div>
   <div class='ocr_carea' id='block_1_12' title="bbox 144 1139 1679 1218">
    <p class='ocr_par' dir='ltr' id='par_1_12' title="bbox 144 1139 1679 1218">
     <span class='ocr_line' id='line_1_12' title="bbox 144 1139 1679 1218; baseline 0.009 -26"><span class='ocrx_word' id='word_1_76' title='bbox 144 1139 282 1194; x_wconf 82' lang='lat' dir='ltr'><strong>sedet</strong></span> <span class='ocrx_word' id='word_1_77' title='bbox 318 1141 453 1195; x_wconf 89' lang='lat' dir='ltr'><strong>alias</strong></span> <span class='ocrx_word' id='word_1_78' title='bbox 488 1140 545 1196; x_wconf 89' lang='lat' dir='ltr'><strong>in</strong></span> <span class='ocrx_word' id='word_1_79' title='bbox 578 1160 742 1197; x_wconf 81' lang='lat' dir='ltr'><strong>unum</strong></span> <span class='ocrx_word' id='word_1_80' title='bbox 777 1145 1011 1218; x_wconf 83' lang='lat' dir='ltr'><strong>collegit,</strong></span> <span class='ocrx_word' id='word_1_81' title='bbox 1038 1164 1156 1217; x_wconf 72' lang='lat' dir='ltr'><strong>qum</strong></span> <span class='ocrx_word' id='word_1_82' title='bbox 1178 1147 1248 1201; x_wconf 90' lang='lat' dir='ltr'><strong>ad</strong></span> <span class='ocrx_word' id='word_1_83' title='bbox 1276 1149 1420 1204; x_wconf 77' lang='lat' dir='ltr'><strong>Asia:</strong></span> <span class='ocrx_word' id='word_1_84' title='bbox 1443 1152 1679 1205; x_wconf 84' lang='lat' dir='ltr'><strong>nomina-</strong></span> 
     </span>
    </p>
   </div>
   <div class='ocr_carea' id='block_1_13' title="bbox 145 1229 1691 1307">
    <p class='ocr_par' dir='ltr' id='par_1_13' title="bbox 145 1229 1691 1307">
     <span class='ocr_line' id='line_1_13' title="bbox 145 1229 1691 1307; baseline 0.011 -27"><span class='ocrx_word' id='word_1_85' title='bbox 145 1239 216 1282; x_wconf 82' lang='lat' dir='ltr'><strong>tas</strong></span> <span class='ocrx_word' id='word_1_86' title='bbox 236 1229 468 1285; x_wconf 83' lang='lat' dir='ltr'><strong>ecclesias</strong></span> <span class='ocrx_word' id='word_1_87' title='bbox 491 1233 705 1302; x_wconf 76' lang='lat' dir='ltr'><strong>scripta:</strong></span> <span class='ocrx_word' id='word_1_88' title='bbox 727 1233 979 1303; x_wconf 80' lang='lat' dir='ltr'><strong>fuissent,</strong></span> <span class='ocrx_word' id='word_1_89' title='bbox 1008 1254 1141 1307; x_wconf 83' lang='lat' dir='ltr'><strong>quas</strong></span> <span class='ocrx_word' id='word_1_90' title='bbox 1172 1280 1188 1303; x_wconf 94' lang='lat'><strong>,</strong></span> <span class='ocrx_word' id='word_1_91' title='bbox 1222 1249 1279 1292; x_wconf 85' lang='lat' dir='ltr'><strong>ut</strong></span> <span class='ocrx_word' id='word_1_92' title='bbox 1311 1249 1560 1306; x_wconf 83' lang='lat' dir='ltr'><strong>testatur,</strong></span> <span class='ocrx_word' id='word_1_93' title='bbox 1589 1244 1691 1297; x_wconf 87' lang='lat' dir='ltr'><strong>mi-</strong></span> 
     </span>
    </p>
   </div>
   <div class='ocr_carea' id='block_1_14' title="bbox 140 1320 1690 1401">
    <p class='ocr_par' dir='ltr' id='par_1_14' title="bbox 140 1320 1690 1401">
     <span class='ocr_line' id='line_1_14' title="bbox 140 1320 1690 1401; baseline 0.01 -30"><span class='ocrx_word' id='word_1_94' title='bbox 140 1320 200 1373; x_wconf 87' lang='lat' dir='ltr'><strong>sit</strong></span> <span class='ocrx_word' id='word_1_95' title='bbox 242 1321 305 1374; x_wconf 87' lang='lat' dir='ltr'><strong>ad</strong></span> <span class='ocrx_word' id='word_1_96' title='bbox 345 1320 733 1393; x_wconf 87' lang='lat' dir='ltr'><strong>Philippenses.</strong></span> <span class='ocrx_word' id='word_1_97' title='bbox 767 1326 842 1379; x_wconf 78' lang='lat' dir='ltr'><strong>lli</strong></span> <span class='ocrx_word' id='word_1_98' title='bbox 894 1344 1032 1393; x_wconf 85' lang='lat' dir='ltr'><strong>vero,</strong></span> <span class='ocrx_word' id='word_1_99' title='bbox 1066 1330 1133 1382; x_wconf 87' lang='lat' dir='ltr'><strong>iis</strong></span> <span class='ocrx_word' id='word_1_100' title='bbox 1164 1347 1196 1382; x_wconf 91' lang='lat' dir='ltr'><strong>a</strong></span> <span class='ocrx_word' id='word_1_101' title='bbox 1220 1329 1517 1401; x_wconf 80' lang='lat' dir='ltr'><strong>Polycarpo</strong></span> <span class='ocrx_word' id='word_1_102' title='bbox 1540 1348 1690 1386; x_wconf 86' lang='lat' dir='ltr'><strong>acce-</strong></span> 
     </span>
    </p>
   </div>
   <div class='ocr_carea' id='block_1_15' title="bbox 140 1412 1689 1487">
    <p class='ocr_par' dir='ltr' id='par_1_15' title="bbox 140 1412 1689 1487">
     <span class='ocr_line' id='line_1_15' title="bbox 140 1412 1689 1487; baseline 0.01 -24"><span class='ocrx_word' id='word_1_103' title='bbox 140 1412 248 1478; x_wconf 86' lang='lat' dir='ltr'><strong>ptis,</strong></span> <span class='ocrx_word' id='word_1_104' title='bbox 293 1422 521 1481; x_wconf 79' lang='lat' dir='ltr'><strong>quatuor</strong></span> <span class='ocrx_word' id='word_1_105' title='bbox 554 1416 694 1471; x_wconf 87' lang='lat' dir='ltr'><strong>alias</strong></span> <span class='ocrx_word' id='word_1_106' title='bbox 740 1418 997 1473; x_wconf 85' lang='lat' dir='ltr'><strong>volumini</strong></span> <span class='ocrx_word' id='word_1_107' title='bbox 1049 1422 1417 1487; x_wconf 76' lang='lat' dir='ltr'><strong>addiderunt;</strong></span> <span class='ocrx_word' id='word_1_108' title='bbox 1456 1434 1560 1479; x_wconf 87' lang='lat' dir='ltr'><strong>tres</strong></span> <span class='ocrx_word' id='word_1_109' title='bbox 1602 1426 1689 1478; x_wconf 90' lang='lat' dir='ltr'><strong>ni-</strong></span> 
     </span>
    </p>
   </div>
   <div class='ocr_carea' id='block_1_16' title="bbox 140 1504 1685 1583">
    <p class='ocr_par' dir='ltr' id='par_1_16' title="bbox 140 1504 1685 1583">
     <span class='ocr_line' id='line_1_16' title="bbox 140 1504 1685 1583; baseline 0.01 -28"><span class='ocrx_word' id='word_1_110' title='bbox 140 1504 307 1556; x_wconf 79' lang='lat' dir='ltr'><strong>mirum</strong></span> <span class='ocrx_word' id='word_1_111' title='bbox 332 1504 594 1576; x_wconf 80' lang='lat' dir='ltr'><strong>Philippis</strong></span> <span class='ocrx_word' id='word_1_112' title='bbox 645 1511 786 1578; x_wconf 85' lang='lat' dir='ltr'><strong>apud</strong></span> <span class='ocrx_word' id='word_1_113' title='bbox 816 1527 872 1564; x_wconf 90' lang='lat' dir='ltr'><strong>se</strong></span> <span class='ocrx_word' id='word_1_114' title='bbox 904 1511 1083 1579; x_wconf 87' lang='lat' dir='ltr'><strong>datas,</strong></span> <span class='ocrx_word' id='word_1_115' title='bbox 1116 1514 1186 1567; x_wconf 85' lang='lat' dir='ltr'><strong>ad</strong></span> <span class='ocrx_word' id='word_1_116' title='bbox 1210 1513 1585 1583; x_wconf 80' lang='lat' dir='ltr'><strong>Antiochenos,</strong></span> <span class='ocrx_word' id='word_1_117' title='bbox 1614 1518 1685 1571; x_wconf 90' lang='lat' dir='ltr'><strong>ad</strong></span> 
     </span>
    </p>
   </div>
   <div class='ocr_carea' id='block_1_17' title="bbox 142 1594 1684 1679">
    <p class='ocr_par' dir='ltr' id='par_1_17' title="bbox 142 1594 1684 1679">
     <span class='ocr_line' id='line_1_17' title="bbox 142 1594 1684 1679; baseline 0.011 -32"><span class='ocrx_word' id='word_1_118' title='bbox 142 1594 433 1659; x_wconf 84' lang='lat' dir='ltr'><strong>Tarsenses,</strong></span> <span class='ocrx_word' id='word_1_119' title='bbox 495 1608 548 1652; x_wconf 90' lang='lat' dir='ltr'><strong>et</strong></span> <span class='ocrx_word' id='word_1_120' title='bbox 599 1601 668 1653; x_wconf 91' lang='lat' dir='ltr'><strong>ad</strong></span> <span class='ocrx_word' id='word_1_121' title='bbox 724 1601 989 1657; x_wconf 81' lang='lat' dir='ltr'><strong>Heronem</strong></span> <span class='ocrx_word' id='word_1_122' title='bbox 1057 1605 1385 1672; x_wconf 64' lang='lat' dir='ltr'><strong>diaconum,</strong></span> <span class='ocrx_word' id='word_1_123' title='bbox 1456 1625 1684 1679; x_wconf 85' lang='lat' dir='ltr'><strong>quorum</strong></span> 
     </span>
    </p>
   </div>
   <div class='ocr_carea' id='block_1_18' title="bbox 136 1689 1681 1770">
    <p class='ocr_par' dir='ltr' id='par_1_18' title="bbox 136 1689 1681 1770">
     <span class='ocr_line' id='line_1_18' title="bbox 136 1689 1681 1770; baseline 0.012 -30"><span class='ocrx_word' id='word_1_124' title='bbox 136 1689 341 1758; x_wconf 71' lang='lat' dir='ltr'><strong>exempla</strong></span> <span class='ocrx_word' id='word_1_125' title='bbox 381 1693 524 1760; x_wconf 86' lang='lat' dir='ltr'><strong>apud</strong></span> <span class='ocrx_word' id='word_1_126' title='bbox 571 1711 625 1747; x_wconf 89' lang='lat' dir='ltr'><strong>se</strong></span> <span class='ocrx_word' id='word_1_127' title='bbox 670 1699 1087 1759; x_wconf 83' lang='lat' dir='ltr'><strong>remansissent;</strong></span> <span class='ocrx_word' id='word_1_128' title='bbox 1134 1712 1385 1770; x_wconf 85' lang='lat' dir='ltr'><strong>quartam</strong></span> <span class='ocrx_word' id='word_1_129' title='bbox 1434 1721 1554 1757; x_wconf 91' lang='lat' dir='ltr'><strong>vero</strong></span> <span class='ocrx_word' id='word_1_130' title='bbox 1611 1706 1681 1758; x_wconf 89' lang='lat' dir='ltr'><strong>ad</strong></span> 
     </span>
    </p>
   </div>
   <div class='ocr_carea' id='block_1_19' title="bbox 133 1766 1757 1865">
    <p class='ocr_par' dir='ltr' id='par_1_19' title="bbox 133 1766 1757 1865">
     <span class='ocr_line' id='line_1_19' title="bbox 133 1766 1757 1865; baseline 0.011 -33"><span class='ocrx_word' id='word_1_131' title='bbox 133 1782 323 1847; x_wconf 83' lang='lat' dir='ltr'><strong>seipsos,</strong></span> <span class='ocrx_word' id='word_1_132' title='bbox 371 1793 487 1852; x_wconf 84' lang='lat' dir='ltr'><strong>post</strong></span> <span class='ocrx_word' id='word_1_133' title='bbox 533 1802 791 1841; x_wconf 86' lang='lat' dir='ltr'><strong>recessum</strong></span> <span class='ocrx_word' id='word_1_134' title='bbox 841 1790 1104 1861; x_wconf 82' lang='lat' dir='ltr'><strong>Philippis</strong></span> <span class='ocrx_word' id='word_1_135' title='bbox 1146 1766 1213 1845; x_wconf 83' lang='lat' dir='ltr'><strong>ab</strong></span> <span class='ocrx_word' id='word_1_136' title='bbox 1239 1794 1422 1848; x_wconf 85' lang='lat' dir='ltr'><strong>eodem</strong></span> <span class='ocrx_word' id='word_1_137' title='bbox 1465 1794 1680 1865; x_wconf 88' lang='lat' dir='ltr'><strong>Ignatio</strong></span> <span class='ocrx_word' id='word_1_138' title='bbox 1718 1766 1757 1823; x_wconf 71' lang='grc' dir='ltr'><strong>Β</strong></span> 
     </span>
    </p>
   </div>
   <div class='ocr_carea' id='block_1_20' title="bbox 132 1875 1680 1943">
    <p class='ocr_par' dir='ltr' id='par_1_20' title="bbox 132 1875 1680 1943">
     <span class='ocr_line' id='line_1_20' title="bbox 132 1875 1680 1943; baseline 0.012 -19"><span class='ocrx_word' id='word_1_139' title='bbox 132 1875 375 1942; x_wconf 75' lang='lat' dir='ltr'><strong>scriptam.</strong></span> <span class='ocrx_word' id='word_1_140' title='bbox 409 1876 577 1934; x_wconf 85' lang='lat' dir='ltr'><strong>Vides</strong></span> <span class='ocrx_word' id='word_1_141' title='bbox 624 1879 946 1936; x_wconf 88' lang='lat' dir='ltr'><strong>Latinorum</strong></span> <span class='ocrx_word' id='word_1_142' title='bbox 990 1887 1322 1941; x_wconf 86' lang='lat' dir='ltr'><strong>sententiam</strong></span> <span class='ocrx_word' id='word_1_143' title='bbox 1348 1906 1361 1941; x_wconf 87' lang='lat'><strong>:</strong></span> <span class='ocrx_word' id='word_1_144' title='bbox 1392 1889 1680 1943; x_wconf 88' lang='lat' dir='ltr'><strong>collectio-</strong></span> 
     </span>
    </p>
   </div>
   <div class='ocr_carea' id='block_1_21' title="bbox 134 1970 1678 2047">
    <p class='ocr_par' dir='ltr' id='par_1_21' title="bbox 134 1970 1678 2047">
     <span class='ocr_line' id='line_1_21' title="bbox 134 1970 1678 2047; baseline 0.012 -31"><span class='ocrx_word' id='word_1_145' title='bbox 134 1980 234 2017; x_wconf 85' lang='lat' dir='ltr'><strong>nem</strong></span> <span class='ocrx_word' id='word_1_146' title='bbox 262 1976 455 2036; x_wconf 83' lang='lat' dir='ltr'><strong>septem</strong></span> <span class='ocrx_word' id='word_1_147' title='bbox 487 1970 845 2039; x_wconf 83' lang='lat' dir='ltr'><strong>epistularum</strong></span> <span class='ocrx_word' id='word_1_148' title='bbox 896 1973 1199 2047; x_wconf 85' lang='lat' dir='ltr'><strong>Pulycarpo</strong></span> <span class='ocrx_word' id='word_1_149' title='bbox 1229 1978 1500 2044; x_wconf 89' lang='lat' dir='ltr'><strong>tribuunt,</strong></span> <span class='ocrx_word' id='word_1_150' title='bbox 1545 1980 1678 2034; x_wconf 80' lang='lat' dir='ltr'><strong>reli-</strong></span> 
     </span>
    </p>
   </div>
   <div class='ocr_carea' id='block_1_22' title="bbox 131 2056 1679 2139">
    <p class='ocr_par' dir='ltr' id='par_1_22' title="bbox 131 2056 1679 2139">
     <span class='ocr_line' id='line_1_22' title="bbox 131 2056 1679 2139; baseline 0.011 -33"><span class='ocrx_word' id='word_1_151' title='bbox 131 2070 246 2121; x_wconf 85' lang='lat' dir='ltr'><strong>quas</strong></span> <span class='ocrx_word' id='word_1_152' title='bbox 267 2056 330 2109; x_wconf 89' lang='lat' dir='ltr'><strong>ab</strong></span> <span class='ocrx_word' id='word_1_153' title='bbox 355 2072 420 2111; x_wconf 88' lang='lat' dir='ltr'><strong>eo</strong></span> <span class='ocrx_word' id='word_1_154' title='bbox 443 2060 705 2116; x_wconf 86' lang='lat' dir='ltr'><strong>collectas</strong></span> <span class='ocrx_word' id='word_1_155' title='bbox 736 2078 844 2118; x_wconf 92' lang='lat' dir='ltr'><strong>non</strong></span> <span class='ocrx_word' id='word_1_156' title='bbox 872 2065 1092 2133; x_wconf 89' lang='lat' dir='ltr'><strong>dicunt;</strong></span> <span class='ocrx_word' id='word_1_157' title='bbox 1139 2067 1220 2122; x_wconf 88' lang='lat' dir='ltr'><strong>vel</strong></span> <span class='ocrx_word' id='word_1_158' title='bbox 1250 2066 1517 2139; x_wconf 88' lang='lat' dir='ltr'><strong>Philippis</strong></span> <span class='ocrx_word' id='word_1_159' title='bbox 1538 2070 1679 2125; x_wconf 91' lang='lat' dir='ltr'><strong>seri-</strong></span> 
     </span>
    </p>
   </div>
   <div class='ocr_carea' id='block_1_23' title="bbox 133 2149 1682 2230">
    <p class='ocr_par' dir='ltr' id='par_1_23' title="bbox 133 2149 1682 2230">
     <span class='ocr_line' id='line_1_23' title="bbox 133 2149 1682 2230; baseline 0.013 -31"><span class='ocrx_word' id='word_1_160' title='bbox 133 2156 250 2213; x_wconf 81' lang='lat' dir='ltr'><strong>ptas,</strong></span> <span class='ocrx_word' id='word_1_161' title='bbox 288 2149 368 2202; x_wconf 80' lang='lat' dir='ltr'><strong>vel</strong></span> <span class='ocrx_word' id='word_1_162' title='bbox 392 2150 458 2205; x_wconf 92' lang='lat' dir='ltr'><strong>ad</strong></span> <span class='ocrx_word' id='word_1_163' title='bbox 510 2150 889 2225; x_wconf 88' lang='lat' dir='ltr'><strong>Philippenses</strong></span> <span class='ocrx_word' id='word_1_164' title='bbox 919 2167 1107 2227; x_wconf 89' lang='lat' dir='ltr'><strong>postea</strong></span> <span class='ocrx_word' id='word_1_165' title='bbox 1140 2161 1340 2216; x_wconf 88' lang='lat' dir='ltr'><strong>missas</strong></span> <span class='ocrx_word' id='word_1_166' title='bbox 1369 2163 1593 2230; x_wconf 89' lang='lat' dir='ltr'><strong>volunt;</strong></span> <span class='ocrx_word' id='word_1_167' title='bbox 1625 2172 1682 2217; x_wconf 89' lang='lat' dir='ltr'><strong>et</strong></span> 
     </span>
    </p>
   </div>
   <div class='ocr_carea' id='block_1_24' title="bbox 132 2238 1677 2313">
    <p class='ocr_par' dir='ltr' id='par_1_24' title="bbox 132 2238 1677 2313">
     <span class='ocr_line' id='line_1_24' title="bbox 132 2238 1677 2313; baseline 0.015 -24"><span class='ocrx_word' id='word_1_168' title='bbox 132 2238 600 2310; x_wconf 76' lang='lat' dir='ltr'><strong>aPhilippensibus</strong></span> <span class='ocrx_word' id='word_1_169' title='bbox 648 2263 849 2303; x_wconf 86' lang='lat' dir='ltr'><strong>novam</strong></span> <span class='ocrx_word' id='word_1_170' title='bbox 908 2252 1291 2309; x_wconf 86' lang='lat' dir='ltr'><strong>collectionem</strong></span> <span class='ocrx_word' id='word_1_171' title='bbox 1345 2256 1677 2313; x_wconf 79' lang='lat' dir='ltr'><strong>factamdo-</strong></span> 
     </span>
    </p>
   </div>
   <div class='ocr_carea' id='block_1_25' title="bbox 131 2330 1674 2418">
    <p class='ocr_par' dir='ltr' id='par_1_25' title="bbox 131 2330 1674 2418">
     <span class='ocr_line' id='line_1_25' title="bbox 131 2330 1674 2418; baseline 0.014 -37"><span class='ocrx_word' id='word_1_172' title='bbox 131 2338 260 2394; x_wconf 87' lang='lat' dir='ltr'><strong>cent;</strong></span> <span class='ocrx_word' id='word_1_173' title='bbox 286 2330 566 2404; x_wconf 67' lang='lat' dir='ltr'><strong>Polycarpi</strong></span> <span class='ocrx_word' id='word_1_174' title='bbox 600 2338 918 2395; x_wconf 87' lang='lat' dir='ltr'><strong>testimonio</strong></span> <span class='ocrx_word' id='word_1_175' title='bbox 943 2358 1038 2410; x_wconf 93' lang='lat' dir='ltr'><strong>pro</strong></span> <span class='ocrx_word' id='word_1_176' title='bbox 1069 2345 1196 2399; x_wconf 92' lang='lat' dir='ltr'><strong>aliis</strong></span> <span class='ocrx_word' id='word_1_177' title='bbox 1222 2357 1418 2415; x_wconf 60' lang='lat' dir='ltr'><strong>praeter</strong></span> <span class='ocrx_word' id='word_1_178' title='bbox 1442 2357 1674 2418; x_wconf 86' lang='lat' dir='ltr'><strong>septem,</strong></span> 
     </span>
    </p>
   </div>
   <div class='ocr_carea' id='block_1_26' title="bbox 131 2425 1677 2509">
    <p class='ocr_par' dir='ltr' id='par_1_26' title="bbox 131 2425 1677 2509">
     <span class='ocr_line' id='line_1_26' title="bbox 131 2425 1677 2509; baseline 0.015 -38"><span class='ocrx_word' id='word_1_179' title='bbox 131 2437 245 2488; x_wconf 85' lang='lat' dir='ltr'><strong>quas</strong></span> <span class='ocrx_word' id='word_1_180' title='bbox 282 2425 420 2480; x_wconf 83' lang='lat' dir='ltr'><strong>solas</strong></span> <span class='ocrx_word' id='word_1_181' title='bbox 482 2429 657 2484; x_wconf 85' lang='lat' dir='ltr'><strong>nostri</strong></span> <span class='ocrx_word' id='word_1_182' title='bbox 708 2431 1029 2494; x_wconf 82' lang='lat' dir='ltr'><strong>defendunt.</strong></span> <span class='ocrx_word' id='word_1_183' title='bbox 1095 2454 1201 2493; x_wconf 89' lang='lat' dir='ltr'><strong>non</strong></span> <span class='ocrx_word' id='word_1_184' title='bbox 1254 2440 1525 2509; x_wconf 83' lang='lat' dir='ltr'><strong>speciose,</strong></span> <span class='ocrx_word' id='word_1_185' title='bbox 1568 2458 1677 2497; x_wconf 93' lang='lat' dir='ltr'><strong>non</strong></span> 
     </span>
    </p>
   </div>
   <div class='ocr_carea' id='block_1_27' title="bbox 132 2515 1676 2602">
    <p class='ocr_par' dir='ltr' id='par_1_27' title="bbox 132 2515 1676 2602">
     <span class='ocr_line' id='line_1_27' title="bbox 132 2515 1676 2602; baseline 0.016 -38"><span class='ocrx_word' id='word_1_186' title='bbox 132 2515 323 2569; x_wconf 88' lang='lat' dir='ltr'><strong>omnino</strong></span> <span class='ocrx_word' id='word_1_187' title='bbox 356 2528 611 2575; x_wconf 88' lang='lat' dir='ltr'><strong>utuntur.</strong></span> <span class='ocrx_word' id='word_1_188' title='bbox 645 2522 792 2581; x_wconf 83' lang='lat' dir='ltr'><strong>Duas</strong></span> <span class='ocrx_word' id='word_1_189' title='bbox 817 2529 1171 2586; x_wconf 83' lang='lat' dir='ltr'><strong>collectiones</strong></span> <span class='ocrx_word' id='word_1_190' title='bbox 1200 2543 1387 2602; x_wconf 88' lang='lat' dir='ltr'><strong>aperte</strong></span> <span class='ocrx_word' id='word_1_191' title='bbox 1412 2534 1676 2601; x_wconf 80' lang='lat' dir='ltr'><strong>fatentur,</strong></span> 
     </span>
    </p>
   </div>
   <div class='ocr_carea' id='block_1_28' title="bbox 135 2609 1675 2697">
    <p class='ocr_par' dir='ltr' id='par_1_28' title="bbox 135 2609 1675 2697">
     <span class='ocr_line' id='line_1_28' title="bbox 135 2609 1675 2697; baseline 0.021 -43"><span class='ocrx_word' id='word_1_192' title='bbox 135 2620 269 2660; x_wconf 89' lang='lat' dir='ltr'><strong>unam</strong></span> <span class='ocrx_word' id='word_1_193' title='bbox 316 2609 625 2683; x_wconf 80' lang='lat' dir='ltr'><strong>Polyearpi,</strong></span> <span class='ocrx_word' id='word_1_194' title='bbox 676 2617 840 2672; x_wconf 88' lang='lat' dir='ltr'><strong>aliam</strong></span> <span class='ocrx_word' id='word_1_195' title='bbox 889 2618 1318 2691; x_wconf 78' lang='lat' dir='ltr'><strong>Pliilippcnsium</strong></span> <span class='ocrx_word' id='word_1_196' title='bbox 1357 2645 1371 2694; x_wconf 92' lang='lat'><strong>;</strong></span> <span class='ocrx_word' id='word_1_197' title='bbox 1432 2629 1675 2697; x_wconf 72' lang='lat' dir='ltr'><strong>prim-em</strong></span> 
     </span>
    </p>
   </div>
   <div class='ocr_carea' id='block_1_29' title="bbox 133 2701 1677 2791">
    <p class='ocr_par' dir='ltr' id='par_1_29' title="bbox 133 2701 1677 2791">
     <span class='ocr_line' id='line_1_29' title="bbox 133 2701 1677 2791; baseline 0.016 -39"><span class='ocrx_word' id='word_1_198' title='bbox 133 2701 273 2766; x_wconf 81' lang='lat' dir='ltr'><strong>illam,</strong></span> <span class='ocrx_word' id='word_1_199' title='bbox 307 2709 662 2775; x_wconf 85' lang='lat' dir='ltr'><strong>pesteriorem</strong></span> <span class='ocrx_word' id='word_1_200' title='bbox 695 2712 860 2778; x_wconf 91' lang='lat' dir='ltr'><strong>hanc,</strong></span> <span class='ocrx_word' id='word_1_201' title='bbox 902 2719 1203 2786; x_wconf 85' lang='lat' dir='ltr'><strong>appellant;</strong></span> <span class='ocrx_word' id='word_1_202' title='bbox 1248 2719 1532 2791; x_wconf 82' lang='lat' dir='ltr'><strong>Polycarpi</strong></span> <span class='ocrx_word' id='word_1_203' title='bbox 1557 2724 1677 2791; x_wconf 82' lang='lat' dir='ltr'><strong>epi-</strong></span> 
     </span>
    </p>
   </div>
   <div class='ocr_carea' id='block_1_30' title="bbox 132 2795 1678 2882">
    <p class='ocr_par' dir='ltr' id='par_1_30' title="bbox 132 2795 1678 2882">
     <span class='ocr_line' id='line_1_30' title="bbox 132 2795 1678 2882; baseline 0.015 -35"><span class='ocrx_word' id='word_1_204' title='bbox 132 2795 291 2850; x_wconf 83' lang='lat' dir='ltr'><strong>stolam</strong></span> <span class='ocrx_word' id='word_1_205' title='bbox 315 2800 377 2852; x_wconf 86' lang='lat' dir='ltr'><strong>ad</strong></span> <span class='ocrx_word' id='word_1_206' title='bbox 411 2799 811 2873; x_wconf 85' lang='lat' dir='ltr'><strong>Philippenses,</strong></span> <span class='ocrx_word' id='word_1_207' title='bbox 842 2810 985 2863; x_wconf 86' lang='lat' dir='ltr'><strong>haud</strong></span> <span class='ocrx_word' id='word_1_208' title='bbox 1019 2811 1211 2867; x_wconf 81' lang='lat' dir='ltr'><strong>multos</strong></span> <span class='ocrx_word' id='word_1_209' title='bbox 1238 2824 1356 2882; x_wconf 88' lang='lat' dir='ltr'><strong>post</strong></span> <span class='ocrx_word' id='word_1_210' title='bbox 1386 2814 1497 2868; x_wconf 88' lang='lat' dir='ltr'><strong>dies</strong></span> <span class='ocrx_word' id='word_1_211' title='bbox 1519 2814 1678 2870; x_wconf 74' lang='lat' dir='ltr'><strong>adis-</strong></span> 
     </span>
    </p>
   </div>
   <div class='ocr_carea' id='block_1_31' title="bbox 137 2889 1678 2973">
    <p class='ocr_par' dir='ltr' id='par_1_31' title="bbox 137 2889 1678 2973">
     <span class='ocr_line' id='line_1_31' title="bbox 137 2889 1678 2973; baseline 0.016 -36"><span class='ocrx_word' id='word_1_212' title='bbox 137 2889 327 2942; x_wconf 79' lang='lat' dir='ltr'><strong>:essione</strong></span> <span class='ocrx_word' id='word_1_213' title='bbox 347 2889 553 2961; x_wconf 87' lang='lat' dir='ltr'><strong>Ignatii</strong></span> <span class='ocrx_word' id='word_1_214' title='bbox 579 2894 813 2966; x_wconf 83' lang='lat' dir='ltr'><strong>Philippi</strong></span> <span class='ocrx_word' id='word_1_215' title='bbox 837 2901 1097 2969; x_wconf 86' lang='lat' dir='ltr'><strong>scriptam</strong></span> <span class='ocrx_word' id='word_1_216' title='bbox 1132 2913 1324 2973; x_wconf 89' lang='lat' dir='ltr'><strong>putant</strong></span> <span class='ocrx_word' id='word_1_217' title='bbox 1353 2923 1367 2972; x_wconf 93' lang='lat'><strong>;</strong></span> <span class='ocrx_word' id='word_1_218' title='bbox 1397 2907 1678 2962; x_wconf 89' lang='lat' dir='ltr'><strong>continere</strong></span> 
     </span>
    </p>
   </div>
   <div class='ocr_carea' id='block_1_32' title="bbox 133 2977 1675 3069">
    <p class='ocr_par' dir='ltr' id='par_1_32' title="bbox 133 2977 1675 3069">
     <span class='ocr_line' id='line_1_32' title="bbox 133 2977 1675 3069; baseline 0.016 -43"><span class='ocrx_word' id='word_1_219' title='bbox 133 2977 267 3043; x_wconf 79' lang='lat' dir='ltr'><strong>igitur</strong></span> <span class='ocrx_word' id='word_1_220' title='bbox 297 2982 426 3038; x_wconf 87' lang='lat' dir='ltr'><strong>alias</strong></span> <span class='ocrx_word' id='word_1_221' title='bbox 450 3001 560 3039; x_wconf 89' lang='lat' dir='ltr'><strong>non</strong></span> <span class='ocrx_word' id='word_1_222' title='bbox 610 2987 806 3055; x_wconf 90' lang='lat' dir='ltr'><strong>potuit,</strong></span> <span class='ocrx_word' id='word_1_223' title='bbox 850 3006 1015 3059; x_wconf 89' lang='lat' dir='ltr'><strong>quam</strong></span> <span class='ocrx_word' id='word_1_224' title='bbox 1043 3008 1158 3058; x_wconf 90' lang='lat' dir='ltr'><strong>eas,</strong></span> <span class='ocrx_word' id='word_1_225' title='bbox 1197 3012 1334 3065; x_wconf 86' lang='lat' dir='ltr'><strong>quas</strong></span> <span class='ocrx_word' id='word_1_226' title='bbox 1362 2999 1675 3069; x_wconf 85' lang='lat' dir='ltr'><strong>priusquam</strong></span> 
     </span>
    </p>
   </div>
   <div class='ocr_carea' id='block_1_33' title="bbox 130 3072 1745 3167">
    <p class='ocr_par' dir='ltr' id='par_1_33' title="bbox 130 3072 1745 3167">
     <span class='ocr_line' id='line_1_33' title="bbox 130 3072 1745 3167; baseline 0.017 -47"><span class='ocrx_word' id='word_1_227' title='bbox 130 3085 180 3121; x_wconf 67' lang='lat' dir='ltr'><strong>ex</strong></span> <span class='ocrx_word' id='word_1_228' title='bbox 204 3072 317 3126; x_wconf 82' lang='lat' dir='ltr'><strong>Asia</strong></span> <span class='ocrx_word' id='word_1_229' title='bbox 345 3078 773 3144; x_wconf 82' lang='lat' dir='ltr'><strong>proﬁcisceretur</strong></span> <span class='ocrx_word' id='word_1_230' title='bbox 823 3087 1161 3155; x_wconf 84' lang='lat' dir='ltr'><strong>conscripsit,</strong></span> <span class='ocrx_word' id='word_1_231' title='bbox 1195 3088 1262 3142; x_wconf 90' lang='lat' dir='ltr'><strong>de</strong></span> <span class='ocrx_word' id='word_1_232' title='bbox 1288 3090 1491 3159; x_wconf 82' lang='lat' dir='ltr'><strong>quibus</strong></span> <span class='ocrx_word' id='word_1_233' title='bbox 1540 3093 1673 3147; x_wconf 88' lang='lat' dir='ltr'><strong>solis</strong></span> <span class='ocrx_word' id='word_1_234' title='bbox 1703 3110 1745 3167; x_wconf 70' lang='grc' dir='ltr'><strong>ρ</strong></span> 
     </span>
    </p>
   </div>
   <div class='ocr_carea' id='block_1_34' title="bbox 131 3164 1676 3246">
    <p class='ocr_par' dir='ltr' id='par_1_34' title="bbox 131 3164 1676 3246">
     <span class='ocr_line' id='line_1_34' title="bbox 131 3164 1676 3246; baseline 0.017 -34"><span class='ocrx_word' id='word_1_235' title='bbox 131 3172 264 3227; x_wconf 81' lang='lat' dir='ltr'><strong>agunt</strong></span> <span class='ocrx_word' id='word_1_236' title='bbox 302 3164 568 3224; x_wconf 83' lang='lat' dir='ltr'><strong>Eusebius</strong></span> <span class='ocrx_word' id='word_1_237' title='bbox 595 3181 646 3225; x_wconf 83' lang='lat' dir='ltr'><strong>et</strong></span> <span class='ocrx_word' id='word_1_238' title='bbox 679 3171 1066 3246; x_wconf 85' lang='lat' dir='ltr'><strong>Hieronymus,</strong></span> <span class='ocrx_word' id='word_1_239' title='bbox 1102 3188 1159 3232; x_wconf 94' lang='lat' dir='ltr'><strong>ut</strong></span> <span class='ocrx_word' id='word_1_240' title='bbox 1184 3179 1259 3232; x_wconf 91' lang='lat' dir='ltr'><strong>illi</strong></span> <span class='ocrx_word' id='word_1_241' title='bbox 1284 3182 1448 3235; x_wconf 87' lang='lat' dir='ltr'><strong>etiam</strong></span> <span class='ocrx_word' id='word_1_242' title='bbox 1480 3183 1676 3238; x_wconf 85' lang='lat' dir='ltr'><strong>obser-</strong></span> 
     </span>
    </p>
   </div>
   <div class='ocr_carea' id='block_1_35' title="bbox 131 3254 1673 3339">
    <p class='ocr_par' dir='ltr' id='par_1_35' title="bbox 131 3254 1673 3339">
     <span class='ocr_line' id='line_1_35' title="bbox 131 3254 1673 3339; baseline 0.018 -37"><span class='ocrx_word' id='word_1_243' title='bbox 131 3264 249 3307; x_wconf 76' lang='lat' dir='ltr'><strong>vant.</strong></span> <span class='ocrx_word' id='word_1_244' title='bbox 276 3254 377 3309; x_wconf 87' lang='lat' dir='ltr'><strong>Pro</strong></span> <span class='ocrx_word' id='word_1_245' title='bbox 406 3260 733 3317; x_wconf 84' lang='lat' dir='ltr'><strong>collectione</strong></span> <span class='ocrx_word' id='word_1_246' title='bbox 762 3264 926 3333; x_wconf 78' lang='lat' dir='ltr'><strong>igitur</strong></span> <span class='ocrx_word' id='word_1_247' title='bbox 951 3266 1382 3339; x_wconf 78' lang='lat' dir='ltr'><strong>Pliilippensium</strong></span> <span class='ocrx_word' id='word_1_248' title='bbox 1421 3274 1673 3330; x_wconf 86' lang='lat' dir='ltr'><strong>testimo-</strong></span> 
     </span>
    </p>
   </div>
   <div class='ocr_carea' id='block_1_36' title="bbox 132 3344 1676 3422">
    <p class='ocr_par' dir='ltr' id='par_1_36' title="bbox 132 3344 1676 3422">
     <span class='ocr_line' id='line_1_36' title="bbox 132 3344 1676 3422; baseline 0.016 -27"><span class='ocrx_word' id='word_1_249' title='bbox 132 3344 203 3397; x_wconf 89' lang='lat' dir='ltr'><strong>nio</strong></span> <span class='ocrx_word' id='word_1_250' title='bbox 222 3345 487 3420; x_wconf 77' lang='lat' dir='ltr'><strong>Polycarpi</strong></span> <span class='ocrx_word' id='word_1_251' title='bbox 514 3369 625 3408; x_wconf 91' lang='lat' dir='ltr'><strong>non</strong></span> <span class='ocrx_word' id='word_1_252' title='bbox 660 3365 906 3420; x_wconf 88' lang='lat' dir='ltr'><strong>utuntur,</strong></span> <span class='ocrx_word' id='word_1_253' title='bbox 938 3359 1031 3413; x_wconf 89' lang='lat' dir='ltr'><strong>sed</strong></span> <span class='ocrx_word' id='word_1_254' title='bbox 1061 3362 1180 3416; x_wconf 91' lang='lat' dir='ltr'><strong>sine</strong></span> <span class='ocrx_word' id='word_1_255' title='bbox 1210 3363 1320 3416; x_wconf 89' lang='lat' dir='ltr'><strong>ullo</strong></span> <span class='ocrx_word' id='word_1_256' title='bbox 1344 3363 1453 3418; x_wconf 87' lang='lat' dir='ltr'><strong>alio</strong></span> <span class='ocrx_word' id='word_1_257' title='bbox 1476 3364 1676 3422; x_wconf 85' lang='lat' dir='ltr'><strong>funda-</strong></span> 
     </span>
    </p>
   </div>
   <div class='ocr_carea' id='block_1_37' title="bbox 131 3440 1675 3521">
    <p class='ocr_par' dir='ltr' id='par_1_37' title="bbox 131 3440 1675 3521">
     <span class='ocr_line' id='line_1_37' title="bbox 131 3440 1675 3521; baseline 0.017 -36"><span class='ocrx_word' id='word_1_258' title='bbox 131 3448 301 3503; x_wconf 86' lang='lat' dir='ltr'><strong>mento,</strong></span> <span class='ocrx_word' id='word_1_259' title='bbox 332 3440 445 3494; x_wconf 81' lang='lat' dir='ltr'><strong>sine</strong></span> <span class='ocrx_word' id='word_1_260' title='bbox 471 3441 764 3514; x_wconf 89' lang='lat' dir='ltr'><strong>Polycarpi</strong></span> <span class='ocrx_word' id='word_1_261' title='bbox 794 3456 891 3502; x_wconf 88' lang='lat' dir='ltr'><strong>aut</strong></span> <span class='ocrx_word' id='word_1_262' title='bbox 932 3449 1157 3505; x_wconf 84' lang='lat' dir='ltr'><strong>alterius</strong></span> <span class='ocrx_word' id='word_1_263' title='bbox 1183 3452 1490 3521; x_wconf 77' lang='lat' dir='ltr'><strong>cujus’piam</strong></span> <span class='ocrx_word' id='word_1_264' title='bbox 1522 3457 1675 3510; x_wconf 89' lang='lat' dir='ltr'><strong>testi-</strong></span> 
     </span>
    </p>
   </div>
   <div class='ocr_carea' id='block_1_38' title="bbox 132 3528 1675 3615">
    <p class='ocr_par' dir='ltr' id='par_1_38' title="bbox 132 3528 1675 3615">
     <span class='ocr_line' id='line_1_38' title="bbox 132 3528 1675 3615; baseline 0.017 -39"><span class='ocrx_word' id='word_1_265' title='bbox 132 3528 280 3582; x_wconf 91' lang='lat' dir='ltr'><strong>monio</strong></span> <span class='ocrx_word' id='word_1_266' title='bbox 300 3547 363 3585; x_wconf 78' lang='lat' dir='ltr'><strong>ex</strong></span> <span class='ocrx_word' id='word_1_267' title='bbox 387 3532 521 3602; x_wconf 88' lang='lat' dir='ltr'><strong>ipsis</strong></span> <span class='ocrx_word' id='word_1_268' title='bbox 547 3536 796 3605; x_wconf 87' lang='lat' dir='ltr'><strong>epistolis</strong></span> <span class='ocrx_word' id='word_1_269' title='bbox 820 3555 943 3593; x_wconf 89' lang='lat' dir='ltr'><strong>eam</strong></span> <span class='ocrx_word' id='word_1_270' title='bbox 995 3541 1283 3610; x_wconf 81' lang='lat' dir='ltr'><strong>colligunt,</strong></span> <span class='ocrx_word' id='word_1_271' title='bbox 1312 3560 1449 3613; x_wconf 90' lang='lat' dir='ltr'><strong>quas</strong></span> <span class='ocrx_word' id='word_1_272' title='bbox 1474 3546 1551 3599; x_wconf 92' lang='lat' dir='ltr'><strong>illi</strong></span> <span class='ocrx_word' id='word_1_273' title='bbox 1583 3563 1675 3615; x_wconf 85' lang='lat' dir='ltr'><strong>ge-</strong></span> 
     </span>
    </p>
   </div>
   <div class='ocr_carea' id='block_1_39' title="bbox 132 3624 1673 3697">
    <p class='ocr_par' dir='ltr' id='par_1_39' title="bbox 132 3624 1673 3697">
     <span class='ocr_line' id='line_1_39' title="bbox 132 3624 1673 3697; baseline 0.014 -21"><span class='ocrx_word' id='word_1_274' title='bbox 132 3624 313 3695; x_wconf 88' lang='lat' dir='ltr'><strong>nuinas,</strong></span> <span class='ocrx_word' id='word_1_275' title='bbox 370 3633 543 3685; x_wconf 89' lang='lat' dir='ltr'><strong>nostri</strong></span> <span class='ocrx_word' id='word_1_276' title='bbox 600 3634 753 3689; x_wconf 87' lang='lat' dir='ltr'><strong>fictas</strong></span> <span class='ocrx_word' id='word_1_277' title='bbox 833 3634 1003 3691; x_wconf 86' lang='lat' dir='ltr'><strong>fuisse</strong></span> <span class='ocrx_word' id='word_1_278' title='bbox 1038 3640 1397 3697; x_wconf 87' lang='lat' dir='ltr'><strong>contendunt.</strong></span> <span class='ocrx_word' id='word_1_279' title='bbox 1457 3641 1562 3696; x_wconf 86' lang='lat' dir='ltr'><strong>Sed</strong></span> <span class='ocrx_word' id='word_1_280' title='bbox 1617 3643 1673 3697; x_wconf 92' lang='lat' dir='ltr'><strong>in</strong></span> 
     </span>
    </p>
   </div>
   <div class='ocr_carea' id='block_1_40' title="bbox 131 3722 1675 3798">
    <p class='ocr_par' dir='ltr' id='par_1_40' title="bbox 131 3722 1675 3798">
     <span class='ocr_line' id='line_1_40' title="bbox 131 3722 1675 3798; baseline 0.015 -32"><span class='ocrx_word' id='word_1_281' title='bbox 131 3722 391 3775; x_wconf 77' lang='lat' dir='ltr'><strong>enarranda</strong></span> <span class='ocrx_word' id='word_1_282' title='bbox 437 3722 627 3778; x_wconf 82' lang='lat' dir='ltr'><strong>fabula</strong></span> <span class='ocrx_word' id='word_1_283' title='bbox 675 3741 775 3780; x_wconf 90' lang='lat' dir='ltr'><strong>sua</strong></span> <span class='ocrx_word' id='word_1_284' title='bbox 826 3728 1004 3798; x_wconf 81' lang='lat' dir='ltr'><strong>pergit</strong></span> <span class='ocrx_word' id='word_1_285' title='bbox 1051 3730 1137 3783; x_wconf 87' lang='lat' dir='ltr'><strong>vir</strong></span> <span class='ocrx_word' id='word_1_286' title='bbox 1180 3732 1561 3788; x_wconf 86' lang='lat' dir='ltr'><strong>doctissimus.</strong></span> <span class='ocrx_word' id='word_1_287' title='bbox 1600 3734 1675 3789; x_wconf 83' lang='lat' dir='ltr'><strong>Ili</strong></span> 
     </span>
    </p>
   </div>
   <div class='ocr_carea' id='block_1_41' title="bbox 136 3802 1677 3895">
    <p class='ocr_par' dir='ltr' id='par_1_41' title="bbox 136 3802 1677 3895">
     <span class='ocr_line' id='line_1_41' title="bbox 136 3802 1677 3895; baseline 0.014 -36"><span class='ocrx_word' id='word_1_288' title='bbox 136 3802 392 3875; x_wconf 79' lang='lat' dir='ltr'><strong>(Usserius,</strong></span> <span class='ocrx_word' id='word_1_289' title='bbox 417 3815 652 3879; x_wconf 83' lang='lat' dir='ltr'><strong>scilicet,</strong></span> <span class='ocrx_word' id='word_1_290' title='bbox 681 3827 735 3870; x_wconf 90' lang='lat' dir='ltr'><strong>et</strong></span> <span class='ocrx_word' id='word_1_291' title='bbox 766 3815 1167 3890; x_wconf 82' lang='lat' dir='ltr'><strong>llammondus)</strong></span> <span class='ocrx_word' id='word_1_292' title='bbox 1200 3821 1410 3877; x_wconf 82' lang='lat' dir='ltr'><strong>Latinis</strong></span> <span class='ocrx_word' id='word_1_293' title='bbox 1428 3825 1677 3895; x_wconf 86' lang='lat' dir='ltr'><strong>objectio-</strong></span> 
     </span>
    </p>
   </div>
   <div class='ocr_carea' id='block_1_42' title="bbox 135 3900 1674 3990">
    <p class='ocr_par' dir='ltr' id='par_1_42' title="bbox 135 3900 1674 3990">
     <span class='ocr_line' id='line_1_42' title="bbox 135 3900 1674 3990; baseline 0.017 -41"><span class='ocrx_word' id='word_1_294' title='bbox 135 3900 256 3990; x_wconf 54' lang='lat' dir='ltr'><strong>ttibus</strong></span> <span class='ocrx_word' id='word_1_295' title='bbox 282 3915 485 3971; x_wconf 85' lang='lat' dir='ltr'><strong>negant,</strong></span> <span class='ocrx_word' id='word_1_296' title='bbox 521 3907 589 3960; x_wconf 91' lang='lat' dir='ltr'><strong>de</strong></span> <span class='ocrx_word' id='word_1_297' title='bbox 616 3923 708 3960; x_wconf 76' lang='lat' dir='ltr'><strong>sex</strong></span> <span class='ocrx_word' id='word_1_298' title='bbox 746 3908 855 3962; x_wconf 84' lang='lat' dir='ltr'><strong>illis</strong></span> <span class='ocrx_word' id='word_1_299' title='bbox 879 3920 971 3963; x_wconf 89' lang='lat' dir='ltr'><strong>aut</strong></span> <span class='ocrx_word' id='word_1_300' title='bbox 997 3914 1226 3982; x_wconf 87' lang='lat' dir='ltr'><strong>quinque</strong></span> <span class='ocrx_word' id='word_1_301' title='bbox 1265 3918 1503 3984; x_wconf 82' lang='lat' dir='ltr'><strong>epistolis</strong></span> <span class='ocrx_word' id='word_1_302' title='bbox 1528 3918 1674 3990; x_wconf 87' lang='lat' dir='ltr'><strong>loqui</strong></span> 
     </span>
    </p>
   </div>
   <div class='ocr_carea' id='block_1_43' title="bbox 137 3983 1676 4075">
    <p class='ocr_par' dir='ltr' id='par_1_43' title="bbox 137 3983 1676 4075">
     <span class='ocr_line' id='line_1_43' title="bbox 137 3983 1676 4075; baseline 0.02 -40"><span class='ocrx_word' id='word_1_303' title='bbox 137 3983 466 4060; x_wconf 76' lang='lat' dir='ltr'><strong>Polycarpum.</strong></span> <span class='ocrx_word' id='word_1_304' title='bbox 499 3995 617 4051; x_wconf 89' lang='lat' dir='ltr'><strong>ltno</strong></span> <span class='ocrx_word' id='word_1_305' title='bbox 654 4014 782 4052; x_wconf 84' lang='lat' dir='ltr'><strong>vero</strong></span> <span class='ocrx_word' id='word_1_306' title='bbox 807 4000 859 4053; x_wconf 79' lang='lat' dir='ltr'><strong>lii</strong></span> <span class='ocrx_word' id='word_1_307' title='bbox 888 4017 989 4056; x_wconf 83' lang='lat' dir='ltr'><strong>nec</strong></span> <span class='ocrx_word' id='word_1_308' title='bbox 1029 4004 1156 4059; x_wconf 91' lang='lat' dir='ltr'><strong>illud</strong></span> <span class='ocrx_word' id='word_1_309' title='bbox 1192 3983 1410 4075; x_wconf 75' lang='lat' dir='ltr'><strong>negant,</strong></span> <span class='ocrx_word' id='word_1_310' title='bbox 1441 4025 1543 4064; x_wconf 86' lang='lat' dir='ltr'><strong>nec</strong></span> <span class='ocrx_word' id='word_1_311' title='bbox 1574 3983 1676 4066; x_wconf 71' lang='lat' dir='ltr'><strong>tie-</strong></span> 
     </span>
    </p>
   </div>
   <div class='ocr_carea' id='block_1_44' title="bbox 135 4086 1672 4168">
    <p class='ocr_par' dir='ltr' id='par_1_44' title="bbox 135 4086 1672 4168">
     <span class='ocr_line' id='line_1_44' title="bbox 135 4086 1672 4168; baseline 0.018 -38"><span class='ocrx_word' id='word_1_312' title='bbox 135 4092 237 4141; x_wconf 67' lang='lat' dir='ltr'><strong>xare</strong></span> <span class='ocrx_word' id='word_1_313' title='bbox 260 4096 478 4150; x_wconf 87' lang='lat' dir='ltr'><strong>possunt</strong></span> <span class='ocrx_word' id='word_1_314' title='bbox 541 4086 755 4147; x_wconf 87' lang='lat' dir='ltr'><strong>Latinis</strong></span> <span class='ocrx_word' id='word_1_315' title='bbox 809 4092 1232 4161; x_wconf 84' lang='lat' dir='ltr'><strong>objectionibus,</strong></span> <span class='ocrx_word' id='word_1_316' title='bbox 1285 4100 1432 4168; x_wconf 88' lang='lat' dir='ltr'><strong>quod</strong></span> <span class='ocrx_word' id='word_1_317' title='bbox 1492 4100 1672 4157; x_wconf 88' lang='lat' dir='ltr'><strong>Latini</strong></span> 
     </span>
    </p>
   </div>
   <div class='ocr_carea' id='block_1_45' title="bbox 137 4180 1676 4261">
    <p class='ocr_par' dir='ltr' id='par_1_45' title="bbox 137 4180 1676 4261">
     <span class='ocr_line' id='line_1_45' title="bbox 137 4180 1676 4261; baseline 0.019 -41"><span class='ocrx_word' id='word_1_318' title='bbox 137 4182 371 4242; x_wconf 83' lang='lat' dir='ltr'><strong>nunquam</strong></span> <span class='ocrx_word' id='word_1_319' title='bbox 402 4180 746 4248; x_wconf 86' lang='lat' dir='ltr'><strong>objecerunt.</strong></span> <span class='ocrx_word' id='word_1_320' title='bbox 801 4183 873 4239; x_wconf 90' lang='lat' dir='ltr'><strong>De</strong></span> <span class='ocrx_word' id='word_1_321' title='bbox 903 4188 1147 4257; x_wconf 90' lang='lat' dir='ltr'><strong>quinque</strong></span> <span class='ocrx_word' id='word_1_322' title='bbox 1181 4190 1288 4246; x_wconf 89' lang='lat' dir='ltr'><strong>illis</strong></span> <span class='ocrx_word' id='word_1_323' title='bbox 1316 4194 1561 4261; x_wconf 84' lang='lat' dir='ltr'><strong>epistolis</strong></span> <span class='ocrx_word' id='word_1_324' title='bbox 1594 4195 1676 4249; x_wconf 91' lang='lat' dir='ltr'><strong>lo-</strong></span> 
     </span>
    </p>
   </div>
   <div class='ocr_carea' id='block_1_46' title="bbox 134 4262 1675 4342">
    <p class='ocr_par' dir='ltr' id='par_1_46' title="bbox 134 4262 1675 4342">
     <span class='ocr_line' id='line_1_46' title="bbox 134 4262 1675 4342; baseline 0.017 -27"><span class='ocrx_word' id='word_1_325' title='bbox 134 4262 205 4327; x_wconf 76' lang='lat' dir='ltr'><strong>qui</strong></span> <span class='ocrx_word' id='word_1_326' title='bbox 240 4264 588 4341; x_wconf 76' lang='lat' dir='ltr'><strong>Polycarpnm</strong></span> <span class='ocrx_word' id='word_1_327' title='bbox 640 4291 802 4328; x_wconf 85' lang='lat' dir='ltr'><strong>nemo</strong></span> <span class='ocrx_word' id='word_1_328' title='bbox 842 4276 1165 4334; x_wconf 87' lang='lat' dir='ltr'><strong>Latinorutu</strong></span> <span class='ocrx_word' id='word_1_329' title='bbox 1209 4284 1365 4338; x_wconf 83' lang='lat' dir='ltr'><strong>dixit.</strong></span> <span class='ocrx_word' id='word_1_330' title='bbox 1414 4283 1533 4339; x_wconf 83' lang='lat' dir='ltr'><strong>Non</strong></span> <span class='ocrx_word' id='word_1_331' title='bbox 1570 4286 1675 4342; x_wconf 89' lang='lat' dir='ltr'><strong>hoc</strong></span> 
     </span>
    </p>
   </div>
   <div class='ocr_carea' id='block_1_47' title="bbox 138 4348 1674 4446">
    <p class='ocr_par' dir='ltr' id='par_1_47' title="bbox 138 4348 1674 4446">
     <span class='ocr_line' id='line_1_47' title="bbox 138 4348 1674 4446; baseline 0.02 -42"><span class='ocrx_word' id='word_1_332' title='bbox 138 4348 351 4414; x_wconf 86' lang='lat' dir='ltr'><strong>Usserius</strong></span> <span class='ocrx_word' id='word_1_333' title='bbox 396 4380 590 4417; x_wconf 84' lang='lat' dir='ltr'><strong>eorum</strong></span> <span class='ocrx_word' id='word_1_334' title='bbox 649 4366 1054 4433; x_wconf 86' lang='lat' dir='ltr'><strong>objectionibus</strong></span> <span class='ocrx_word' id='word_1_335' title='bbox 1084 4383 1267 4442; x_wconf 82' lang='lat' dir='ltr'><strong>negat,</strong></span> <span class='ocrx_word' id='word_1_336' title='bbox 1314 4377 1408 4430; x_wconf 90' lang='lat' dir='ltr'><strong>sed</strong></span> <span class='ocrx_word' id='word_1_337' title='bbox 1458 4379 1674 4446; x_wconf 88' lang='lat' dir='ltr'><strong>planee</strong></span> 
     </span>
    </p>
   </div>
   <div class='ocr_carea' id='block_1_48' title="bbox 136 4451 1748 4540">
    <p class='ocr_par' dir='ltr' id='par_1_48' title="bbox 136 4451 1748 4540">
     <span class='ocr_line' id='line_1_48' title="bbox 136 4451 1748 4540; baseline 0.017 -45"><span class='ocrx_word' id='word_1_338' title='bbox 136 4451 386 4512; x_wconf 88' lang='lat' dir='ltr'><strong>contrario,</strong></span> <span class='ocrx_word' id='word_1_339' title='bbox 433 4454 624 4509; x_wconf 86' lang='lat' dir='ltr'><strong>multis</strong></span> <span class='ocrx_word' id='word_1_340' title='bbox 656 4457 872 4523; x_wconf 90' lang='lat' dir='ltr'><strong>probat,</strong></span> <span class='ocrx_word' id='word_1_341' title='bbox 902 4476 999 4515; x_wconf 87' lang='lat' dir='ltr'><strong>eos</strong></span> <span class='ocrx_word' id='word_1_342' title='bbox 1027 4478 1307 4533; x_wconf 84' lang='lat' dir='ltr'><strong>nunquam</strong></span> <span class='ocrx_word' id='word_1_343' title='bbox 1354 4466 1460 4523; x_wconf 86' lang='lat' dir='ltr'><strong>hoc</strong></span> <span class='ocrx_word' id='word_1_344' title='bbox 1511 4467 1671 4540; x_wconf 83' lang='lat' dir='ltr'><strong>Poly-</strong></span> <span class='ocrx_word' id='word_1_345' title='bbox 1701 4464 1748 4522; x_wconf 85' lang='grc' dir='ltr'>ι)</span> 
     </span>
    </p>
   </div>
   <div class='ocr_carea' id='block_1_49' title="bbox 135 4543 1674 4631">
    <p class='ocr_par' dir='ltr' id='par_1_49' title="bbox 135 4543 1674 4631">
     <span class='ocr_line' id='line_1_49' title="bbox 135 4543 1674 4631; baseline 0.014 -40"><span class='ocrx_word' id='word_1_346' title='bbox 135 4548 267 4604; x_wconf 78' lang='lat' dir='ltr'><strong>carpo</strong></span> <span class='ocrx_word' id='word_1_347' title='bbox 306 4543 581 4609; x_wconf 88' lang='lat' dir='ltr'><strong>tribuisse,</strong></span> <span class='ocrx_word' id='word_1_348' title='bbox 623 4558 831 4616; x_wconf 87' lang='lat' dir='ltr'><strong>septem</strong></span> <span class='ocrx_word' id='word_1_349' title='bbox 886 4559 1098 4605; x_wconf 89' lang='lat' dir='ltr'><strong>tantum</strong></span> <span class='ocrx_word' id='word_1_350' title='bbox 1148 4557 1410 4624; x_wconf 82' lang='lat' dir='ltr'><strong>epistolas</strong></span> <span class='ocrx_word' id='word_1_351' title='bbox 1435 4558 1487 4612; x_wconf 93' lang='lat' dir='ltr'><strong>in</strong></span> <span class='ocrx_word' id='word_1_352' title='bbox 1513 4558 1674 4631; x_wconf 67' lang='grc' dir='ltr'><strong>Ρυιγο</strong></span> 
     </span>
    </p>
   </div>
   <div class='ocr_carea' id='block_1_50' title="bbox 138 4630 1671 4717">
    <p class='ocr_par' dir='ltr' id='par_1_50' title="bbox 138 4630 1671 4717">
     <span class='ocr_line' id='line_1_50' title="bbox 138 4630 1671 4717; baseline 0.018 -38"><span class='ocrx_word' id='word_1_353' title='bbox 138 4630 253 4697; x_wconf 80' lang='lat' dir='ltr'><strong>carpi</strong></span> <span class='ocrx_word' id='word_1_354' title='bbox 294 4634 615 4692; x_wconf 87' lang='lat' dir='ltr'><strong>collectione</strong></span> <span class='ocrx_word' id='word_1_355' title='bbox 675 4650 965 4697; x_wconf 89' lang='lat' dir='ltr'><strong>contentas</strong></span> <span class='ocrx_word' id='word_1_356' title='bbox 1029 4659 1248 4713; x_wconf 87' lang='lat' dir='ltr'><strong>semper</strong></span> <span class='ocrx_word' id='word_1_357' title='bbox 1294 4648 1471 4705; x_wconf 81' lang='lat' dir='ltr'><strong>lassos</strong></span> <span class='ocrx_word' id='word_1_358' title='bbox 1527 4630 1671 4717; x_wconf 83' lang='lat' dir='ltr'><strong>esse,</strong></span> 
     </span>
    </p>
   </div>
   <div class='ocr_carea' id='block_1_51' title="bbox 138 4731 1671 4812">
    <p class='ocr_par' dir='ltr' id='par_1_51' title="bbox 138 4731 1671 4812">
     <span class='ocr_line' id='line_1_51' title="bbox 138 4731 1671 4812; baseline 0.02 -41"><span class='ocrx_word' id='word_1_359' title='bbox 138 4732 323 4791; x_wconf 79' lang='lat' dir='ltr'><strong>eamque</strong></span> <span class='ocrx_word' id='word_1_360' title='bbox 344 4731 633 4794; x_wconf 83' lang='lat' dir='ltr'><strong>rationem,</strong></span> <span class='ocrx_word' id='word_1_361' title='bbox 681 4748 781 4786; x_wconf 91' lang='lat' dir='ltr'><strong>cur</strong></span> <span class='ocrx_word' id='word_1_362' title='bbox 806 4733 1077 4791; x_wconf 82' lang='lat' dir='ltr'><strong>Eusebius</strong></span> <span class='ocrx_word' id='word_1_363' title='bbox 1104 4747 1151 4791; x_wconf 89' lang='lat' dir='ltr'><strong>et</strong></span> <span class='ocrx_word' id='word_1_364' title='bbox 1180 4738 1548 4812; x_wconf 78' lang='lat' dir='ltr'><strong>Hieronymus</strong></span> <span class='ocrx_word' id='word_1_365' title='bbox 1574 4760 1671 4801; x_wconf 70' lang='lat' dir='ltr'><strong>ea-</strong></span> 
     </span>
    </p>
   </div>
   <div class='ocr_carea' id='block_1_52' title="bbox 139 4823 1672 4895">
    <p class='ocr_par' dir='ltr' id='par_1_52' title="bbox 139 4823 1672 4895">
     <span class='ocr_line' id='line_1_52' title="bbox 139 4823 1672 4895; baseline 0.016 -33"><span class='ocrx_word' id='word_1_366' title='bbox 139 4824 233 4864; x_wconf 84' lang='lat' dir='ltr'><strong>rum</strong></span> <span class='ocrx_word' id='word_1_367' title='bbox 273 4827 467 4871; x_wconf 85' lang='lat' dir='ltr'><strong>tantum</strong></span> <span class='ocrx_word' id='word_1_368' title='bbox 526 4823 904 4890; x_wconf 86' lang='lat' dir='ltr'><strong>meminerint,</strong></span> <span class='ocrx_word' id='word_1_369' title='bbox 948 4827 1287 4895; x_wconf 75' lang='lat' dir='ltr'><strong>assignasse.</strong></span> <span class='ocrx_word' id='word_1_370' title='bbox 1344 4829 1459 4886; x_wconf 90' lang='lat' dir='ltr'><strong>lloc</strong></span> <span class='ocrx_word' id='word_1_371' title='bbox 1502 4832 1672 4885; x_wconf 81' lang='lat' dir='ltr'><strong>Baro-</strong></span> 
     </span>
    </p>
   </div>
   <div class='ocr_carea' id='block_1_53' title="bbox 142 4901 1668 4992">
    <p class='ocr_par' dir='ltr' id='par_1_53' title="bbox 142 4901 1668 4992">
     <span class='ocr_line' id='line_1_53' title="bbox 142 4901 1668 4992; baseline 0.021 -43"><span class='ocrx_word' id='word_1_372' title='bbox 142 4901 257 4956; x_wconf 90' lang='lat' dir='ltr'><strong>nium</strong></span> <span class='ocrx_word' id='word_1_373' title='bbox 279 4907 537 4980; x_wconf 88' lang='lat' dir='ltr'><strong>iunuisse,</strong></span> <span class='ocrx_word' id='word_1_374' title='bbox 571 4913 674 4968; x_wconf 88' lang='lat' dir='ltr'><strong>hoc</strong></span> <span class='ocrx_word' id='word_1_375' title='bbox 693 4914 1011 4971; x_wconf 69' lang='lat' dir='ltr'><strong>(iretserum</strong></span> <span class='ocrx_word' id='word_1_376' title='bbox 1053 4920 1214 4989; x_wconf 81' lang='lat' dir='ltr'><strong>plane</strong></span> <span class='ocrx_word' id='word_1_377' title='bbox 1244 4932 1298 4976; x_wconf 88' lang='lat' dir='ltr'><strong>et</strong></span> <span class='ocrx_word' id='word_1_378' title='bbox 1328 4925 1485 4992; x_wconf 90' lang='lat' dir='ltr'><strong>plene</strong></span> <span class='ocrx_word' id='word_1_379' title='bbox 1508 4936 1668 4981; x_wconf 79' lang='lat' dir='ltr'><strong>extu-</strong></span> 
     </span>
    </p>
   </div>
   <div class='ocr_carea' id='block_1_54' title="bbox 142 4990 1671 5077">
    <p class='ocr_par' dir='ltr' id='par_1_54' title="bbox 142 4990 1671 5077">
     <span class='ocr_line' id='line_1_54' title="bbox 142 4990 1671 5077; baseline 0.019 -32"><span class='ocrx_word' id='word_1_380' title='bbox 142 4990 241 5049; x_wconf 80' lang='lat' dir='ltr'><strong>lisse</strong></span> <span class='ocrx_word' id='word_1_381' title='bbox 264 5001 386 5066; x_wconf 91' lang='lat' dir='ltr'><strong>vult,</strong></span> <span class='ocrx_word' id='word_1_382' title='bbox 415 5020 589 5072; x_wconf 86' lang='lat' dir='ltr'><strong>quare</strong></span> <span class='ocrx_word' id='word_1_383' title='bbox 635 5006 711 5060; x_wconf 83' lang='lat' dir='ltr'><strong>illi</strong></span> <span class='ocrx_word' id='word_1_384' title='bbox 743 5008 1007 5077; x_wconf 81' lang='lat' dir='ltr'><strong>epistolas</strong></span> <span class='ocrx_word' id='word_1_385' title='bbox 1058 5012 1226 5068; x_wconf 81' lang='lat' dir='ltr'><strong>hasce</strong></span> <span class='ocrx_word' id='word_1_386' title='bbox 1283 5030 1389 5069; x_wconf 90' lang='lat' dir='ltr'><strong>non</strong></span> <span class='ocrx_word' id='word_1_387' title='bbox 1429 5033 1671 5073; x_wconf 87' lang='lat' dir='ltr'><strong>comme-</strong></span> 
     </span>
    </p>
   </div>
   <div class='ocr_carea' id='block_1_55' title="bbox 141 5093 1689 5178">
    <p class='ocr_par' dir='ltr' id='par_1_55' title="bbox 141 5093 1689 5178">
     <span class='ocr_line' id='line_1_55' title="bbox 141 5093 1689 5178; baseline 0.016 -41"><span class='ocrx_word' id='word_1_388' title='bbox 141 5093 447 5157; x_wconf 85' lang='lat' dir='ltr'><strong>moraverint,</strong></span> <span class='ocrx_word' id='word_1_389' title='bbox 478 5112 705 5151; x_wconf 85' lang='lat' dir='ltr'><strong>causam</strong></span> <span class='ocrx_word' id='word_1_390' title='bbox 737 5098 896 5153; x_wconf 83' lang='lat' dir='ltr'><strong>istam</strong></span> <span class='ocrx_word' id='word_1_391' title='bbox 930 5100 1101 5158; x_wconf 85' lang='lat' dir='ltr'><strong>fuisse</strong></span> <span class='ocrx_word' id='word_1_392' title='bbox 1148 5118 1507 5175; x_wconf 85' lang='lat' dir='ltr'><strong>asserentem,</strong></span> <span class='ocrx_word' id='word_1_393' title='bbox 1543 5112 1689 5178; x_wconf 85' lang='lat' dir='ltr'><strong>quia</strong></span> 
     </span>
    </p>
   </div>
   <div class='ocr_carea' id='block_1_56' title="bbox 141 5182 1671 5272">
    <p class='ocr_par' dir='ltr' id='par_1_56' title="bbox 141 5182 1671 5272">
     <span class='ocr_line' id='line_1_56' title="bbox 141 5182 1671 5272; baseline 0.021 -47"><span class='ocrx_word' id='word_1_394' title='bbox 141 5189 216 5272; x_wconf 56' lang='lat' dir='ltr'><strong>non</strong></span> <span class='ocrx_word' id='word_1_395' title='bbox 236 5182 454 5238; x_wconf 79' lang='lat' dir='ltr'><strong>viderant</strong></span> <span class='ocrx_word' id='word_1_396' title='bbox 482 5189 587 5241; x_wconf 85' lang='lat' dir='ltr'><strong>nisi</strong></span> <span class='ocrx_word' id='word_1_397' title='bbox 617 5189 769 5243; x_wconf 89' lang='lat' dir='ltr'><strong>illam</strong></span> <span class='ocrx_word' id='word_1_398' title='bbox 794 5193 1140 5259; x_wconf 79' lang='lat' dir='ltr'><strong>epistolarum</strong></span> <span class='ocrx_word' id='word_1_399' title='bbox 1165 5199 1527 5255; x_wconf 81' lang='lat' dir='ltr'><strong>collectionem</strong></span> <span class='ocrx_word' id='word_1_400' title='bbox 1552 5220 1671 5272; x_wconf 68' lang='lat' dir='ltr'><strong>qua:</strong></span> 
     </span>
    </p>
   </div>
   <div class='ocr_carea' id='block_1_57' title="bbox 143 5266 1666 5361">
    <p class='ocr_par' dir='ltr' id='par_1_57' title="bbox 143 5266 1666 5361">
     <span class='ocr_line' id='line_1_57' title="bbox 143 5266 1666 5361; baseline 0.021 -44"><span class='ocrx_word' id='word_1_401' title='bbox 143 5266 253 5331; x_wconf 72' lang='lat' dir='ltr'><strong>facta</strong></span> <span class='ocrx_word' id='word_1_402' title='bbox 300 5275 467 5343; x_wconf 74' lang='lat' dir='ltr'><strong>fuerat</strong></span> <span class='ocrx_word' id='word_1_403' title='bbox 504 5297 537 5331; x_wconf 86' lang='grc' dir='ltr'><em>α</em></span> <span class='ocrx_word' id='word_1_404' title='bbox 578 5280 637 5335; x_wconf 90' lang='lat' dir='ltr'><strong>S.</strong></span> <span class='ocrx_word' id='word_1_405' title='bbox 694 5282 1033 5353; x_wconf 82' lang='lat' dir='ltr'><strong>Polycarpo;</strong></span> <span class='ocrx_word' id='word_1_406' title='bbox 1075 5290 1166 5357; x_wconf 90' lang='lat' dir='ltr'><strong>qui</strong></span> <span class='ocrx_word' id='word_1_407' title='bbox 1204 5290 1329 5345; x_wconf 88' lang='lat' dir='ltr'><strong>illas</strong></span> <span class='ocrx_word' id='word_1_408' title='bbox 1379 5266 1666 5361; x_wconf 55' lang='lat' dir='ltr'><strong>duntaaat,</strong></span> 
     </span>
    </p>
   </div>
   <div class='ocr_carea' id='block_1_58' title="bbox 141 5365 1669 5449">
    <p class='ocr_par' dir='ltr' id='par_1_58' title="bbox 141 5365 1669 5449">
     <span class='ocr_line' id='line_1_58' title="bbox 141 5365 1669 5449; baseline 0.017 -34"><span class='ocrx_word' id='word_1_409' title='bbox 141 5375 239 5425; x_wconf 66' lang='lat' dir='ltr'><strong>quas</strong></span> <span class='ocrx_word' id='word_1_410' title='bbox 266 5365 322 5421; x_wconf 77' lang='grc' dir='ltr'><strong>Β.</strong></span> <span class='ocrx_word' id='word_1_411' title='bbox 355 5372 599 5440; x_wconf 84' lang='lat' dir='ltr'><strong>Ignatius</strong></span> <span class='ocrx_word' id='word_1_412' title='bbox 630 5374 877 5449; x_wconf 64' lang='lat' dir='ltr'><strong>Smyrna:</strong></span> <span class='ocrx_word' id='word_1_413' title='bbox 911 5380 1142 5445; x_wconf 80' lang='lat' dir='ltr'><strong>primum</strong></span> <span class='ocrx_word' id='word_1_414' title='bbox 1166 5393 1214 5435; x_wconf 91' lang='lat' dir='ltr'><strong>et</strong></span> <span class='ocrx_word' id='word_1_415' title='bbox 1246 5396 1427 5449; x_wconf 84' lang='lat' dir='ltr'><strong>postea</strong></span> <span class='ocrx_word' id='word_1_416' title='bbox 1467 5386 1669 5441; x_wconf 79' lang='lat' dir='ltr'><strong>Troade</strong></span> 
     </span>
    </p>
   </div>
   <div class='ocr_carea' id='block_1_59' title="bbox 145 5456 1679 5548">
    <p class='ocr_par' dir='ltr' id='par_1_59' title="bbox 145 5456 1679 5548">
     <span class='ocr_line' id='line_1_59' title="bbox 145 5456 1679 5548; baseline 0.016 -38"><span class='ocrx_word' id='word_1_417' title='bbox 145 5456 399 5548; x_wconf 33' lang='lat' dir='ltr'><strong>8Irtittscrat,</strong></span> <span class='ocrx_word' id='word_1_418' title='bbox 434 5481 595 5518; x_wconf 85' lang='lat' dir='ltr'><strong>unum</strong></span> <span class='ocrx_word' id='word_1_419' title='bbox 638 5468 691 5519; x_wconf 88' lang='lat' dir='ltr'><strong>in</strong></span> <span class='ocrx_word' id='word_1_420' title='bbox 720 5470 961 5529; x_wconf 70' lang='lat' dir='ltr'><strong>volumen</strong></span> <span class='ocrx_word' id='word_1_421' title='bbox 999 5478 1367 5539; x_wconf 85' lang='lat' dir='ltr'><strong>comportavit.</strong></span> <span class='ocrx_word' id='word_1_422' title='bbox 1401 5477 1477 5532; x_wconf 88' lang='lat' dir='ltr'><strong>lla</strong></span> <span class='ocrx_word' id='word_1_423' title='bbox 1514 5478 1679 5534; x_wconf 71' lang='lat' dir='ltr'><strong>Usse-</strong></span> 
     </span>
    </p>
   </div>
   <div class='ocr_carea' id='block_1_60' title="bbox 146 5548 1670 5645">
    <p class='ocr_par' dir='ltr' id='par_1_60' title="bbox 146 5548 1670 5645">
     <span class='ocr_line' id='line_1_60' title="bbox 146 5548 1670 5645; baseline 0.024 -54"><span class='ocrx_word' id='word_1_424' title='bbox 146 5553 232 5645; x_wconf 74' lang='lat' dir='ltr'><strong>nus</strong></span> <span class='ocrx_word' id='word_1_425' title='bbox 249 5548 489 5622; x_wconf 84' lang='lat' dir='ltr'><strong>disputat,</strong></span> <span class='ocrx_word' id='word_1_426' title='bbox 518 5567 577 5611; x_wconf 90' lang='lat' dir='ltr'><strong>ut</strong></span> <span class='ocrx_word' id='word_1_427' title='bbox 606 5560 796 5627; x_wconf 87' lang='lat' dir='ltr'><strong>probet</strong></span> <span class='ocrx_word' id='word_1_428' title='bbox 828 5562 953 5619; x_wconf 87' lang='lat' dir='ltr'><strong>illas</strong></span> <span class='ocrx_word' id='word_1_429' title='bbox 977 5569 1239 5635; x_wconf 87' lang='lat' dir='ltr'><strong>epistolas</strong></span> <span class='ocrx_word' id='word_1_430' title='bbox 1265 5571 1508 5641; x_wconf 86' lang='lat' dir='ltr'><strong>antiquis</strong></span> <span class='ocrx_word' id='word_1_431' title='bbox 1540 5573 1670 5629; x_wconf 85' lang='lat' dir='ltr'><strong>fuis-</strong></span> 
     </span>
    </p>
   </div>
   <div class='ocr_carea' id='block_1_61' title="bbox 147 5646 498 5713">
    <p class='ocr_par' dir='ltr' id='par_1_61' title="bbox 147 5646 498 5713">
     <span class='ocr_line' id='line_1_61' title="bbox 147 5646 498 5713; baseline 0.043 -24"><span class='ocrx_word' id='word_1_432' title='bbox 147 5646 189 5685; x_wconf 72' lang='lat' dir='ltr'><strong>se</strong></span> <span class='ocrx_word' id='word_1_433' title='bbox 210 5648 498 5713; x_wconf 81' lang='lat' dir='ltr'><strong>incognitas.</strong></span> 
     </span>
    </p>
   </div>
   <div class='ocr_carea' id='block_1_62' title="bbox 199 5748 1669 5850">
    <p class='ocr_par' dir='ltr' id='par_1_62' title="bbox 199 5748 1669 5850">
     <span class='ocr_line' id='line_1_62' title="bbox 199 5748 1669 5850; baseline 0.018 -42"><span class='ocrx_word' id='word_1_434' title='bbox 199 5748 439 5817; x_wconf 86' lang='lat' dir='ltr'><strong>Quorsum</strong></span> <span class='ocrx_word' id='word_1_435' title='bbox 470 5763 633 5835; x_wconf 72' lang='lat' dir='ltr'><strong>igitur</strong></span> <span class='ocrx_word' id='word_1_436' title='bbox 663 5769 781 5825; x_wconf 61' lang='lat' dir='ltr'><strong>haec</strong></span> <span class='ocrx_word' id='word_1_437' title='bbox 813 5785 1037 5827; x_wconf 83' lang='lat' dir='ltr'><strong>narrare</strong></span> <span class='ocrx_word' id='word_1_438' title='bbox 1071 5772 1241 5829; x_wconf 84' lang='lat' dir='ltr'><strong>voluit</strong></span> <span class='ocrx_word' id='word_1_439' title='bbox 1263 5775 1521 5838; x_wconf 72' lang='lat' dir='ltr'><strong>Dachus.</strong></span> <span class='ocrx_word' id='word_1_440' title='bbox 1546 5794 1669 5850; x_wconf 78' lang='lat' dir='ltr'><strong>qua:</strong></span> 
     </span>
    </p>
   </div>
   <div class='ocr_carea' id='block_1_63' title="bbox 1798 505 3365 576">
    <p class='ocr_par' dir='ltr' id='par_1_63' title="bbox 1798 505 3365 576">
     <span class='ocr_line' id='line_1_63' title="bbox 1798 505 3365 576; baseline -0.003 -16"><span class='ocrx_word' id='word_1_441' title='bbox 1798 507 1945 576; x_wconf 87' lang='lat' dir='ltr'><strong>piani</strong></span> <span class='ocrx_word' id='word_1_442' title='bbox 1972 507 2259 560; x_wconf 84' lang='lat' dir='ltr'><strong>testimonii</strong></span> <span class='ocrx_word' id='word_1_443' title='bbox 2288 515 2450 559; x_wconf 86' lang='lat' dir='ltr'><strong>cesset</strong></span> <span class='ocrx_word' id='word_1_444' title='bbox 2483 506 2537 558; x_wconf 86' lang='lat' dir='ltr'><strong>in</strong></span> <span class='ocrx_word' id='word_1_445' title='bbox 2565 515 2787 574; x_wconf 87' lang='lat' dir='ltr'><strong>utraque</strong></span> <span class='ocrx_word' id='word_1_446' title='bbox 2830 522 2997 557; x_wconf 87' lang='lat' dir='ltr'><strong>causa</strong></span> <span class='ocrx_word' id='word_1_447' title='bbox 3037 505 3332 557; x_wconf 88' lang='lat' dir='ltr'><strong>auctoritas</strong></span> <span class='ocrx_word' id='word_1_448' title='bbox 3351 545 3365 557; x_wconf 91' lang='lat'><strong>.</strong></span> 
     </span>
    </p>
   </div>
   <div class='ocr_carea' id='block_1_64' title="bbox 1796 596 3381 666">
    <p class='ocr_par' dir='ltr' id='par_1_64' title="bbox 1796 596 3381 666">
     <span class='ocr_line' id='line_1_64' title="bbox 1796 596 3381 666; baseline -0.002 -15"><span class='ocrx_word' id='word_1_449' title='bbox 1796 599 1852 651; x_wconf 89' lang='lat' dir='ltr'><strong>in</strong></span> <span class='ocrx_word' id='word_1_450' title='bbox 1884 614 1979 650; x_wconf 84' lang='lat' dir='ltr'><strong>nos</strong></span> <span class='ocrx_word' id='word_1_451' title='bbox 1994 614 2089 665; x_wconf 89' lang='lat' dir='ltr'><strong>pro</strong></span> <span class='ocrx_word' id='word_1_452' title='bbox 2117 596 2436 650; x_wconf 82' lang='lat' dir='ltr'><strong>doctissimis</strong></span> <span class='ocrx_word' id='word_1_453' title='bbox 2467 598 2595 653; x_wconf 88' lang='lat' dir='ltr'><strong>viris</strong></span> <span class='ocrx_word' id='word_1_454' title='bbox 2635 597 2800 650; x_wconf 87' lang='lat' dir='ltr'><strong>nihilo</strong></span> <span class='ocrx_word' id='word_1_455' title='bbox 2840 596 3093 659; x_wconf 85' lang='lat' dir='ltr'><strong>validior,</strong></span> <span class='ocrx_word' id='word_1_456' title='bbox 3134 612 3292 666; x_wconf 87' lang='lat' dir='ltr'><strong>quam</strong></span> <span class='ocrx_word' id='word_1_457' title='bbox 3317 597 3381 665; x_wconf 64' lang='lat' dir='ltr'><strong>in</strong></span> 
     </span>
    </p>
   </div>
   <div class='ocr_carea' id='block_1_65' title="bbox 1797 688 3371 756">
    <p class='ocr_par' dir='ltr' id='par_1_65' title="bbox 1797 688 3371 756">
     <span class='ocr_line' id='line_1_65' title="bbox 1797 688 3371 756; baseline -0.001 -13"><span class='ocrx_word' id='word_1_458' title='bbox 1797 690 1933 750; x_wconf 77' lang='lat' dir='ltr'><strong>viros</strong></span> <span class='ocrx_word' id='word_1_459' title='bbox 1960 689 2293 742; x_wconf 85' lang='lat' dir='ltr'><strong>doctissimos</strong></span> <span class='ocrx_word' id='word_1_460' title='bbox 2321 704 2416 756; x_wconf 87' lang='lat' dir='ltr'><strong>pro</strong></span> <span class='ocrx_word' id='word_1_461' title='bbox 2439 688 2674 744; x_wconf 87' lang='lat' dir='ltr'><strong>Latinis.</strong></span> <span class='ocrx_word' id='word_1_462' title='bbox 2710 688 2884 754; x_wconf 82' lang='lat' dir='ltr'><strong>Quam</strong></span> <span class='ocrx_word' id='word_1_463' title='bbox 2928 688 3067 743; x_wconf 84' lang='lat' dir='ltr'><strong>falsa</strong></span> <span class='ocrx_word' id='word_1_464' title='bbox 3093 688 3330 743; x_wconf 79' lang='lat' dir='ltr'><strong>assertio</strong></span> <span class='ocrx_word' id='word_1_465' title='bbox 3356 688 3371 741; x_wconf 78' lang='lat' dir='ltr'><strong>l</strong></span> 
     </span>
    </p>
   </div>
   <div class='ocr_carea' id='block_1_66' title="bbox 1794 779 3375 850">
    <p class='ocr_par' dir='ltr' id='par_1_66' title="bbox 1794 779 3375 850">
     <span class='ocr_line' id='line_1_66' title="bbox 1794 779 3375 850; baseline -0.003 -15"><span class='ocrx_word' id='word_1_466' title='bbox 1794 795 1960 850; x_wconf 90' lang='lat' dir='ltr'><strong>quam</strong></span> <span class='ocrx_word' id='word_1_467' title='bbox 2016 780 2203 847; x_wconf 86' lang='lat' dir='ltr'><strong>iniqua</strong></span> <span class='ocrx_word' id='word_1_468' title='bbox 2256 780 2579 847; x_wconf 85' lang='lat' dir='ltr'><strong>postulatio!</strong></span> <span class='ocrx_word' id='word_1_469' title='bbox 2617 791 2730 835; x_wconf 88' lang='lat' dir='ltr'><strong>tam</strong></span> <span class='ocrx_word' id='word_1_470' title='bbox 2787 790 2934 834; x_wconf 83' lang='lat' dir='ltr'><strong>certe</strong></span> <span class='ocrx_word' id='word_1_471' title='bbox 2989 780 3107 834; x_wconf 59' lang='lat' dir='ltr'><strong>haec</strong></span> <span class='ocrx_word' id='word_1_472' title='bbox 3160 779 3375 848; x_wconf 76' lang='lat' dir='ltr'><strong>iniqua,</strong></span> 
     </span>
    </p>
   </div>
   <div class='ocr_carea' id='block_1_67' title="bbox 1794 870 3379 941">
    <p class='ocr_par' dir='ltr' id='par_1_67' title="bbox 1794 870 3379 941">
     <span class='ocr_line' id='line_1_67' title="bbox 1794 870 3379 941; baseline -0.001 -16"><span class='ocrx_word' id='word_1_473' title='bbox 1794 888 1958 941; x_wconf 87' lang='lat' dir='ltr'><strong>quam</strong></span> <span class='ocrx_word' id='word_1_474' title='bbox 1992 872 2081 926; x_wconf 89' lang='lat' dir='ltr'><strong>illa</strong></span> <span class='ocrx_word' id='word_1_475' title='bbox 2112 871 2268 925; x_wconf 78' lang='lat' dir='ltr'><strong>falsa.</strong></span> <span class='ocrx_word' id='word_1_476' title='bbox 2315 870 2494 925; x_wconf 86' lang='lat' dir='ltr'><strong>Latini</strong></span> <span class='ocrx_word' id='word_1_477' title='bbox 2537 871 2653 926; x_wconf 86' lang='lat' dir='ltr'><strong>haec</strong></span> <span class='ocrx_word' id='word_1_478' title='bbox 2684 886 2968 941; x_wconf 86' lang='lat' dir='ltr'><strong>nunquam</strong></span> <span class='ocrx_word' id='word_1_479' title='bbox 2997 871 3289 940; x_wconf 85' lang='lat' dir='ltr'><strong>objecere;</strong></span> <span class='ocrx_word' id='word_1_480' title='bbox 3323 870 3379 925; x_wconf 79' lang='lat' dir='ltr'><strong>si</strong></span> 
     </span>
    </p>
   </div>
   <div class='ocr_carea' id='block_1_68' title="bbox 1794 962 3370 1032">
    <p class='ocr_par' dir='ltr' id='par_1_68' title="bbox 1794 962 3370 1032">
     <span class='ocr_line' id='line_1_68' title="bbox 1794 962 3370 1032; baseline -0.002 -15"><span class='ocrx_word' id='word_1_481' title='bbox 1794 962 2145 1032; x_wconf 71' lang='lat' dir='ltr'><strong>obiecissent,</strong></span> <span class='ocrx_word' id='word_1_482' title='bbox 2198 971 2471 1015; x_wconf 90' lang='lat' dir='ltr'><strong>noverunt</strong></span> <span class='ocrx_word' id='word_1_483' title='bbox 2514 962 2647 1014; x_wconf 87' lang='lat' dir='ltr'><strong>nihil</strong></span> <span class='ocrx_word' id='word_1_484' title='bbox 2696 978 2755 1017; x_wconf 89' lang='lat' dir='ltr'><strong>se</strong></span> <span class='ocrx_word' id='word_1_485' title='bbox 2795 962 3056 1031; x_wconf 89' lang='lat' dir='ltr'><strong>proficere</strong></span> <span class='ocrx_word' id='word_1_486' title='bbox 3101 962 3370 1031; x_wconf 89' lang='lat' dir='ltr'><strong>potuisse,</strong></span> 
     </span>
    </p>
   </div>
   <div class='ocr_carea' id='block_1_69' title="bbox 1792 1050 3383 1123">
    <p class='ocr_par' dir='ltr' id='par_1_69' title="bbox 1792 1050 3383 1123">
     <span class='ocr_line' id='line_1_69' title="bbox 1792 1050 3383 1123; baseline -0.001 -16"><span class='ocrx_word' id='word_1_487' title='bbox 1792 1054 1976 1107; x_wconf 89' lang='lat' dir='ltr'><strong>statim</strong></span> <span class='ocrx_word' id='word_1_488' title='bbox 2015 1068 2346 1123; x_wconf 89' lang='lat' dir='ltr'><strong>responsum</strong></span> <span class='ocrx_word' id='word_1_489' title='bbox 2376 1061 2546 1119; x_wconf 88' lang='lat' dir='ltr'><strong>esset,</strong></span> <span class='ocrx_word' id='word_1_490' title='bbox 2584 1051 2874 1123; x_wconf 85' lang='lat' dir='ltr'><strong>Polycarpi</strong></span> <span class='ocrx_word' id='word_1_491' title='bbox 2901 1052 3276 1108; x_wconf 88' lang='lat' dir='ltr'><strong>testimonium</strong></span> <span class='ocrx_word' id='word_1_492' title='bbox 3299 1050 3383 1115; x_wconf 65' lang='lat' dir='ltr'><strong>ad</strong></span> 
     </span>
    </p>
   </div>
   <div class='ocr_carea' id='block_1_70' title="bbox 1793 1143 3371 1216">
    <p class='ocr_par' dir='ltr' id='par_1_70' title="bbox 1793 1143 3371 1216">
     <span class='ocr_line' id='line_1_70' title="bbox 1793 1143 3371 1216; baseline -0.001 -17"><span class='ocrx_word' id='word_1_493' title='bbox 1793 1146 1914 1201; x_wconf 88' lang='lat' dir='ltr'><strong>illas</strong></span> <span class='ocrx_word' id='word_1_494' title='bbox 1949 1145 2210 1216; x_wconf 88' lang='lat' dir='ltr'><strong>epistolas</strong></span> <span class='ocrx_word' id='word_1_495' title='bbox 2247 1160 2386 1215; x_wconf 90' lang='lat' dir='ltr'><strong>quas</strong></span> <span class='ocrx_word' id='word_1_496' title='bbox 2442 1160 2545 1199; x_wconf 86' lang='lat' dir='ltr'><strong>nec</strong></span> <span class='ocrx_word' id='word_1_497' title='bbox 2608 1143 2901 1209; x_wconf 89' lang='lat' dir='ltr'><strong>Eusebius,</strong></span> <span class='ocrx_word' id='word_1_498' title='bbox 2956 1159 3056 1200; x_wconf 89' lang='lat' dir='ltr'><strong>nec</strong></span> <span class='ocrx_word' id='word_1_499' title='bbox 3102 1144 3371 1216; x_wconf 80' lang='lat' dir='ltr'><strong>Hierony-</strong></span> 
     </span>
    </p>
   </div>
   <div class='ocr_carea' id='block_1_71' title="bbox 1792 1235 3369 1306">
    <p class='ocr_par' dir='ltr' id='par_1_71' title="bbox 1792 1235 3369 1306">
     <span class='ocr_line' id='line_1_71' title="bbox 1792 1235 3369 1306; baseline -0.001 -16"><span class='ocrx_word' id='word_1_500' title='bbox 1792 1253 1935 1303; x_wconf 87' lang='lat' dir='ltr'><strong>mus,</strong></span> <span class='ocrx_word' id='word_1_501' title='bbox 1969 1252 2070 1294; x_wconf 88' lang='lat' dir='ltr'><strong>nec</strong></span> <span class='ocrx_word' id='word_1_502' title='bbox 2106 1236 2400 1306; x_wconf 84' lang='lat' dir='ltr'><strong>quisquam</strong></span> <span class='ocrx_word' id='word_1_503' title='bbox 2423 1235 2601 1305; x_wconf 89' lang='lat' dir='ltr'><strong>quinti</strong></span> <span class='ocrx_word' id='word_1_504' title='bbox 2635 1236 2822 1291; x_wconf 69' lang='lat' dir='ltr'><strong>saeculi</strong></span> <span class='ocrx_word' id='word_1_505' title='bbox 2852 1245 3232 1303; x_wconf 86' lang='lat' dir='ltr'><strong>memorasset,</strong></span> <span class='ocrx_word' id='word_1_506' title='bbox 3257 1248 3369 1289; x_wconf 91' lang='lat' dir='ltr'><strong>non</strong></span> 
     </span>
    </p>
   </div>
   <div class='ocr_carea' id='block_1_72' title="bbox 1791 1327 3367 1399">
    <p class='ocr_par' dir='ltr' id='par_1_72' title="bbox 1791 1327 3367 1399">
     <span class='ocr_line' id='line_1_72' title="bbox 1791 1327 3367 1399; baseline -0.001 -17"><span class='ocrx_word' id='word_1_507' title='bbox 1791 1327 2081 1399; x_wconf 87' lang='lat' dir='ltr'><strong>pertinere.</strong></span> <span class='ocrx_word' id='word_1_508' title='bbox 2114 1327 2195 1382; x_wconf 82' lang='lat' dir='ltr'><strong>Ad</strong></span> <span class='ocrx_word' id='word_1_509' title='bbox 2225 1335 2442 1381; x_wconf 88' lang='lat' dir='ltr'><strong>nostras</strong></span> <span class='ocrx_word' id='word_1_510' title='bbox 2474 1334 2654 1381; x_wconf 89' lang='lat' dir='ltr'><strong>autem</strong></span> <span class='ocrx_word' id='word_1_511' title='bbox 2688 1328 2944 1397; x_wconf 85' lang='lat' dir='ltr'><strong>epistolas</strong></span> <span class='ocrx_word' id='word_1_512' title='bbox 2970 1342 3131 1381; x_wconf 91' lang='lat' dir='ltr'><strong>nemo</strong></span> <span class='ocrx_word' id='word_1_513' title='bbox 3151 1342 3367 1392; x_wconf 89' lang='lat' dir='ltr'><strong>eorum,</strong></span> 
     </span>
    </p>
   </div>
   <div class='ocr_carea' id='block_1_73' title="bbox 1791 1417 3369 1490">
    <p class='ocr_par' dir='ltr' id='par_1_73' title="bbox 1791 1417 3369 1490">
     <span class='ocr_line' id='line_1_73' title="bbox 1791 1417 3369 1490; baseline 0.001 -18"><span class='ocrx_word' id='word_1_514' title='bbox 1791 1428 2101 1475; x_wconf 91' lang='lat' dir='ltr'><strong>nostrorum</strong></span> <span class='ocrx_word' id='word_1_515' title='bbox 2157 1434 2321 1475; x_wconf 88' lang='lat' dir='ltr'><strong>nemo</strong></span> <span class='ocrx_word' id='word_1_516' title='bbox 2377 1436 2501 1473; x_wconf 90' lang='lat' dir='ltr'><strong>cum</strong></span> <span class='ocrx_word' id='word_1_517' title='bbox 2559 1420 2668 1474; x_wconf 89' lang='lat' dir='ltr'><strong>ulla</strong></span> <span class='ocrx_word' id='word_1_518' title='bbox 2703 1421 2914 1476; x_wconf 88' lang='lat' dir='ltr'><strong>ratione</strong></span> <span class='ocrx_word' id='word_1_519' title='bbox 2946 1421 3085 1474; x_wconf 84' lang='lat' dir='ltr'><strong>dixit</strong></span> <span class='ocrx_word' id='word_1_520' title='bbox 3111 1417 3369 1490; x_wconf 62' lang='lat' dir='ltr'><strong>POIYCBP-r</strong></span> 
     </span>
    </p>
   </div>
   <div class='ocr_carea' id='block_1_74' title="bbox 1789 1508 3369 1578">
    <p class='ocr_par' dir='ltr' id='par_1_74' title="bbox 1789 1508 3369 1578">
     <span class='ocr_line' id='line_1_74' title="bbox 1789 1508 3369 1578; baseline 0.001 -15"><span class='ocrx_word' id='word_1_521' title='bbox 1789 1523 1916 1577; x_wconf 89' lang='lat' dir='ltr'><strong>pum</strong></span> <span class='ocrx_word' id='word_1_522' title='bbox 1966 1523 2075 1562; x_wconf 93' lang='lat' dir='ltr'><strong>non</strong></span> <span class='ocrx_word' id='word_1_523' title='bbox 2128 1509 2455 1577; x_wconf 76' lang='lat' dir='ltr'><strong>respexisse.</strong></span> <span class='ocrx_word' id='word_1_524' title='bbox 2512 1508 2619 1564; x_wconf 89' lang='lat' dir='ltr'><strong>Pro</strong></span> <span class='ocrx_word' id='word_1_525' title='bbox 2679 1509 2837 1564; x_wconf 85' lang='lat' dir='ltr'><strong>nobis</strong></span> <span class='ocrx_word' id='word_1_526' title='bbox 2871 1509 3038 1578; x_wconf 82' lang='lat' dir='ltr'><strong>igitur</strong></span> <span class='ocrx_word' id='word_1_527' title='bbox 3067 1518 3124 1564; x_wconf 88' lang='lat' dir='ltr'><strong>et</strong></span> <span class='ocrx_word' id='word_1_528' title='bbox 3151 1524 3369 1578; x_wconf 84' lang='lat' dir='ltr'><strong>semper</strong></span> 
     </span>
    </p>
   </div>
   <div class='ocr_carea' id='block_1_75' title="bbox 1789 1599 3369 1666">
    <p class='ocr_par' dir='ltr' id='par_1_75' title="bbox 1789 1599 3369 1666">
     <span class='ocr_line' id='line_1_75' title="bbox 1789 1599 3369 1666; baseline 0.001 -12"><span class='ocrx_word' id='word_1_529' title='bbox 1789 1600 1913 1666; x_wconf 88' lang='lat' dir='ltr'><strong>fuit,</strong></span> <span class='ocrx_word' id='word_1_530' title='bbox 1944 1611 1998 1659; x_wconf 87' lang='lat' dir='ltr'><strong>et</strong></span> <span class='ocrx_word' id='word_1_531' title='bbox 2018 1599 2123 1654; x_wconf 88' lang='lat' dir='ltr'><strong>erit</strong></span> <span class='ocrx_word' id='word_1_532' title='bbox 2150 1599 2287 1654; x_wconf 89' lang='lat' dir='ltr'><strong>tanti</strong></span> <span class='ocrx_word' id='word_1_533' title='bbox 2318 1600 2497 1656; x_wconf 89' lang='lat' dir='ltr'><strong>Patris</strong></span> <span class='ocrx_word' id='word_1_534' title='bbox 2544 1602 2719 1656; x_wconf 90' lang='lat' dir='ltr'><strong>multo</strong></span> <span class='ocrx_word' id='word_1_535' title='bbox 2772 1602 3007 1655; x_wconf 84' lang='lat' dir='ltr'><strong>validior</strong></span> <span class='ocrx_word' id='word_1_536' title='bbox 3061 1602 3369 1656; x_wconf 87' lang='lat' dir='ltr'><strong>auctoritas</strong></span> 
     </span>
    </p>
   </div>
   <div class='ocr_carea' id='block_1_76' title="bbox 1787 1688 3367 1760">
    <p class='ocr_par' dir='ltr' id='par_1_76' title="bbox 1787 1688 3367 1760">
     <span class='ocr_line' id='line_1_76' title="bbox 1787 1688 3367 1760; baseline -0.002 -15"><span class='ocrx_word' id='word_1_537' title='bbox 1787 1701 1977 1745; x_wconf 87' lang='lat' dir='ltr'><strong>contra</strong></span> <span class='ocrx_word' id='word_1_538' title='bbox 2027 1705 2410 1760; x_wconf 87' lang='lat' dir='ltr'><strong>quoscunque,</strong></span> <span class='ocrx_word' id='word_1_539' title='bbox 2455 1706 2620 1759; x_wconf 89' lang='lat' dir='ltr'><strong>quam</strong></span> <span class='ocrx_word' id='word_1_540' title='bbox 2655 1706 2754 1759; x_wconf 91' lang='lat' dir='ltr'><strong>pro</strong></span> <span class='ocrx_word' id='word_1_541' title='bbox 2784 1688 2995 1743; x_wconf 88' lang='lat' dir='ltr'><strong>Latinis</strong></span> <span class='ocrx_word' id='word_1_542' title='bbox 3021 1698 3211 1743; x_wconf 90' lang='lat' dir='ltr'><strong>contra</strong></span> <span class='ocrx_word' id='word_1_543' title='bbox 3244 1704 3367 1752; x_wconf 88' lang='lat' dir='ltr'><strong>nos,</strong></span> 
     </span>
    </p>
   </div>
   <div class='ocr_carea' id='block_1_77' title="bbox 1785 1782 3366 1857">
    <p class='ocr_par' dir='ltr' id='par_1_77' title="bbox 1785 1782 3366 1857">
     <span class='ocr_line' id='line_1_77' title="bbox 1785 1782 3366 1857; baseline -0.001 -21"><span class='ocrx_word' id='word_1_544' title='bbox 1785 1783 1879 1853; x_wconf 90' lang='lat' dir='ltr'><strong>qui</strong></span> <span class='ocrx_word' id='word_1_545' title='bbox 1904 1799 2081 1857; x_wconf 84' lang='lat' dir='ltr'><strong>neque</strong></span> <span class='ocrx_word' id='word_1_546' title='bbox 2117 1784 2386 1839; x_wconf 86' lang='lat' dir='ltr'><strong>adversus</strong></span> <span class='ocrx_word' id='word_1_547' title='bbox 2423 1799 2546 1850; x_wconf 91' lang='lat' dir='ltr'><strong>nos,</strong></span> <span class='ocrx_word' id='word_1_548' title='bbox 2582 1798 2759 1852; x_wconf 88' lang='lat' dir='ltr'><strong>neque</strong></span> <span class='ocrx_word' id='word_1_549' title='bbox 2781 1797 3168 1853; x_wconf 89' lang='lat' dir='ltr'><strong>quemcunque</strong></span> <span class='ocrx_word' id='word_1_550' title='bbox 3198 1782 3366 1835; x_wconf 89' lang='lat' dir='ltr'><strong>alium</strong></span> 
     </span>
    </p>
   </div>
   <div class='ocr_carea' id='block_1_78' title="bbox 1783 1874 3367 1945">
    <p class='ocr_par' dir='ltr' id='par_1_78' title="bbox 1783 1874 3367 1945">
     <span class='ocr_line' id='line_1_78' title="bbox 1783 1874 3367 1945; baseline -0.002 -14"><span class='ocrx_word' id='word_1_551' title='bbox 1783 1894 1904 1932; x_wconf 88' lang='lat' dir='ltr'><strong>eam</strong></span> <span class='ocrx_word' id='word_1_552' title='bbox 1927 1886 2023 1932; x_wconf 89' lang='lat' dir='ltr'><strong>aut</strong></span> <span class='ocrx_word' id='word_1_553' title='bbox 2051 1878 2421 1945; x_wconf 82' lang='lat' dir='ltr'><strong>adduxerunt,</strong></span> <span class='ocrx_word' id='word_1_554' title='bbox 2444 1886 2539 1931; x_wconf 88' lang='lat' dir='ltr'><strong>aut</strong></span> <span class='ocrx_word' id='word_1_555' title='bbox 2559 1877 2829 1932; x_wconf 88' lang='lat' dir='ltr'><strong>adducere</strong></span> <span class='ocrx_word' id='word_1_556' title='bbox 2847 1883 3163 1944; x_wconf 83' lang='lat' dir='ltr'><strong>potuerunt.</strong></span> <span class='ocrx_word' id='word_1_557' title='bbox 3192 1874 3367 1940; x_wconf 86' lang='lat' dir='ltr'><strong>Quam</strong></span> 
     </span>
    </p>
   </div>
   <div class='ocr_carea' id='block_1_79' title="bbox 1787 1964 3367 2035">
    <p class='ocr_par' dir='ltr' id='par_1_79' title="bbox 1787 1964 3367 2035">
     <span class='ocr_line' id='line_1_79' title="bbox 1787 1964 3367 2035; baseline 0.001 -19"><span class='ocrx_word' id='word_1_558' title='bbox 1787 1965 1949 2034; x_wconf 85' lang='lat' dir='ltr'><strong>igitur</strong></span> <span class='ocrx_word' id='word_1_559' title='bbox 2002 1965 2193 2035; x_wconf 91' lang='lat' dir='ltr'><strong>iniqua</strong></span> <span class='ocrx_word' id='word_1_560' title='bbox 2246 1966 2550 2035; x_wconf 88' lang='lat' dir='ltr'><strong>postulatio</strong></span> <span class='ocrx_word' id='word_1_561' title='bbox 2596 1974 2702 2033; x_wconf 89' lang='lat' dir='ltr'><strong>est,</strong></span> <span class='ocrx_word' id='word_1_562' title='bbox 2733 1975 2791 2019; x_wconf 88' lang='lat' dir='ltr'><strong>ut</strong></span> <span class='ocrx_word' id='word_1_563' title='bbox 2825 1964 2948 2034; x_wconf 81' lang='lat' dir='ltr'><strong>ejus</strong></span> <span class='ocrx_word' id='word_1_564' title='bbox 2979 1965 3285 2019; x_wconf 86' lang='lat' dir='ltr'><strong>auctoritas</strong></span> <span class='ocrx_word' id='word_1_565' title='bbox 3312 1965 3367 2017; x_wconf 89' lang='lat' dir='ltr'><strong>in</strong></span> 
     </span>
    </p>
   </div>
   <div class='ocr_carea' id='block_1_80' title="bbox 1783 2055 3366 2124">
    <p class='ocr_par' dir='ltr' id='par_1_80' title="bbox 1783 2055 3366 2124">
     <span class='ocr_line' id='line_1_80' title="bbox 1783 2055 3366 2124; baseline 0.003 -19"><span class='ocrx_word' id='word_1_566' title='bbox 1783 2062 2007 2124; x_wconf 87' lang='lat' dir='ltr'><strong>utraque</strong></span> <span class='ocrx_word' id='word_1_567' title='bbox 2041 2071 2206 2107; x_wconf 87' lang='lat' dir='ltr'><strong>causa</strong></span> <span class='ocrx_word' id='word_1_568' title='bbox 2238 2064 2423 2117; x_wconf 87' lang='lat' dir='ltr'><strong>cesset,</strong></span> <span class='ocrx_word' id='word_1_569' title='bbox 2455 2071 2578 2124; x_wconf 65' lang='lat' dir='ltr'><strong>quae</strong></span> <span class='ocrx_word' id='word_1_570' title='bbox 2616 2055 2672 2108; x_wconf 92' lang='lat' dir='ltr'><strong>in</strong></span> <span class='ocrx_word' id='word_1_571' title='bbox 2704 2055 2872 2109; x_wconf 88' lang='lat' dir='ltr'><strong>altera</strong></span> <span class='ocrx_word' id='word_1_572' title='bbox 2914 2071 3193 2124; x_wconf 83' lang='lat' dir='ltr'><strong>nunquam</strong></span> <span class='ocrx_word' id='word_1_573' title='bbox 3222 2056 3366 2109; x_wconf 89' lang='lat' dir='ltr'><strong>obti-</strong></span> 
     </span>
    </p>
   </div>
   <div class='ocr_carea' id='block_1_81' title="bbox 1784 2145 3367 2215">
    <p class='ocr_par' dir='ltr' id='par_1_81' title="bbox 1784 2145 3367 2215">
     <span class='ocr_line' id='line_1_81' title="bbox 1784 2145 3367 2215; baseline 0.001 -17"><span class='ocrx_word' id='word_1_574' title='bbox 1784 2145 1938 2212; x_wconf 87' lang='lat' dir='ltr'><strong>nuit;</strong></span> <span class='ocrx_word' id='word_1_575' title='bbox 1968 2146 2022 2199; x_wconf 89' lang='lat' dir='ltr'><strong>in</strong></span> <span class='ocrx_word' id='word_1_576' title='bbox 2053 2145 2166 2212; x_wconf 81' lang='lat' dir='ltr'><strong>illa,</strong></span> <span class='ocrx_word' id='word_1_577' title='bbox 2191 2162 2299 2215; x_wconf 87' lang='lat' dir='ltr'><strong>qua</strong></span> <span class='ocrx_word' id='word_1_578' title='bbox 2330 2147 2400 2201; x_wconf 87' lang='lat' dir='ltr'><strong>ab</strong></span> <span class='ocrx_word' id='word_1_579' title='bbox 2433 2147 2690 2202; x_wconf 88' lang='lat' dir='ltr'><strong>omnibus</strong></span> <span class='ocrx_word' id='word_1_580' title='bbox 2723 2148 3033 2212; x_wconf 86' lang='lat' dir='ltr'><strong>adducitur,</strong></span> <span class='ocrx_word' id='word_1_581' title='bbox 3064 2147 3367 2202; x_wconf 88' lang='lat' dir='ltr'><strong>oblitterari</strong></span> 
     </span>
    </p>
   </div>
   <div class='ocr_carea' id='block_1_82' title="bbox 1784 2237 3366 2310">
    <p class='ocr_par' dir='ltr' id='par_1_82' title="bbox 1784 2237 3366 2310">
     <span class='ocr_line' id='line_1_82' title="bbox 1784 2237 3366 2310; baseline 0.003 -21"><span class='ocrx_word' id='word_1_582' title='bbox 1784 2252 2063 2306; x_wconf 89' lang='lat' dir='ltr'><strong>nunquam</strong></span> <span class='ocrx_word' id='word_1_583' title='bbox 2114 2237 2354 2307; x_wconf 85' lang='lat' dir='ltr'><strong>poterit!</strong></span> <span class='ocrx_word' id='word_1_584' title='bbox 2408 2238 2804 2294; x_wconf 83' lang='lat' dir='ltr'><strong>Auctoritatem</strong></span> <span class='ocrx_word' id='word_1_585' title='bbox 2858 2239 3023 2309; x_wconf 84' lang='lat' dir='ltr'><strong>igitur</strong></span> <span class='ocrx_word' id='word_1_586' title='bbox 3078 2238 3366 2310; x_wconf 76' lang='lat' dir='ltr'><strong>Polyearpi</strong></span> 
     </span>
    </p>
   </div>
   <div class='ocr_carea' id='block_1_83' title="bbox 1783 2329 3366 2402">
    <p class='ocr_par' dir='ltr' id='par_1_83' title="bbox 1783 2329 3366 2402">
     <span class='ocr_line' id='line_1_83' title="bbox 1783 2329 3366 2402; baseline 0.003 -19"><span class='ocrx_word' id='word_1_587' title='bbox 1783 2344 1885 2383; x_wconf 92' lang='lat' dir='ltr'><strong>suo</strong></span> <span class='ocrx_word' id='word_1_588' title='bbox 1917 2329 2036 2384; x_wconf 88' lang='lat' dir='ltr'><strong>loco</strong></span> <span class='ocrx_word' id='word_1_589' title='bbox 2056 2329 2363 2399; x_wconf 86' lang='lat' dir='ltr'><strong>justissime</strong></span> <span class='ocrx_word' id='word_1_590' title='bbox 2384 2331 2686 2397; x_wconf 84' lang='lat' dir='ltr'><strong>afl&#39;erimus,</strong></span> <span class='ocrx_word' id='word_1_591' title='bbox 2711 2333 3036 2402; x_wconf 88' lang='lat' dir='ltr'><strong>premimus,</strong></span> <span class='ocrx_word' id='word_1_592' title='bbox 3069 2348 3366 2402; x_wconf 75' lang='lat' dir='ltr'><strong>urgemus;</strong></span> 
     </span>
    </p>
   </div>
   <div class='ocr_carea' id='block_1_84' title="bbox 1781 2419 3368 2492">
    <p class='ocr_par' dir='ltr' id='par_1_84' title="bbox 1781 2419 3368 2492">
     <span class='ocr_line' id='line_1_84' title="bbox 1781 2419 3368 2492; baseline 0.003 -20"><span class='ocrx_word' id='word_1_593' title='bbox 1781 2419 2219 2489; x_wconf 87' lang='lat' dir='ltr'><strong>objectiunculas</strong></span> <span class='ocrx_word' id='word_1_594' title='bbox 2252 2421 2521 2477; x_wconf 88' lang='lat' dir='ltr'><strong>adversus</strong></span> <span class='ocrx_word' id='word_1_595' title='bbox 2543 2422 2808 2492; x_wconf 89' lang='lat' dir='ltr'><strong>epistolas</strong></span> <span class='ocrx_word' id='word_1_596' title='bbox 2851 2423 2999 2479; x_wconf 90' lang='lat' dir='ltr'><strong>illius</strong></span> <span class='ocrx_word' id='word_1_597' title='bbox 3055 2423 3368 2478; x_wconf 86' lang='lat' dir='ltr'><strong>testimonio</strong></span> 
     </span>
    </p>
   </div>
   <div class='ocr_carea' id='block_1_85' title="bbox 1783 2513 3355 2587">
    <p class='ocr_par' dir='ltr' id='par_1_85' title="bbox 1783 2513 3355 2587">
     <span class='ocr_line' id='line_1_85' title="bbox 1783 2513 3355 2587; baseline 0.003 -22"><span class='ocrx_word' id='word_1_598' title='bbox 1783 2513 2169 2569; x_wconf 82' lang='lat' dir='ltr'><strong>corroboratas</strong></span> <span class='ocrx_word' id='word_1_599' title='bbox 2198 2528 2301 2570; x_wconf 89' lang='lat' dir='ltr'><strong>suo</strong></span> <span class='ocrx_word' id='word_1_600' title='bbox 2317 2514 2482 2570; x_wconf 88' lang='lat' dir='ltr'><strong>etiam</strong></span> <span class='ocrx_word' id='word_1_601' title='bbox 2512 2515 2637 2571; x_wconf 90' lang='lat' dir='ltr'><strong>loco</strong></span> <span class='ocrx_word' id='word_1_602' title='bbox 2660 2516 3047 2584; x_wconf 89' lang='lat' dir='ltr'><strong>discutiemus,</strong></span> <span class='ocrx_word' id='word_1_603' title='bbox 3075 2525 3239 2587; x_wconf 89' lang='lat' dir='ltr'><strong>atque</strong></span> <span class='ocrx_word' id='word_1_604' title='bbox 3272 2515 3355 2571; x_wconf 84' lang='lat' dir='ltr'><strong>dif</strong></span> 
     </span>
    </p>
   </div>
   <div class='ocr_carea' id='block_1_86' title="bbox 1782 2604 2060 2661">
    <p class='ocr_par' dir='ltr' id='par_1_86' title="bbox 1782 2604 2060 2661">
     <span class='ocr_line' id='line_1_86' title="bbox 1782 2604 2060 2661; baseline 0.007 -2"><span class='ocrx_word' id='word_1_605' title='bbox 1782 2604 2060 2661; x_wconf 88' lang='lat' dir='ltr'><strong>flabimus.</strong></span> 
     </span>
    </p>
   </div>
   <div class='ocr_carea' id='block_1_87' title="bbox 2386 2697 2751 2755">
    <p class='ocr_par' dir='ltr' id='par_1_87' title="bbox 2386 2697 2751 2755">
     <span class='ocr_line' id='line_1_87' title="bbox 2386 2697 2751 2755; baseline -0.005 0"><span class='ocrx_word' id='word_1_606' title='bbox 2386 2697 2615 2755; x_wconf 82' lang='lat' dir='ltr'><strong>CAPUT</strong></span> <span class='ocrx_word' id='word_1_607' title='bbox 2664 2698 2751 2753; x_wconf 86' lang='lat' dir='ltr'><strong>Vl.</strong></span> 
     </span>
    </p>
   </div>
   <div class='ocr_carea' id='block_1_88' title="bbox 1786 2788 3365 2861">
    <p class='ocr_par' dir='ltr' id='par_1_88' title="bbox 1786 2788 3365 2861">
     <span class='ocr_line' id='line_1_88' title="bbox 1786 2788 3365 2861; baseline 0.003 -18"><span class='ocrx_word' id='word_1_608' title='bbox 1786 2788 2162 2861; x_wconf 84' lang='lat' dir='ltr'><strong>Tes_timonium</strong></span> <span class='ocrx_word' id='word_1_609' title='bbox 2207 2790 2265 2846; x_wconf 91' lang='lat' dir='ltr'><strong>S.</strong></span> <span class='ocrx_word' id='word_1_610' title='bbox 2322 2790 2516 2846; x_wconf 75' lang='lat' dir='ltr'><strong>lrenazi</strong></span> <span class='ocrx_word' id='word_1_611' title='bbox 2559 2791 2624 2845; x_wconf 86' lang='lat' dir='ltr'><strong>ab</strong></span> <span class='ocrx_word' id='word_1_612' title='bbox 2671 2792 3053 2861; x_wconf 86' lang='lat' dir='ltr'><strong>objectionibus</strong></span> <span class='ocrx_word' id='word_1_613' title='bbox 3087 2793 3365 2847; x_wconf 82' lang='lat' dir='ltr'><strong>liberatur.</strong></span> 
     </span>
    </p>
   </div>
   <div class='ocr_carea' id='block_1_89' title="bbox 1855 2859 3367 2933">
    <p class='ocr_par' dir='ltr' id='par_1_89' title="bbox 1855 2859 3367 2933">
     <span class='ocr_line' id='line_1_89' title="bbox 1855 2859 3367 2933; baseline 0.002 -20"><span class='ocrx_word' id='word_1_614' title='bbox 1855 2859 2133 2933; x_wconf 76' lang='lat' dir='ltr'><strong>Frivolunt</strong></span> <span class='ocrx_word' id='word_1_615' title='bbox 2154 2872 2202 2915; x_wconf 91' lang='lat' dir='ltr'><strong>et</strong></span> <span class='ocrx_word' id='word_1_616' title='bbox 2220 2864 2454 2933; x_wconf 78' lang='lat' dir='ltr'><strong>ineptum</strong></span> <span class='ocrx_word' id='word_1_617' title='bbox 2484 2872 2559 2916; x_wconf 86' lang='lat' dir='ltr'><strong>est</strong></span> <span class='ocrx_word' id='word_1_618' title='bbox 2581 2859 2772 2931; x_wconf 77' lang='lat' dir='ltr'><strong>putare</strong></span> <span class='ocrx_word' id='word_1_619' title='bbox 2793 2864 2932 2917; x_wconf 86' lang='lat' dir='ltr'><strong>illud</strong></span> <span class='ocrx_word' id='word_1_620' title='bbox 2962 2864 3183 2917; x_wconf 84' lang='lat' dir='ltr'><strong>aliunde</strong></span> <span class='ocrx_word' id='word_1_621' title='bbox 3208 2880 3367 2933; x_wconf 83' lang='lat' dir='ltr'><strong>quam</strong></span> 
     </span>
    </p>
   </div>
   <div class='ocr_carea' id='block_1_90' title="bbox 1851 2931 3368 2995">
    <p class='ocr_par' dir='ltr' id='par_1_90' title="bbox 1851 2931 3368 2995">
     <span class='ocr_line' id='line_1_90' title="bbox 1851 2931 3368 2995; baseline 0.003 -12"><span class='ocrx_word' id='word_1_622' title='bbox 1851 2947 1915 2983; x_wconf 78' lang='lat' dir='ltr'><strong>ea:</strong></span> <span class='ocrx_word' id='word_1_623' title='bbox 1944 2931 2169 2995; x_wconf 83' lang='lat' dir='ltr'><strong>epistola</strong></span> <span class='ocrx_word' id='word_1_624' title='bbox 2214 2933 2285 2985; x_wconf 86' lang='lat' dir='ltr'><strong>ad</strong></span> <span class='ocrx_word' id='word_1_625' title='bbox 2332 2932 2596 2986; x_wconf 86' lang='lat' dir='ltr'><strong>Romanos</strong></span> <span class='ocrx_word' id='word_1_626' title='bbox 2646 2934 2872 2987; x_wconf 80' lang='lat' dir='ltr'><strong>citatum</strong></span> <span class='ocrx_word' id='word_1_627' title='bbox 2912 2951 3043 2986; x_wconf 85' lang='lat' dir='ltr'><strong>esse.</strong></span> <span class='ocrx_word' id='word_1_628' title='bbox 3086 2931 3270 2987; x_wconf 85' lang='lat' dir='ltr'><strong>Inanis</strong></span> <span class='ocrx_word' id='word_1_629' title='bbox 3291 2943 3368 2987; x_wconf 86' lang='lat' dir='ltr'><strong>est</strong></span> 
     </span>
    </p>
   </div>
   <div class='ocr_carea' id='block_1_91' title="bbox 1850 3001 3368 3074">
    <p class='ocr_par' dir='ltr' id='par_1_91' title="bbox 1850 3001 3368 3074">
     <span class='ocr_line' id='line_1_91' title="bbox 1850 3001 3368 3074; baseline 0.003 -22"><span class='ocrx_word' id='word_1_630' title='bbox 1850 3001 2129 3074; x_wconf 81' lang='lat' dir='ltr'><strong>distinctio</strong></span> <span class='ocrx_word' id='word_1_631' title='bbox 2153 3003 2299 3074; x_wconf 82' lang='lat' dir='ltr'><strong>inter</strong></span> <span class='ocrx_word' id='word_1_632' title='bbox 2322 3003 2549 3067; x_wconf 78' lang='lat' dir='ltr'><strong>dixisse,</strong></span> <span class='ocrx_word' id='word_1_633' title='bbox 2572 3014 2621 3056; x_wconf 93' lang='lat' dir='ltr'><strong>et</strong></span> <span class='ocrx_word' id='word_1_634' title='bbox 2648 3005 2958 3074; x_wconf 82' lang='lat' dir='ltr'><strong>scripsisse.</strong></span> <span class='ocrx_word' id='word_1_635' title='bbox 2998 3003 3170 3058; x_wconf 87' lang='lat' dir='ltr'><strong>Nulla</strong></span> <span class='ocrx_word' id='word_1_636' title='bbox 3204 3004 3368 3073; x_wconf 84' lang='lat' dir='ltr'><strong>lgna-</strong></span> 
     </span>
    </p>
   </div>
   <div class='ocr_carea' id='block_1_92' title="bbox 1853 3072 3366 3143">
    <p class='ocr_par' dir='ltr' id='par_1_92' title="bbox 1853 3072 3366 3143">
     <span class='ocr_line' id='line_1_92' title="bbox 1853 3072 3366 3143; baseline 0.002 -19"><span class='ocrx_word' id='word_1_637' title='bbox 1853 3072 1919 3124; x_wconf 86' lang='lat' dir='ltr'><strong>tii</strong></span> <span class='ocrx_word' id='word_1_638' title='bbox 1939 3072 2382 3143; x_wconf 79' lang='lat' dir='ltr'><strong>apophthegmata</strong></span> <span class='ocrx_word' id='word_1_639' title='bbox 2416 3090 2448 3125; x_wconf 91' lang='lat' dir='ltr'><strong>a</strong></span> <span class='ocrx_word' id='word_1_640' title='bbox 2484 3072 2741 3126; x_wconf 84' lang='lat' dir='ltr'><strong>veteribus</strong></span> <span class='ocrx_word' id='word_1_641' title='bbox 2763 3072 3163 3128; x_wconf 37' lang='lat' dir='ltr'><strong>&#39;ntemorantnr.</strong></span> <span class='ocrx_word' id='word_1_642' title='bbox 3206 3074 3366 3143; x_wconf 86' lang='lat' dir='ltr'><strong>Igno-</strong></span> 
     </span>
    </p>
   </div>
   <div class='ocr_carea' id='block_1_93' title="bbox 1850 3142 3369 3211">
    <p class='ocr_par' dir='ltr' id='par_1_93' title="bbox 1850 3142 3369 3211">
     <span class='ocr_line' id='line_1_93' title="bbox 1850 3142 3369 3211; baseline 0.003 -18"><span class='ocrx_word' id='word_1_643' title='bbox 1850 3158 1993 3195; x_wconf 86' lang='lat' dir='ltr'><strong>rasse</strong></span> <span class='ocrx_word' id='word_1_644' title='bbox 2031 3142 2298 3197; x_wconf 69' lang='lat' dir='ltr'><strong>Irenazum</strong></span> <span class='ocrx_word' id='word_1_645' title='bbox 2336 3142 2536 3211; x_wconf 81' lang='lat' dir='ltr'><strong>Ignatii</strong></span> <span class='ocrx_word' id='word_1_646' title='bbox 2554 3144 2806 3211; x_wconf 86' lang='lat' dir='ltr'><strong>epistolas</strong></span> <span class='ocrx_word' id='word_1_647' title='bbox 2837 3143 2984 3196; x_wconf 87' lang='lat' dir='ltr'><strong>nulla</strong></span> <span class='ocrx_word' id='word_1_648' title='bbox 3014 3161 3131 3197; x_wconf 90' lang='lat' dir='ltr'><strong>cum</strong></span> <span class='ocrx_word' id='word_1_649' title='bbox 3161 3142 3369 3197; x_wconf 82' lang='lat' dir='ltr'><strong>ratione</strong></span> 
     </span>
    </p>
   </div>
   <div class='ocr_carea' id='block_1_94' title="bbox 1854 3212 3373 3282">
    <p class='ocr_par' dir='ltr' id='par_1_94' title="bbox 1854 3212 3373 3282">
     <span class='ocr_line' id='line_1_94' title="bbox 1854 3212 3373 3282; baseline 0.002 -18"><span class='ocrx_word' id='word_1_650' title='bbox 1854 3212 2134 3265; x_wconf 87' lang='lat' dir='ltr'><strong>asseritur.</strong></span> <span class='ocrx_word' id='word_1_651' title='bbox 2166 3214 2864 3282; x_wconf 78' lang='lat' dir='ltr'><strong>Argumentumnegatwum</strong></span> <span class='ocrx_word' id='word_1_652' title='bbox 2889 3215 3139 3269; x_wconf 86' lang='lat' dir='ltr'><strong>adversus</strong></span> <span class='ocrx_word' id='word_1_653' title='bbox 3172 3213 3373 3270; x_wconf 72' lang='lat' dir='ltr'><strong>Irentei‘</strong></span> 
     </span>
    </p>
   </div>
   <div class='ocr_carea' id='block_1_95' title="bbox 1851 3284 2792 3339">
    <p class='ocr_par' dir='ltr' id='par_1_95' title="bbox 1851 3284 2792 3339">
     <span class='ocr_line' id='line_1_95' title="bbox 1851 3284 2792 3339; baseline 0.005 -5"><span class='ocrx_word' id='word_1_654' title='bbox 1851 3284 2216 3337; x_wconf 82' lang='lat' dir='ltr'><strong>testimonium</strong></span> <span class='ocrx_word' id='word_1_655' title='bbox 2247 3284 2454 3337; x_wconf 88' lang='lat' dir='ltr'><strong>nullam</strong></span> <span class='ocrx_word' id='word_1_656' title='bbox 2483 3284 2586 3337; x_wconf 89' lang='lat' dir='ltr'><strong>vim</strong></span> <span class='ocrx_word' id='word_1_657' title='bbox 2617 3284 2792 3339; x_wconf 87' lang='lat' dir='ltr'><strong>habet.</strong></span> 
     </span>
    </p>
   </div>
   <div class='ocr_carea' id='block_1_96' title="bbox 1849 3394 3368 3470">
    <p class='ocr_par' dir='ltr' id='par_1_96' title="bbox 1849 3394 3368 3470">
     <span class='ocr_line' id='line_1_96' title="bbox 1849 3394 3368 3470; baseline 0.004 -23"><span class='ocrx_word' id='word_1_658' title='bbox 1849 3394 2169 3451; x_wconf 78' lang='lat' dir='ltr'><strong>Proximum</strong></span> <span class='ocrx_word' id='word_1_659' title='bbox 2204 3406 2289 3453; x_wconf 89' lang='lat' dir='ltr'><strong>est</strong></span> <span class='ocrx_word' id='word_1_660' title='bbox 2321 3396 2377 3452; x_wconf 89' lang='lat' dir='ltr'><strong>S.</strong></span> <span class='ocrx_word' id='word_1_661' title='bbox 2416 3398 2629 3464; x_wconf 78' lang='lat' dir='ltr'><strong>lrenaei,</strong></span> <span class='ocrx_word' id='word_1_662' title='bbox 2661 3399 2946 3470; x_wconf 83' lang='lat' dir='ltr'><strong>Polycarpi</strong></span> <span class='ocrx_word' id='word_1_663' title='bbox 2975 3399 3249 3468; x_wconf 89' lang='lat' dir='ltr'><strong>discipuli,</strong></span> <span class='ocrx_word' id='word_1_664' title='bbox 3286 3406 3368 3453; x_wconf 90' lang='lat' dir='ltr'><strong>te-</strong></span> 
     </span>
    </p>
   </div>
   <div class='ocr_carea' id='block_1_97' title="bbox 1779 3485 3367 3562">
    <p class='ocr_par' dir='ltr' id='par_1_97' title="bbox 1779 3485 3367 3562">
     <span class='ocr_line' id='line_1_97' title="bbox 1779 3485 3367 3562; baseline 0.003 -23"><span class='ocrx_word' id='word_1_665' title='bbox 1779 3485 2126 3553; x_wconf 91' lang='lat' dir='ltr'><strong>stimonium,</strong></span> <span class='ocrx_word' id='word_1_666' title='bbox 2146 3489 2294 3559; x_wconf 88' lang='lat' dir='ltr'><strong>quod</strong></span> <span class='ocrx_word' id='word_1_667' title='bbox 2325 3492 2562 3561; x_wconf 89' lang='lat' dir='ltr'><strong>appellat</strong></span> <span class='ocrx_word' id='word_1_668' title='bbox 2590 3492 3044 3547; x_wconf 88' lang='lat' dir='ltr'><strong>virdoctissimus</strong></span> <span class='ocrx_word' id='word_1_669' title='bbox 3065 3506 3367 3562; x_wconf 81' lang='lat' dir='ltr'><strong>argumen-</strong></span> 
     </span>
    </p>
   </div>
   <div class='ocr_carea' id='block_1_98' title="bbox 1780 3578 3368 3648">
    <p class='ocr_par' dir='ltr' id='par_1_98' title="bbox 1780 3578 3368 3648">
     <span class='ocr_line' id='line_1_98' title="bbox 1780 3578 3368 3648; baseline 0.003 -17"><span class='ocrx_word' id='word_1_670' title='bbox 1780 3587 1892 3631; x_wconf 90' lang='lat' dir='ltr'><strong>tum</strong></span> <span class='ocrx_word' id='word_1_671' title='bbox 1928 3594 2026 3648; x_wconf 91' lang='lat' dir='ltr'><strong>pro</strong></span> <span class='ocrx_word' id='word_1_672' title='bbox 2054 3578 2353 3648; x_wconf 76' lang='lat' dir='ltr'><strong>lgnatianis</strong></span> <span class='ocrx_word' id='word_1_673' title='bbox 2384 3583 2709 3637; x_wconf 89' lang='lat' dir='ltr'><strong>secundum.</strong></span> <span class='ocrx_word' id='word_1_674' title='bbox 2755 3583 2968 3637; x_wconf 83' lang='lat' dir='ltr'><strong>Asserit</strong></span> <span class='ocrx_word' id='word_1_675' title='bbox 3000 3582 3144 3636; x_wconf 80' lang='lat' dir='ltr'><strong>enirn</strong></span> <span class='ocrx_word' id='word_1_676' title='bbox 3195 3581 3368 3635; x_wconf 88' lang='lat' dir='ltr'><strong>Euse-</strong></span> 
     </span>
    </p>
   </div>
   <div class='ocr_carea' id='block_1_99' title="bbox 1778 3668 3365 3743">
    <p class='ocr_par' dir='ltr' id='par_1_99' title="bbox 1778 3668 3365 3743">
     <span class='ocr_line' id='line_1_99' title="bbox 1778 3668 3365 3743; baseline 0.003 -21"><span class='ocrx_word' id='word_1_677' title='bbox 1778 3668 1901 3723; x_wconf 89' lang='lat' dir='ltr'><strong>bius</strong></span> <span class='ocrx_word' id='word_1_678' title='bbox 1930 3668 2193 3724; x_wconf 72' lang='lat' dir='ltr'><strong>Irenaeum</strong></span> <span class='ocrx_word' id='word_1_679' title='bbox 2238 3672 2435 3726; x_wconf 87' lang='lat' dir='ltr'><strong>harum</strong></span> <span class='ocrx_word' id='word_1_680' title='bbox 2470 3673 2822 3743; x_wconf 77' lang='lat' dir='ltr'><strong>epistularum</strong></span> <span class='ocrx_word' id='word_1_681' title='bbox 2870 3674 3207 3741; x_wconf 90' lang='lat' dir='ltr'><strong>meminisse,</strong></span> <span class='ocrx_word' id='word_1_682' title='bbox 3240 3690 3365 3728; x_wconf 91' lang='lat' dir='ltr'><strong>cum</strong></span> 
     </span>
    </p>
   </div>
   <div class='ocr_carea' id='block_1_100' title="bbox 1777 3758 3364 3834">
    <p class='ocr_par' dir='ltr' id='par_1_100' title="bbox 1777 3758 3364 3834">
     <span class='ocr_line' id='line_1_100' title="bbox 1777 3758 3364 3834; baseline 0.002 -22"><span class='ocrx_word' id='word_1_683' title='bbox 1777 3758 1983 3813; x_wconf 87' lang='lat' dir='ltr'><strong>diceret</strong></span> <span class='ocrx_word' id='word_1_684' title='bbox 2028 3778 2040 3813; x_wconf 96' lang='lat'>:</span> <span class='ocrx_word' id='word_1_685' title='bbox 2080 3760 2541 3824; x_wconf 81' lang='lat' dir='ltr'><strong>Quemadmodum</strong></span> <span class='ocrx_word' id='word_1_686' title='bbox 2590 3764 2811 3834; x_wconf 88' lang='lat' dir='ltr'><strong>qnidant</strong></span> <span class='ocrx_word' id='word_1_687' title='bbox 2853 3765 2916 3816; x_wconf 88' lang='lat' dir='ltr'><strong>de</strong></span> <span class='ocrx_word' id='word_1_688' title='bbox 2959 3765 3154 3817; x_wconf 86' lang='lat' dir='ltr'><strong>nostris</strong></span> <span class='ocrx_word' id='word_1_689' title='bbox 3202 3764 3364 3827; x_wconf 71' lang='lat' dir='ltr'><strong>dixit,</strong></span> 
     </span>
    </p>
   </div>
   <div class='ocr_carea' id='block_1_101' title="bbox 1776 3854 3363 3926">
    <p class='ocr_par' dir='ltr' id='par_1_101' title="bbox 1776 3854 3363 3926">
     <span class='ocr_line' id='line_1_101' title="bbox 1776 3854 3363 3926; baseline 0.003 -23"><span class='ocrx_word' id='word_1_690' title='bbox 1776 3863 1988 3921; x_wconf 88' lang='lat' dir='ltr'><strong>propter</strong></span> <span class='ocrx_word' id='word_1_691' title='bbox 2008 3854 2325 3926; x_wconf 77' lang='lat' dir='ltr'><strong>martyrium</strong></span> <span class='ocrx_word' id='word_1_692' title='bbox 2352 3855 2421 3907; x_wconf 91' lang='lat' dir='ltr'><strong>ad</strong></span> <span class='ocrx_word' id='word_1_693' title='bbox 2452 3854 2619 3908; x_wconf 83' lang='lat' dir='ltr'><strong>Deum</strong></span> <span class='ocrx_word' id='word_1_694' title='bbox 2650 3856 2993 3921; x_wconf 85' lang='lat' dir='ltr'><strong>adjudicatus</strong></span> <span class='ocrx_word' id='word_1_695' title='bbox 3035 3857 3107 3910; x_wconf 84' lang='lat' dir='ltr'><strong>ad</strong></span> <span class='ocrx_word' id='word_1_696' title='bbox 3151 3856 3363 3921; x_wconf 85' lang='lat' dir='ltr'><strong>bestias,</strong></span> 
     </span>
    </p>
   </div>
   <div class='ocr_carea' id='block_1_102' title="bbox 1776 3945 3369 4018">
    <p class='ocr_par' dir='ltr' id='par_1_102' title="bbox 1776 3945 3369 4018">
     <span class='ocr_line' id='line_1_102' title="bbox 1776 3945 3369 4018; baseline 0.004 -22"><span class='ocrx_word' id='word_1_697' title='bbox 1776 3945 2026 4015; x_wconf 84' lang='lat' dir='ltr'><strong>quoniam</strong></span> <span class='ocrx_word' id='word_1_698' title='bbox 2060 3965 2077 3996; x_wconf 85' lang='grc'><strong>‹</strong></span> <span class='ocrx_word' id='word_1_699' title='bbox 2116 3946 2440 4016; x_wconf 76' lang='lat' dir='ltr'><strong>frumentum</strong></span> <span class='ocrx_word' id='word_1_700' title='bbox 2467 3964 2587 4001; x_wconf 85' lang='lat' dir='ltr'><strong>sum</strong></span> <span class='ocrx_word' id='word_1_701' title='bbox 2617 3947 2842 4013; x_wconf 86' lang='lat' dir='ltr'><strong>Christi,</strong></span> <span class='ocrx_word' id='word_1_702' title='bbox 2878 3958 2927 4002; x_wconf 88' lang='lat' dir='ltr'><strong>et</strong></span> <span class='ocrx_word' id='word_1_703' title='bbox 2961 3965 3054 4018; x_wconf 88' lang='lat' dir='ltr'><strong>per</strong></span> <span class='ocrx_word' id='word_1_704' title='bbox 3080 3950 3258 4002; x_wconf 85' lang='lat' dir='ltr'><strong>dentes</strong></span> <span class='ocrx_word' id='word_1_705' title='bbox 3280 3948 3369 4003; x_wconf 86' lang='lat' dir='ltr'><strong>be-</strong></span> 
     </span>
    </p>
   </div>
   <div class='ocr_carea' id='block_1_103' title="bbox 1775 4038 3367 4111">
    <p class='ocr_par' dir='ltr' id='par_1_103' title="bbox 1775 4038 3367 4111">
     <span class='ocr_line' id='line_1_103' title="bbox 1775 4038 3367 4111; baseline 0.002 -20"><span class='ocrx_word' id='word_1_706' title='bbox 1775 4038 2002 4091; x_wconf 89' lang='lat' dir='ltr'><strong>stiarum</strong></span> <span class='ocrx_word' id='word_1_707' title='bbox 2034 4039 2224 4101; x_wconf 88' lang='lat' dir='ltr'><strong>molar,</strong></span> <span class='ocrx_word' id='word_1_708' title='bbox 2266 4050 2323 4093; x_wconf 91' lang='lat' dir='ltr'><strong>ut</strong></span> <span class='ocrx_word' id='word_1_709' title='bbox 2342 4040 2570 4093; x_wconf 87' lang='lat' dir='ltr'><strong>mundus</strong></span> <span class='ocrx_word' id='word_1_710' title='bbox 2603 4043 2757 4109; x_wconf 86' lang='lat' dir='ltr'><strong>panis</strong></span> <span class='ocrx_word' id='word_1_711' title='bbox 2778 4043 3035 4096; x_wconf 86' lang='lat' dir='ltr'><strong>inveniar.</strong></span> <span class='ocrx_word' id='word_1_712' title='bbox 3063 4061 3080 4092; x_wconf 75' lang='grc' dir='ltr'>ι</span> <span class='ocrx_word' id='word_1_713' title='bbox 3118 4041 3367 4111; x_wconf 84' lang='lat' dir='ltr'><strong>Respon-</strong></span> 
     </span>
    </p>
   </div>
   <div class='ocr_carea' id='block_1_104' title="bbox 1776 4131 3367 4203">
    <p class='ocr_par' dir='ltr' id='par_1_104' title="bbox 1776 4131 3367 4203">
     <span class='ocr_line' id='line_1_104' title="bbox 1776 4131 3367 4203; baseline 0.001 -19"><span class='ocrx_word' id='word_1_714' title='bbox 1776 4131 1866 4184; x_wconf 91' lang='lat' dir='ltr'><strong>det</strong></span> <span class='ocrx_word' id='word_1_715' title='bbox 1890 4131 1974 4184; x_wconf 89' lang='lat' dir='ltr'><strong>vir</strong></span> <span class='ocrx_word' id='word_1_716' title='bbox 1988 4132 2372 4186; x_wconf 87' lang='lat' dir='ltr'><strong>doctissimus:</strong></span> <span class='ocrx_word' id='word_1_717' title='bbox 2398 4131 2511 4202; x_wconf 87' lang='lat' dir='ltr'><strong>Ego</strong></span> <span class='ocrx_word' id='word_1_718' title='bbox 2537 4132 2647 4186; x_wconf 65' lang='lat' dir='ltr'><strong>haec</strong></span> <span class='ocrx_word' id='word_1_719' title='bbox 2661 4133 2813 4186; x_wconf 81' lang='lat' dir='ltr'><strong>verba</strong></span> <span class='ocrx_word' id='word_1_720' title='bbox 2838 4150 2952 4186; x_wconf 86' lang='lat' dir='ltr'><strong>vere</strong></span> <span class='ocrx_word' id='word_1_721' title='bbox 2971 4133 3175 4203; x_wconf 78' lang='lat' dir='ltr'><strong>Ignatii</strong></span> <span class='ocrx_word' id='word_1_722' title='bbox 3198 4134 3367 4203; x_wconf 82' lang='lat' dir='ltr'><strong>fuisse</strong></span> 
     </span>
    </p>
   </div>
   <div class='ocr_carea' id='block_1_105' title="bbox 1777 4224 3366 4296">
    <p class='ocr_par' dir='ltr' id='par_1_105' title="bbox 1777 4224 3366 4296">
     <span class='ocr_line' id='line_1_105' title="bbox 1777 4224 3366 4296; baseline 0.002 -20"><span class='ocrx_word' id='word_1_723' title='bbox 1777 4224 2039 4287; x_wconf 78' lang='lat' dir='ltr'><strong>concedo;</strong></span> <span class='ocrx_word' id='word_1_724' title='bbox 2072 4225 2164 4278; x_wconf 87' lang='lat' dir='ltr'><strong>sed</strong></span> <span class='ocrx_word' id='word_1_725' title='bbox 2214 4226 2341 4295; x_wconf 84' lang='lat' dir='ltr'><strong>quid</strong></span> <span class='ocrx_word' id='word_1_726' title='bbox 2373 4226 2442 4277; x_wconf 90' lang='lat' dir='ltr'><strong>ad</strong></span> <span class='ocrx_word' id='word_1_727' title='bbox 2480 4226 2773 4295; x_wconf 77' lang='lat' dir='ltr'><strong>epistolas?</strong></span> <span class='ocrx_word' id='word_1_728' title='bbox 2808 4225 3031 4295; x_wconf 79' lang='lat' dir='ltr'><strong>Rogas?</strong></span> <span class='ocrx_word' id='word_1_729' title='bbox 3059 4226 3187 4296; x_wconf 88' lang='lat' dir='ltr'><strong>quia</strong></span> <span class='ocrx_word' id='word_1_730' title='bbox 3234 4234 3366 4281; x_wconf 83' lang='lat' dir='ltr'><strong>sunt</strong></span> 
     </span>
    </p>
   </div>
   <div class='ocr_carea' id='block_1_106' title="bbox 1778 4316 3366 4387">
    <p class='ocr_par' dir='ltr' id='par_1_106' title="bbox 1778 4316 3366 4387">
     <span class='ocr_line' id='line_1_106' title="bbox 1778 4316 3366 4387; baseline 0.002 -17"><span class='ocrx_word' id='word_1_731' title='bbox 1778 4316 1831 4370; x_wconf 93' lang='lat' dir='ltr'><strong>in</strong></span> <span class='ocrx_word' id='word_1_732' title='bbox 1854 4316 2125 4385; x_wconf 88' lang='lat' dir='ltr'><strong>epistolis,</strong></span> <span class='ocrx_word' id='word_1_733' title='bbox 2151 4317 2280 4371; x_wconf 87' lang='lat' dir='ltr'><strong>alibi</strong></span> <span class='ocrx_word' id='word_1_734' title='bbox 2305 4317 2358 4370; x_wconf 92' lang='lat' dir='ltr'><strong>in</strong></span> <span class='ocrx_word' id='word_1_735' title='bbox 2393 4318 2796 4387; x_wconf 87' lang='lat' dir='ltr'><strong>antiquissimis</strong></span> <span class='ocrx_word' id='word_1_736' title='bbox 2826 4320 3202 4374; x_wconf 89' lang='lat' dir='ltr'><strong>monumentis</strong></span> <span class='ocrx_word' id='word_1_737' title='bbox 3230 4336 3366 4373; x_wconf 86' lang='lat' dir='ltr'><strong>nus-</strong></span> 
     </span>
    </p>
   </div>
   <div class='ocr_carea' id='block_1_107' title="bbox 1777 4409 3361 4481">
    <p class='ocr_par' dir='ltr' id='par_1_107' title="bbox 1777 4409 3361 4481">
     <span class='ocr_line' id='line_1_107' title="bbox 1777 4409 3361 4481; baseline 0.004 -22"><span class='ocrx_word' id='word_1_738' title='bbox 1777 4423 1940 4476; x_wconf 87' lang='lat' dir='ltr'><strong>quam</strong></span> <span class='ocrx_word' id='word_1_739' title='bbox 1970 4449 1985 4471; x_wconf 90' lang='lat'><strong>,</strong></span> <span class='ocrx_word' id='word_1_740' title='bbox 2053 4424 2122 4463; x_wconf 91' lang='lat' dir='ltr'><strong>ne</strong></span> <span class='ocrx_word' id='word_1_741' title='bbox 2154 4409 2377 4478; x_wconf 90' lang='lat' dir='ltr'><strong>quidem</strong></span> <span class='ocrx_word' id='word_1_742' title='bbox 2421 4409 2477 4465; x_wconf 92' lang='lat' dir='ltr'><strong>in</strong></span> <span class='ocrx_word' id='word_1_743' title='bbox 2523 4411 2843 4473; x_wconf 86' lang='lat' dir='ltr'><strong>modernis,</strong></span> <span class='ocrx_word' id='word_1_744' title='bbox 2880 4413 2984 4466; x_wconf 90' lang='lat' dir='ltr'><strong>nisi</strong></span> <span class='ocrx_word' id='word_1_745' title='bbox 3030 4413 3251 4481; x_wconf 89' lang='lat' dir='ltr'><strong>quando</strong></span> <span class='ocrx_word' id='word_1_746' title='bbox 3295 4428 3361 4466; x_wconf 82' lang='lat' dir='ltr'><strong>ex</strong></span> 
     </span>
    </p>
   </div>
   <div class='ocr_carea' id='block_1_108' title="bbox 1775 4498 3362 4574">
    <p class='ocr_par' dir='ltr' id='par_1_108' title="bbox 1775 4498 3362 4574">
     <span class='ocr_line' id='line_1_108' title="bbox 1775 4498 3362 4574; baseline 0.005 -24"><span class='ocrx_word' id='word_1_747' title='bbox 1775 4498 2023 4566; x_wconf 88' lang='lat' dir='ltr'><strong>epistolis</strong></span> <span class='ocrx_word' id='word_1_748' title='bbox 2047 4501 2399 4570; x_wconf 87' lang='lat' dir='ltr'><strong>transcripta.</strong></span> <span class='ocrx_word' id='word_1_749' title='bbox 2427 4500 2507 4556; x_wconf 85' lang='lat' dir='ltr'><strong>Ne</strong></span> <span class='ocrx_word' id='word_1_750' title='bbox 2545 4517 2716 4556; x_wconf 90' lang='lat' dir='ltr'><strong>unum</strong></span> <span class='ocrx_word' id='word_1_751' title='bbox 2751 4502 2969 4571; x_wconf 86' lang='lat' dir='ltr'><strong>quidem</strong></span> <span class='ocrx_word' id='word_1_752' title='bbox 3003 4503 3192 4574; x_wconf 81' lang='lat' dir='ltr'><strong>lgnatii</strong></span> <span class='ocrx_word' id='word_1_753' title='bbox 3225 4519 3362 4573; x_wconf 88' lang='lat' dir='ltr'><strong>apo-</strong></span> 
     </span>
    </p>
   </div>
   <div class='ocr_carea' id='block_1_109' title="bbox 1779 4592 3361 4661">
    <p class='ocr_par' dir='ltr' id='par_1_109' title="bbox 1779 4592 3361 4661">
     <span class='ocr_line' id='line_1_109' title="bbox 1779 4592 3361 4661; baseline 0.004 -18"><span class='ocrx_word' id='word_1_754' title='bbox 1779 4592 2074 4661; x_wconf 78' lang='lat' dir='ltr'><strong>phthegma</strong></span> <span class='ocrx_word' id='word_1_755' title='bbox 2102 4609 2133 4645; x_wconf 90' lang='lat' dir='ltr'><strong>a</strong></span> <span class='ocrx_word' id='word_1_756' title='bbox 2181 4593 2459 4648; x_wconf 86' lang='lat' dir='ltr'><strong>veteribus</strong></span> <span class='ocrx_word' id='word_1_757' title='bbox 2494 4603 2855 4649; x_wconf 87' lang='lat' dir='ltr'><strong>memoratum</strong></span> <span class='ocrx_word' id='word_1_758' title='bbox 2888 4604 2990 4649; x_wconf 91' lang='lat' dir='ltr'><strong>est.</strong></span> <span class='ocrx_word' id='word_1_759' title='bbox 3020 4594 3090 4649; x_wconf 86' lang='lat' dir='ltr'><strong>At</strong></span> <span class='ocrx_word' id='word_1_760' title='bbox 3125 4594 3361 4650; x_wconf 75' lang='lat' dir='ltr'><strong>[remeas</strong></span> 
     </span>
    </p>
   </div>
   <div class='ocr_carea' id='block_1_110' title="bbox 1776 4683 3363 4759">
    <p class='ocr_par' dir='ltr' id='par_1_110' title="bbox 1776 4683 3363 4759">
     <span class='ocr_line' id='line_1_110' title="bbox 1776 4683 3363 4759; baseline 0.006 -23"><span class='ocrx_word' id='word_1_761' title='bbox 1776 4699 1880 4736; x_wconf 87' lang='lat' dir='ltr'><strong>non</strong></span> <span class='ocrx_word' id='word_1_762' title='bbox 1908 4684 1993 4736; x_wconf 86' lang='lat' dir='ltr'><strong>hic</strong></span> <span class='ocrx_word' id='word_1_763' title='bbox 2016 4684 2148 4753; x_wconf 76' lang='lat' dir='ltr'><strong>facit</strong></span> <span class='ocrx_word' id='word_1_764' title='bbox 2164 4683 2403 4753; x_wconf 75' lang='lat' dir='ltr'><strong>cpistolw</strong></span> <span class='ocrx_word' id='word_1_765' title='bbox 2427 4687 2741 4738; x_wconf 88' lang='lat' dir='ltr'><strong>mentionem</strong></span> <span class='ocrx_word' id='word_1_766' title='bbox 2765 4702 2783 4748; x_wconf 88' lang='lat'><strong><em>;</em></strong></span> <span class='ocrx_word' id='word_1_767' title='bbox 2809 4687 2901 4741; x_wconf 90' lang='lat' dir='ltr'><strong>sed</strong></span> <span class='ocrx_word' id='word_1_768' title='bbox 2928 4702 3103 4756; x_wconf 89' lang='lat' dir='ltr'><strong>neque</strong></span> <span class='ocrx_word' id='word_1_769' title='bbox 3125 4687 3183 4742; x_wconf 82' lang='grc' dir='ltr'><strong>Β.</strong></span> <span class='ocrx_word' id='word_1_770' title='bbox 3206 4686 3363 4759; x_wconf 82' lang='lat' dir='ltr'><strong>Igna-</strong></span> 
     </span>
    </p>
   </div>
   <div class='ocr_carea' id='block_1_111' title="bbox 1776 4773 3361 4834">
    <p class='ocr_par' dir='ltr' id='par_1_111' title="bbox 1776 4773 3361 4834">
     <span class='ocr_line' id='line_1_111' title="bbox 1776 4773 3361 4834; baseline 0.005 -9"><span class='ocrx_word' id='word_1_771' title='bbox 1776 4773 1835 4825; x_wconf 91' lang='lat' dir='ltr'><strong>tii</strong></span> <span class='ocrx_word' id='word_1_772' title='bbox 1870 4773 2203 4827; x_wconf 86' lang='lat' dir='ltr'><strong>mentionem</strong></span> <span class='ocrx_word' id='word_1_773' title='bbox 2236 4773 2387 4828; x_wconf 81' lang='lat' dir='ltr'><strong>facit.</strong></span> <span class='ocrx_word' id='word_1_774' title='bbox 2414 4773 2880 4831; x_wconf 75' lang='lat' dir='ltr'><strong>Concedistamen</strong></span> <span class='ocrx_word' id='word_1_775' title='bbox 2908 4777 3070 4831; x_wconf 88' lang='lat' dir='ltr'><strong>verba</strong></span> <span class='ocrx_word' id='word_1_776' title='bbox 3094 4779 3213 4834; x_wconf 69' lang='lat' dir='ltr'><strong>haec</strong></span> <span class='ocrx_word' id='word_1_777' title='bbox 3235 4796 3361 4833; x_wconf 86' lang='lat' dir='ltr'><strong>vere</strong></span> 
     </span>
    </p>
   </div>
   <div class='ocr_carea' id='block_1_112' title="bbox 1774 4865 3377 4943">
    <p class='ocr_par' dir='ltr' id='par_1_112' title="bbox 1774 4865 3377 4943">
     <span class='ocr_line' id='line_1_112' title="bbox 1774 4865 3377 4943; baseline 0.004 -24"><span class='ocrx_word' id='word_1_778' title='bbox 1774 4881 1896 4920; x_wconf 88' lang='lat' dir='ltr'><strong>esse</strong></span> <span class='ocrx_word' id='word_1_779' title='bbox 1927 4865 2118 4935; x_wconf 78' lang='lat' dir='ltr'><strong>lgnatii</strong></span> <span class='ocrx_word' id='word_1_780' title='bbox 2147 4907 2160 4929; x_wconf 94' lang='lat'><strong>,</strong></span> <span class='ocrx_word' id='word_1_781' title='bbox 2195 4882 2294 4921; x_wconf 89' lang='lat' dir='ltr'><strong>cur</strong></span> <span class='ocrx_word' id='word_1_782' title='bbox 2326 4883 2434 4919; x_wconf 93' lang='lat' dir='ltr'><strong>non</strong></span> <span class='ocrx_word' id='word_1_783' title='bbox 2462 4876 2516 4921; x_wconf 89' lang='lat' dir='ltr'><strong>et</strong></span> <span class='ocrx_word' id='word_1_784' title='bbox 2551 4869 2831 4938; x_wconf 65' lang='lat' dir='ltr'><strong>epistola)?</strong></span> <span class='ocrx_word' id='word_1_785' title='bbox 2869 4884 2993 4924; x_wconf 91' lang='lat' dir='ltr'><strong>cum</strong></span> <span class='ocrx_word' id='word_1_786' title='bbox 3040 4872 3092 4925; x_wconf 92' lang='lat' dir='ltr'><strong>in</strong></span> <span class='ocrx_word' id='word_1_787' title='bbox 3128 4873 3377 4943; x_wconf 58' lang='lat' dir='ltr'><strong>epistola“</strong></span> 
     </span>
    </p>
   </div>
   <div class='ocr_carea' id='block_1_113' title="bbox 1775 4955 3353 5032">
    <p class='ocr_par' dir='ltr' id='par_1_113' title="bbox 1775 4955 3353 5032">
     <span class='ocr_line' id='line_1_113' title="bbox 1775 4955 3353 5032; baseline 0.004 -23"><span class='ocrx_word' id='word_1_788' title='bbox 1775 4955 1968 5025; x_wconf 82' lang='lat' dir='ltr'><strong>lgnatii</strong></span> <span class='ocrx_word' id='word_1_789' title='bbox 2022 4958 2402 5023; x_wconf 86' lang='lat' dir='ltr'><strong>inveniantur,</strong></span> <span class='ocrx_word' id='word_1_790' title='bbox 2451 4959 2581 5013; x_wconf 82' lang='lat' dir='ltr'><strong>alibi</strong></span> <span class='ocrx_word' id='word_1_791' title='bbox 2637 4961 3169 5032; x_wconf 86' lang='lat' dir='ltr'><strong>nusquam?Neque</strong></span> <span class='ocrx_word' id='word_1_792' title='bbox 3208 4964 3353 5016; x_wconf 88' lang='lat' dir='ltr'><strong>enim</strong></span> 
     </span>
    </p>
   </div>
   <div class='ocr_carea' id='block_1_114' title="bbox 1773 5050 3379 5123">
    <p class='ocr_par' dir='ltr' id='par_1_114' title="bbox 1773 5050 3379 5123">
     <span class='ocr_line' id='line_1_114' title="bbox 1773 5050 3379 5123; baseline 0.004 -21"><span class='ocrx_word' id='word_1_793' title='bbox 1773 5050 1880 5104; x_wconf 85' lang='lat' dir='ltr'><strong>alia</strong></span> <span class='ocrx_word' id='word_1_794' title='bbox 1914 5050 2055 5104; x_wconf 87' lang='lat' dir='ltr'><strong>ratio</strong></span> <span class='ocrx_word' id='word_1_795' title='bbox 2075 5050 2373 5121; x_wconf 77' lang='lat' dir='ltr'><strong>excogitari</strong></span> <span class='ocrx_word' id='word_1_796' title='bbox 2400 5062 2599 5121; x_wconf 87' lang='lat' dir='ltr'><strong>potest,</strong></span> <span class='ocrx_word' id='word_1_797' title='bbox 2632 5070 2805 5123; x_wconf 86' lang='lat' dir='ltr'><strong>quare</strong></span> <span class='ocrx_word' id='word_1_798' title='bbox 2825 5053 3015 5123; x_wconf 82' lang='lat' dir='ltr'><strong>lgnatii</strong></span> <span class='ocrx_word' id='word_1_799' title='bbox 3046 5055 3210 5109; x_wconf 89' lang='lat' dir='ltr'><strong>verba</strong></span> <span class='ocrx_word' id='word_1_800' title='bbox 3234 5056 3379 5109; x_wconf 74' lang='lat' dir='ltr'><strong>esse‘</strong></span> 
     </span>
    </p>
   </div>
   <div class='ocr_carea' id='block_1_115' title="bbox 1773 5143 3373 5215">
    <p class='ocr_par' dir='ltr' id='par_1_115' title="bbox 1773 5143 3373 5215">
     <span class='ocr_line' id='line_1_115' title="bbox 1773 5143 3373 5215; baseline 0.003 -21"><span class='ocrx_word' id='word_1_801' title='bbox 1773 5149 1869 5195; x_wconf 88' lang='lat' dir='ltr'><strong>aut</strong></span> <span class='ocrx_word' id='word_1_802' title='bbox 1904 5150 1988 5206; x_wconf 90' lang='lat' dir='ltr'><strong>tu,</strong></span> <span class='ocrx_word' id='word_1_803' title='bbox 2037 5150 2133 5195; x_wconf 90' lang='lat' dir='ltr'><strong>aut</strong></span> <span class='ocrx_word' id='word_1_804' title='bbox 2166 5156 2269 5198; x_wconf 93' lang='lat' dir='ltr'><strong>nos</strong></span> <span class='ocrx_word' id='word_1_805' title='bbox 2307 5143 2632 5209; x_wconf 87' lang='lat' dir='ltr'><strong>credamus,</strong></span> <span class='ocrx_word' id='word_1_806' title='bbox 2671 5145 2775 5200; x_wconf 92' lang='lat' dir='ltr'><strong>nisi</strong></span> <span class='ocrx_word' id='word_1_807' title='bbox 2809 5147 2957 5215; x_wconf 91' lang='lat' dir='ltr'><strong>quod</strong></span> <span class='ocrx_word' id='word_1_808' title='bbox 2988 5149 3039 5198; x_wconf 94' lang='lat' dir='ltr'><strong>in</strong></span> <span class='ocrx_word' id='word_1_809' title='bbox 3083 5145 3204 5213; x_wconf 87' lang='lat' dir='ltr'><strong>ejus</strong></span> <span class='ocrx_word' id='word_1_810' title='bbox 3233 5146 3373 5213; x_wconf 83' lang='lat' dir='ltr'><strong>epi-‘</strong></span> 
     </span>
    </p>
   </div>
   <div class='ocr_carea' id='block_1_116' title="bbox 1773 5232 3359 5308">
    <p class='ocr_par' dir='ltr' id='par_1_116' title="bbox 1773 5232 3359 5308">
     <span class='ocr_line' id='line_1_116' title="bbox 1773 5232 3359 5308; baseline 0.003 -23"><span class='ocrx_word' id='word_1_811' title='bbox 1773 5232 1911 5286; x_wconf 86' lang='lat' dir='ltr'><strong>stola</strong></span> <span class='ocrx_word' id='word_1_812' title='bbox 1942 5233 2325 5301; x_wconf 90' lang='lat' dir='ltr'><strong>inveniantur;</strong></span> <span class='ocrx_word' id='word_1_813' title='bbox 2349 5235 2442 5288; x_wconf 84' lang='lat' dir='ltr'><strong>aiii</strong></span> <span class='ocrx_word' id='word_1_814' title='bbox 2476 5236 2623 5291; x_wconf 90' lang='lat' dir='ltr'><strong>enim</strong></span> <span class='ocrx_word' id='word_1_815' title='bbox 2661 5246 2861 5307; x_wconf 72' lang='lat' dir='ltr'><strong>prmter</strong></span> <span class='ocrx_word' id='word_1_816' title='bbox 2894 5236 3160 5308; x_wconf 77' lang='lat' dir='ltr'><strong>lgnatium</strong></span> <span class='ocrx_word' id='word_1_817' title='bbox 3195 5236 3359 5305; x_wconf 68' lang='lat' dir='ltr'><strong>adju-</strong></span> 
     </span>
    </p>
   </div>
   <div class='ocr_carea' id='block_1_117' title="bbox 1773 5324 3358 5397">
    <p class='ocr_par' dir='ltr' id='par_1_117' title="bbox 1773 5324 3358 5397">
     <span class='ocr_line' id='line_1_117' title="bbox 1773 5324 3358 5397; baseline 0.003 -19"><span class='ocrx_word' id='word_1_818' title='bbox 1773 5324 1939 5379; x_wconf 88' lang='lat' dir='ltr'><strong>dicati</strong></span> <span class='ocrx_word' id='word_1_819' title='bbox 1966 5333 2124 5378; x_wconf 88' lang='lat' dir='ltr'><strong>erant</strong></span> <span class='ocrx_word' id='word_1_820' title='bbox 2151 5325 2218 5379; x_wconf 90' lang='lat' dir='ltr'><strong>ad</strong></span> <span class='ocrx_word' id='word_1_821' title='bbox 2247 5324 2474 5382; x_wconf 86' lang='lat' dir='ltr'><strong>bestias.</strong></span> <span class='ocrx_word' id='word_1_822' title='bbox 2510 5327 2783 5384; x_wconf 88' lang='lat' dir='ltr'><strong>Eusebius</strong></span> <span class='ocrx_word' id='word_1_823' title='bbox 2805 5329 3002 5383; x_wconf 89' lang='lat' dir='ltr'><strong>crebro</strong></span> <span class='ocrx_word' id='word_1_824' title='bbox 3023 5328 3219 5397; x_wconf 89' lang='lat' dir='ltr'><strong>probat</strong></span> <span class='ocrx_word' id='word_1_825' title='bbox 3242 5331 3358 5397; x_wconf 81' lang='lat' dir='ltr'><strong>epi-</strong></span> 
     </span>
    </p>
   </div>
   <div class='ocr_carea' id='block_1_118' title="bbox 1773 5416 3356 5490">
    <p class='ocr_par' dir='ltr' id='par_1_118' title="bbox 1773 5416 3356 5490">
     <span class='ocr_line' id='line_1_118' title="bbox 1773 5416 3356 5490; baseline 0.003 -19"><span class='ocrx_word' id='word_1_826' title='bbox 1773 5416 1943 5471; x_wconf 86' lang='lat' dir='ltr'><strong>stolas</strong></span> <span class='ocrx_word' id='word_1_827' title='bbox 1980 5417 2315 5487; x_wconf 77' lang='lat' dir='ltr'><strong>apostolicos</strong></span> <span class='ocrx_word' id='word_1_828' title='bbox 2345 5428 2399 5472; x_wconf 91' lang='lat' dir='ltr'><strong>et</strong></span> <span class='ocrx_word' id='word_1_829' title='bbox 2438 5418 2731 5490; x_wconf 71' lang='lat' dir='ltr'><strong>Evangelia</strong></span> <span class='ocrx_word' id='word_1_830' title='bbox 2764 5428 2973 5481; x_wconf 89' lang='lat' dir='ltr'><strong>nostra,</strong></span> <span class='ocrx_word' id='word_1_831' title='bbox 3002 5420 3148 5489; x_wconf 84' lang='lat' dir='ltr'><strong>quod</strong></span> <span class='ocrx_word' id='word_1_832' title='bbox 3184 5435 3247 5475; x_wconf 82' lang='lat' dir='ltr'><strong>ex</strong></span> <span class='ocrx_word' id='word_1_833' title='bbox 3289 5423 3356 5477; x_wconf 85' lang='lat' dir='ltr'><strong>iis</strong></span> 
     </span>
    </p>
   </div>
   <div class='ocr_carea' id='block_1_119' title="bbox 1771 5508 3350 5581">
    <p class='ocr_par' dir='ltr' id='par_1_119' title="bbox 1771 5508 3350 5581">
     <span class='ocr_line' id='line_1_119' title="bbox 1771 5508 3350 5581; baseline 0.003 -19"><span class='ocrx_word' id='word_1_834' title='bbox 1771 5508 2083 5563; x_wconf 89' lang='lat' dir='ltr'><strong>testimonia</strong></span> <span class='ocrx_word' id='word_1_835' title='bbox 2103 5508 2388 5578; x_wconf 89' lang='lat' dir='ltr'><strong>proferant</strong></span> <span class='ocrx_word' id='word_1_836' title='bbox 2410 5508 2597 5566; x_wconf 85' lang='lat' dir='ltr'><strong>Patres</strong></span> <span class='ocrx_word' id='word_1_837' title='bbox 2626 5509 2884 5579; x_wconf 90' lang='lat' dir='ltr'><strong>primitivi</strong></span> <span class='ocrx_word' id='word_1_838' title='bbox 2905 5528 2920 5576; x_wconf 92' lang='lat'><strong>;</strong></span> <span class='ocrx_word' id='word_1_839' title='bbox 2941 5527 3065 5581; x_wconf 68' lang='lat' dir='ltr'><strong>qua:</strong></span> <span class='ocrx_word' id='word_1_840' title='bbox 3095 5512 3211 5568; x_wconf 81' lang='lat' dir='ltr'><strong>fere</strong></span> <span class='ocrx_word' id='word_1_841' title='bbox 3236 5530 3350 5567; x_wconf 87' lang='lat' dir='ltr'><strong>om-</strong></span> 
     </span>
    </p>
   </div>
   <div class='ocr_carea' id='block_1_120' title="bbox 1772 5599 3341 5665">
    <p class='ocr_par' dir='ltr' id='par_1_120' title="bbox 1772 5599 3341 5665">
     <span class='ocr_line' id='line_1_120' title="bbox 1772 5599 3341 5665; baseline 0.004 -13"><span class='ocrx_word' id='word_1_842' title='bbox 1772 5599 1861 5652; x_wconf 89' lang='lat' dir='ltr'><strong>nia</strong></span> <span class='ocrx_word' id='word_1_843' title='bbox 1893 5614 2030 5652; x_wconf 89' lang='lat' dir='ltr'><strong>vana</strong></span> <span class='ocrx_word' id='word_1_844' title='bbox 2060 5609 2267 5665; x_wconf 87' lang='lat' dir='ltr'><strong>essent,</strong></span> <span class='ocrx_word' id='word_1_845' title='bbox 2306 5601 2353 5654; x_wconf 92' lang='lat' dir='ltr'><strong>si</strong></span> <span class='ocrx_word' id='word_1_846' title='bbox 2396 5601 2499 5655; x_wconf 88' lang='lat' dir='ltr'><strong>hac</strong></span> <span class='ocrx_word' id='word_1_847' title='bbox 2528 5602 2742 5655; x_wconf 89' lang='lat' dir='ltr'><strong>ratione</strong></span> <span class='ocrx_word' id='word_1_848' title='bbox 2789 5602 3108 5658; x_wconf 82' lang='lat' dir='ltr'><strong>testimonia</strong></span> <span class='ocrx_word' id='word_1_849' title='bbox 3165 5606 3341 5658; x_wconf 85' lang='lat' dir='ltr'><strong>metia-</strong></span> 
     </span>
    </p>
   </div>
   <div class='ocr_carea' id='block_1_121' title="bbox 1772 5690 3369 5762">
    <p class='ocr_par' dir='ltr' id='par_1_121' title="bbox 1772 5690 3369 5762">
     <span class='ocr_line' id='line_1_121' title="bbox 1772 5690 3369 5762; baseline 0.004 -21"><span class='ocrx_word' id='word_1_850' title='bbox 1772 5704 1932 5753; x_wconf 89' lang='lat' dir='ltr'><strong>mur;</strong></span> <span class='ocrx_word' id='word_1_851' title='bbox 1984 5704 2109 5743; x_wconf 88' lang='lat' dir='ltr'><strong>raro</strong></span> <span class='ocrx_word' id='word_1_852' title='bbox 2140 5691 2287 5745; x_wconf 84' lang='lat' dir='ltr'><strong>enim</strong></span> <span class='ocrx_word' id='word_1_853' title='bbox 2332 5690 2505 5745; x_wconf 89' lang='lat' dir='ltr'><strong>libros</strong></span> <span class='ocrx_word' id='word_1_854' title='bbox 2551 5700 2646 5745; x_wconf 88' lang='lat' dir='ltr'><strong>aut</strong></span> <span class='ocrx_word' id='word_1_855' title='bbox 2682 5691 2947 5762; x_wconf 88' lang='lat' dir='ltr'><strong>epistolas</strong></span> <span class='ocrx_word' id='word_1_856' title='bbox 2995 5695 3369 5749; x_wconf 83' lang='lat' dir='ltr'><strong>vetustissimi</strong></span> 
     </span>
    </p>
   </div>
   <div class='ocr_carea' id='block_1_122' title="bbox 1773 5780 3351 5857">
    <p class='ocr_par' dir='ltr' id='par_1_122' title="bbox 1773 5780 3351 5857">
     <span class='ocr_line' id='line_1_122' title="bbox 1773 5780 3351 5857; baseline 0.005 -22"><span class='ocrx_word' id='word_1_857' title='bbox 1773 5780 1848 5836; x_wconf 86' lang='lat' dir='ltr'><strong>illi</strong></span> <span class='ocrx_word' id='word_1_858' title='bbox 1878 5782 2179 5851; x_wconf 86' lang='lat' dir='ltr'><strong>scriptorcs</strong></span> <span class='ocrx_word' id='word_1_859' title='bbox 2217 5782 2599 5853; x_wconf 69' lang='lat' dir='ltr'><strong>nominabant,</strong></span> <span class='ocrx_word' id='word_1_860' title='bbox 2630 5800 2695 5842; x_wconf 84' lang='lat' dir='ltr'><strong>ex</strong></span> <span class='ocrx_word' id='word_1_861' title='bbox 2727 5787 2926 5857; x_wconf 87' lang='lat' dir='ltr'><strong>quibus</strong></span> <span class='ocrx_word' id='word_1_862' title='bbox 2950 5787 3120 5844; x_wconf 77' lang='lat' dir='ltr'><strong>verba</strong></span> <span class='ocrx_word' id='word_1_863' title='bbox 3147 5795 3200 5843; x_wconf 91' lang='lat' dir='ltr'><strong>et</strong></span> <span class='ocrx_word' id='word_1_864' title='bbox 3225 5801 3351 5843; x_wconf 75' lang='lat' dir='ltr'><strong>sen-</strong></span> 
     </span>
    </p>
   </div>
  </div>
