3814 6198
376 266 468 319 {Si
1330 268 1390 321 ὃ.
1428 256 1779 322 IGNATIUS.
1824 294 1891 305 —
1930 258 2465 316 PROLEGOMLINA.

3537 239 3636 295 152

396 390 579 443 entias
602 389 1013 459 decerpserunt.
1051 389 1278 445 llecolat
1310 389 1546 444 Dallaeus
1573 388 1737 442 verba
1771 402 1869 441 sua
1892 386 1960 439 de.
1989 394 2032 450 Α
2064 384 2232 439 scribi
2261 383 2427 437 etiam
2461 397 2567 471 non
2597 379 2765 434 semel
2810 393 2916 435 non
2959 376 3222 447 potuerit.
3260 372 3542 428 Maximus
3566 371 3643 425 al-

377 477 636 549 Diouysio
666 498 680 532 :
713 480 846 545 Qua:
872 482 1023 544 citat,
1054 497 1172 533 cum
1206 481 1423 533 totidem
1449 480 1617 533 verbis
1651 479 1705 531 in
1729 476 1955 546 epistola

372 570 443 622 ad
472 570 735 625 Romanos
770 571 1063 642 lgnatiana
1084 573 1350 643 legantur,
1378 571 1627 641 frivolum
1646 580 1693 623 et
1720 571 1955 639 ineptum

373 671 473 724 est,
504 678 566 713 ea
586 663 804 718 aliunde
826 682 987 734 quam
1009 680 1075 719 ex
1112 666 1213 717 hac
1246 664 1473 734 epistola
1515 665 1683 715 citata
1714 679 1824 715 esse
1860 663 1957 714 ha-

375 755 585 808 riolari.
626 756 765 811 Cum
798 758 945 813 enim
978 772 1103 827 qua:
1131 757 1266 811 citat
1299 755 1537 810 Irenaaus
1566 755 1794 808 totidem
1834 771 1956 808 ver-

374 846 459 901 bis
488 847 541 899 in
569 848 797 917 epistola
824 848 893 902 ad
931 848 1211 903 Romanos
1237 847 1519 917 lguatiana
1552 846 1827 915 legantur,
1856 860 1956 900 cur

373 953 484 992 non
511 954 665 1008 teque
690 938 942 993 frivolum
976 948 1031 994 et
1052 941 1296 1008 ineptqu
1330 947 1432 998 est,
1457 952 1520 991 ea
1544 936 1766 991 aliunde
1788 950 1953 1005 quam

370 1044 440 1084 ex
482 1034 583 1085 hac
611 1032 841 1101 epistola
878 1032 1043 1087 citata
1073 1047 1199 1086 esse
1223 1028 1528 1084 hariolari?

443 1120 552 1176 Sed
579 1123 745 1179 habet
775 1124 923 1193 quod
954 1132 1179 1192 reponat
1211 1138 1277 1176 ex
1314 1120 1554 1175 Parkero
1581 1119 1667 1174 vir
1696 1118 1955 1174 doctissi-

372 1226 498 1268 mus
526 1229 540 1265 :
575 1213 730 1267 Nihil
758 1214 908 1269 aliud
937 1216 1123 1269 scribit
1172 1214 1443 1277 lreuwus,
1476 1212 1581 1266 nisi
1630 1212 1728 1265 hoc
1768 1212 1951 1277 istum,

370 1309 524 1375 cujus
553 1310 817 1376 meminit,
842 1312 1062 1367 dixisse.
1099 1309 1159 1365 Si
1190 1310 1379 1363 saltem
1410 1310 1520 1364 haec
1541 1326 1661 1363 eum
1683 1309 1957 1377 scripsisse

371 1400 592 1465 diceret,
622 1401 854 1455 colorem
879 1444 893 1467 ,
918 1403 1038 1457 licet
1075 1402 1274 1470 falsum
1303 1412 1353 1457 et
1382 1402 1687 1465 evanidum,
1719 1401 1953 1470 aliquem

372 1500 547 1544 tamen
605 1491 817 1545 haberet
878 1494 1293 1562 argumentatio.
1350 1491 1438 1547 Sic
1479 1493 1618 1546 enim
1672 1508 1737 1545 ex
1776 1492 1956 1561 aliqua

372 1581 578 1652 lgnatii
604 1586 801 1653 scripto
835 1586 945 1639 hozc
976 1585 1089 1653 ejus
1122 1585 1275 1639 verba
1318 1584 1584 1639 Irenaeum
1611 1584 1855 1637 habuisse
1878 1583 1957 1636 le-

371 1674 554 1742 gitime
585 1674 922 1729 concluderes
957 1692 976 1731 ε
1019 1678 1232 1731 tametsi
1266 1676 1402 1729 illud
1429 1676 1566 1730 unde
1593 1692 1656 1729 ea
1699 1675 1952 1742 sumpsis-

370 1776 444 1818 set
480 1762 684 1835 Ignatii
707 1768 963 1837 scriptum
988 1785 1050 1821 ne
1079 1770 1154 1821 sic
1176 1769 1388 1837 quidem
1411 1768 1691 1837 couﬁceres
1715 1767 1952 1819 eamdem

370 1856 522 1909 illam
562 1874 705 1924 esse,
754 1876 914 1929 quam
954 1876 1047 1912 nos
1098 1860 1251 1913 hodie
1284 1859 1537 1915 habemus
1571 1860 1641 1912 ad
1685 1858 1951 1912 Romanos

367 1951 482 2020 ejus
512 1953 722 2005 nomine
755 1953 1068 2021 inscriptam
1098 1952 1398 2022 epistolam.
1441 1952 1560 2007 Duo
1594 1952 1760 2021 igitur
1790 1968 1953 2019 repo-

369 2042 451 2096 nit
477 2060 491 2096 :
519 2044 660 2112 apud
695 2042 959 2099 Irenaeum
986 2044 1091 2115 legi
1132 2059 1241 2098 non
1275 2045 1569 2113 scripsisse,
1608 2044 1701 2098 sed
1729 2044 1951 2107 dixisse,

369 2134 473 2189 liOc
505 2136 781 2204 primum;
813 2137 858 2192 si
894 2138 1199 2207 legeremus
1234 2138 1531 2206 scripsisse,
1566 2145 1951 2207 argumentum

367 2238 547 2281 tamen
581 2238 827 2283 nostrum
853 2231 1081 2283 colorem
1111 2239 1321 2285 tantum
1360 2230 1556 2299 falsum
1587 2239 1639 2283 et
1674 2229 1953 2282 evanidum

368 2319 614 2382 haberet,
671 2320 774 2376 hoc
828 2323 1155 2376 secundum.
1198 2323 1243 2375 Λ
1289 2320 1580 2391 posteriori
1631 2321 1855 2390 incipio,
1901 2329 1955 2374 ct

366 2411 569 2467 Dallzeo
608 2411 864 2467 Dallreum
916 2430 1136 2483 oppono
1167 2455 1183 2481 ,
1232 2429 1332 2482 pro
1369 2413 1535 2468 simili
1583 2413 1854 2467 sententia
1886 2427 1949 2466 ex

364 2503 554 2557 eadem
583 2504 816 2571 epistola
854 2521 883 2557 a
918 2503 1421 2574 pseudo-Dionysio
1452 2504 1715 2572 producta
1760 2504 1955 2557 adver-

366 2610 462 2648 sus
507 2593 727 2647 Maximi
766 2595 1029 2665 effugium
1081 2594 1297 2648 fortiter
1338 2605 1697 2666 pugnantem.
1746 2595 1955 2648 Auctor

366 2687 902 2756 Areopagiticorum,
938 2687 1196 2757 quisquis
1212 2696 1318 2753 est,
1343 2688 1679 2756 produxerat
1705 2690 1952 2743 testimo-

367 2779 517 2831 nium
546 2794 613 2832 ex
642 2777 832 2848 lgnatii
867 2780 1097 2849 epistola
1123 2779 1191 2833 ad
1229 2778 1544 2845 Romanos;
1575 2780 1862 2848 epistolam
1890 2781 1954 2833 il—

364 2878 473 2930 lam
493 2876 703 2923 veteres
731 2883 927 2922 omnes
957 2867 1062 2922 sub
1090 2866 1328 2935 Trajano
1353 2867 1611 2936 scriptam
1642 2867 1805 2935 paulo
1828 2875 1955 2922 ante

364 2960 686 3031 martyrium
720 2958 914 3030 lgnatii
946 2958 1319 3013 crediderunt.
1350 2957 1671 3029 Dionysium
1709 2958 1954 3027 Areopa—

364 3053 533 3122 gitam
565 3052 669 3106 sub
697 3050 1010 3107 Domitiano
1042 3060 1323 3105 mortuum
1356 3048 1530 3105 fuisse
1574 3050 1737 3104 iidem
1789 3058 1951 3119 puta-
1981 3090 2026 3150 ε

364 3152 514 3196 runt.
569 3143 699 3197 lude
742 3143 1145 3197 validissimum
1200 3142 1513 3197 confectum
1565 3151 1949 3212 argumentum

361 3246 478 3301 est,
524 3251 715 3290 verum
769 3235 1090 3307 Dionysium
1139 3236 1241 3289 ista
1272 3236 1512 3291 scribere
1554 3252 1661 3291 non
1709 3236 1954 3305 potuisse

365 3329 662 3399 praesertim
698 3330 753 3383 in
777 3344 943 3399 Opere
981 3328 1270 3383 Timotheo
1312 3329 1522 3384 dicato.
1548 3328 1822 3382 Maximus
1848 3328 1952 3383 hac

363 3421 678 3493 objectione
713 3437 939 3491 pressus
966 3422 1105 3476 mira
1132 3421 1331 3491 effugia
1362 3422 1716 3491 excogitavit,
1749 3430 1804 3477 et
1836 3422 1952 3491 pla-

365 3531 433 3570 ue
458 3514 756 3569 Dallzeatta.
788 3514 997 3580 Primo,
1033 3515 1181 3584 quod
1209 3514 1276 3568 ad
1308 3530 1420 3567 rem
1441 3524 1686 3568 nostram
1716 3524 1951 3585 spectat,

360 3609 501 3679 τάχα
521 3608 751 3679 σύνηθες
784 3607 934 3677 αὐτῷ
964 3603 1103 3661 εἶναι
1136 3608 1489 3678 ἀπόφθεγμα,
1510 3608 1586 3670 ὡς
1620 3608 1714 3662 καὶ
1746 3608 1806 3662 τὸ
1828 3611 1957 3662 Θεο-

359 3700 547 3767 φόρος
596 3698 858 3763 πολλάκις
909 3699 1058 3769 αὑτῷ
1109 3699 1404 3769 λεγόμενόν
1437 3716 1497 3753 τε
1532 3700 1625 3752 καὶ
1675 3700 1957 3770 γραφόμε-

360 3808 473 3853 νον,
510 3789 650 3845 forte
685 3792 799 3845 haec
837 3791 1003 3844 verba
1044 3809 1057 3843 :
1106 3791 1272 3844 Amor
1328 3808 1470 3843 meus
1516 3792 1806 3859 cruciﬁxus
1850 3800 1952 3853 est,

360 3883 764 3952 apoplitliegma
808 3898 932 3937 esse
979 3882 1192 3951 l-gnatio
1243 3883 1535 3938 familiare.
1575 3885 1654 3937 Ita
1698 3884 1787 3937 ille
1828 3900 1953 3939 cum

364 3973 572 4028 Dallzeo
593 3975 659 4027 ad
688 3975 1152 4044 apoplilhegmala
1180 3976 1434 4039 recurrit,
1462 3984 1517 4028 et
1534 3975 1709 4028 multo
1730 3976 1951 4045 quidem

363 4066 545 4121 adhuc
591 4068 918 4136 speciosius.
966 4068 1023 4119 'O
1058 4068 1191 4139 ἐμὸς
1224 4068 1364 4140 ἔρως
1399 4066 1741 4139 ἐσταύρωται
1776 4068 1954 4138 perfe-

362 4158 671 4212 ctissimam
723 4159 1202 4228 apoplitliegmatis
1254 4160 1491 4228 speciem
1525 4160 1686 4214 habet
1708 4202 1724 4226 ,
1751 4170 1806 4215 et
1834 4163 1954 4214 vim

362 4258 557 4305 sancto
588 4265 684 4318 per
706 4259 883 4303 totum
918 4249 1043 4304 vitae
1072 4268 1295 4306 cursum
1321 4264 1435 4307 tum
1467 4253 1521 4307 in
1552 4252 1717 4308 dictis
1749 4262 1862 4308 tum
1896 4256 1950 4308 in

361 4341 585 4411 scriptis
614 4340 887 4397 familiare
931 4358 1054 4397 esse
1088 4345 1287 4413 potuit.
1321 4343 1438 4399 Non
1465 4346 1533 4400 ad
1563 4346 1783 4416 Trajani
1816 4357 1952 4402 tem-

2060 482 2265 540 firmat,
2295 469 2707 547 apoplitliegma
2744 474 2873 528 illud
2907 474 3049 526 torte
3085 471 3157 524 ab
3181 469 3387 539 Ignatio
3419 480 3529 519 non
3562 479 3643 518 se-

2057 570 2163 623 mel
2193 569 2427 630 dictuin,
2459 582 2637 635 neque
2665 565 2833 620 semel
2866 565 3132 632 scriptum
3169 560 3375 624 fuisse;
3400 557 3519 612 sive
3549 556 3644 626 igi-

2057 671 2147 715 tur
2178 660 2474 732 Dionysius
2512 661 2714 713 dixisse
2757 658 2873 713 sive
2912 654 3189 723 scripsisse
3225 654 3500 723 lgnatium
3542 648 3642 702 ista

2058 754 2362 823 scripserit,
2397 753 2622 822 perinde
2654 751 2778 805 erit.
2811 751 3196 805 Commeutum
3230 752 3380 798 certe
3428 740 3643 794 Maximi

2059 846 2163 901 hoc
2194 846 2358 899 modo
2390 844 2620 899 refutari
2652 860 2760 897 non
2793 852 3003 912 potest;
3038 852 3099 895 ut
3132 838 3332 893 frivola
3365 836 3532 903 plane
3576 833 3645 886 sit

2059 935 2177 989 luce
2200 934 2510 999 distinctio,
2546 943 2599 989 et
2634 932 2833 987 Dallaro
2859 932 3099 1000 indigna.
3137 931 3260 998 lpse
3290 927 3439 981 enim
3474 925 3529 978 in
3555 938 3646 975 eo-

2056 1026 2180 1081 dem
2224 1042 2389 1095 opere
2433 1042 2541 1080 non
2590 1026 2805 1080 dubitat
2853 1040 2979 1079 cum
3024 1021 3313 1076 Albertino
3359 1030 3643 1076 asserere,

2057 1117 2614 1188 pseudo-Dionysium
2651 1117 2765 1171 bzec
2805 1118 2919 1185 ipsa
2953 1118 3023 1169 ab
3074 1113 3313 1183 Origene
3346 1109 3643 1169 hausisse;

2057 1208 2321 1280 Origenes
2344 1217 2527 1263 autem
2558 1212 2665 1261 ltOlI
2690 1208 2883 1261 scribit
2912 1206 3183 1275 lguatium
3214 1204 3316 1257 ista
3343 1200 3642 1267 scripsisse,

2058 1302 2150 1355 sed
2174 1302 2378 1356 dixisse
2410 1311 2643 1355 tantum.
2680 1300 2857 1353 Verba
2894 1299 3014 1368 ejus
3049 1307 3225 1351 sunt:
3276 1294 3513 1362 Denique
3544 1306 3645 1344 me-

2057 1395 2308 1447 minimus
2347 1392 2577 1463 aliquem
2609 1402 2914 1445 sanctorum
2959 1389 3180 1450 dixisse,
3223 1386 3503 1456 Ignatium
3555 1398 3648 1434 no-

2058 1488 2218 1549 mine,
2250 1487 2316 1540 de
2340 1486 2574 1550 Christo,
2604 1503 2622 1535 t
2644 1483 2792 1537 Meus
2818 1494 2993 1537 autem
3013 1498 3165 1534 amor
3193 1479 3489 1545 cruciﬁxus
3509 1485 3607 1528 est.
3623 1493 3643 1525 ι

2060 1580 2273 1633 Dixisse
2340 1579 2505 1649 igitur
2545 1587 2600 1633 et
2660 1578 2935 1644 scripsisse
2979 1578 3032 1629 in
3080 1576 3184 1628 hoc
3219 1572 3441 1641 negotio
3491 1570 3647 1638 pIaue

2060 1673 2238 1739 idem;
2272 1686 2450 1741 neque
2480 1682 2575 1725 attt
2602 1670 2706 1725 hoc
2736 1680 2827 1723 aut
2858 1669 2988 1723 illud
3021 1666 3242 1720 Maximi
3268 1672 3644 1719 commentum

1986 1743 2027 1797 Β
2059 1766 2139 1819 vel
2165 1765 2343 1833 juvat,
2385 1764 2469 1817 vel
2494 1763 2659 1817 laedit.
2691 1762 2909 1816 Omissa
2942 1761 3103 1830 plane
3135 1760 3237 1811 liae
3275 1756 3428 1809 inani
3451 1755 3647 1809 distiu-

2056 1856 2261 1917 ctione,
2291 1864 2385 1909 aut
2409 1856 2563 1920 illud,
2594 1864 2689 1908 aut
2729 1854 2862 1907 uiliil
2889 1893 2904 1917 ,
2934 1851 3079 1921 quod
3113 1850 3360 1919 apposite
3390 1848 3646 1901 observat

2058 1953 2311 2017 llallaeus,
2338 1952 2635 2007 Maximum
2656 1951 2890 2020 jugulat.
2933 1948 3068 2012 Quae
3094 1944 3247 2011 citat,
3274 1960 3397 1997 cum
3427 1943 3646 1996 totidem

2056 2045 2225 2098 verbis
2262 2045 2316 2097 in
2350 2043 2573 2113 epistola
2621 2043 2689 2095 ad
2731 2041 2993 2094 Romanos
3036 2037 3326 2107 Ignatiana
3373 2035 3640 2104 legantu‘,

2058 2136 2307 2204 frivolum
2332 2146 2383 2189 et
2411 2138 2645 2205 ineptum
2669 2144 2768 2198 est,
2798 2150 2859 2186 ea
2881 2132 3099 2185 aliunde
3127 2143 3282 2193 quam
3304 2142 3371 2180 ex
3404 2126 3505 2178 hac
3532 2126 3644 2193 ipsa

2054 2229 2281 2298 epistola
2314 2231 2484 2281 citata
2505 2244 2617 2281 esse
2638 2225 2921 2279 hariolari.

2129 2320 2385 2375 Secundo
2410 2360 2425 2383 ,
2460 2320 2733 2374 Maximus
2768 2327 2828 2372 ut
2863 2316 3113 2371 ostendat
3160 2312 3291 2368 illud
3340 2323 3467 2365 esse
3516 2324 3637 2378 apo-

2058 2414 2349 2483 plitliegma
2368 2414 2580 2483 lguatio
2603 2422 2717 2465 tum
2750 2412 2872 2463 viva
2901 2424 3032 2463 κνοω
3068 2417 3180 2461 tmn
3207 2405 3420 2473 scripto
3446 2402 3645 2471 swpius

2060 2513 2406 2575 usurpatum,
2439 2504 2616 2573 inquit
2666 2519 2678 2555 :
2730 2504 3043 2572 Τεκμήριον
3073 2499 3148 2559 δὲ,
3184 2497 3245 2549 τὸ
3280 2496 3354 2566 μὴ
3391 2496 3647 2565 προσκεῖ-

2058 2596 2202 2659 σθαι,
2224 2593 2433 2664 γράφει
2452 2594 2523 2648 δέ
2538 2611 2677 2659 τισι,
2700 2594 2943 2647 τουτέστι
2960 2590 3269 2662 Ῥωμαίοις*
3296 2588 3411 2641 ἀλλ’
3434 2585 3643 2649 enim,

2055 2686 2279 2756 Γράφει
2305 2686 2373 2739 δὲ
2402 2690 2433 2740 ό
2458 2686 2614 2751 θεῖος
2658 2684 2963 2755 Ἰγνάτιος.
2989 2686 3308 2754 Argumenta
3333 2692 3517 2735 autent
3546 2689 3644 2742 est,

2056 2782 2124 2834 de
2152 2780 2615 2849 apopbtliegmate
2643 2772 2832 2846 lgiiatii
2870 2779 3108 2831 locutum
3140 2791 3263 2830 esse
3298 2774 3644 2844 Dionysium,

2056 2870 2195 2939 quod
2222 2886 2325 2922 non
2348 2870 2616 2939 adjectum
2647 2871 2738 2933 sit,
2771 2888 2791 2919 ι
2816 2867 3013 2922 Scribit
3041 2876 3213 2921 autem
3246 2864 3595 2935 quibusdam,
3622 2884 3640 2913 ι

2056 2961 2259 3015 scilicet
2276 2961 2655 3026 Romanis,sed
2674 2960 3009 3029 simpliciter,
3038 2979 3057 3009 t
3086 2957 3286 3013 Scribit
3314 2967 3490 3009 autem
3509 2956 3647 3009 divi-

2058 3068 2156 3105 nus
2184 3050 2487 3122 Ignatius.»
2515 3052 2594 3104 Ad
2629 3051 2744 3105 lucc
2776 3051 3006 3106 Dallzeus
3036 3067 3050 3102 τ
3076 3049 3228 3114 Quod
3259 3058 3448 3101 contra
3490 3047 3645 3114 alj‘ert

2063 3144 2332 3198 Maximus
2375 3162 2531 3198 suum
2566 3144 2880 3213 Dionysium
2915 3144 3229 3212 simpliciter
3248 3143 3446 3206 dicere,
3490 3139 3648 3209 Igna-

2060 3239 2191 3289 tium
2222 3236 2486 3300 scribere,
2514 3252 2615 3287 non
2652 3246 2825 3287 autem
2847 3233 3166 3303 quibusdam
3209 3232 3461 3294 scribere,
3496 3227 3649 3299 quasi

2055 3330 2155 3382 hoc
2178 3328 2329 3381 aliud
2360 3344 2520 3396 quant
2536 3327 2790 3395 scriptam
2820 3326 2888 3377 ad
2906 3324 3171 3377 Romanos
3195 3324 3479 3393 epistolam
3503 3324 3651 3374 inte.-

2056 3422 2151 3493 ligi
2172 3421 2456 3491 signiﬁcet,
2485 3420 2561 3485 id,
2588 3420 2828 3488 inquam,
2852 3435 3069 3487 prorsus
3101 3417 3305 3470 nullam
3329 3419 3435 3470 vim
3458 3416 3647 3481 habet;

2056 3532 2175 3567 cum
2204 3524 2387 3567 notum
2412 3516 2481 3566 sit
2509 3522 2786 3565 auctorum
2817 3512 3105 3563 sententias
3144 3520 3192 3562 et
3225 3508 3343 3561 loca
3374 3526 3516 3577 stupe
3547 3520 3595 3563 et
3618 3527 3651 3563 α

2058 3609 2253 3662 nostris
2274 3622 2414 3660 nunc
2435 3604 2695 3659 litteratis
2725 3604 2905 3668 citari,
2925 3603 3094 3654 multo
3118 3618 3236 3655 vero
3260 3604 3420 3654 etiam
3452 3602 3651 3669 stepius

2058 3718 2090 3754 a
2116 3702 2375 3755 veteribus
2409 3702 2578 3754 citata
2604 3716 2737 3763 esse,
2790 3696 2934 3749 nullo
2968 3696 3205 3749 auctoris
3239 3704 3382 3746 certo
3408 3696 3487 3747 vel
3516 3695 3651 3747 libro

2056 3794 2135 3847 vel
2167 3796 2359 3862 capite,
2393 3795 2531 3846 umle
2572 3792 2670 3844 illa
2692 3792 2972 3856 habentur,
2999 3790 3313 3841 nominatiut
3350 3789 3521 3842 edito.
3555 3788 3652 3841 lle-

2057 3900 2144 3945 cte
2201 3890 2315 3943 lucc
2365 3891 2589 3958 quidem
2634 3898 2690 3943 ct
2727 3889 2995 3957 apposite.
3045 3885 3180 3939 Nam
3231 3901 3356 3940 cum
3411 3885 3651 3940 Dallzeus

2057 3990 2248 4035 contra
2278 3990 2501 4036 nostros
2534 3982 2801 4049 disputat,
2834 3979 3104 4033 Maximus
3127 3986 3248 4043 est;
3282 3992 3409 4031 cum
3454 3979 3649 4031 adver-

2060 4088 2156 4126 sus
2184 4071 2512 4139 Maximum,
2542 4073 2703 4141 plane
2752 4080 2939 4127 noster
2976 4079 3081 4125 cst.
3120 4068 3367 4123 Dicimus
3406 4070 3579 4137 igitur
3601 4079 3652 4123 et

2061 4180 2182 4227 nos,
2233 4164 2278 4217 si
2330 4163 2570 4219 lreua'us
2598 4165 2850 4226 dixisset,
2887 4164 3154 4229 lgnatium
3198 4160 3300 4215 ista
3354 4162 3653 4229 scripsisse

2057 4266 2181 4320 quae
2224 4252 2485 4320 protulit,
2526 4262 2911 4321 argumentum
2964 4260 3209 4305 nostrum
3252 4266 3361 4303 non
3406 4252 3650 4305 colorem

2062 4352 2271 4397 tantum
2309 4344 2506 4399 falsum
2541 4356 2594 4398 et
2637 4346 2961 4407 evanidum,
2996 4345 3089 4397 sed
3128 4344 3272 4397 illius
3303 4344 3525 4411 negatio
3560 4360 3652 4412 po-

360 4450 495 4505 pora
537 4434 837 4506 confugere
870 4452 1094 4491 necesse
1126 4435 1263 4503 fuit;
1301 4439 1464 4491 etiam
1491 4438 1595 4493 sub
1637 4438 1952 4493 Domitiano
1987 4454 2029 4508 ι’,
2061 4438 2171 4491 tius
2197 4438 2399 4491 nullam
2428 4456 2646 4507 prorsus
2679 4440 2782 4491 vim
2807 4438 3016 4490 haberet
3048 4454 3066 4500 ;
3095 4453 3212 4489 cum
3246 4448 3428 4488 notum
3453 4439 3525 4489 sit
3556 4453 3652 4488 au-

361 4525 469 4580 hoc
516 4526 918 4598 apoplitliegma
962 4538 1018 4581 et
1068 4527 1269 4597 saepius
1312 4528 1520 4583 dixisse
1561 4538 1617 4584 et
1653 4532 1952 4601 aliquando

361 4617 651 4685 scripsisse
693 4628 907 4688 poterat
950 4620 1218 4689 lguatius.
1256 4618 1375 4675 Non
1413 4622 1604 4675 eadem
1644 4635 1840 4678 natura
1868 4636 1954 4681 est

363 4708 622 4765 Dallataui
646 4712 1127 4782 apoplttbegmatis
1158 4714 1301 4783 apud
1337 4717 1600 4769 Irenazum
1639 4735 1652 4771 :
1689 4715 1954 4772 Frumen—

362 4812 477 4856 tum
507 4818 625 4856 sum
668 4802 869 4857 Christi
898 4813 946 4855 et
977 4819 1069 4871 per
1112 4804 1291 4859 dentes
1332 4805 1620 4860 bestiarum
1663 4808 1855 4874 molor,
1896 4818 1954 4861 ut

361 4890 593 4949 mundus
610 4895 766 4964 panis
794 4895 891 4950 Dei
927 4895 1186 4949 inveniar.
1227 4895 1360 4961 Quis
1392 4898 1495 4951 hoc
1525 4898 1595 4950 ab
1626 4898 1839 4967 lgnatio
1866 4900 1953 4951 di—

359 4997 511 5043 ctum
550 5004 648 5059 per
678 4997 853 5043 totum
892 4989 1018 5043 vita:
1055 5006 1281 5046 cursum
1329 4990 1675 5043 familiariter
1725 5007 1956 5059 usurpa-

359 5089 500 5144 tum,
530 5082 658 5151 quis
680 5088 807 5135 ante
836 5082 1351 5137 condemnationem
1381 5083 1447 5137 ad
1482 5082 1690 5136 bestias
1710 5098 1953 5150 unquam

360 5170 666 5241 prolatum,
690 5170 817 5239 quis
850 5172 908 5227 in
938 5172 1043 5226 alia
1066 5189 1233 5243 quam
1261 5173 1355 5227 illa
1378 5174 1610 5243 epistola
1633 5188 1756 5242 qua:
1788 5174 1841 5225 in
1870 5173 1956 5225 iti-

361 5280 491 5319 nere
524 5274 748 5321 exarata
799 5276 907 5333 est,
945 5268 1210 5337 scriptum
1247 5268 1449 5338 putet?
1495 5265 1563 5320 Et
1610 5275 1792 5319 tamen
1853 5268 1957 5320 hoc

364 5356 566 5413 Dallzeo
612 5360 1016 5430 apoplithegma
1059 5370 1163 5426 est,
1198 5360 1345 5429 quod
1397 5360 1514 5427 ipse
1560 5359 1715 5411 alteri
1773 5370 1951 5427 negat.

374 5448 606 5514 Valeret,
648 5451 849 5520 inquit,
876 5452 1130 5521 e/fugium
1151 5490 1167 5517 ,
1220 5452 1269 5505 si
1300 5452 1411 5503 haec
1445 5448 1720 5517 lgnatiuut
1752 5449 1957 5504 dixisse

366 5540 620 5594 scriberet
666 5541 1125 5613 Dionysianorum
1175 5554 1366 5597 auctor
1397 5557 1415 5594 :
1461 5539 1552 5593 sed
1600 5540 1757 5608 plane
1799 5542 1957 5596 aliter

365 5649 487 5687 eum
522 5634 599 5686 ait
630 5633 740 5687 harc
758 5635 1073 5704 scripsisse,
1099 5652 1201 5689 non
1230 5636 1451 5699 dixisse,
1470 5632 1672 5702 γράφει
1692 5634 1748 5686 δὲ
1768 5637 1795 5687 ὁ
1814 5635 1955 5699 Οείος

378 5722 655 5798 Ἰγνάτιος
695 5729 853 5798 quasi
884 5742 1016 5784 vero
1062 5729 1115 5784 id
1157 5727 1304 5797 quod
1348 5728 1550 5797 saepius
1600 5727 1806 5784 dictum
1849 5740 1952 5799 est,

2056 4541 2265 4584 ctorum
2294 4533 2580 4586 sententias
2603 4542 2651 4583 et
2682 4531 2799 4583 loca
2842 4547 2978 4598 stt-pe
3016 4541 3063 4583 ct
3104 4548 3135 4582 α
3168 4532 3365 4581 nostris
3397 4546 3540 4581 nunc
3560 4529 3653 4582 lit-

2060 4626 2245 4678 teratis
2270 4626 2465 4689 citari,
2496 4624 2663 4677 multo
2713 4640 2833 4675 vero
2879 4625 3040 4676 etiam
3076 4620 3269 4691 swpitis
3313 4639 3345 4673 a
3388 4621 3652 4674 veteribus

2059 4719 2227 4769 citata
2254 4733 2396 4779 esse,
2424 4715 2572 4768 nullo
2610 4716 2846 4767 auctoris
2874 4724 3015 4767 certo
3054 4715 3129 4766 vel
3161 4714 3317 4775 libro,
3353 4713 3433 4766 vel
3456 4714 3653 4783 capite,

2060 4811 2196 4863 unde
2225 4809 2321 4862 illa
2342 4809 2621 4871 habentur,
2657 4807 2973 4858 nominatim
3001 4806 3164 4859 edito.
3191 4804 3283 4859 Sic
3314 4804 3485 4874 igitur
3519 4823 3651 4860 cou-

2062 4904 2303 4966 licimus,
2341 4911 2617 4971 priceunte
2660 4899 2779 4952 viro
2822 4899 3174 4963 doctissimo,
3204 4914 3271 4951 ex
3300 4914 3403 4952 usu
3436 4911 3653 4954 nostro-

2061 5011 2185 5049 rum
2231 5010 2379 5048 nunc
2406 4994 2770 5047 litteratorum
2800 5001 2854 5043 et
2884 4991 3057 5043 multo
3088 4991 3263 5060 magis
3296 5000 3568 5058 veterum,
3605 4994 3651 5048 si

2060 5083 2295 5136 Irenmus
2319 5082 2547 5135 dixisset
2580 5081 2849 5150 lguatium
2894 5094 2957 5132 ea
2987 5097 3109 5147 quze
3141 5081 3307 5136 refert
3349 5084 3649 5150 scripsisse,

2059 5176 2249 5229 eadem
2276 5176 2345 5228 ab
2383 5175 2482 5227 illo
2507 5190 2573 5227 ex
2606 5174 2837 5242 epistola
2866 5174 2931 5227 ad
2961 5173 3240 5230 llmnanos
3263 5174 3386 5245 ejus
3426 5178 3655 5233 nomine

2061 5269 2321 5336 inscripta
2355 5275 2573 5334 sumpta
2600 5265 2791 5320 fuisse.

2136 5357 2205 5412 Ut
2230 5359 2298 5412 ad
2336 5359 2575 5427 primum
2609 5368 2872 5424 revertar,
2916 5359 3321 5414 distinctionem
3368 5360 3522 5416 illam
3569 5363 3653 5416 in—

2062 5461 2143 5505 ter
2178 5452 2281 5505 ista
2312 5451 2423 5505 duo
2460 5451 2599 5502 dixit
2642 5460 2696 5504 et
2724 5452 2960 5520 scripsit,
2994 5468 3119 5507 cum
3165 5452 3329 5507 verba
3360 5454 3481 5523 ipsa
3514 5456 3652 5509 scri-

2060 5550 2153 5611 pta
2175 5558 2297 5595 esse
2326 5542 2589 5608 sciamus,
2620 5541 2823 5595 nullam
2852 5558 3071 5611 prorsus
3095 5544 3199 5595 vim
3219 5543 3412 5597 habere
3444 5547 3653 5614 pariter

2062 5636 2203 5699 dico,
2231 5650 2350 5686 cum
2388 5642 2567 5686 notum
2592 5635 2662 5686 sit
2688 5637 2974 5688 sententias
2999 5644 3048 5687 et
3074 5634 3188 5687 loca
3214 5652 3248 5687 a
3278 5634 3540 5690 veteribus
3575 5637 3652 5690 cio

2065 5738 2175 5785 tata
2203 5744 2313 5783 esse
2337 5743 2430 5800 per
2458 5727 2683 5783 verbum
2714 5728 2819 5783 hoc
2852 5728 2987 5782 dixit
3020 5744 3126 5783 non
3158 5728 3364 5797 minus,
3402 5728 3516 5783 imo
3544 5744 3649 5788 sa»
