3786 6300
104 286 191 339 153
846 284 897 339 J.
936 280 1300 338 PEARSONII
1340 281 1599 338 VINDICI.

1855 281 2128 336 ιΤΙΑΝΔί.
2171 286 2248 325 -’
2277 281 2459 335 PARS
2495 278 2536 334 Ι.
3247 276 3350 330 154

98 421 201 473 pus
230 421 390 474 quam
445 421 538 476 per
571 406 800 461 verbum
853 408 1109 470 alterum,
1142 410 1376 497 scripsit.
1409 407 1665 462 Clemens
1699 416 1739 473 Α
1771 407 1877 476 psit
1913 426 1925 460 :
1961 406 2167 476 Quippe
2200 422 2318 459 cum
2354 415 2486 461 esset
2522 404 2615 458 sub
2654 403 2881 458 Claudio
2915 402 3147 467 Casare,
3182 424 3217 457 ιι
3248 420 3351 465 quo

99 498 475 554 Alexandrinus
518 499 777 555 Stromat.
820 502 857 555 Ι.
884 518 916 561 v
959 514 974 554 :
1020 501 1193 557 Moses
1234 494 1474 571 permisit
1528 502 1664 555 vesci
1770 501 1932 553 etiam
1966 510 2149 552 statua
2183 494 2477 552 hanoratus
2510 515 2624 552 esse
2657 498 2876 552 dicitur.
2896 495 3148 565 Quinque
3180 495 3351 550 libros

95 590 150 639 iis
171 630 184 651 ,
230 606 346 658 quin
384 590 573 644 habent
613 592 798 659 ﬁssam
832 592 1084 663 ungulam
1124 604 1174 647 et
1206 610 1325 663 qua:
1370 593 1662 656 ruminant,
1769 592 1940 647 fuisse
1967 606 1997 645 a
2022 591 2187 660 Papia
2209 591 2552 661 conscriptos
2580 591 3032 644 asscritlrenaaus
3064 587 3347 643 :Sedcum

95 680 329 751 μηνύων,
381 684 547 753 φησὶν
595 686 626 737 ὁ
678 684 986 756 Βαρνάϐας,
1041 685 1333 739 κολλᾶσθαι
1381 686 1493 739 δεῖν
1528 702 1590 755 με

1856 686 1929 738 ba
1955 700 2019 739 ex
2058 685 2163 738 illis
2196 685 2349 749 citat,
2382 685 2575 739 eodem
2603 684 2768 737 modo
2803 683 3087 753 loquitur:
3119 681 3184 735 Et
3207 681 3351 750 adjeo

90 772 185 824 τῶν
213 772 557 844 φοϐουμένων
591 775 683 829 τὸν
705 776 932 848 Κύριον,
960 778 1293 848 signiﬁcans,
1326 778 1497 847 inquit
1525 777 1585 829 Βι

1870 776 2047 829 dicens
2076 792 2093 831 :
2133 775 2257 831 llam
2301 785 2482 830 autem
2514 777 2792 831 credibilia
2825 786 2954 830 sunt
2975 775 3344 829 credentibus.

91 864 269 929 nabas,
306 875 547 933 oportere
584 867 855 922 adhwrere
882 869 950 921 iis
995 870 1085 939 qui
1121 871 1307 922 timent
1350 868 1656 933 Dominum,
1767 866 2037 932 Et,Juda,
2074 870 2265 939 inquit,
2300 869 2576 939 proditore
2606 886 2714 922 non
2741 871 3090 935 credente,“
3116 869 3350 923 interro-

88 968 132 1009 ιιι
155 967 337 1010 cetera
368 957 510 1012 bene
529 958 724 1023 multa,
749 976 872 1029 quae
899 962 1041 1030 apud
1060 960 1398 1014 Clementem
1421 975 1663 1029 sequun-
1764 970 1945 1030 gante,
1977 971 2084 1015 etc.
2132 964 2211 1015 lla
2246 961 2409 1015 etiam
2440 961 2512 1031 .in
2558 960 2854 1028 Prooemio,
2901 961 3081 1026 καθὼς
3113 962 3220 1017 ὑπὸ
3252 961 3348 1015 τοῦ
3418 950 3421 951 ν

90 1061 182 1111 tur,
199 1060 248 1104 et
271 1052 483 1105 nuncin
500 1053 732 1122 epistola
760 1053 1026 1109 Barnabas
1048 1058 1419 1124 reperiuntur.
1442 1056 1563 1111 Lib.
1583 1074 1585 1079 ί

1852 1054 2072 1117 εἱττονος
2105 1052 2261 1125 ἡμῶν
2295 1053 2539 1125 εἴρηται,
2577 1071 2701 1111 cum
2745 1056 3047 1125 elegantem
3089 1054 3347 1109 similitu—

90 1144 438 1216 Παραθεμένῳ
474 1145 685 1216 μάρτυν
718 1147 810 1200 τὸν
843 1148 1203 1202 άὴοστολικὸν
1252 1150 1542 1221 Βαρνάϐαν

1854 1163 1942 1203 em
1986 1148 2055 1202 ab
2106 1148 2337 1216 antiquo
2375 1147 2642 1216 scriptore
2687 1156 2990 1202 mutuatur.
3035 1146 3174 1201 Cum
3219 1162 3347 1216 pro—

87 1236 132 1288 δὲ
163 1237 263 1289 τῶν
294 1236 667 1308 ἐϐδομήκοντα
715 1233 805 1309 ἦν,
842 1239 935 1293 καὶ
984 1240 1372 1312 συνεργὸςητοῦ
1407 1241 1582 1295 Παύλο

1844 1256 1899 1296 as
1952 1243 2143 1312 ῥήσεις
2185 1258 2251 1297 ex
2301 1240 2808 1295 Valentinianornm
2852 1241 3072 1310 scriptis
3109 1242 3339 1305 recitat,

88 1329 210 1381 κατὰ
240 1327 380 1392 λέξιν
429 1325 535 1381 ὧδέ
569 1347 688 1393 πως
720 1330 969 1399 λέγοντα.
1014 1330 1113 1386 Ubi
1155 1333 1504 1387 adducuntur
1535 1334 1583 1386 dt

1866 1334 2166 1403 praefatur:
2203 1334 2376 1388 Τοῦτο
2412 1333 2657 1403 πείθουσι
2691 1334 2818 1397 τοὺς
2851 1334 3130 1405 ἀνοήτους,
3154 1330 3345 1399 αὑταῖς

86 1420 336 1488 longiores
365 1421 555 1492 ῥήσεις
581 1438 647 1476 ex
672 1423 861 1477 eadem
893 1424 1122 1492 cpistola
1151 1440 1273 1493 qu:e
1290 1440 1435 1479 nunc
1448 1434 1581 1479 esst:

1850 1444 1933 1478 εσι
1963 1426 2211 1495 λέγοντες
2242 1425 2437 1490 οὕτως,
2458 1435 2511 1480 et
2539 1444 2552 1479 :
2592 1426 2842 1496 Ἰωάννην
2856 1426 2945 1480 τὸν
2973 1426 3218 1498 μαθητὴν
3250 1428 3344 1480 τοῦ

88 1507 189 1563 Lib.
211 1509 419 1571 eodem,
454 1512 694 1575 Εἰκότως
710 1507 804 1565 οὖν
825 1515 853 1566 ό
874 1513 1170 1577 ἀπόστολος
1188 1514 1494 1585 Βαρνάϐας·
1534 1516 1651 1585 Ἀφ’
1755 1518 1963 1590 Κυρίου
1997 1517 2307 1571 διδάσκουσι
2353 1518 2451 1587 τὴν
2486 1514 2710 1588 πρώτην
2758 1516 2983 1585 ὀγδοάδα
3038 1517 3346 1586 μεμηνυκέ-

86 1598 153 1663 οὖ,
185 1602 339 1673 φησὶν
364 1643 378 1665 ,
420 1602 614 1657 ἔλαϐον
661 1605 897 1676 μέρους,
933 1615 989 1659 et
1029 1616 1245 1662 czetera.
1292 1612 1369 1661 Ae
1414 1626 1574 1663 rursu

1850 1653 1860 1674 ,
1897 1611 2090 1674 αύταῖς
2124 1610 2301 1674 λέξεσι
2336 1611 2584 1678 λέγοντες
2615 1610 2807 1674 οὕτως,
2829 1619 2934 1663 etc.
2966 1627 2977 1662 :
3004 1612 3135 1680 φασὶ
3166 1611 3223 1663 δὲ
3254 1605 3345 1664 οὗ·

86 1693 276 1764 Ἀμέλει
292 1696 939 1769 μυστεκιῦςὸΒαρνάϐας·
964 1718 981 1748 ι
1007 1700 1064 1753 't)
1079 1699 1135 1753 δὲ
1150 1700 1431 1764 Θεδςὸτοῦ
1449 1702 1650 1765 παντὸς
1752 1717 1833 1753 τοι
1866 1701 1943 1764 ὡς
1990 1702 2083 1754 ἐπὶ
2120 1702 2178 1754 τὺ
2230 1701 2563 1773 ὑψηλότερον
2598 1702 2690 1757 καὶ
2739 1701 3181 1773 γνωστικὼτερον
3220 1706 3346 1756 ἐπε-

88 1790 267 1858 κόσμου
282 1788 577 1863 κυριεύων,
602 1790 755 1859 φησὶ,
781 1789 891 1863 δώῃ
914 1792 1004 1845 καὶ
1023 1793 1153 1863 ὑμῖν
1168 1795 1376 1863 σοφίαν.
1417 1814 1435 1846 ι
1460 1794 1572 1850 Ειι.
1588 1811 1652 1849 v:
1688 1778 1730 1833 Β
1761 1794 2094 1863 κτεινόμενοι
2110 1794 2209 1865 τὴν
2228 1791 2454 1863 πρώτην
2486 1793 2718 1865 τετράδα
2736 1792 2928 1856 οὓτως,
2950 1803 3004 1848 et
3031 1811 3045 1847 :
3076 1808 3348 1863 πανυπερ-

95 1878 232 1935 ima:
265 1882 357 1935 καὶ
406 1882 730 1952 Βαρνάϐας,
766 1886 794 1936 ό
828 1885 923 1938 καὶ
973 1886 1137 1949 αὐτὸς
1187 1887 1534 1959 συγκηρύξας
1583 1888 1661 1960 τῷ
1760 1888 1929 1957 τάτην
1980 1886 2214 1959 τετράδα
2262 1886 2437 1958 τούτῳ
2489 1889 2635 1959 μόνῳ
2666 1886 3028 1958 διηγήσασθαι
3059 1886 3231 1950 οὕτως
3270 1888 3347 1939 εξ-

96 1973 395 2044 Ἀποστόλῳ,
461 1978 605 2029 κατὰ
656 1976 753 2047 τὴν
798 1977 1076 2031 διακονίαν
1122 1980 1230 2033 τῶν
1294 1980 1463 2034 ἐθνῶν
1486 2022 1502 2047 ,
1568 1999 1591 2034 τ

1844 1980 1992 2033 ὗσαν.
2030 1981 2147 2033 lmo
2168 1981 2609 2050 quotiescunque
2650 1981 2889 2049 aliquam
2921 1981 3249 2038 sententiam
3275 1996 3339 2034 ex

86 2065 236 2131 λόγον·
273 2084 292 2117 ι
329 2067 769 2140 Ἀπλούστερον,
830 2072 1029 2141 φησὶν,
1087 2073 1218 2143 ὑμῖν
1281 2074 1515 2147 γράφω,
1572 2076 1581 2127 i

1853 2072 2029 2142 iptore
2051 2072 2238 2141 aliquo
2265 2074 2530 2127 lrenteum
2558 2074 2757 2127 citassc
2787 2072 3095 2137 observavi,
3129 2088 3344 2141 semper

89 2159 308 2228 ευνίητε,
364 2179 381 2210 ι
424 2156 527 2213 εἷθ’
564 2161 773 2225 ὑποϐὰς
810 2163 910 2233 ἤδη
971 2163 1303 2235 σαφέστερον
1353 2182 1584 2233 γνωστικ

1844 2180 1881 2216 n
1920 2178 2108 2218 vocem
2160 2164 2311 2217 illam
2355 2164 2525 2229 dixit,
2566 2180 2846 2233 nunquam
2896 2175 3077 2218 autem
3114 2165 3339 2217 alteram

88 2251 407 2320 παραδόσεως
445 2252 593 2322 ἴχνος
630 2254 1066 2325 παρατιθέμενος
1089 2254 1257 2324 λέγει.
1293 2257 1369 2309 Ita
1403 2254 1583 2311 Cleme

1841 2256 1971 2322 ipsit
2006 2271 2305 2325 usurpasse
2336 2256 2723 2311 animadverti.
2757 2255 2977 2309 Nullum
3006 2256 3232 2310 omnino
3263 2258 3336 2309 lo—

94 2339 367 2395 Barnabam
407 2342 585 2395 multa
619 2341 848 2407 dixisse,
887 2358 988 2396 nec
1022 2342 1229 2411 aliquid
1256 2342 1550 2410 scripsisse
1575 2352 1657 2397 te-
1756 2364 1881 2403 cum
1935 2363 1967 2403 e
2012 2350 2290 2403 contrario
2336 2349 2558 2403 adducit
2592 2348 2855 2413 Dallteus,
2906 2365 3074 2403 unum
3117 2350 3341 2419 quidem

89 2442 258 2496 statur,
290 2447 415 2486 cum
455 2442 641 2487 tamen
694 2448 757 2487 ca
795 2433 981 2487 omnia
1025 2433 1078 2486 in
1120 2433 1348 2503 epistola
1394 2433 1659 2490 Barnabte
1756 2438 2051 2504 Parkcrus,
2084 2439 2178 2493 sed
2212 2438 2612 2494 iniclicissime.
2645 2438 2781 2493 Nam
2816 2441 2989 2509 inquit
3018 2457 3031 2492 :
3062 2440 3194 2495 Cum
3218 2439 3342 2494 Cle-

90 2525 316 2578 altribttla
364 2534 631 2588 exstent,
670 2540 771 2578 nec
816 2525 883 2579 ad
938 2525 1408 2595 apopbtbegmata
1464 2527 1655 2582 referri
1758 2539 1980 2583 utentem
2002 2531 2451 2596 citat,utiturhac
2474 2546 2615 2597 voce,
2642 2532 2880 2600 scripsit.
2911 2531 3015 2585 Sed
3042 2532 3343 2601 quomodo,

93 2626 311 2682 possunt.
346 2614 441 2669 Sic
469 2614 694 2669 Veteres
728 2630 925 2669 omnes
948 2615 1114 2669 locuti
1142 2627 1291 2670 sunt.
1328 2619 1386 2669 ln
1404 2618 1655 2672 eumdem
1756 2638 1969 2691 quaso,
2000 2624 2212 2677 utitur?
2242 2622 2415 2677 Verba
2441 2624 2562 2692 ejus
2589 2633 2718 2677 sunt
2745 2624 2841 2679 lib.
2870 2641 2926 2677 III
2949 2640 3102 2694 ,cap.
3127 2626 3161 2679 5
3194 2642 3206 2677 :
3233 2625 3345 2679 Sub

94 2708 281 2761 modum
315 2708 544 2775 scripsit
586 2706 883 2772 Eusebius,
923 2707 976 2761 in
1004 2723 1170 2777 quem
1217 2709 1516 2778 scripserat
1547 2711 1657 2765 lre-
1757 2715 1853 2767 hoc
1893 2715 2059 2784 igitur
2092 2715 2357 2769 Clemente
2388 2718 2602 2785 scripsit
2635 2732 2753 2786 qua:
2785 2727 2861 2769 est
2897 2716 3077 2771 Romae
3105 2716 3343 2771 Ecclesia

94 2814 234 2851 naeus.
265 2797 359 2852 llic
392 2816 406 2850 :
443 2798 685 2853 Meminit
710 2799 1059 2868 epistolarum
1084 2798 1288 2871 Ignatii
1319 2799 1555 2857 Irena’us
1577 2804 1656 2856 ita
1754 2806 2151 2874 potentissimas
2186 2806 2397 2858 litteras
2433 2795 2745 2859 Corinthiis.
2774 2803 2931 2857 Nulla
2961 2805 3048 2858 hic
3074 2809 3343 2858 sententLa

93 2890 259 2955 dicens,
300 2890 350 2943 id
384 2898 475 2945 est
565 2890 837 2955 scribens;
883 2891 974 2946 ille
1013 2911 1025 2945 :
1069 2892 1303 2956 Quidam
1350 2894 1415 2947 de
1454 2896 1652 2948 nostris
1754 2898 1979 2962 citatur,
2009 2895 2213 2950 nullius
2246 2896 2491 2950 auctoris
2539 2896 2912 2950 testimonium
2948 2914 3020 2950 ex
3053 2897 3174 2966 ejus
3202 2898 3344 2950 scri-

93 2980 223 3044 dixit,
255 2981 302 3034 id
334 2992 417 3035 cst
470 2981 708 3049 scripsit.
741 2980 892 3035 Adeo
930 2982 1057 3037 huic
1090 2984 1276 3051 phrasi
1303 2983 1553 3039 addictus
1570 2993 1655 3039 est
1755 2989 1862 3058 ptis
1887 2988 2197 3053 adducitur,
2226 3006 2293 3043 ne
2314 2989 2568 3043 Clemens
2602 2990 2823 3058 quidem
2857 2998 3115 3057 tanquam
3149 2998 3342 3042 auctor

95 3076 319 3135 Lentus,
357 3081 415 3124 ut
454 3071 799 3140 Scripturam
833 3071 1006 3136 ipsam
1040 3073 1214 3125 dicere
1262 3073 1493 3128 scribat.
1526 3074 1645 3128 Lib.
1676 3125 1717 3149 η
1755 3082 2074 3145 advocatur,
2104 3090 2316 3134 tantum
2344 3081 2448 3134 sub
2472 3082 2750 3136 Clemente
2781 3081 2981 3149 scripta
3021 3079 3192 3133 fuisse
3220 3080 3340 3147 epi-

96 3179 141 3221 n.
168 3180 274 3232 cap.
300 3164 374 3216 Ξῖ
420 3163 491 3216 Et
517 3163 603 3216 hic
629 3180 752 3234 ergo
788 3180 820 3217 a
860 3163 1027 3217 Verbo
1051 3165 1167 3233 ejus
1200 3165 1375 3234 factus
1402 3180 1503 3231 est,
1542 3169 1649 3221 sic-
1677 3163 1719 3182 ν
1752 3174 1892 3228 stola
1929 3174 2153 3239 dicitur,
2189 3172 2333 3242 quod
2368 3172 2436 3225 ad
2471 3189 2583 3226 rem
2619 3172 2779 3227 nihil.
2816 3171 3043 3225 Frustra
3071 3171 3340 3241 igiturob-

96 3266 136 3304 ut
176 3253 439 3323 Scriptura
487 3254 743 3309 Geneseos
783 3256 935 3310 dicit.
971 3255 1037 3310 Et
1082 3257 1150 3310 de
1183 3256 1396 3312 llerma:
1425 3258 1650 3315 Pastore
1744 3263 1935 3332 jicitur
1972 3266 2234 3318 Irenaeum
2288 3265 2507 3332 quidem
2571 3266 2760 3320 testari
2818 3266 3144 3319 sententiam
3198 3264 3344 3318 hanc

96 3346 287 3414 loquens
306 3349 399 3402 lib.
428 3364 509 3406 tv.
537 3364 657 3416 cap.
684 3348 752 3401 57
779 3366 791 3401 :
818 3347 957 3401 Brne
978 3365 1101 3417 ergo
1123 3351 1482 3417 pronuntiarit
1503 3349 1649 3409 Scri-
1750 3356 2021 3425 lgnatium
2064 3358 2297 3421 dixisse,
2337 3374 2447 3411 non
2496 3369 2676 3411 autem
2716 3358 3017 3426 scripsisse,
3063 3372 3187 3410 cum
3248 3356 3339 3409 ille

96 3447 220 3501 plura
236 3456 347 3508 qua:
364 3440 535 3492 dicit:
558 3458 576 3489 ι
606 3438 791 3492 Primo
806 3442 1041 3492 omnium
1058 3441 1209 3493 crede
1240 3441 1489 3499 quoniam
1511 3458 1647 3496 unus
1751 3462 2033 3516 nunquam
2070 3449 2229 3502 aliter
2264 3449 2520 3517 loquatur
2543 3448 2761 3517 quoties
2786 3448 2947 3503 verba
2972 3446 3157 3515 aliqua
3182 3461 3212 3499 e
3237 3444 3341 3499 Ve-

97 3539 155 3579 est
184 3530 328 3585 Deus.
366 3551 384 3583 ι
414 3532 653 3598 Quoties
684 3532 1013 3585 sententiam
1045 3532 1425 3601 cujuscunque
1455 3542 1643 3587 aucto.
1750 3546 1927 3592 terum
1960 3540 2115 3594 libris
2138 3540 2289 3594 citet.
2328 3540 2585 3593 Eamdem
2616 3540 2782 3608 igitur
2814 3538 2921 3591 vim
2954 3538 3005 3590 in
3050 3535 3341 3592 sententiis

100 3620 156 3675 iis
181 3623 437 3689 producit,
474 3637 588 3676 non
629 3639 755 3676 eum
797 3624 1113 3691 scripsisse,
1170 3624 1264 3678 sed
1314 3626 1513 3679 dixisse
1546 3626 1643 3681 ait.
1750 3629 2005 3686 Veterum
2059 3631 2355 3686 recitandis
2411 3632 2609 3685 habere
2663 3631 2823 3685 debet
2876 3632 3019 3699 apud
3075 3630 3339 3682 [renatum

97 3712 155 3763 ita
184 3716 240 3767 de
267 3715 673 3783 antiquissimis
701 3715 875 3783 poetis
913 3716 1191 3784 loquitur:
1212 3716 1347 3780 Qua:
1380 3716 1645 3772 Hesiodus
1747 3724 1911 3787 dixit,
1946 3739 2111 3793 quam
2133 3724 2298 3777 habet
2322 3722 2465 3791 apud
2496 3723 2655 3787 alios,
2682 3722 3003 3791 plerumque
3024 3720 3184 3785 dixit,
3212 3736 3343 3773 non-

98 3804 155 3854 ait
174 3805 228 3858 de
248 3805 518 3861 Pandam.
546 3806 623 3861 De
656 3809 843 3877 quibus
872 3806 1137 3861 Homerus
1165 3818 1319 3877 poeta
1352 3811 1492 3863 dixit
1521 3828 1541 3866 :
1750 3829 2031 3884 nunquam
2079 3815 2317 3884 scripsit.
2371 3813 2438 3867 Ut
2486 3815 2669 3869 dicere
2719 3828 2827 3866 non
2884 3826 3169 3866 vereamur
3213 3826 3339 3865 eum

150 3898 225 3963 Ὡς
252 3900 315 3952 δὲ
346 3901 469 3954 θεοὶ
508 3902 627 3968 πὰρ
661 3900 805 3967 Ζηνὶ
842 3900 1162 3969 καθήμενοι
1202 3901 1559 3970 ἠγορόωντο,

1844 3910 1950 3963 lato
1983 3924 1996 3959 :
2036 3906 2170 3973 Qua:
2202 3909 2335 3961 citat
2390 3924 2511 3960 cum
2558 3906 2778 3960 totidem
2813 3907 2978 3959 verbis
3024 3906 3077 3959 in
3110 3903 3339 3974 cpistola

99 3990 783 4045 «‘lrursuszAccusabiteos
816 3989 1100 4059 Homerus,
1129 3994 1643 4064 propriusipsorum
1746 4003 1817 4055 ad
1867 4000 2134 4054 Romanos
2188 3997 2481 4068 Ignaliana
2520 3999 2785 4067 lcgantur,
2823 3997 3074 4065 frivolum
3124 4005 3173 4049 et
3225 3998 3330 4049 iue-

100 4088 239 4147 Poeta,
269 4083 375 4151 ipso
404 4086 616 4138 dicente
644 4084 755 4138 haec
789 4099 809 4137 :
842 4078 845 4081 ⁷

1848 4113 1895 4147 m
1928 4104 2039 4159 est,
2073 4111 2135 4148 ea
2171 4095 2389 4151 aliunde
2435 4111 2596 4164 quam
2637 4110 2702 4147 ea:
2744 4093 2844 4146 hac
2880 4090 3123 4163 Epistula
3175 4093 3343 4145 citata

150 4170 363 4243 Ἐχθρὸς
396 4176 510 4246 γάρ
537 4194 640 4245 μοι
674 4177 937 4243 κεῖνος...

674 4177 887 4243 κεῖνος.
900 4217 937 4234 ..
1745 4203 1858 4241 esse
1883 4185 2167 4239 hariolari.

102 4262 263 4319 Eodem
296 4270 459 4323 modo
492 4269 561 4322 dc
597 4269 962 4339 philosophis,
1000 4268 1069 4324 de
1121 4270 1474 4341 Anaxagora,
1512 4270 1597 4325 En

1844 4278 1903 4331 Ile
1954 4287 2134 4331 tamen
2178 4278 2360 4331 adhuc
2415 4276 2633 4330 aliunde
2690 4276 2808 4328 vult
2856 4276 2970 4329 lucc
3012 4274 3203 4343 lgnatii
3238 4274 3339 4326 ha-

104 4357 305 4425 prdocle,
340 4358 681 4427 Democrito,
707 4360 936 4415 Platone
964 4362 1228 4431 loquitur,
1262 4380 1388 4419 cum
1435 4380 1543 4419 non
1578 4367 1642 4421 ad
1747 4368 1935 4422 buisse
1961 4368 2246 4430 lrcnamm,
2284 4383 2499 4437 nempe,
2522 4384 2587 4421 ex
2616 4366 3342 4436 apophthcgmatibus,qua:

102 4466 255 4504 eorum
282 4454 422 4507 dicta
454 4454 573 4509 sive
597 4454 1062 4524 apophthcgmata
1089 4497 1104 4522 ,
1138 4457 1233 4512 sed
1267 4458 1500 4527 scriptas
1527 4474 1649 4512 sen-
1679 4474 1723 4530 [ι
1750 4460 1834 4513 vel
1864 4476 1894 4513 a
1924 4458 2250 4529 Polycarpo,
2278 4459 2360 4511 vel
2390 4474 2458 4511 ex
2494 4458 2628 4527 ipsis
2657 4456 2903 4525 martyrii
2938 4455 3092 4508 Actis
3125 4453 3339 4507 discere

106 4542 264 4596 tentias
288 4546 527 4616 respicit.
544 4545 756 4601 Pariter
780 4549 1075 4616 prophetas
1096 4556 1149 4602 ct
1173 4549 1458 4618 apostolos
1475 4551 1638 4606 citat:
1751 4552 1946 4621 potuit.
1974 4551 2248 4620 Epistolas
2283 4550 2473 4620 lgnatii
2510 4550 2709 4618 ubique
2743 4548 2997 4615 legimus,
3031 4544 3338 4613 apopbthc-

108 4630 286 4703 Propter
320 4638 413 4691 hoc
454 4648 506 4693 et
550 4637 756 4692 Paulus
782 4640 1057 4707 apostolus
1095 4642 1172 4693 ait
1215 4642 1284 4693 ad
1316 4641 1641 4706 Corinthios,
1746 4654 1930 4714 gmata
1965 4660 2258 4713 nusquam.
2302 4642 2467 4695 Solus
2510 4640 2817 4699 Maximus.
2871 4639 2965 4693 tali
3013 4646 3340 4706 argumento

106 4736 145 4775 ct
167 4730 273 4783 alibi
305 4749 318 4783 :
356 4731 574 4785 Dicebat
615 4732 687 4785 ad
730 4731 1056 4787 Corinthios.
1102 4733 1243 4787 Bene
1274 4734 1329 4787 in
1368 4735 1645 4803 prophetia
1748 4750 1992 4803 pressus,
2031 4736 2179 4803 quali
2233 4749 2381 4787 nunc
2427 4719 2696 4802 premitur
2752 4729 3339 4799 Dall:eus,apopbthe-

112 4818 357 4876 Malachias
380 4825 499 4877 ait:
527 4823 683 4878 Tales
706 4826 1038 4895 presbyteros
1080 4828 1250 4879 nutrit
1278 4825 1540 4890 Ecclesia,
1581 4826 1644 4878 de
1746 4836 1930 4895 gmata
1984 4826 2301 4879 somniavit.
2352 4825 2397 4878 A
2444 4822 2745 4894 Polycarpo
2782 4823 3044 4877 collectas
3075 4820 3341 4890 epistolas

108 4912 252 4975 quibus
276 4924 323 4967 et
366 4917 626 4986 propheta
676 4918 752 4969 ait
781 4933 799 4969 .'
828 4915 898 4969 Et
945 4917 1083 4970 dabo
1127 4919 1392 4987 principes
1437 4928 1553 4970 tuos
1589 4919 1645 4971 in
1748 4916 1981 4981 scimus,
2016 4916 2207 4970 abillo
2233 4917 2595 4971 disseminata
2630 4915 3087 4985 apophthegmata
3122 4914 3341 4981 ignora-

107 5019 203 5067 pace
221 5017 265 5061 et
289 5010 559 5077 episcopos
596 5010 791 5062 tuosin
810 5009 1053 5076 justitia.
1089 5008 1293 5063 Eodem
1327 5010 1494 5065 etiam
1522 5027 1644 5065 mo-
1749 5027 1906 5065 mus:
1971 5010 2024 5063 in
2084 5009 2327 5078 Epistula
2390 5027 2418 5062 a
2466 5006 2770 5080 Pulycarpo
2816 5008 2965 5063 edita
3009 5006 3338 5061 sententiam

108 5094 176 5157 do,
200 5102 399 5166 quoties
423 5102 667 5171 aliquam
689 5102 1021 5157 sententiam
1050 5102 1646 5158 abecclesiasticoxiro
1749 5105 1947 5174 ipsam,
2002 5120 2167 5173 quam
2230 5105 2472 5158 laudavit
2520 5103 2781 5169 Irenzcus,
2839 5103 3183 5163 invenimus;
3224 5114 3333 5152 non

105 5189 317 5259 scriptam
361 5195 569 5261 laudat,
602 5210 821 5264 semper
869 5196 1116 5265 loquitur
1155 5213 1170 5249 :
1213 5196 1410 5259 Καλῶς
1441 5198 1471 5250 ὁ
1516 5197 1647 5248 ’1ου-
1748 5213 1888 5266 Opus
1908 5207 1995 5251 est
2019 5196 2085 5250 ad
2107 5196 2310 5251 famam
2346 5212 2794 5262 rccurrere,cum
2827 5195 2880 5248 in
2909 5193 3129 5261 scriptis
3158 5201 3337 5246 tenea-

110 5280 246 5343 ετῖνος
275 5283 395 5355 ἔφη,
430 5284 572 5339 Bene
614 5283 862 5339 Justinus
901 5287 1061 5352 dixit,
1097 5288 1349 5357 quoniam
1382 5298 1503 5341 ante
1536 5287 1647 5341 Do-
1714 5307 1902 5355 -mus;
1955 5304 2008 5344 et
2059 5292 2561 5360 quomodocunque
2608 5299 2795 5359 postea
2853 5294 3113 5353 usurpata
3150 5284 3243 5350 sit,
3268 5298 3336 5339 ex

110 5372 208 5424 mini
237 5377 508 5431 adverntum
542 5395 809 5448 nunquam
831 5395 994 5433 ausus
1026 5389 1105 5433 est
1142 5379 1373 5434 Satanas
1408 5380 1648 5450 blasphe-
1746 5383 1979 5451 epistola
2007 5383 2263 5437 haustam
2293 5399 2401 5437 non
2435 5384 2774 5437 dubitemus.
2802 5378 2959 5432 Nulla
2990 5386 3120 5431 sunt
3142 5376 3335 5447 lgnatii

112 5478 224 5517 mare
268 5466 460 5533 Deum,
507 5472 737 5524 nondum
778 5473 947 5526 sciens
1006 5488 1161 5527 suam
1225 5474 1642 5528 damnationem.
1746 5476 2209 5544 apopbtbcgmata
2236 5492 2361 5545 quae
2386 5475 2648 5544 epistolas
2677 5480 3073 5541 praecesserunt
3103 5489 3116 5524 :
3150 5472 3193 5525 si
3225 5486 3335 5541 qua

112 5552 220 5608 Alibi
247 5575 259 5610 :
287 5558 349 5613 Et
376 5561 501 5615 bene
520 5561 769 5617 Justinus
802 5564 858 5616 in
889 5581 949 5618 eo
986 5564 1123 5617 libro
1153 5568 1244 5635 qui
1276 5576 1355 5619 est
1390 5565 1460 5617 ad
1497 5565 1645 5619 Mar-
1748 5566 1951 5621 fuerint
2002 5576 2187 5637 postea
2246 5568 2559 5631 demntata,
2620 5582 2689 5621 ex
2751 5564 2999 5633 epistolis
3043 5565 3331 5632 desumpta
3388 5608 3391 5609 ν

114 5648 271 5701 tionem
302 5654 394 5706 ait.
455 5652 639 5724 Neque
662 5656 854 5710 dubito
897 5658 1031 5725 quin
1069 5655 1271 5711 Justini
1322 5656 1641 5727 Apologiam
1757 5658 1927 5714 fuisse
1977 5669 2030 5712 ct
2070 5659 2229 5713 facile
2278 5659 2593 5729 intelligitur
2645 5666 2700 5711 ct
2756 5657 2892 5712 satis
2941 5666 3092 5712 certo
3130 5669 3331 5723 οοᾳιιυι

116 5734 155 5789 in
176 5741 335 5799 animo
358 5745 630 5815 habuerit,
665 5764 787 5804 cum
823 5750 929 5806 ista
958 5750 1023 5806 de
1056 5749 1279 5806 Simone
1311 5750 1465 5821 Mago
1507 5753 1641 5809 scri~
1749 5755 1936 5810 scitur.
1961 5753 2033 5808 Es
2067 5753 2286 5810 Usscrio
2316 5753 2533 5818 quidem
2570 5753 2801 5807 Dallmus
2831 5762 2883 5807 ct
2917 5751 3327 5815 Hieronymum,
