3786 6298
378 255 481 308 155

1385 255 1444 310 S.
1481 253 1828 311 leATlUS.
1868 285 1937 297 ——-
1974 250 2513 311 PBOLEGOMENA.

3542 228 3653 285 I56

379 379 433 423 et
468 368 597 424 Acta
647 369 813 424 etiam
856 370 1036 440 aliqua
1075 370 1321 441 martyrii
1355 388 1468 426 suae
1494 374 1737 442 opinioni
1786 371 1964 426 favere
1993 387 2039 442 Α
2068 387 2191 425 cum
2228 370 2441 424 Balline
2475 366 2657 421 adhuc
2689 362 2997 419 simultates
3038 362 3380 415 exercuerat,
3414 350 3662 417 ideoque

381 461 677 528 intellexit;
720 464 815 517 sed
865 481 963 518 nec
1001 465 1085 516 illa
1114 464 1179 516 ad
1216 465 1357 518 hanc
1390 480 1503 517 rem
1548 466 1847 534 quidquam
1879 464 1960 518 fa-

377 555 557 608 ciunt.
620 554 819 611 Fateor
880 558 1132 626 equidem
1194 556 1587 627 Hieronymum
1650 558 1959 627 scripsisse,

378 646 549 701 verba
578 662 702 715 qua:
748 649 890 717 apud
944 651 1207 706 lrenteum
1257 658 1477 703 exstant
1508 648 1775 719 lgnatium
1804 650 1960 703 locu-

377 750 495 795 tum
525 739 720 807 fuisse,
748 760 867 796 cum
900 747 1163 814 rugientes
1206 744 1416 798 audiret
1446 742 1639 807 leones,
1680 752 1740 796 ut
1772 742 1827 795 in
1862 742 1963 795 ali-

377 830 586 898 quibus
636 833 916 888 codicibus
962 834 1216 905 legimus.
1256 831 1391 887 Nam
1427 833 1481 885 in
1512 832 1635 886 aliis
1670 830 1808 886 illud
1842 847 1961 885 cum

377 938 444 978 eo
494 925 615 980 loco
668 942 777 981 non
808 935 1053 997 apparet.
1087 926 1322 996 Cumque
1354 925 1473 994 jam
1508 926 1794 979 danmatus
1830 932 1963 978 esset

382 1017 453 1070 ad
490 1017 705 1084 bestias,
734 1030 783 1071 et
806 1020 997 1072 ardore
1038 1018 1279 1089 patiendi
1319 1017 1579 1087 rugientes
1616 1017 1825 1069 audiret
1858 1014 1965 1069 leo-

385 1126 499 1187 nes,
546 1112 645 1166 ait.
677 1111 753 1165 Ex
802 1113 883 1166 his
923 1113 1068 1166 enim
1128 1127 1236 1166 non
1296 1123 1405 1167 tam
1457 1112 1743 1183 perspicue
1787 1110 1966 1165 Roma:

381 1216 509 1271 eum
562 1203 678 1259 haec
731 1204 959 1271 dixisse,
1003 1220 1069 1259 ac
1116 1205 1172 1257 in
1213 1221 1268 1259 re
1301 1205 1572 1275 prcesenti,
1623 1212 1679 1257 et
1716 1203 1870 1273 quasi
1910 1203 1966 1256 in

384 1309 547 1347 arena
590 1295 709 1363 ipsa
730 1309 797 1348 ex
828 1304 1009 1349 mente
1038 1293 1357 1365 Hieronymi
1382 1303 1626 1365 apparet.
1647 1293 1809 1350 Certe
1834 1294 1966 1349 illud

384 1396 436 1439 et
467 1387 611 1456 quod
654 1387 710 1441 in
755 1386 1035 1443 Breviario
1081 1387 1330 1443 Romano
1373 1388 1663 1458 reperitur,
1695 1395 1750 1442 et
1780 1385 1964 1442 Graeca

386 1476 686 1547 Sophronii
753 1481 1010 1536 versione
1085 1481 1466 1547 conﬁrmatur,
1520 1480 1689 1535 alium
1744 1495 1966 1535 sensum

385 1571 666 1641 postulare
720 1570 976 1639 videtur;
1012 1587 1188 1642 neque
1234 1574 1380 1628 enim
1422 1572 1631 1638 Romae,
1660 1573 1755 1628 sed
1777 1574 1970 1628 Antio-

386 1666 526 1719 chia:
581 1666 868 1718 damnatus
933 1676 1012 1721 est
1069 1666 1139 1719 ad
1196 1666 1430 1729 bestias;
1477 1666 1752 1736 rugientes
1786 1676 1966 1720 autem

2063 464 2115 517 in
2147 465 2249 518 hoc
2280 463 2400 531 ipso
2434 460 2571 513 libro
2605 458 2742 510 inter
2783 468 2999 509 cazteros
3043 457 3357 504 tractatores
3386 442 3599 496 librum
3628 457 3662 491 a

2063 554 2348 623 Pamphilo
2386 554 2587 607 editum
2636 549 2836 620 posuit,
2864 545 3007 617 quod
3040 560 3069 598 a
3115 539 3330 595 Bullino
3358 537 3437 591 ita
3474 534 3664 603 fuerat

2062 648 2425 717 divulgatum;
2456 660 2556 699 nec
2591 641 2838 697 Bullinus
2864 639 2979 707 ipse
3011 636 3200 702 aliqua
3225 631 3333 685 alia
3362 639 3503 683 tunc
3527 640 3670 680 con-

2064 741 2381 811 scripserat,
2415 752 2538 808 quae
2564 736 2633 790 ab
2673 733 3007 801 Hieronymo
3043 721 3338 781 memorari
3374 726 3667 792 poterant.

2064 809 2433 903 Hieronymus
2482 828 2649 899 igitur
2701 841 2730 878 a
2774 823 2994 878 nemine
3024 820 3286 887 deceptus
3332 828 3443 868 suo
3482 809 3671 863 Marte

2066 927 2157 981 illa
2181 922 2506 979 Eusebianis
2527 918 2755 975 addidit.
2782 916 2985 970 Eodem
3014 912 3177 967 etiam
3203 907 3371 963 modo
3394 906 3453 959 in
3485 906 3672 958 altero

2064 1016 2354 1088 Apollonio
2411 1010 2771 1069 describendo
2830 1014 3085 1062 versatus
3148 1009 3252 1057 est.
3309 996 3673 1067 Apollonius,

2068 1108 2264 1177 inquit,
2286 1108 2363 1161 vir
2382 1103 2788 1166 disertissimus,
2803 1099 3017 1169 scripsit
3043 1096 3293 1150 adversus
3312 1090 3674 1151 Montanum,

2071 1201 2383 1257 Priscillam
2433 1208 2483 1252 et
2541 1194 2905 1250 Maximillam
2952 1190 3155 1260 insigne
3180 1197 3230 1241 et
3252 1186 3481 1255 longum
3514 1179 3675 1234 volu-

2068 1311 2204 1356 men,
2226 1294 2279 1345 in
2301 1308 2403 1361 quo
2426 1288 2615 1348 asserit
2635 1286 2947 1340 Montanum
2968 1291 3018 1335 et
3045 1281 3260 1334 insanus
3274 1286 3429 1332 vates
3446 1271 3680 1341 periisse

2067 1384 2385 1454 suspendio;
2437 1380 2505 1433 de
2578 1375 2875 1447 suspendio
2933 1373 3080 1428 enim
3132 1366 3381 1426 Montani
3448 1366 3683 1454 locutus

2069 1452 2289 1546 quidem
2346 1480 2429 1528 est
2478 1469 2770 1534 Eusebius,
2797 1465 2893 1522 sed
2922 1465 3045 1534 ejus
3084 1459 3466 1518 narrationem
3515 1452 3684 1508 alteri

2070 1569 2231 1638 plane
2257 1563 2538 1636 scriptori,
2573 1570 2627 1617 et
2655 1559 2875 1630 quidem
2904 1571 3179 1627 anonymo
3219 1550 3442 1612 tribuit,
3479 1548 3594 1602 lib.
3630 1562 3684 1611 ν,

2071 1678 2194 1731 cap.
2228 1661 2316 1726 16,
2354 1675 2386 1714 a
2425 1673 2540 1729 quo
2570 1657 2706 1712 satis
2760 1663 2947 1724 aperte
2974 1650 3323 1721 Apollonium
3375 1641 3692 1711 distinguit

388 1739 579 1811 leones
633 1766 746 1835 tam
800 1758 1049 1828 Smyrna:
1104 1774 1269 1827 quam
1328 1756 1517 1812 Romae
1547 1735 1737 1812 audire
1760 1758 1969 1827 potuit;
2005 1763 2045 1816 Β
2074 1769 2195 1824 cap.
2223 1752 2311 1807 18.
2362 1750 2643 1811 Eusebius
2673 1745 3023 1817 Apollonium
3054 1737 3522 1835 scripsisse‘dicit
3555 1735 3691 1835 iam

390 1862 492 1901 nec
533 1864 640 1902 rem
668 1858 979 1917 prwsentent
1008 1848 1309 1919 intelligere
1354 1850 1571 1903 videtur
1605 1848 1971 1919 Sophronius,

388 1943 485 2012 qui
537 1943 782 1997 dentibus
830 1942 1116 1996 bestiarum
1154 1941 1343 2005 molor,
1377 1940 1611 2012 εὔχομαι
1640 1944 1752 2005 τοῖς
1795 1940 1973 1995 ὀδοῦσι

386 2039 495 2092 τῶν
561 2039 764 2111 Θηρίων
831 2039 1136 2109 ἀλησοῆναι
1196 2040 1496 2094 transtulit.
1561 2022 1667 2093 Sed
1734 2050 1972 2092 mentem

389 2129 707 2203 Hieronymi
740 2133 793 2185 in
829 2132 934 2187 hac
964 2148 1023 2186 re
1048 2148 1155 2187 non
1188 2148 1413 2197 moror;
1450 2132 1581 2201 quid
1624 2132 1728 2186 iste
1764 2146 1860 2200 per
1883 2131 1975 2185 illa

389 2224 556 2278 verba
591 2224 824 2280 voluerit
873 2240 1067 2293 parum
1120 2224 1307 2287 refert,
1337 2240 1459 2294 qua:
1486 2224 1557 2278 ab
1602 2238 1669 2279 eo
1716 2222 1836 2277 sine
1865 2224 1975 2277 ulla

389 2317 715 2372 auctoritate
765 2318 913 2373 dicta
971 2329 1121 2373 sunt.
1160 2316 1357 2372 Omnia
1404 2332 1525 2388 quae
1570 2316 1639 2371 de
1680 2314 1976 2387 lgnatianis

392 2409 557 2463 habet
611 2410 664 2463 in
714 2409 994 2480 Catalogo,
1023 2426 1090 2465 ex
1144 2409 1379 2464 Eusebio
1425 2409 1660 2478 sumpsit
1709 2424 1725 2462 :
1768 2423 1834 2463 ex
1885 2408 1977 2461 illo

392 2502 742 2570 transcripsit
773 2502 1099 2556 sententiam
1134 2503 1279 2558 hanc
1304 2503 1374 2556 ab
1405 2500 1610 2556 lrenteo
1668 2501 1972 2556 laudatam.

393 2593 537 2649 Nihil
565 2596 669 2649 tale
690 2594 986 2659 Eusebius,
1022 2596 1157 2650 nihil
1188 2598 1429 2650 lrenmus
1452 2614 1467 2649 :
1492 2595 1559 2651 de
1582 2610 1684 2650 suo
1703 2594 1796 2648 illa
1812 2594 1974 2649 verba

391 2704 515 2757 qua:
562 2698 780 2757 tempus
836 2689 1099 2744 denotare
1169 2689 1454 2743 videantur
1487 2697 1583 2743 aut
1611 2688 1848 2750 incaute,
1884 2697 1978 2741 aut

394 2781 669 2835 rhetorice
720 2782 961 2847 addidit;
993 2791 1160 2852 atque
1197 2782 1269 2836 ita
1312 2796 1437 2850 quae
1458 2781 1527 2834 ab
1558 2779 1795 2834 Eusebio
1822 2794 1977 2834 acce-

394 2881 551 2941 perat
608 2873 792 2929 minus
845 2882 993 2929 recte
1043 2874 1289 2939 tradidit;
1322 2874 1467 2943 quod
1498 2873 1546 2927 ei
1581 2873 1635 2929 in
1670 2873 1773 2926 hoc
1813 2886 1978 2941 opere

393 2966 640 3020 solemne
678 2976 782 3020 est.
817 2965 894 3021 De
936 2967 1227 3036 Apollonio
1257 2982 1425 3034 agens
1459 2966 1617 3033 cujus
1649 2965 1974 3035 martyrium

392 3056 757 3127 descripserat
781 3057 1071 3123 Eusebius,
1093 3075 1219 3114 eum
1250 3060 1318 3112 de
1347 3074 1451 3113 suo
1482 3066 1791 3112 senatorem
1823 3055 1975 3121 facit,

394 3150 699 3221 insigncilli
723 3153 981 3207 volumen
1020 3152 1541 3220 attribuit,eumque
1577 3150 1633 3205 in
1663 3148 1984 3219 Catalogum

395 3248 730 3316 scriptorum
772 3245 1275 3301 ecclesiasticorum
1334 3242 1520 3308 refert,
1559 3243 1670 3297 imo
1706 3241 1849 3295 inter
1890 3255 1987 3295 eos

395 3338 616 3392 tandem
670 3344 924 3393 numerat
967 3337 1129 3406 epist.
1168 3335 1263 3399 84,
1318 3335 1493 3405 quiin
1525 3342 1732 3387 tantum
1756 3332 1988 3403 philoso-

394 3428 619 3496 phorum
661 3429 924 3482 doctrinis
969 3437 1126 3497 atque
1185 3427 1461 3481 sententiis
1524 3443 1649 3480 suos
1700 3426 1985 3495 relerciunt

392 3520 582 3588 libros,
633 3531 691 3574 ut
739 3521 944 3575 nescias
980 3518 1108 3590 quid
1163 3520 1217 3573 in
1272 3518 1385 3572 illis
1437 3520 1667 3587 primum
1723 3518 1989 3571 admirari

392 3614 603 3681 debeas,
632 3615 986 3668 eruditionem
1036 3613 1242 3678 steculi,
1291 3629 1361 3666 an
1413 3612 1693 3665 scientiam
1742 3609 1984 3679 Scriptu-

396 3723 602 3760 rarum.
631 3705 754 3759 Haec
776 3705 1142 3778 Hieronymus
1170 3705 1395 3774 proprio
1424 3704 1646 3773 ingenio
1667 3719 1731 3758 ex
1751 3701 1986 3757 Eusebio

395 3798 611 3853 extudit
648 3807 703 3852 et
726 3799 1094 3869 exaggeravit.
1126 3796 1315 3865 Neque
1360 3797 1510 3850 enim
1554 3794 1866 3850 audiendus
1893 3792 1987 3848 Jo-

397 3892 605 3959 sephus
639 3891 903 3959 Scaliger,
945 3890 1038 3960 qui
1072 3905 1198 3943 eum
1246 3905 1371 3944 cum
1424 3888 1517 3942 illa
1566 3888 1851 3952 scriberet,
1885 3903 1988 3940 non

402 3980 649 4037 Gnarum
687 3982 904 4036 Eusebii
929 3981 1221 4050 exemplar,
1260 3982 1350 4035 sed
1382 3981 1572 4050 Ru/ﬁni
1596 3981 1989 4050 interpretatio-

400 4089 517 4126 nem
564 4073 814 4125 Latinam
866 4074 919 4127 in
974 4073 1231 4127 manibus
1288 4072 1544 4127 habuisse
1605 4068 1840 4138 asserit;
1895 4080 1990 4126 aut

407 4163 675 4220 Henricus
741 4164 1011 4228 Valesius.
1055 4166 1148 4233 qui
1195 4181 1322 4219 cum
1377 4165 1493 4218 inec
1548 4164 1661 4218 sine
1708 4164 1870 4217 dubio
1924 4179 1990 4217 ea:

401 4274 568 4328 prava
616 4256 804 4326 [lu/ﬁni
848 4257 1285 4326 interpretatione
1338 4257 1589 4311 hausisse
1635 4256 1817 4310 tradit.
1873 4254 1990 4311 Hoc

398 4350 549 4404 ettim
593 4349 708 4403 lieri
743 4348 893 4403 nullo
934 4348 1099 4401 modo
1129 4349 1328 4418 potuit,
1364 4365 1489 4403 cum
1526 4356 1604 4402 tot
1638 4349 1798 4404 annis
1820 4348 1986 4403 Cala-

399 4425 583 4511 legum
618 4438 901 4509 scripserit
929 4436 1324 4510 Hieronymus,
1363 4448 1658 4509 antequam
1690 4439 1984 4493 Eusebium
2023 4451 2065 4505 ι)

400 4536 631 4589 verterit
680 4534 949 4590 Bullinus.
984 4532 1219 4603 Scripsit
1264 4534 1382 4589 hmc
1429 4532 1797 4605 Hieronymus
1839 4548 1986 4587 anno

399 4626 693 4681 Theodosii
722 4626 937 4682 decimo
971 4635 1192 4695 quarto,
1235 4625 1339 4679 hoc
1367 4633 1470 4689 est,
1501 4623 1648 4678 circa
1679 4625 1747 4677 A.
1771 4624 1831 4676 Ι).
1858 4622 1985 4688 592,

401 4725 465 4771 ut
497 4718 611 4787 ipse
634 4718 688 4771 in
718 4719 823 4771 ﬁne
858 4717 1040 4787 operis
1066 4726 1298 4771 testatur
1338 4734 1350 4769 :
1388 4716 1668 4771 transtulit
1690 4714 1986 4769 Historiam

402 4812 623 4866 Eusebii
660 4810 906 4866 Bullinus
933 4822 1055 4880 post
1082 4810 1380 4866 Theodosii
1418 4824 1674 4872 mortem,
1707 4808 1819 4863 imo
1865 4815 1990 4876 post

399 4908 608 4975 direpta
638 4904 821 4958 Italia:
852 4905 1093 4957 claustra
1118 4904 1182 4956 ab
1206 4904 1422 4957 Alarico
1446 4904 1576 4957 duce
1600 4903 1911 4966 Gothorum,
1930 4911 1991 4954 ut

400 5001 519 5069 ipse
563 4999 617 5053 in
658 4997 977 5068 praefatione
1016 4997 1322 5066 profitetur.
1358 4997 1609 5050 Alaricus
1655 5006 1838 5050 autem
1882 4998 1991 5049 Ita-

400 5093 532 5147 liam
587 5106 699 5146 non
760 5090 986 5144 intravit
1024 5100 1151 5142 ante
1187 5087 1243 5141 A.
1287 5086 1345 5141 D.
1375 5088 1500 5142 400.
1535 5085 1671 5142 Octo
1716 5087 1881 5154 igitur
1920 5086 1990 5140 ad

400 5184 691 5239 minimum
748 5182 910 5236 annis
961 5179 1259 5235 Eusebium
1304 5178 1497 5233 Latine
1526 5179 1697 5234 edidit
1722 5177 1989 5243 Bullinus,

399 5287 692 5347 postquam
720 5275 1044 5343 Catalogum
1079 5288 1239 5328 suum
1271 5273 1570 5342 scripserat
1602 5270 1989 5341 Hieronymus.

402 5368 536 5423 Male
562 5369 724 5422 etiam
754 5366 1008 5422 Valesius
1037 5366 1274 5433 conjecit
1303 5363 1719 5434 Hieronymum,
1742 5364 1989 5417 eamdem

399 5461 473 5513 oh
505 5474 757 5531 causam,
783 5460 854 5513 ob
903 5473 1069 5527 quam
1121 5455 1394 5511 Eusebius
1432 5455 1686 5509 omiserat
1730 5452 1989 5519 Methodii

400 5549 623 5621 Origcni
663 5552 956 5620 iniquioris
990 5566 1179 5620 opera,
1216 5547 1488 5602 Bullinum
1520 5564 1758 5617 quocum
1794 5546 1990 5601 simul-

402 5653 543 5700 tates
565 5651 885 5697 cxcrcucrat
913 5644 968 5696 in
988 5642 1129 5696 libro
1148 5641 1223 5694 De
1246 5641 1595 5709 scriptoribus
1614 5639 1991 5693 ecclesiasticis

401 5738 471 5793 dc
502 5736 769 5793 industria
813 5734 1250 5807 prmtermisissc.
1284 5732 1419 5789 Nam
1448 5749 1546 5789 nec
1576 5743 1703 5789 tunc
1731 5733 1992 5790 temporis

2077 1846 2436 1918 σύγγραμμα.
2450 1841 2817 1913 Hieronymus
2848 1838 2983 1892 illud
3003 1835 3237 1906 appellat
3257 1832 3472 1901 insigne
3493 1838 3551 1883 et
3571 1827 3694 1880 lon-

2076 1955 2199 2009 gum
2236 1939 2497 2002 volumen,
2529 1950 2654 1991 cum
2697 1936 2833 2004 ipse,
2868 1931 3102 1992 scilicet,
3131 1928 3179 1983 ei
3210 1926 3535 1982 addidisset
3580 1932 3694 1974 tres

2076 2032 2216 2086 alios
2268 2031 2437 2085 libros
2468 2028 2538 2082 ab
2578 2040 2855 2096 anonymo
2893 2022 3255 2091 conscriptos.
3289 2018 3413 2072 lmo
3446 2025 3507 2071 et
3544 2016 3696 2068 idem

2076 2122 2336 2195 anonymi
2375 2118 2527 2190 Opus
2570 2116 2821 2172 Bhodoni
2865 2116 3032 2169 etiam
3064 2108 3334 2167 attribuit.
3365 2106 3695 2169 Miltiades,

2077 2215 2277 2286 inquit,
2311 2213 2464 2283 cujus
2508 2210 2728 2265 Rhodon
2779 2209 2833 2263 in
2877 2222 3029 2277 opere
3064 2220 3194 2269 suo,
3224 2199 3365 2271 quod
3419 2197 3696 2251 adversus

2078 2305 2417 2370 Montanum,
2462 2299 2772 2355 Priscillam
2823 2294 3290 2363 Maximillamque
3336 2288 3697 2357 composuit,

2078 2398 2407 2452 recordatur.
2454 2393 2592 2448 Cum
2638 2390 2728 2446 ille
2767 2390 2864 2460 qui
2915 2385 3172 2441 Miltiadis
3222 2380 3511 2445 meminit,
3545 2379 3700 2432 idem

2078 2491 2152 2545 sit
2187 2488 2281 2559 qui
2322 2486 2548 2542 tradidit
2594 2484 2919 2540 Montanum
2958 2488 3013 2534 et
3046 2474 3410 2532 Maximillam
3444 2486 3703 2541 suspen-

2079 2580 2173 2635 dio
2208 2580 2379 2633 vitam
2419 2578 2647 2632 liniisse.
2680 2573 2806 2628 Haec
2840 2570 3207 2640 Hieronymus
3243 2566 3436 2635 itaque
3478 2578 3559 2616 ex
3597 2576 3702 2615 suo

2081 2672 2309 2726 addidit.
2349 2668 2485 2723 Nam
2517 2668 2663 2738 quod
2699 2665 2933 2721 Gravius
2966 2678 3065 2732 pro
3107 2657 3354 2713 Rhodone
3391 2655 3705 2725 Apollina-

2081 2766 2219 2818 rium
2255 2764 2404 2836 legit,
2438 2777 2540 2817 nec
2566 2774 2808 2816 errorem
2841 2756 2999 2819 tollit,
3030 2769 3129 2809 nec
3173 2750 3533 2820 Hieronymo
3565 2764 3705 2801 con-

2078 2856 2248 2922 venit,
2299 2855 2393 2924 qui
2454 2853 2775 2909 Bhodonem
2836 2847 3188 2917 composuisse
3241 2844 3318 2898 ait
3372 2842 3698 2896 adversum

2081 2947 2448 3017 Catapltrygas
2504 2946 2707 3015 insigne
2750 2959 2900 3013 opus.
2935 2940 3004 2995 Ut
3051 2936 3261 3009 aliquid
3311 2936 3382 2991 de
3436 2946 3708 3005 tempore

2088 3052 2294 3104 notem,
2340 3040 2488 3110 quod
2539 3037 2795 3107 prazscnti
2831 3034 2911 3089 rei
2954 3032 3131 3103 magis
3168 3028 3459 3085 convenit.
3494 3026 3709 3081 Hiero-

2012 3104 2055 3161 (δ
2090 3149 2289 3207 nymus
2315 3104 2374 3186 in
2398 3104 2682 3201 Catalogo,
2712 3145 2764 3183 v.
2783 3129 3059 3189 Clemens,
3097 3123 3213 3178 haec
3246 3121 3418 3175 habet
3446 3139 3461 3174 :
3492 3119 3709 3174 Exstat

2088 3226 2385 3281 Alexandri
2433 3221 2927 3293 Hierosolymorum
2961 3216 3216 3289 episcopi,
3248 3212 3339 3283 qui
3371 3229 3508 3265 cum
3553 3210 3709 3264 Nar-

2090 3319 2229 3372 cisso
2258 3325 2443 3384 postea
2470 3316 2609 3369 rexit
2662 3313 2975 3376 Ecclesium,
3003 3306 3228 3378 epistola
3267 3320 3435 3369 super
3461 3305 3710 3356 ordina-

2092 3411 2235 3463 tione
2274 3407 2610 3477 Asclepiadis
2647 3404 2963 3475 confessoris
2989 3403 3057 3456 ad
3082 3399 3492 3457 Antiocltenses.
3526 3394 3710 3461 Quasi

2087 3501 2395 3555 Alexander
2449 3507 2542 3554 aut
2600 3495 3110 3567 Hierosolymorum
3164 3491 3471 3560 episcopus
3534 3486 3713 3541 fuerit

2090 3594 2409 3664 priusquam
2461 3607 2589 3647 cum
2640 3588 2899 3644 Narcisso
2957 3586 3258 3642 Ecclesium
3300 3589 3577 3651 regeret,
3616 3589 3714 3633 aut

2090 3683 2386 3753 Epistolam
2409 3693 2523 3736 tum
2553 3679 2975 3743 scriberet,cum
3013 3670 3549 3740 Hierosolymorum
3594 3668 3714 3737 epi-

2090 3791 2289 3845 scopus
2320 3783 2497 3839 esset;
2532 3787 2677 3835 eam,
2722 3770 2970 3839 inquam,
3015 3765 3325 3836 epistolam,
3380 3776 3573 3831 quam
3614 3775 3715 3828 per

2087 3870 2421 3925 Clementem
2453 3864 2881 3921 Alexandrinum
2916 3860 3133 3915 misisse
3169 3873 3228 3912 se
3254 3856 3579 3925 signiﬁcat,
3614 3853 3713 3922 qui

2089 3973 2217 4019 ante
2262 3963 2639 4033 episcopatum
2672 3958 2792 4028 ejus
2831 3950 3389 4022 Hierosolymilannm
3432 3957 3716 4000 mortuus

2090 4056 2307 4111 videtur
2334 4070 2475 4109 esse.
2503 4052 2702 4106 Mirum
2732 4051 2900 4118 igitur
2931 4046 3161 4101 omnino
3193 4056 3304 4096 non
3335 4048 3452 4103 est,
3482 4040 3539 4093 si
3580 4037 3717 4091 Ilie—

2094 4162 2361 4220 ronymus
2411 4143 2738 4200 sententiam
2770 4138 2963 4211 lgnatii
2998 4136 3069 4191 ab
3106 4136 3309 4189 lrenaeo
3348 4131 3610 4184 citatam
3648 4146 3715 4183 ex

2090 4241 2330 4297 Eusebio
2387 4239 2737 4308 depromcns,
2764 4234 2817 4288 in
2859 4242 3104 4300 tempore
3137 4234 3232 4282 aut
3267 4223 3596 4280 occasione
3623 4240 3716 4278 er-

2092 4342 2258 4388 raret.
2286 4331 2549 4397 Quinimo
2581 4329 2649 4383 de
2685 4328 2804 4396 ipso
2827 4324 3041 4394 lgnatio
3082 4336 3191 4375 non
3222 4317 3403 4386 magis
3430 4326 3719 4370 accurate

2094 4425 2372 4494 loquitur;
2401 4438 2525 4477 cum
2568 4421 2715 4474 enim
2760 4415 3023 4486 epistolas
3058 4410 3129 4466 ab
3159 4424 3225 4464 eo
3253 4408 3523 4477 Smyrna:
3564 4408 3719 4462 scri-

2091 4529 2211 4591 ptas
2259 4520 2765 4576 commemorasset,
2785 4520 2831 4563 et
2870 4510 3012 4566 inde,
3042 4504 3219 4574 inquit
3242 4501 3535 4571 egrediens
3577 4501 3724 4555 scri-

2087 4613 2193 4683 psit
2231 4611 2301 4663 ad
2339 4605 2744 4676 Pliiladclpltcos
2778 4612 2827 4656 et
2861 4601 2930 4654 ad
2961 4598 3343 4666 Smyrnwos,et
3370 4596 3621 4662 proprie
3650 4594 3721 4644 ad

2092 4706 2468 4776 Polycarpum,
2511 4698 2881 4755 commendans
2920 4694 3002 4749 illi
3044 4689 3456 4759 Antiochensem
3509 4686 3720 4739 Eccle-

2090 4802 2247 4855 siam.
2275 4797 2541 4852 Crederes
2583 4792 2850 4864 lgnatium
2887 4790 2985 4843 has
3017 4784 3274 4856 epistolas
3303 4780 3389 4834 vel
3422 4794 3455 4834 e
3505 4781 3723 4851 Smyr-

2093 4886 2178 4947 nae
2222 4887 2610 4953 suburbio,vel
2644 4901 2674 4938 a
2706 4885 2906 4953 primo,
2937 4888 3033 4935 aut
3066 4875 3308 4934 secundo
3335 4872 3538 4943 lapide
3572 4874 3723 4929 sui-

2094 4986 2309 5055 psisse;
2344 4981 2491 5052 quod
2536 4978 2683 5035 enim
2734 4977 2862 5046 quis
2890 4973 3181 5045 egrediens
3227 4967 3434 5022 iecisse
3462 4964 3722 5035 dicitur,

2093 5078 2147 5132 id
2182 5077 2237 5131 in
2278 5075 2398 5146 ipso
2438 5086 2663 5143 egressu
2705 5069 2790 5123 vel
2825 5082 2950 5121 cum
3002 5063 3353 5133 egrederetur
3407 5060 3729 5129 peregisse

2093 5168 2480 5238 intelligendus
2510 5165 2746 5220 videtur.
2776 5160 2881 5214 Sed
2915 5160 3015 5212 bas
3034 5154 3293 5225 epistolas
3325 5151 3634 5220 lgnatius,
3669 5160 3725 5205 ut

2096 5262 2388 5325 Eusebius,
2416 5275 2444 5313 a
2475 5274 2585 5327 quo
2610 5257 2727 5311 haec
2752 5252 2948 5308 habuit
2977 5249 3366 5317 Hieronymus,
3391 5252 3453 5298 et
3482 5245 3725 5314 episto-

2086 5358 2161 5421 la:
2217 5356 2349 5425 ipsa:
2413 5359 2705 5416 testantur,
2765 5345 2982 5401 Troade
3031 5339 3271 5410 scripsit,
3319 5336 3389 5390 ad
3446 5352 3645 5405 quam
3694 5354 3727 5391 ιι

2098 5450 2331 5519 Smyrna
2364 5444 2576 5512 aliquot
2608 5442 2821 5495 dierum
2854 5438 2955 5491 iter
2982 5434 3120 5498 fuit;
3152 5430 3337 5499 ibique
3359 5429 3725 5497 aliquandiu

2097 5539 2402 5612 permansit
2442 5535 2705 5606 Igmttitts,
2739 5542 2794 5587 et
2824 5531 2891 5585 dc
2916 5527 3181 5598 pacatiori
3206 5523 3531 5576 Antiochiae
3561 5535 3727 5578 Statu

2097 5632 2305 5702 aliquid
2336 5628 2563 5692 audivit,
2586 5626 2903 5696 priusquam
2932 5620 3233 5689 Polycarpo
3255 5614 3728 5671 Antiochensem

2101 5723 2402 5781 Ecclesiam
2454 5716 2877 5776 commendavit.
2912 5711 3027 5768 Non
3059 5721 3143 5766 cst
3169 5710 3335 5776 igitur
3364 5716 3467 5762 aut
3498 5709 3729 5765 abbre-
