3786 6324
104 270 193 325 137

96 481 231 547 dum,
264 482 353 535 ubi
385 494 636 542 auctores
665 488 814 558 ipsos
847 492 1131 560 habemus,
1153 511 1297 565 quos
1327 498 1479 552 illum
1506 516 1663 555 secu-

99 583 196 626 tum
225 590 343 629 esse
372 587 607 633 constat.

156 666 228 720 Ad
256 666 388 723 Acta
417 672 661 742 martyrii
691 674 839 741 quod
877 677 1092 743 attinet,
1125 695 1235 735 non
1270 680 1360 736 illa
1386 694 1515 739 sun:
1540 702 1665 756 quae

97 767 234 811 :etate
261 757 316 811 S.
374 758 556 815 frenari
606 765 915 831 exstabant,
970 768 1063 821 sed
1113 770 1220 824 alia
1274 772 1469 840 plane,
1506 785 1663 831 sexto

96 850 165 902 vel
188 852 411 919 septimo
437 854 639 908 saeculo
680 855 827 921 ﬁcta,
856 867 912 913 et
949 858 1219 917 fabulosis
1247 868 1662 925 narrationibus

95 951 266 1007 aucta;
327 944 530 1012 quibus
583 944 858 1017 lgnatium
925 953 1084 1020 quasi
1136 955 1188 1008 in
1249 958 1660 1026 amphitheatro

96 1034 378 1103 loquentem
406 1037 784 1107 introducunt,
808 1057 973 1111 quem
1000 1060 1067 1099 ne
1086 1062 1258 1105 unum
1278 1057 1409 1105 tunc
1431 1053 1657 1108 verbum

93 1121 275 1179 dixisse
324 1127 714 1212 antiquissima
775 1130 912 1187 Acta
968 1146 1218 1192 narrant.
1284 1137 1436 1195 Illius
1492 1141 1660 1212 igitur

95 1214 321 1272 Historia:
389 1206 645 1275 conditor
690 1226 994 1282 sententias
1040 1228 1255 1298 lgnatio
1315 1232 1476 1301 quasi
1515 1206 1655 1290 vviva

94 1321 209 1361 voce
233 1307 467 1376 prolatas
500 1310 773 1375 attribuit,
805 1328 947 1383 quas
974 1331 1043 1370 ex
1071 1316 1220 1374 illius
1248 1319 1498 1388 epistolis
1540 1323 1657 1393 ipse

92 1398 367 1467 excerpsit;
389 1400 556 1471 idque
575 1418 686 1458 non
723 1414 936 1462 tantum
969 1423 1036 1463 ex
1066 1410 1344 1479 genuinis,
1366 1414 1460 1469 sed
1487 1414 1653 1470 etiam

90 1504 145 1543 e1
172 1489 317 1545 ﬁctis.
336 1488 408 1545 Ut
442 1492 573 1548 illud
600 1494 668 1549 ab
690 1511 758 1550 eo
791 1513 980 1553 coram
1012 1498 1252 1571 Trajano
1280 1503 1492 1560 dictum
1525 1522 1654 1561 nar-

92 1591 163 1637 rat
190 1599 206 1637 :
237 1581 395 1649 Τίνας
419 1584 477 1639 δὲ
503 1588 535 1657 ἡ
546 1587 661 1657 μῶν
694 1587 871 1657 ἔγνως
900 1593 1092 1647 στάσιν
1132 1594 1226 1649 καὶ
1259 1595 1494 1668 πόλεμον
1524 1598 1653 1668 ἀγα-

92 1674 311 1740 πῶνταςς
362 1677 484 1747 οὐχὶ
524 1678 580 1731 δὲ
637 1681 729 1733 καὶ
763 1681 1239 1754 ὑποτασσομένους
1279 1686 1561 1757 ἄρχουσιν,
1592 1689 1651 1741 ὲν

89 1762 155 1828 ὥς
186 1766 453 1831 ἀκίνδυνος
488 1771 522 1839 ἡ
550 1770 835 1842 ὑποταγῆς
873 1771 1041 1829 Vetus
1094 1775 1376 1846 lnterpras
1422 1796 1435 1808 ·
1472 1777 1645 1845 Quem
1685 1781 1725 1838 Β

89 1859 202 1910 enim
241 1869 478 1913 nostrum
524 1866 814 1933 cognovisti
871 1865 1065 1920 bellum
1122 1868 1415 1924 meditari?
1464 1881 1513 1926 et
1553 1889 1656 1925 non

90 1952 233 2015 potius
260 1951 521 2020 subjectos
547 1971 660 2008 esse
681 1957 1037 2027 principibus,
1071 1960 1161 2013 ubi
1189 1978 1293 2014 non
1329 1973 1407 2017 est
1445 1965 1653 2033 pericu-

90 2042 179 2094 losa
202 2044 447 2136 subjectio
465 2045 490 2097 1’
512 2045 668 2110 Quod
695 2055 780 2101 est
802 2063 866 2101 ex
900 2047 1145 2117 Epistola
1169 2054 1234 2104 ad
1268 2052 1650 2109 Antiochenos

88 2136 463 2205 depromptum.
528 2136 601 2192 Ut
670 2139 836 2193 etiam
902 2138 1108 2195 Menaaa
1168 2140 1301 2196 illud
1365 2143 1644 2198 referunt:

92 2228 295 2299 Ἔκραξε
324 2230 422 2283 σὺν
462 2230 614 2301 πόθῳ
645 2232 702 2284 ὲν
740 2233 890 2303 μέσῳ
915 2232 1025 2285 τῶν
1058 2234 1352 2287 κινδύνων·
1386 2236 1653 2304 Χριστὸν·

89 2320 243 2373 διώκω
298 2322 547 2389 χαίρων,
578 2323 814 2389 Χριστῷ
857 2327 1393 2395 συνεσταύρωμαν
1440 2325 1514 2386 ζῶ
1563 2325 1653 2390 δὲ,

89 2411 253 2464 οὐκέτι
268 2415 383 2481 μὲν
403 2412 543 2481 ἐγὼ.
577 2413 644 2482 ζῇ
679 2413 769 2479 δὲ,
818 2416 1005 2487 φησὶν,
1033 2416 1103 2469 ὲν
1143 2416 1273 2487 ἐμοὶ
1298 2420 1488 2486 μόνος
1518 2420 1655 2486 Χρι-

92 2507 232 2571 στός.
258 2504 524 2561 Clamavit
581 2524 699 2561 cum
746 2508 1012 2562 desiderio
1051 2509 1107 2563 in
1146 2511 1334 2565 mediis
1359 2512 1653 2581 periculis:

94 2616 106 2641 ι
137 2592 380 2649 Christum
404 2597 642 2666 gaudens
664 2599 945 2669 insequor;
982 2617 1102 2653 cum
1123 2600 1337 2656 Christo
1361 2605 1651 2673 cruciﬁxus

92 2700 215 2749 sum;
248 2688 356 2741 vivo
395 2699 577 2742 autem
596 2689 712 2758 jam
744 2707 847 2743 non
886 2708 1012 2762 ego;
1043 2692 1167 2746 vivit
1197 2710 1315 2747 vero
1340 2696 1395 2748 in
1432 2712 1534 2759 me,
1568 2696 1653 2750 in-

89 2777 346 2841 quit,solus
371 2778 621 2834 Christus
641 2782 730 2849 "3,
771 2801 788 2834 ι
819 2798 885 2836 ex
932 2783 1255 2853 interpolata
1304 2787 1537 2856 epistola
1586 2788 1651 2842 ad

91 2863 348 2923 Romanos.
404 2866 563 2924 Talia
610 2886 717 2925 non
768 2886 943 2940 pauca
999 2876 1334 2941 posteriores
1388 2877 1648 2932 Actorum

98 2963 545 3018 consarcinatores
579 2964 792 3034 lgnatio
835 2965 1167 3029 attribuunt,
1207 2970 1362 3034 quasi
1393 2968 1463 3022 ab
1494 2984 1560 3023 eo
1593 2969 1647 3023 in

91 3051 180 3119 ipsa
218 3053 375 3108 veluti
417 3070 592 3109 arena
633 3042 1006 3124 pronuntiata,
1045 3073 1169 3127 qua:
1206 3057 1309 3127 ipsi
1362 3075 1646 3130 nunquam

861 280 912 333 J.
952 278 1319 337 PEARSONII
1360 282 1680 343 VINDICLE
1720 287 2139 349 lGNATlAN/E.
2190 327 2252 337 -—
2285 296 2467 355 PARS
2496 298 2537 353 1.

100 389 404 446 \iationibus
441 402 535 447 aut
579 395 1093 466 exaggeration'tbus
1140 401 1456 475 Hieronymi
1487 408 1662 462 tiden—
1696 415 1739 471 Α

3250 310 3352 365 158

1770 415 1915 483 quod
1963 426 2177 473 caetera:
2230 419 2420 491 lgnatii
2481 425 2747 492 epistolae,
2773 442 2912 495 quas
2954 432 3125 484 nostri
3156 435 3348 489 eodem

1767 524 1891 565 cum
1931 510 2032 564 hac
2063 512 2339 569 volumine
2370 532 2399 569 a
2427 514 2725 588 Polycarpo
2755 522 3010 577 collectas
3043 533 3097 578 et
3124 526 3349 581 ordina-

1767 608 1851 654 tas
1899 598 2161 667 fatentur,
2216 602 2420 660 Irenaeo
2479 608 2679 678 ignotae
2732 611 2956 668 fuerint.
3006 616 3246 670 Caztcras
3297 619 3344 673 ei

1767 688 1929 757 plane
1971 689 2187 761 ignotas
2219 692 2392 750 fuisse
2446 697 2550 751 hoc
2579 712 2904 770 argumento
2936 705 3111 773 capite
3153 707 3348 775 quinto

1764 783 2000 849 probare
2031 795 2285 840 conatur.
2315 788 2556 845 Irenzeus
2583 792 2866 849 haereticos
2902 804 3027 850 ante
3057 813 3115 851 se
3151 814 3350 856 omnes

1762 876 2100 944 argumentis
2124 892 2191 931 ex
2222 879 2515 936 traditione
2554 894 2607 937 et
2637 888 2952 942 testimonio
2996 890 3175 945 ductis
3197 891 3347 947 refu-

1764 972 1859 1018 tat.
1901 964 2040 1020 Sunt
2067 978 2248 1023 autem
2283 970 2336 1023 iu
2370 973 2617 1041 epistolis
2649 977 2840 1047 lgnatii
2889 982 3008 1036 loca
3054 986 3346 1052 quamplu-

1760 1059 1899 1114 rima
1947 1061 2013 1115 ad
2072 1062 2205 1117 illud
2245 1076 2634 1134 argumentum
2685 1069 3119 1129 luculentissima
3166 1094 3181 1130 :
3230 1078 3347 1132 hrec

1762 1149 1881 1207 fuse
1918 1168 2022 1207 suo
2068 1171 2220 1215 more
2282 1155 2497 1225 probat.
2530 1157 2731 1214 Habuit
2780 1163 2946 1234 igitur
2974 1181 3196 1221 causam
3227 1168 3348 1221 ido-

1761 1259 1918 1300 neam
1950 1255 2004 1301 ct
2034 1262 2174 1316 pene
2202 1248 2569 1304 necessariam
2597 1267 2659 1305 ea
2683 1252 2799 1308 ioca
2833 1270 2900 1309 ex
2935 1259 3179 1326 epistolis
3206 1260 3346 1315 reci-

1758 1338 2489 1403 tandi,velsaneindicandi.
2516 1346 2773 1402 Ateasne
2798 1363 2907 1402 uno
2937 1352 3101 1405 verbo
3129 1368 3343 1405 memo-

1759 1432 2101 1500 ravisse,nec
2127 1438 2355 1493 omnino
2384 1450 2518 1495 nutu
2548 1442 3349 1513 significassedeprehenditur;

1757 1528 1869 1581 imo
1894 1544 1962 1585 ne
1987 1544 2158 1584 unum
2194 1545 2259 1584 ex
2289 1532 2359 1588 iis
2388 1531 2484 1605 μῦ.
2516 1532 2682 1589 Plane
2709 1552 2840 1607 ergo
2865 1551 2959 1592 eas
2979 1538 3271 1607 ignoravit.

1823 1640 2090 1709 Quamvis
2112 1643 2273 1699 facile
2299 1655 2355 1700 et
2383 1646 2624 1703 breviter
2646 1650 3045 1721 respondeatur
3072 1653 3343 1707 celebrem

1757 1736 2085 1790 sententiam
2141 1753 2209 1804 ex
2260 1739 2492 1808 epistola
2523 1741 2591 1795 ad
2619 1740 2900 1798 Romanos
2928 1745 2995 1798 ab
3021 1744 3222 1800 Irenaao
3247 1749 3345 1801 ad-

1758 1827 1981 1881 ductam
2034 1844 2177 1897 esse,
2212 1830 2379 1900 idque
2426 1830 2597 1888 fuisse
2630 1836 2698 1889 ab
2724 1833 2961 1891 Eusebio
2990 1838 3341 1893 observatum

1760 1934 1868 1971 non
1917 1921 2109 1985 semel,
2138 1931 2191 1976 et
2237 1938 2268 1976 a
2302 1924 2490 1978 multis
2520 1926 2645 1979 aliis
2675 1927 2838 1982 etiam
2885 1930 3155 1999 agnitum,
3180 1946 3280 1984 nec
3309 1948 3341 1984 a

1757 2010 2016 2080 quopiam
2044 2021 2170 2067 ante
2193 2014 2300 2069 hoc
2329 2016 2590 2070 saeculum
2624 2028 2905 2085 negatum,
2930 2035 2960 2073 a
2993 2021 3151 2075 nobis
3173 2022 3338 2076 etiam

1760 2102 2047 2169 probatum
2101 2113 2268 2174 atque
2308 2106 2729 2175 conﬁrmatum;
2770 2126 2871 2165 nec
2928 2110 3213 2178 Irenaeum,
3245 2116 3343 2182 qui

1759 2191 1900 2247 hanc
1935 2192 2001 2247 ad
2044 2191 2328 2250 Romanos
2358 2198 2649 2266 epistolam
2686 2201 2856 2269 novit,
2888 2212 3115 2259 caeteras
3146 2206 3339 2259 eodem

1756 2287 2037 2341 volumine
2070 2290 2501 2358 comprehensas
2526 2301 2579 2345 et
2610 2291 2899 2363 Polycarpi
2935 2295 3183 2363 epistolae
3203 2295 3339 2349 sub-

1752 2377 1931 2448 jectas
1980 2380 2235 2449 ignorare
2289 2384 2564 2452 potuisse;
2603 2386 2771 2439 multa
2821 2394 3004 2439 tamen
3040 2387 3128 2440 hic
3180 2400 3339 2455 repo-

1755 2472 1935 2525 nenda
1982 2483 2131 2526 sunt.
2175 2472 2313 2527 Cum
2363 2475 2510 2529 enim
2555 2491 2753 2546 magna
2782 2476 3059 2545 diligentia
3103 2492 3234 2530 usus
3269 2477 3342 2531 sit

1755 2561 1839 2615 vir
1865 2560 2243 2631 doctissimus,
2283 2575 2343 2620 ut
2396 2567 2533 2621 nihil
2599 2576 2817 2638 ageret;
2853 2584 2955 2638 ego
2996 2584 3104 2621 non
3136 2569 3337 2621 minori

1755 2654 1891 2708 mihi
1955 2657 2219 2712 utendum
2264 2670 2415 2727 puto,
2448 2670 2507 2713 ut
2539 2676 2665 2714 eum
2702 2661 2837 2714 nihil
2874 2660 3051 2731 egisse
3082 2660 3338 2713 omnibus

1752 2758 2035 2818 appareat.
2067 2749 2314 2819 Seposita
2346 2752 2509 2822 igitur
2538 2753 3030 2821 imprmsenliarnm
3063 2752 3153 2805 illa
3177 2752 3338 2806 unica

1752 2837 2043 2901 sententia,
2080 2839 2205 2893 licet
2266 2839 2503 2895 lrenazus
2561 2840 2680 2895 loca
2726 2842 2875 2895 nulla
2919 2842 2985 2895 ad
3022 2842 3334 2895 institutum

1753 2938 2057 2997 opportuna
2108 2946 2174 2984 ex
2236 2932 2448 3001 lgnatio
2484 2932 2736 2987 citaverit
2788 2933 3221 2997 intimaveritve;
3256 2943 3338 2988 ta-

1756 3034 1877 3073 men
1902 3036 2011 3075 non
2036 3022 2160 3076 inde
2188 3024 2438 3092 sequitur
2468 3025 2732 3094 epistolas
2776 3025 2851 3079 illi
2887 3024 3059 3081 fuisse
3085 3026 3332 3097 ignotas:

92 3112 208 3196 [anna
235 3152 493 3212 tanquam
514 3112 778 3215 martyris
802 3112 1262 3217 apophthegmata
1294 3112 1646 3216 accepci‘ant,
1672 3133 1715 3190 Ci
1754 3125 1931 3180 neque
1986 3112 2260 3217 Palliai?”
2316 3126 2670 3217 ίδΐβ¹¹¹¹¹θ¹¹ίῖ¹η
2705 3116 3033 3217 P“”““_‘,“’"‘
3066 3119 3335 3217 Fami“?

92 3234 161 3285 sed
198 3236 559 3305 exepistoiis,
596 3235 785 3305 quales
837 3252 938 3291 suo
981 3254 1097 3292 τενο
1140 3238 1493 3302 exstiterunt.
1542 3240 1640 3294 de-

92 3338 414 3395 sumpserant.
450 3327 660 3382 Eodem
695 3328 860 3398 igitur
888 3330 1051 3383 modo
1078 3332 1195 3384 hate
1230 3331 1489 3402 martyris
1515 3346 1642 3387 sen-

92 3417 246 3483 tentia,
277 3434 439 3488 quam
480 3419 723 3475 irenaaus
763 3421 973 3485 citavit,
1001 3421 1055 3475 in
1100 3421 1254 3476 Actis
1294 3422 1504 3491 aliquot
1541 3438 1642 3478 sae-

92 3506 201 3560 culis
226 3518 405 3576 postea
430 3510 786 3581 conscriptis,
811 3527 842 3566 a
874 3512 1323 3567 eonsarcinatore
1346 3513 1560 3583 lgnatio
1583 3513 1643 3568 in

92 3605 294 3652 extremo
341 3615 522 3671 agone
574 3601 857 3665 tribuitur,
882 3617 993 3656 non
1026 3618 1089 3657 ex
1119 3602 1286 3667 fama,
1310 3619 1422 3658 non
1451 3619 1516 3658 ex
1544 3619 1644 3658 an-

96 3688 375 3756 liquioribus
426 3690 605 3758 Actis,
642 3693 695 3747 in
743 3694 949 3763 quibus
984 3710 1091 3749 non
1144 3706 1392 3765 apparet,
1428 3696 1523 3751 sed
1574 3711 1643 3752 ex

96 3778 277 3843 epistola
318 3784 383 3837 ad
438 3782 725 3839 Romanos
758 3787 1103 3855 deprompta,
1139 3796 1194 3841 et
1227 3787 1297 3841 ad
1337 3804 1450 3843 rem
1498 3803 1643 3859 prte—

94 3879 264 3925 sentem
296 3875 605 3943 applicata;
636 3876 780 3931 unde
812 3886 1002 3946 postea
1038 3877 1274 3949 Symeon
1312 3878 1644 3950 Logothetes

99 3958 199 4015 huic
225 3967 499 4021 sententia:
528 3968 635 4021 alia
664 3983 730 4022 ex
764 3968 951 4023 eadem
983 3970 1213 4037 epistola
1238 3972 1635 4040 superaddidit.

97 4057 215 4118 quasi
240 4058 421 4113 eodem
456 4069 705 4128 tempore
734 4060 969 4130 prolata,
994 4059 1135 4113 ὥστε
1157 4062 1293 4115 Θεοῦ
1328 4064 1635 4134 ἐπιτυχεῖν,

98 4152 134 4193 ct
152 4139 295 4218 οὗπερ
317 4149 446 4219 ἐρῶ.
474 4150 615 4204 Cum
644 4151 810 4221 igitur
833 4152 1100 4207 sententia
1132 4154 1201 4207 ab
1228 4156 1435 4210 Irenaeo
1466 4157 1637 4212 citata

100 4230 140 4284 in
172 4237 377 4304 epistola
413 4240 483 4295 ad
511 4230 792 4295 Romanos
818 4249 1017 4306 exstet,
1043 4240 1168 4295 cum
1221 4242 1369 4296 nulla
1398 4258 1643 4312 unquam

100 4325 460 4384 vetustissimos
520 4329 823 4399 scriptores
867 4332 1389 4402 apOphthegmatum
1451 4334 1644 4403 Ignatii

99 4418 209 4483 apud
225 4422 412 4477 mentio
430 4422 574 4477 facta
591 4423 681 4490 sit,
698 4424 1236 4493 etapophthegmatis
1260 4440 1457 4480 nomen
1474 4427 1527 4479 in
1544 4427 1646 4481 hac

1748 3204 2066 3258 necessario
2125 3206 2206 3260 uti
2254 3207 2493 3262 voluisse
2559 3208 2760 3263 talibus
2802 3208 3155 3275 testimoniis,
3200 3209 3247 3263 si
3284 3210 3336 3264 ei

1744 3296 1964 3367 cognita
1998 3296 2256 3354 fuissent.
2292 3300 2409 3352 luto
2444 3297 2981 3353 multoverisimilius
3014 3308 3099 3354 est
3130 3314 3333 3369 suppo-

1744 3388 1853 3443 sito
1894 3389 2041 3459 quod
2095 3388 2383 3460 lgnatiana
2426 3391 2477 3445 ei
2528 3391 2762 3446 fuissent
2817 3391 3227 3462 cognitissima,
3274 3402 3336 3447 ut

1744 3481 1918 3536 nostri
1955 3480 2246 3544 aﬂirmant,
2284 3483 2329 3536 si
2370 3484 2648 3538 scribendi
2688 3484 2911 3539 modum
2944 3484 3013 3537 ab
3044 3499 3110 3538 eo
3141 3484 3333 3538 obser-

1744 3585 1929 3627 vatum
1965 3582 2298 3642 spectemus,
2334 3591 2365 3629 a
2413 3576 2808 3630 sententiarum
2842 3576 3189 3645 excerptione
3209 3576 3336 3630 abs-

1746 3665 1923 3721 tinere
1968 3668 2154 3737 potius
2180 3667 2447 3734 voluisse,
2482 3668 2953 3739 quemadmodum
2992 3684 3179 3723 revera
3208 3669 3337 3724 abs-

1751 3758 1988 3814 tinuisse
2014 3758 2240 3815 dicitur.

1818 3870 2074 3942 Quinque
2107 3872 2278 3929 libros
2313 3873 2581 3930 adversus
2619 3874 2857 3930 haereses
2887 3875 3108 3945 scripsit
3138 3873 3196 3929 S.
3224 3874 3337 3929 Ire-

1746 3981 1899 4020 meus
1933 3982 2065 4020 sane
2091 3968 2405 4036 praeclaros,
2442 3983 2550 4023 non
2582 3970 2773 4023 eodem
2806 3978 3047 4036 tempore
3076 3978 3173 4023 aut
3202 3985 3337 4024 con-

1748 4058 1926 4127 tinuo,
1954 4067 2015 4111 ut
2044 4073 2111 4111 ex
2145 4057 2565 4127 praefationibus
2596 4061 2831 4115 videtur.
2869 4059 3115 4117 Tertium
3150 4069 3333 4114 autem

1749 4150 1948 4203 librum
2001 4151 2208 4205 scimus
2245 4153 2349 4207 sub
2382 4150 2661 4205 Eleutheri
2706 4153 3027 4222 pontificatu
3066 4153 3333 4221 scriptum

1749 4240 1955 4307 fuisse;
1984 4257 2148 4311 quem
2183 4258 2309 4296 eum
2360 4243 2428 4297 15
2468 4257 2644 4297 annos
2676 4244 2884 4298 sedisse
2911 4244 3154 4297 scribant
3187 4252 3336 4295 vetc-

1749 4348 1860 4397 res,
1887 4332 2034 4387 circa
2064 4348 2227 4402 quem
2262 4349 2468 4387 annum
2514 4334 2712 4388 librum
2751 4350 2875 4387 eum
2920 4335 3202 4402 scripserit
3231 4336 3337 4386 ire-

1751 4439 1924 4488 naeus,
1979 4426 2221 4478 nondum
2284 4436 2627 4494 compertum
2691 4426 2977 4479 est.Circa
3025 4425 3333 4494 posteriora

102 4507 420 4566 reaMaximo
436 4514 505 4569 ad
522 4513 1387 4585 eﬂ‘t'Jgiumsuumtutandumtam
1409 4516 1643 4572 infelici-
1676 4508 1719 4562 Ι)
1750 4515 2028 4570 Eleutheri
2089 4526 2334 4585 tempora
2391 4519 2597 4572 editum
2648 4518 2819 4573 fuisse
2874 4519 3073 4570 librum
3107 4516 3328 4571 tertium

103 4604 161 4649 ter
184 4606 531 4675 excogitatum
557 4606 648 4672 sit,
667 4622 789 4661 cum
809 4607 1193 4676 antiquissima
1217 4610 1463 4679 martyrii
1485 4608 1641 4678 lgna-

104 4688 201 4745 liani
234 4696 351 4751 Acta
376 4714 477 4753 nec
504 4700 646 4755 hanc
672 4716 771 4754 nec
784 4700 1021 4755 similem
1046 4700 1287 4769 aliquam
1313 4701 1641 4756 sententiam

106 4790 624 4857 rammemoraverint,
656 4793 963 4861 posteriora
996 4801 1179 4847 autem
1219 4791 1353 4846 Acta
1416 4801 1638 4847 sentem-

107 4870 181 4924 tias
202 4892 257 4929 ex
284 4879 528 4947 epistolis
548 4889 663 4934 tum
692 4881 968 4951 genuinis,
993 4890 1108 4935 tum
1142 4881 1506 4950 interpolatis,
1525 4891 1641 4934 tum

107 4962 230 5018 etiam
255 4969 381 5024 lictis
408 4974 810 5040 excerpserint,
836 4988 975 5043 quas
1003 4973 1358 5028 sanctissimo
1389 4974 1645 5044 martyris

106 5054 164 5105 ori
188 5056 233 5109 in
257 5059 365 5129 ipso
390 5079 565 5131 agone
590 5064 917 5128 insererent,
944 5064 1265 5132 frivolum'et
1288 5064 1521 5133 ineptum
1543 5074 1643 5131 est,

109 5156 197 5199 eam
222 5154 530 5207 sententiam
561 5154 630 5209 ab
664 5153 871 5208 [renato
893 5154 1112 5208 aliunde
1135 5170 1295 5224 quam
1320 5169 1385 5208 ea:
1408 5155 1505 5209 hac
1528 5156 1645 5225 ipsa

109 5236 281 5301 cpistola
303 5245 521 5297 citatam
550 5261 663 5299 esse
709 5245 995 5299 hariolari.

156 5327 382 5405 Confugit
436 5335 605 5406 igitur
653 5337 737 5389 vir
764 5336 1124 5393 doctissimus
1148 5338 1213 5391 ad
1252 5348 1639 5409 argumentum

110 5423 379 5493 uegativum,
403 5439 662 5498 tauquam
694 5428 758 5484 ad
790 5429 1003 5498 asylum
1034 5429 1393 5495 tutissimum,
1419 5430 1644 5485 asserit-

112 5523 193 5575 que
232 5516 476 5573 lrenatum
522 5520 633 5575 haec
664 5519 819 5574 verba
846 5536 937 5573 nec
970 5524 1257 5591 sumpsisse
1305 5539 1396 5575 nec
1438 5539 1643 5576 sumere

111 5606 288 5664 Potuisse
325 5626 384 5664 ex
434 5613 540 5666 hac
577 5613 806 5681 epIStola
844 5612 911 5666 ad
946 5612 1245 5679 Romanos,
1268 5613 1407 5685 quod
1434 5632 1495 5667 ea
1528 5612 1634 5668 Ire-

114 5705 196 5746 περ
233 5700 392 5770 ignota
435 5706 628 5774 fuerit;
668 5709 912 5778 ignotam
952 5719 1132 5766 autent
1184 5712 1232 5765 ei
1269 5711 1410 5766 hanc
1445 5710 1639 5778 fuisse,

168 5809 224 5839 ¹’³
252 5811 354 5870 Gal.
389 5833 446 5884 ll,
495 5819 579 5887 l9,
606 5819 693 5875 ‘20.

1750 4624 1851 4677 ego
1904 4624 2012 4661 non
2061 4609 2272 4675 dubito,
2302 4626 2426 4663 cum
2466 4610 2629 4663 etiam
2661 4610 2857 4678 primo,
2891 4624 3053 4677 quem
3090 4609 3157 4662 ad
3203 4623 3330 4661 eum

1750 4700 1841 4755 cui
1896 4715 2040 4769 opus
2092 4716 2255 4755 suum
2308 4701 2611 4763 dedicavit,
2670 4702 2856 4771 aliquo
2910 4709 3038 4754 ante
3093 4710 3335 4769 tempore

1753 4794 1990 4846 missum
2021 4790 2194 4845 fuisse
2241 4807 2309 4845 ex
2350 4792 2471 4859 ipso
2508 4793 2739 4856 scimus,
2778 4790 3182 4845 Encratitarum
3224 4792 3334 4844 ha:-

1747 4886 1914 4940 resim
1948 4886 2244 4951 describat,
2269 4901 2434 4955 quam
2462 4885 2642 4955 primo
2669 4901 2699 4938 a
2728 4884 2958 4939 'l’atiano
2987 4893 3330 4954 acceperant.

1754 4977 2047 5031 Tatianum
2098 4987 2284 5031 autem
2350 4978 2465 5047 ipse
2519 4976 2772 5041 atlirmat,
2840 4978 2966 5031 vivo
3022 4978 3203 5031 adhuc
3244 4975 3333 5029 Ju-

1748 5070 1914 5133 stino,
1950 5070 2098 5123 nulla
2134 5070 2387 5125 haeretica
2413 5070 2662 5123 doctrina
2697 5070 2960 5124 infectum
2992 5069 3183 5123 fuisse.
3205 5066 3333 5122 Post

1747 5163 2072 5232 martyrium
2131 5160 2332 5217 Justini
2373 5162 2444 5215 ab
2486 5162 2730 5217 Ecclesia
2789 5163 3036 5227 recessit,
3061 5172 3139 5226 et,
3193 5169 3333 5216 teste

1750 5252 2078 5323 Epiphanio,
2114 5255 2169 5308 in
2219 5253 2498 5309 Orientem
2545 5271 2606 5310 se
2646 5257 2912 5318 contulit,
2946 5255 3037 5309 ubi
3079 5254 3331 5308 lueresim

1750 5346 1946 5413 partim
2000 5362 2070 5401 ex
2113 5344 2399 5401 Saturnini
2454 5356 2511 5401 et
2545 5346 2838 5401 Marcionis
2868 5344 3105 5415 placitis,
3134 5346 3332 5413 partim

1745 5455 1813 5492 ex
1847 5437 2115 5493 Valentini
2143 5440 2376 5507 deliriis,
2405 5441 2778 5496 additisetiam
2805 5440 2871 5493 de
2902 5454 3003 5494 suo
3034 5439 3334 5510 aliquibus,

1749 5534 2039 5587 conflavit.
2080 5533 2155 5587 Ex
2199 5552 2265 5588 eo
2309 5534 2601 5588 Encratitac
2633 5534 2767 5595 nati,
2803 5542 2857 5586 ct
2888 5533 2941 5585 in
2982 5531 3329 5589 Occidentem

1749 5625 1913 5678 etiam
1947 5625 2316 5689 dissctninuti,
2352 5626 2455 5679 sub
2483 5625 2664 5678 Marco
2689 5625 2970 5679 Antonino
2993 5626 3332 5680 innotescere

1746 5717 1803 5770 in
1847 5716 2025 5771 Gallia
2076 5732 2183 5771 non
2241 5727 2567 5785 potuerunt;
2608 5734 2783 5785 neque
2829 5718 3064 5773 lrenarus
3098 5718 3201 5773 nisi
3229 5719 3331 5772 sub
