  <div class='ocr_page' id='page_1' title='image "/cluster/home/n/w/nwhite01/storage/ocr_20150623/5/hvd.32044019206598/087.png"; bbox 0 0 3786 6304; ppageno 0'>
   <div class='ocr_carea' id='block_1_1' title="bbox 411 292 512 349">
    <p class='ocr_par' dir='ltr' id='par_1_1' title="bbox 411 292 512 349">
     <span class='ocr_line' id='line_1_1' title="bbox 411 292 512 349; baseline 0.01 -2"><span class='ocrx_word' id='word_1_1' title='bbox 411 292 430 347; x_wconf 79' lang='grc' dir='ltr'><strong>Ι</strong></span> <span class='ocrx_word' id='word_1_2' title='bbox 445 294 512 349; x_wconf 73' lang='grc'><strong>59</strong></span> 
     </span>
    </p>
   </div>
   <div class='ocr_carea' id='block_1_2' title="bbox 1476 289 2602 346">
    <p class='ocr_par' dir='ltr' id='par_1_2' title="bbox 1476 289 2602 346">
     <span class='ocr_line' id='line_1_2' title="bbox 1476 289 2602 346; baseline -0.001 -1"><span class='ocrx_word' id='word_1_3' title='bbox 1476 290 1534 345; x_wconf 91' lang='lat' dir='ltr'><strong>S.</strong></span> <span class='ocrx_word' id='word_1_4' title='bbox 1577 289 1920 346; x_wconf 79' lang='lat' dir='ltr'><strong>ICNATIUS.</strong></span> <span class='ocrx_word' id='word_1_5' title='bbox 1963 321 2031 330; x_wconf 94' lang='lat'>—</span> <span class='ocrx_word' id='word_1_6' title='bbox 2073 289 2602 346; x_wconf 68' lang='lat' dir='ltr'><strong>l‘liOLECO‘lIENA.</strong></span> 
     </span>
    </p>
   </div>
   <div class='ocr_carea' id='block_1_3' title="bbox 3591 291 3688 344">
    <p class='ocr_par' dir='ltr' id='par_1_3' title="bbox 3591 291 3688 344">
     <span class='ocr_line' id='line_1_3' title="bbox 3591 291 3688 344; baseline 0.021 -2"><span class='ocrx_word' id='word_1_7' title='bbox 3591 291 3688 344; x_wconf 79' lang='lat' dir='ltr'><strong>l60</strong></span> 
     </span>
    </p>
   </div>
   <div class='ocr_carea' id='block_1_4' title="bbox 408 402 3690 477">
    <p class='ocr_par' dir='ltr' id='par_1_4' title="bbox 408 402 3690 477">
     <span class='ocr_line' id='line_1_4' title="bbox 408 402 3690 477; baseline -0.003 -12"><span class='ocrx_word' id='word_1_8' title='bbox 408 411 733 476; x_wconf 86' lang='lat' dir='ltr'><strong>Commodo,</strong></span> <span class='ocrx_word' id='word_1_9' title='bbox 765 417 820 465; x_wconf 87' lang='lat' dir='ltr'><strong>et</strong></span> <span class='ocrx_word' id='word_1_10' title='bbox 853 409 1040 464; x_wconf 91' lang='lat' dir='ltr'><strong>adulto</strong></span> <span class='ocrx_word' id='word_1_11' title='bbox 1065 405 1180 477; x_wconf 92' lang='lat' dir='ltr'><strong>jam</strong></span> <span class='ocrx_word' id='word_1_12' title='bbox 1213 406 1489 462; x_wconf 83' lang='lat' dir='ltr'><strong>Eleutheri</strong></span> <span class='ocrx_word' id='word_1_13' title='bbox 1523 405 1870 476; x_wconf 80' lang='lat' dir='ltr'><strong>pontiﬁcatu,</strong></span> <span class='ocrx_word' id='word_1_14' title='bbox 1901 419 1995 459; x_wconf 91' lang='lat' dir='ltr'><strong>eos</strong></span> <span class='ocrx_word' id='word_1_15' title='bbox 2026 417 2068 470; x_wconf 72' lang='grc' dir='ltr'><strong>Α</strong></span> <span class='ocrx_word' id='word_1_16' title='bbox 2099 413 2307 470; x_wconf 73' lang='lat' dir='ltr'><strong>terunt,</strong></span> <span class='ocrx_word' id='word_1_17' title='bbox 2336 413 2390 457; x_wconf 88' lang='lat' dir='ltr'><strong>et</strong></span> <span class='ocrx_word' id='word_1_18' title='bbox 2420 419 2486 458; x_wconf 88' lang='lat' dir='ltr'><strong>ex</strong></span> <span class='ocrx_word' id='word_1_19' title='bbox 2514 402 2788 458; x_wconf 74' lang='lat' dir='ltr'><strong>diametro</strong></span> <span class='ocrx_word' id='word_1_20' title='bbox 2809 412 3055 474; x_wconf 89' lang='lat' dir='ltr'><strong>pugnant</strong></span> <span class='ocrx_word' id='word_1_21' title='bbox 3082 419 3206 460; x_wconf 91' lang='lat' dir='ltr'><strong>cum</strong></span> <span class='ocrx_word' id='word_1_22' title='bbox 3237 403 3305 459; x_wconf 89' lang='lat' dir='ltr'><strong>iis</strong></span> <span class='ocrx_word' id='word_1_23' title='bbox 3333 420 3462 475; x_wconf 71' lang='lat' dir='ltr'><strong>qua:</strong></span> <span class='ocrx_word' id='word_1_24' title='bbox 3487 421 3518 458; x_wconf 92' lang='lat' dir='ltr'><strong>a</strong></span> <span class='ocrx_word' id='word_1_25' title='bbox 3547 403 3690 457; x_wconf 67' lang='lat' dir='ltr'><strong>Mar-</strong></span> 
     </span>
    </p>
   </div>
   <div class='ocr_carea' id='block_1_5' title="bbox 408 496 1989 572">
    <p class='ocr_par' dir='ltr' id='par_1_5' title="bbox 408 496 1989 572">
     <span class='ocr_line' id='line_1_5' title="bbox 408 496 1989 572; baseline -0.003 -17"><span class='ocrx_word' id='word_1_26' title='bbox 408 516 517 556; x_wconf 85' lang='lat' dir='ltr'><strong>tam</strong></span> <span class='ocrx_word' id='word_1_27' title='bbox 551 503 807 572; x_wconf 74' lang='lat' dir='ltr'><strong>graphice</strong></span> <span class='ocrx_word' id='word_1_28' title='bbox 837 501 1126 572; x_wconf 87' lang='lat' dir='ltr'><strong>depingere</strong></span> <span class='ocrx_word' id='word_1_29' title='bbox 1157 497 1353 569; x_wconf 90' lang='lat' dir='ltr'><strong>potuit.</strong></span> <span class='ocrx_word' id='word_1_30' title='bbox 1382 496 1694 564; x_wconf 74' lang='lat' dir='ltr'><strong>Quinetiam</strong></span> <span class='ocrx_word' id='word_1_31' title='bbox 1733 497 1989 552; x_wconf 88' lang='lat' dir='ltr'><strong>Theodo-</strong></span> 
     </span>
    </p>
   </div>
   <div class='ocr_carea' id='block_1_6' title="bbox 409 589 1990 661">
    <p class='ocr_par' dir='ltr' id='par_1_6' title="bbox 409 589 1990 661">
     <span class='ocr_line' id='line_1_6' title="bbox 409 589 1990 661; baseline -0.006 -9"><span class='ocrx_word' id='word_1_32' title='bbox 409 598 576 652; x_wconf 86' lang='lat' dir='ltr'><strong>tionis</strong></span> <span class='ocrx_word' id='word_1_33' title='bbox 628 598 933 651; x_wconf 84' lang='lat' dir='ltr'><strong>versionem</strong></span> <span class='ocrx_word' id='word_1_34' title='bbox 993 601 1264 648; x_wconf 82' lang='lat' dir='ltr'><strong>memorat</strong></span> <span class='ocrx_word' id='word_1_35' title='bbox 1317 591 1413 646; x_wconf 93' lang='lat' dir='ltr'><strong>lib.</strong></span> <span class='ocrx_word' id='word_1_36' title='bbox 1473 608 1557 656; x_wconf 85' lang='grc' dir='ltr'>ιιι,</span> <span class='ocrx_word' id='word_1_37' title='bbox 1602 607 1723 660; x_wconf 88' lang='lat' dir='ltr'><strong>cap.</strong></span> <span class='ocrx_word' id='word_1_38' title='bbox 1761 590 1853 656; x_wconf 65' lang='grc' dir='ltr'><strong>ει,</strong></span> <span class='ocrx_word' id='word_1_39' title='bbox 1899 589 1990 661; x_wconf 90' lang='lat' dir='ltr'><strong>qui</strong></span> 
     </span>
    </p>
   </div>
   <div class='ocr_carea' id='block_1_7' title="bbox 410 683 1992 761">
    <p class='ocr_par' dir='ltr' id='par_1_7' title="bbox 410 683 1992 761">
     <span class='ocr_line' id='line_1_7' title="bbox 410 683 1992 761; baseline -0.003 -17"><span class='ocrx_word' id='word_1_40' title='bbox 410 691 588 760; x_wconf 92' lang='lat' dir='ltr'><strong>primo</strong></span> <span class='ocrx_word' id='word_1_41' title='bbox 637 692 702 743; x_wconf 75' lang='grc' dir='ltr'><strong>ἐκ</strong></span> <span class='ocrx_word' id='word_1_42' title='bbox 748 690 847 761; x_wconf 83' lang='grc' dir='ltr'><strong>τῆς</strong></span> <span class='ocrx_word' id='word_1_43' title='bbox 891 688 1142 759; x_wconf 85' lang='grc' dir='ltr'><strong>διαδοχῆς</strong></span> <span class='ocrx_word' id='word_1_44' title='bbox 1186 686 1512 759; x_wconf 81' lang='grc' dir='ltr'><strong>Μαρκίωνος</strong></span> <span class='ocrx_word' id='word_1_45' title='bbox 1546 691 1687 750; x_wconf 89' lang='lat' dir='ltr'><strong>erat,</strong></span> <span class='ocrx_word' id='word_1_46' title='bbox 1729 699 1761 739; x_wconf 92' lang='lat' dir='ltr'><strong>e</strong></span> <span class='ocrx_word' id='word_1_47' title='bbox 1795 683 1992 739; x_wconf 83' lang='lat' dir='ltr'><strong>castris</strong></span> 
     </span>
    </p>
   </div>
   <div class='ocr_carea' id='block_1_8' title="bbox 410 773 1991 847">
    <p class='ocr_par' dir='ltr' id='par_1_8' title="bbox 410 773 1991 847">
     <span class='ocr_line' id='line_1_8' title="bbox 410 773 1991 847; baseline -0.004 -11"><span class='ocrx_word' id='word_1_48' title='bbox 410 783 858 838; x_wconf 84' lang='lat' dir='ltr'><strong>Marcionitarum</strong></span> <span class='ocrx_word' id='word_1_49' title='bbox 918 785 985 836; x_wconf 90' lang='lat' dir='ltr'><strong>ad</strong></span> <span class='ocrx_word' id='word_1_50' title='bbox 1046 781 1339 835; x_wconf 67' lang='lat' dir='ltr'><strong>Ebionmos</strong></span> <span class='ocrx_word' id='word_1_51' title='bbox 1398 773 1716 847; x_wconf 78' lang='lat' dir='ltr'><strong>transfugit,</strong></span> <span class='ocrx_word' id='word_1_52' title='bbox 1762 786 1818 831; x_wconf 88' lang='lat' dir='ltr'><strong>et</strong></span> <span class='ocrx_word' id='word_1_53' title='bbox 1865 791 1991 831; x_wconf 90' lang='lat' dir='ltr'><strong>cum</strong></span> 
     </span>
    </p>
   </div>
   <div class='ocr_carea' id='block_1_9' title="bbox 407 869 1994 942">
    <p class='ocr_par' dir='ltr' id='par_1_9' title="bbox 407 869 1994 942">
     <span class='ocr_line' id='line_1_9' title="bbox 407 869 1994 942; baseline -0.004 -12"><span class='ocrx_word' id='word_1_54' title='bbox 407 876 770 930; x_wconf 87' lang='lat' dir='ltr'><strong>circumcisus</strong></span> <span class='ocrx_word' id='word_1_55' title='bbox 799 883 979 940; x_wconf 86' lang='lat' dir='ltr'><strong>esset,</strong></span> <span class='ocrx_word' id='word_1_56' title='bbox 1022 873 1267 942; x_wconf 81' lang='lat' dir='ltr'><strong>linguam</strong></span> <span class='ocrx_word' id='word_1_57' title='bbox 1299 869 1584 926; x_wconf 63' lang='lat' dir='ltr'><strong>Hebraeam</strong></span> <span class='ocrx_word' id='word_1_58' title='bbox 1616 869 1840 936; x_wconf 89' lang='lat' dir='ltr'><strong>didicit;</strong></span> <span class='ocrx_word' id='word_1_59' title='bbox 1871 885 1994 925; x_wconf 87' lang='lat' dir='ltr'><strong>ver-</strong></span> 
     </span>
    </p>
   </div>
   <div class='ocr_carea' id='block_1_10' title="bbox 408 963 1989 1030">
    <p class='ocr_par' dir='ltr' id='par_1_10' title="bbox 408 963 1989 1030">
     <span class='ocr_line' id='line_1_10' title="bbox 408 963 1989 1030; baseline -0.004 -8"><span class='ocrx_word' id='word_1_60' title='bbox 408 970 616 1022; x_wconf 85' lang='lat' dir='ltr'><strong>sionem</strong></span> <span class='ocrx_word' id='word_1_61' title='bbox 670 965 882 1022; x_wconf 79' lang='lat' dir='ltr'><strong>Veteris</strong></span> <span class='ocrx_word' id='word_1_62' title='bbox 922 964 1258 1020; x_wconf 89' lang='lat' dir='ltr'><strong>Testamenti</strong></span> <span class='ocrx_word' id='word_1_63' title='bbox 1291 964 1511 1019; x_wconf 89' lang='lat' dir='ltr'><strong>tandem</strong></span> <span class='ocrx_word' id='word_1_64' title='bbox 1547 963 1874 1029; x_wconf 82' lang='lat' dir='ltr'><strong>elaboravit,</strong></span> <span class='ocrx_word' id='word_1_65' title='bbox 1913 973 1989 1030; x_wconf 91' lang='lat' dir='ltr'><strong>et,</strong></span> 
     </span>
    </p>
   </div>
   <div class='ocr_carea' id='block_1_11' title="bbox 407 1055 1988 1129">
    <p class='ocr_par' dir='ltr' id='par_1_11' title="bbox 407 1055 1988 1129">
     <span class='ocr_line' id='line_1_11' title="bbox 407 1055 1988 1129; baseline -0.003 -13"><span class='ocrx_word' id='word_1_66' title='bbox 407 1069 543 1116; x_wconf 82' lang='lat' dir='ltr'><strong>teste</strong></span> <span class='ocrx_word' id='word_1_67' title='bbox 579 1057 911 1129; x_wconf 91' lang='lat' dir='ltr'><strong>Epiphanio,</strong></span> <span class='ocrx_word' id='word_1_68' title='bbox 942 1058 1047 1114; x_wconf 89' lang='lat' dir='ltr'><strong>sub</strong></span> <span class='ocrx_word' id='word_1_69' title='bbox 1091 1056 1397 1112; x_wconf 90' lang='lat' dir='ltr'><strong>Commodo</strong></span> <span class='ocrx_word' id='word_1_70' title='bbox 1435 1055 1770 1126; x_wconf 89' lang='lat' dir='ltr'><strong>imperatore</strong></span> <span class='ocrx_word' id='word_1_71' title='bbox 1799 1055 1988 1111; x_wconf 81' lang='lat' dir='ltr'><strong>edidit.</strong></span> 
     </span>
    </p>
   </div>
   <div class='ocr_carea' id='block_1_12' title="bbox 404 1147 1992 1222">
    <p class='ocr_par' dir='ltr' id='par_1_12' title="bbox 404 1147 1992 1222">
     <span class='ocr_line' id='line_1_12' title="bbox 404 1147 1992 1222; baseline -0.003 -15"><span class='ocrx_word' id='word_1_72' title='bbox 404 1152 622 1210; x_wconf 85' lang='lat' dir='ltr'><strong>Priores</strong></span> <span class='ocrx_word' id='word_1_73' title='bbox 683 1152 847 1222; x_wconf 92' lang='lat' dir='ltr'><strong>igitur</strong></span> <span class='ocrx_word' id='word_1_74' title='bbox 906 1159 1019 1205; x_wconf 89' lang='lat' dir='ltr'><strong>tres</strong></span> <span class='ocrx_word' id='word_1_75' title='bbox 1072 1150 1244 1204; x_wconf 90' lang='lat' dir='ltr'><strong>libros</strong></span> <span class='ocrx_word' id='word_1_76' title='bbox 1293 1148 1397 1204; x_wconf 89' lang='lat' dir='ltr'><strong>sub</strong></span> <span class='ocrx_word' id='word_1_77' title='bbox 1447 1147 1743 1203; x_wconf 89' lang='lat' dir='ltr'><strong>Eleuthero</strong></span> <span class='ocrx_word' id='word_1_78' title='bbox 1770 1148 1992 1218; x_wconf 87' lang='lat' dir='ltr'><strong>quidem</strong></span> 
     </span>
    </p>
   </div>
   <div class='ocr_carea' id='block_1_13' title="bbox 404 1240 1993 1315">
    <p class='ocr_par' dir='ltr' id='par_1_13' title="bbox 404 1240 1993 1315">
     <span class='ocr_line' id='line_1_13' title="bbox 404 1240 1993 1315; baseline -0.003 -14"><span class='ocrx_word' id='word_1_79' title='bbox 404 1246 639 1315; x_wconf 84' lang='lat' dir='ltr'><strong>scriptos</strong></span> <span class='ocrx_word' id='word_1_80' title='bbox 683 1250 922 1308; x_wconf 89' lang='lat' dir='ltr'><strong>constat,</strong></span> <span class='ocrx_word' id='word_1_81' title='bbox 963 1242 1059 1296; x_wconf 85' lang='lat' dir='ltr'><strong>sed</strong></span> <span class='ocrx_word' id='word_1_82' title='bbox 1108 1249 1364 1312; x_wconf 84' lang='lat' dir='ltr'><strong>vergente</strong></span> <span class='ocrx_word' id='word_1_83' title='bbox 1399 1240 1512 1310; x_wconf 92' lang='lat' dir='ltr'><strong>jam</strong></span> <span class='ocrx_word' id='word_1_84' title='bbox 1561 1241 1629 1296; x_wconf 89' lang='lat' dir='ltr'><strong>ad</strong></span> <span class='ocrx_word' id='word_1_85' title='bbox 1673 1240 1836 1294; x_wconf 90' lang='lat' dir='ltr'><strong>linem</strong></span> <span class='ocrx_word' id='word_1_86' title='bbox 1873 1240 1993 1310; x_wconf 84' lang='lat' dir='ltr'><strong>ejus</strong></span> 
     </span>
    </p>
   </div>
   <div class='ocr_carea' id='block_1_14' title="bbox 405 1333 1991 1408">
    <p class='ocr_par' dir='ltr' id='par_1_14' title="bbox 405 1333 1991 1408">
     <span class='ocr_line' id='line_1_14' title="bbox 405 1333 1991 1408; baseline -0.003 -16"><span class='ocrx_word' id='word_1_87' title='bbox 405 1340 758 1408; x_wconf 87' lang='lat' dir='ltr'><strong>pontilieatu;</strong></span> <span class='ocrx_word' id='word_1_88' title='bbox 784 1337 1023 1407; x_wconf 88' lang='lat' dir='ltr'><strong>reliquos</strong></span> <span class='ocrx_word' id='word_1_89' title='bbox 1039 1344 1135 1390; x_wconf 90' lang='lat' dir='ltr'><strong>aut</strong></span> <span class='ocrx_word' id='word_1_90' title='bbox 1164 1335 1268 1389; x_wconf 90' lang='lat' dir='ltr'><strong>sub</strong></span> <span class='ocrx_word' id='word_1_91' title='bbox 1289 1333 1585 1389; x_wconf 87' lang='lat' dir='ltr'><strong>Eleuthero</strong></span> <span class='ocrx_word' id='word_1_92' title='bbox 1601 1334 1715 1403; x_wconf 91' lang='lat' dir='ltr'><strong>jam</strong></span> <span class='ocrx_word' id='word_1_93' title='bbox 1740 1343 1991 1400; x_wconf 87' lang='lat' dir='ltr'><strong>exeunte,</strong></span> 
     </span>
    </p>
   </div>
   <div class='ocr_carea' id='block_1_15' title="bbox 405 1427 1625 1497">
    <p class='ocr_par' dir='ltr' id='par_1_15' title="bbox 405 1427 1625 1497">
     <span class='ocr_line' id='line_1_15' title="bbox 405 1427 1625 1497; baseline -0.006 -10"><span class='ocrx_word' id='word_1_94' title='bbox 405 1441 502 1487; x_wconf 88' lang='lat' dir='ltr'><strong>aut</strong></span> <span class='ocrx_word' id='word_1_95' title='bbox 555 1431 659 1488; x_wconf 90' lang='lat' dir='ltr'><strong>sub</strong></span> <span class='ocrx_word' id='word_1_96' title='bbox 685 1431 908 1485; x_wconf 91' lang='lat' dir='ltr'><strong>ineunte</strong></span> <span class='ocrx_word' id='word_1_97' title='bbox 934 1427 1150 1484; x_wconf 87' lang='lat' dir='ltr'><strong>Victore</strong></span> <span class='ocrx_word' id='word_1_98' title='bbox 1175 1435 1431 1482; x_wconf 84' lang='lat' dir='ltr'><strong>exaratos</strong></span> <span class='ocrx_word' id='word_1_99' title='bbox 1461 1435 1625 1497; x_wconf 91' lang='lat' dir='ltr'><strong>patet.</strong></span> 
     </span>
    </p>
   </div>
   <div class='ocr_carea' id='block_1_16' title="bbox 479 1516 1994 1590">
    <p class='ocr_par' dir='ltr' id='par_1_16' title="bbox 479 1516 1994 1590">
     <span class='ocr_line' id='line_1_16' title="bbox 479 1516 1994 1590; baseline -0.004 -12"><span class='ocrx_word' id='word_1_100' title='bbox 479 1523 663 1590; x_wconf 88' lang='lat' dir='ltr'><strong>Quare</strong></span> <span class='ocrx_word' id='word_1_101' title='bbox 717 1531 843 1576; x_wconf 90' lang='lat' dir='ltr'><strong>ante</strong></span> <span class='ocrx_word' id='word_1_102' title='bbox 896 1520 1162 1575; x_wconf 66' lang='lat' dir='ltr'><strong>Irenaeum</strong></span> <span class='ocrx_word' id='word_1_103' title='bbox 1227 1520 1498 1588; x_wconf 88' lang='lat' dir='ltr'><strong>scripsere</strong></span> <span class='ocrx_word' id='word_1_104' title='bbox 1533 1517 1637 1573; x_wconf 91' lang='lat' dir='ltr'><strong>viri</strong></span> <span class='ocrx_word' id='word_1_105' title='bbox 1668 1517 1723 1572; x_wconf 88' lang='lat' dir='ltr'><strong>in</strong></span> <span class='ocrx_word' id='word_1_106' title='bbox 1751 1516 1994 1574; x_wconf 85' lang='lat' dir='ltr'><strong>Ecclesia</strong></span> 
     </span>
    </p>
   </div>
   <div class='ocr_carea' id='block_1_17' title="bbox 407 1609 1993 1681">
    <p class='ocr_par' dir='ltr' id='par_1_17' title="bbox 407 1609 1993 1681">
     <span class='ocr_line' id='line_1_17' title="bbox 407 1609 1993 1681; baseline -0.003 -12"><span class='ocrx_word' id='word_1_107' title='bbox 407 1615 775 1678; x_wconf 84' lang='lat' dir='ltr'><strong>celeberrimi,</strong></span> <span class='ocrx_word' id='word_1_108' title='bbox 805 1613 1104 1670; x_wconf 86' lang='lat' dir='ltr'><strong>Barnabas.</strong></span> <span class='ocrx_word' id='word_1_109' title='bbox 1132 1612 1386 1666; x_wconf 88' lang='lat' dir='ltr'><strong>Clemens</strong></span> <span class='ocrx_word' id='word_1_110' title='bbox 1404 1652 1419 1677; x_wconf 94' lang='lat'><strong>,</strong></span> <span class='ocrx_word' id='word_1_111' title='bbox 1446 1609 1698 1675; x_wconf 83' lang='lat' dir='ltr'><strong>Hermas,</strong></span> <span class='ocrx_word' id='word_1_112' title='bbox 1726 1611 1993 1681; x_wconf 87' lang='lat' dir='ltr'><strong>Ignatius,</strong></span> 
     </span>
    </p>
   </div>
   <div class='ocr_carea' id='block_1_18' title="bbox 405 1703 1994 1780">
    <p class='ocr_par' dir='ltr' id='par_1_18' title="bbox 405 1703 1994 1780">
     <span class='ocr_line' id='line_1_18' title="bbox 405 1703 1994 1780; baseline -0.004 -17"><span class='ocrx_word' id='word_1_113' title='bbox 405 1708 766 1780; x_wconf 89' lang='lat' dir='ltr'><strong>Polycarpus,</strong></span> <span class='ocrx_word' id='word_1_114' title='bbox 790 1706 1011 1776; x_wconf 87' lang='lat' dir='ltr'><strong>Papias,</strong></span> <span class='ocrx_word' id='word_1_115' title='bbox 1043 1705 1379 1772; x_wconf 83' lang='lat' dir='ltr'><strong>Quadratus,</strong></span> <span class='ocrx_word' id='word_1_116' title='bbox 1411 1703 1702 1769; x_wconf 83' lang='lat' dir='ltr'><strong>Aristides,</strong></span> <span class='ocrx_word' id='word_1_117' title='bbox 1734 1703 1994 1773; x_wconf 77' lang='lat' dir='ltr'><strong>Agrippa,</strong></span> 
     </span>
    </p>
   </div>
   <div class='ocr_carea' id='block_1_19' title="bbox 405 1779 2074 1867">
    <p class='ocr_par' dir='ltr' id='par_1_19' title="bbox 405 1779 2074 1867">
     <span class='ocr_line' id='line_1_19' title="bbox 405 1779 2074 1867; baseline -0.005 -11"><span class='ocrx_word' id='word_1_118' title='bbox 405 1779 625 1866; x_wconf 78' lang='lat' dir='ltr'><strong>Castor,</strong></span> <span class='ocrx_word' id='word_1_119' title='bbox 664 1798 937 1865; x_wconf 75' lang='lat' dir='ltr'><strong>Justinus,</strong></span> <span class='ocrx_word' id='word_1_120' title='bbox 972 1796 1176 1864; x_wconf 86' lang='lat' dir='ltr'><strong>Melito,</strong></span> <span class='ocrx_word' id='word_1_121' title='bbox 1211 1797 1612 1867; x_wconf 88' lang='lat' dir='ltr'><strong>Athenagoras,</strong></span> <span class='ocrx_word' id='word_1_122' title='bbox 1637 1794 1996 1863; x_wconf 83' lang='lat' dir='ltr'><strong>Theophilus,</strong></span> <span class='ocrx_word' id='word_1_123' title='bbox 2033 1779 2074 1838; x_wconf 75' lang='grc' dir='ltr'>Β</span> 
     </span>
    </p>
   </div>
   <div class='ocr_carea' id='block_1_20' title="bbox 410 1887 1998 1964">
    <p class='ocr_par' dir='ltr' id='par_1_20' title="bbox 410 1887 1998 1964">
     <span class='ocr_line' id='line_1_20' title="bbox 410 1887 1998 1964; baseline -0.001 -20"><span class='ocrx_word' id='word_1_124' title='bbox 410 1891 702 1964; x_wconf 83' lang='lat' dir='ltr'><strong>Dionysius</strong></span> <span class='ocrx_word' id='word_1_125' title='bbox 742 1892 1180 1954; x_wconf 89' lang='lat' dir='ltr'><strong>Corinthiorum,</strong></span> <span class='ocrx_word' id='word_1_126' title='bbox 1214 1891 1610 1960; x_wconf 74' lang='lat' dir='ltr'><strong>Apollinarius,</strong></span> <span class='ocrx_word' id='word_1_127' title='bbox 1638 1887 1998 1959; x_wconf 87' lang='lat' dir='ltr'><strong>Hierapolita-</strong></span> 
     </span>
    </p>
   </div>
   <div class='ocr_carea' id='block_1_21' title="bbox 405 1980 1998 2054">
    <p class='ocr_par' dir='ltr' id='par_1_21' title="bbox 405 1980 1998 2054">
     <span class='ocr_line' id='line_1_21' title="bbox 405 1980 1998 2054; baseline -0.003 -16"><span class='ocrx_word' id='word_1_128' title='bbox 405 1999 527 2039; x_wconf 87' lang='lat' dir='ltr'><strong>rutn</strong></span> <span class='ocrx_word' id='word_1_129' title='bbox 597 1984 933 2054; x_wconf 89' lang='lat' dir='ltr'><strong>episcopus,</strong></span> <span class='ocrx_word' id='word_1_130' title='bbox 995 1993 1051 2038; x_wconf 89' lang='lat' dir='ltr'><strong>et</strong></span> <span class='ocrx_word' id='word_1_131' title='bbox 1107 1980 1483 2052; x_wconf 86' lang='lat' dir='ltr'><strong>Ilcgcsippus;</strong></span> <span class='ocrx_word' id='word_1_132' title='bbox 1542 1983 1786 2036; x_wconf 72' lang='lat' dir='ltr'><strong>Irentcus</strong></span> <span class='ocrx_word' id='word_1_133' title='bbox 1832 1982 1998 2052; x_wconf 80' lang='lat' dir='ltr'><strong>igitur</strong></span> 
     </span>
    </p>
   </div>
   <div class='ocr_carea' id='block_1_22' title="bbox 403 2075 1999 2143">
    <p class='ocr_par' dir='ltr' id='par_1_22' title="bbox 403 2075 1999 2143">
     <span class='ocr_line' id='line_1_22' title="bbox 403 2075 1999 2143; baseline -0.004 -11"><span class='ocrx_word' id='word_1_134' title='bbox 403 2079 642 2132; x_wconf 87' lang='lat' dir='ltr'><strong>omnium</strong></span> <span class='ocrx_word' id='word_1_135' title='bbox 692 2076 1065 2131; x_wconf 80' lang='lat' dir='ltr'><strong>doctrinarum</strong></span> <span class='ocrx_word' id='word_1_136' title='bbox 1121 2075 1519 2128; x_wconf 80' lang='lat' dir='ltr'><strong>curiosi’ssimus</strong></span> <span class='ocrx_word' id='word_1_137' title='bbox 1562 2075 1890 2143; x_wconf 77' lang='lat' dir='ltr'><strong>explorator,</strong></span> <span class='ocrx_word' id='word_1_138' title='bbox 1939 2081 1999 2126; x_wconf 88' lang='lat' dir='ltr'><strong>ut</strong></span> 
     </span>
    </p>
   </div>
   <div class='ocr_carea' id='block_1_23' title="bbox 401 2166 1994 2239">
    <p class='ocr_par' dir='ltr' id='par_1_23' title="bbox 401 2166 1994 2239">
     <span class='ocr_line' id='line_1_23' title="bbox 401 2166 1994 2239; baseline -0.004 -15"><span class='ocrx_word' id='word_1_139' title='bbox 401 2185 527 2224; x_wconf 89' lang='lat' dir='ltr'><strong>eum</strong></span> <span class='ocrx_word' id='word_1_140' title='bbox 571 2169 810 2239; x_wconf 86' lang='lat' dir='ltr'><strong>appellat</strong></span> <span class='ocrx_word' id='word_1_141' title='bbox 840 2167 1237 2233; x_wconf 88' lang='lat' dir='ltr'><strong>Tertullianus,</strong></span> <span class='ocrx_word' id='word_1_142' title='bbox 1270 2167 1472 2236; x_wconf 91' lang='lat' dir='ltr'><strong>scripta</strong></span> <span class='ocrx_word' id='word_1_143' title='bbox 1507 2167 1701 2220; x_wconf 90' lang='lat' dir='ltr'><strong>horum</strong></span> <span class='ocrx_word' id='word_1_144' title='bbox 1747 2166 1994 2220; x_wconf 92' lang='lat' dir='ltr'><strong>omnium</strong></span> 
     </span>
    </p>
   </div>
   <div class='ocr_carea' id='block_1_24' title="bbox 403 2259 1996 2331">
    <p class='ocr_par' dir='ltr' id='par_1_24' title="bbox 403 2259 1996 2331">
     <span class='ocr_line' id='line_1_24' title="bbox 403 2259 1996 2331; baseline -0.003 -16"><span class='ocrx_word' id='word_1_145' title='bbox 403 2262 611 2331; x_wconf 75' lang='lat' dir='ltr'><strong>optime</strong></span> <span class='ocrx_word' id='word_1_146' title='bbox 655 2261 839 2326; x_wconf 89' lang='lat' dir='ltr'><strong>novit;</strong></span> <span class='ocrx_word' id='word_1_147' title='bbox 873 2261 1090 2326; x_wconf 90' lang='lat' dir='ltr'><strong>saltem,</strong></span> <span class='ocrx_word' id='word_1_148' title='bbox 1123 2259 1323 2314; x_wconf 67' lang='lat' dir='ltr'><strong>Dallato</strong></span> <span class='ocrx_word' id='word_1_149' title='bbox 1362 2260 1585 2321; x_wconf 81' lang='lat' dir='ltr'><strong>fatente,</strong></span> <span class='ocrx_word' id='word_1_150' title='bbox 1614 2261 1733 2314; x_wconf 83' lang='lat' dir='ltr'><strong>sine</strong></span> <span class='ocrx_word' id='word_1_151' title='bbox 1756 2273 1869 2328; x_wconf 90' lang='lat' dir='ltr'><strong>quo</strong></span> <span class='ocrx_word' id='word_1_152' title='bbox 1901 2274 1996 2312; x_wconf 84' lang='lat' dir='ltr'><strong>ar—</strong></span> 
     </span>
    </p>
   </div>
   <div class='ocr_carea' id='block_1_25' title="bbox 402 2352 1998 2424">
    <p class='ocr_par' dir='ltr' id='par_1_25' title="bbox 402 2352 1998 2424">
     <span class='ocr_line' id='line_1_25' title="bbox 402 2352 1998 2424; baseline 0.003 -17"><span class='ocrx_word' id='word_1_153' title='bbox 402 2354 648 2423; x_wconf 88' lang='lat' dir='ltr'><strong>gumenti</strong></span> <span class='ocrx_word' id='word_1_154' title='bbox 700 2353 936 2424; x_wconf 84' lang='lat' dir='ltr'><strong>negativi</strong></span> <span class='ocrx_word' id='word_1_155' title='bbox 986 2352 1074 2408; x_wconf 89' lang='lat' dir='ltr'><strong>vis</strong></span> <span class='ocrx_word' id='word_1_156' title='bbox 1109 2353 1337 2406; x_wconf 91' lang='lat' dir='ltr'><strong>omnino</strong></span> <span class='ocrx_word' id='word_1_157' title='bbox 1366 2352 1535 2419; x_wconf 91' lang='lat' dir='ltr'><strong>nulla,</strong></span> <span class='ocrx_word' id='word_1_158' title='bbox 1556 2353 1662 2407; x_wconf 89' lang='lat' dir='ltr'><strong>hoc</strong></span> <span class='ocrx_word' id='word_1_159' title='bbox 1686 2367 1998 2422; x_wconf 89' lang='lat' dir='ltr'><strong>supponere</strong></span> 
     </span>
    </p>
   </div>
   <div class='ocr_carea' id='block_1_26' title="bbox 410 2449 1994 2528">
    <p class='ocr_par' dir='ltr' id='par_1_26' title="bbox 410 2449 1994 2528">
     <span class='ocr_line' id='line_1_26' title="bbox 410 2449 1994 2528; baseline 0.003 -27"><span class='ocrx_word' id='word_1_160' title='bbox 410 2449 538 2518; x_wconf 87' lang='lat' dir='ltr'><strong>jure</strong></span> <span class='ocrx_word' id='word_1_161' title='bbox 580 2465 900 2518; x_wconf 88' lang='lat' dir='ltr'><strong>possumus.</strong></span> <span class='ocrx_word' id='word_1_162' title='bbox 931 2449 1002 2503; x_wconf 90' lang='lat' dir='ltr'><strong>At</strong></span> <span class='ocrx_word' id='word_1_163' title='bbox 1031 2466 1098 2505; x_wconf 76' lang='lat' dir='ltr'><strong>ex</strong></span> <span class='ocrx_word' id='word_1_164' title='bbox 1122 2450 1208 2505; x_wconf 89' lang='lat' dir='ltr'><strong>his</strong></span> <span class='ocrx_word' id='word_1_165' title='bbox 1234 2450 1442 2519; x_wconf 81' lang='lat' dir='ltr'><strong>aliquot</strong></span> <span class='ocrx_word' id='word_1_166' title='bbox 1467 2451 1536 2528; x_wconf 82' lang='lat' dir='ltr'><strong>ab</strong></span> <span class='ocrx_word' id='word_1_167' title='bbox 1562 2452 1769 2506; x_wconf 74' lang='lat' dir='ltr'><strong>Ircnmo</strong></span> <span class='ocrx_word' id='word_1_168' title='bbox 1803 2452 1994 2508; x_wconf 89' lang='lat' dir='ltr'><strong>nullibi</strong></span> 
     </span>
    </p>
   </div>
   <div class='ocr_carea' id='block_1_27' title="bbox 405 2542 1991 2615">
    <p class='ocr_par' dir='ltr' id='par_1_27' title="bbox 405 2542 1991 2615">
     <span class='ocr_line' id='line_1_27' title="bbox 405 2542 1991 2615; baseline 0.004 -21"><span class='ocrx_word' id='word_1_169' title='bbox 405 2542 792 2607; x_wconf 88' lang='lat' dir='ltr'><strong>nominantur;</strong></span> <span class='ocrx_word' id='word_1_170' title='bbox 831 2543 997 2597; x_wconf 76' lang='lat' dir='ltr'><strong>nullae</strong></span> <span class='ocrx_word' id='word_1_171' title='bbox 1039 2557 1108 2597; x_wconf 83' lang='lat' dir='ltr'><strong>ex</strong></span> <span class='ocrx_word' id='word_1_172' title='bbox 1138 2542 1247 2598; x_wconf 83' lang='lat' dir='ltr'><strong>illis</strong></span> <span class='ocrx_word' id='word_1_173' title='bbox 1267 2544 1572 2598; x_wconf 66' lang='lat' dir='ltr'><strong>&#39;sententite</strong></span> <span class='ocrx_word' id='word_1_174' title='bbox 1600 2555 1991 2615; x_wconf 80' lang='lat' dir='ltr'><strong>cxcerpuntur,</strong></span> 
     </span>
    </p>
   </div>
   <div class='ocr_carea' id='block_1_28' title="bbox 403 2635 1992 2692">
    <p class='ocr_par' dir='ltr' id='par_1_28' title="bbox 403 2635 1992 2692">
     <span class='ocr_line' id='line_1_28' title="bbox 403 2635 1992 2692; baseline 0.002 -3"><span class='ocrx_word' id='word_1_175' title='bbox 403 2645 458 2690; x_wconf 89' lang='lat' dir='ltr'><strong>et</strong></span> <span class='ocrx_word' id='word_1_176' title='bbox 505 2636 571 2689; x_wconf 90' lang='lat' dir='ltr'><strong>ad</strong></span> <span class='ocrx_word' id='word_1_177' title='bbox 616 2635 992 2690; x_wconf 85' lang='lat' dir='ltr'><strong>testimonium</strong></span> <span class='ocrx_word' id='word_1_178' title='bbox 1053 2635 1317 2690; x_wconf 87' lang='lat' dir='ltr'><strong>adversus</strong></span> <span class='ocrx_word' id='word_1_179' title='bbox 1371 2635 1656 2690; x_wconf 64' lang='lat' dir='ltr'><strong>haereticos</strong></span> <span class='ocrx_word' id='word_1_180' title='bbox 1706 2635 1992 2692; x_wconf 80' lang='lat' dir='ltr'><strong>ferendum</strong></span> 
     </span>
    </p>
   </div>
   <div class='ocr_carea' id='block_1_29' title="bbox 405 2727 1992 2797">
    <p class='ocr_par' dir='ltr' id='par_1_29' title="bbox 405 2727 1992 2797">
     <span class='ocr_line' id='line_1_29' title="bbox 405 2727 1992 2797; baseline 0.001 -15"><span class='ocrx_word' id='word_1_181' title='bbox 405 2728 758 2783; x_wconf 78' lang='lat' dir='ltr'><strong>adhibentur.</strong></span> <span class='ocrx_word' id='word_1_182' title='bbox 817 2727 1020 2794; x_wconf 85' lang='lat' dir='ltr'><strong>Quales</strong></span> <span class='ocrx_word' id='word_1_183' title='bbox 1098 2739 1228 2783; x_wconf 90' lang='lat' dir='ltr'><strong>sunt</strong></span> <span class='ocrx_word' id='word_1_184' title='bbox 1291 2727 1595 2794; x_wconf 82' lang='lat' dir='ltr'><strong>Barnabas,</strong></span> <span class='ocrx_word' id='word_1_185' title='bbox 1655 2727 1992 2797; x_wconf 83' lang='lat' dir='ltr'><strong>Quadratus,</strong></span> 
     </span>
    </p>
   </div>
   <div class='ocr_carea' id='block_1_30' title="bbox 407 2821 1995 2893">
    <p class='ocr_par' dir='ltr' id='par_1_30' title="bbox 407 2821 1995 2893">
     <span class='ocr_line' id='line_1_30' title="bbox 407 2821 1995 2893; baseline 0.002 -18"><span class='ocrx_word' id='word_1_186' title='bbox 407 2821 698 2888; x_wconf 75' lang='lat' dir='ltr'><strong>Aristides,</strong></span> <span class='ocrx_word' id='word_1_187' title='bbox 742 2821 1004 2892; x_wconf 83' lang='lat' dir='ltr'><strong>Agrippa,</strong></span> <span class='ocrx_word' id='word_1_188' title='bbox 1031 2821 1236 2888; x_wconf 88' lang='lat' dir='ltr'><strong>Melito,</strong></span> <span class='ocrx_word' id='word_1_189' title='bbox 1268 2821 1671 2892; x_wconf 83' lang='lat' dir='ltr'><strong>Athenagoras,</strong></span> <span class='ocrx_word' id='word_1_190' title='bbox 1717 2822 1995 2893; x_wconf 89' lang='lat' dir='ltr'><strong>Theophi-</strong></span> 
     </span>
    </p>
   </div>
   <div class='ocr_carea' id='block_1_31' title="bbox 405 2912 1994 2985">
    <p class='ocr_par' dir='ltr' id='par_1_31' title="bbox 405 2912 1994 2985">
     <span class='ocr_line' id='line_1_31' title="bbox 405 2912 1994 2985; baseline 0.003 -18"><span class='ocrx_word' id='word_1_191' title='bbox 405 2915 512 2977; x_wconf 90' lang='lat' dir='ltr'><strong>lus,</strong></span> <span class='ocrx_word' id='word_1_192' title='bbox 550 2913 866 2984; x_wconf 81' lang='lat' dir='ltr'><strong>Dionysius,</strong></span> <span class='ocrx_word' id='word_1_193' title='bbox 911 2912 1250 2984; x_wconf 91' lang='lat' dir='ltr'><strong>Ilcgesippus</strong></span> <span class='ocrx_word' id='word_1_194' title='bbox 1305 2933 1317 2968; x_wconf 93' lang='lat'>:</span> <span class='ocrx_word' id='word_1_195' title='bbox 1365 2929 1596 2970; x_wconf 88' lang='lat' dir='ltr'><strong>numero</strong></span> <span class='ocrx_word' id='word_1_196' title='bbox 1634 2923 1783 2971; x_wconf 88' lang='lat' dir='ltr'><strong>certe</strong></span> <span class='ocrx_word' id='word_1_197' title='bbox 1809 2916 1994 2985; x_wconf 91' lang='lat' dir='ltr'><strong>plures</strong></span> 
     </span>
    </p>
   </div>
   <div class='ocr_carea' id='block_1_32' title="bbox 403 3006 1992 3076">
    <p class='ocr_par' dir='ltr' id='par_1_32' title="bbox 403 3006 1992 3076">
     <span class='ocr_line' id='line_1_32' title="bbox 403 3006 1992 3076; baseline 0.002 -16"><span class='ocrx_word' id='word_1_198' title='bbox 403 3023 569 3076; x_wconf 85' lang='lat' dir='ltr'><strong>quam</strong></span> <span class='ocrx_word' id='word_1_199' title='bbox 623 3006 718 3076; x_wconf 90' lang='lat' dir='ltr'><strong>qui</strong></span> <span class='ocrx_word' id='word_1_200' title='bbox 767 3008 838 3062; x_wconf 89' lang='lat' dir='ltr'><strong>ah</strong></span> <span class='ocrx_word' id='word_1_201' title='bbox 864 3021 930 3061; x_wconf 93' lang='lat' dir='ltr'><strong>eo</strong></span> <span class='ocrx_word' id='word_1_202' title='bbox 978 3007 1356 3061; x_wconf 88' lang='lat' dir='ltr'><strong>nominantur.</strong></span> <span class='ocrx_word' id='word_1_203' title='bbox 1387 3008 1470 3060; x_wconf 90' lang='lat' dir='ltr'><strong>An</strong></span> <span class='ocrx_word' id='word_1_204' title='bbox 1509 3007 1613 3061; x_wconf 81' lang='lat' dir='ltr'><strong>hos</strong></span> <span class='ocrx_word' id='word_1_205' title='bbox 1645 3023 1840 3063; x_wconf 89' lang='lat' dir='ltr'><strong>omnes</strong></span> <span class='ocrx_word' id='word_1_206' title='bbox 1871 3007 1992 3064; x_wconf 89' lang='lat' dir='ltr'><strong>ideo</strong></span> 
     </span>
    </p>
   </div>
   <div class='ocr_carea' id='block_1_33' title="bbox 404 3099 1991 3170">
    <p class='ocr_par' dir='ltr' id='par_1_33' title="bbox 404 3099 1991 3170">
     <span class='ocr_line' id='line_1_33' title="bbox 404 3099 1991 3170; baseline 0.001 -17"><span class='ocrx_word' id='word_1_207' title='bbox 404 3101 610 3154; x_wconf 64' lang='lat' dir='ltr'><strong>Irenaeo</strong></span> <span class='ocrx_word' id='word_1_208' title='bbox 668 3099 979 3169; x_wconf 86' lang='lat' dir='ltr'><strong>incognitos</strong></span> <span class='ocrx_word' id='word_1_209' title='bbox 1033 3099 1206 3154; x_wconf 84' lang='lat' dir='ltr'><strong>fuisse</strong></span> <span class='ocrx_word' id='word_1_210' title='bbox 1246 3100 1450 3164; x_wconf 86' lang='lat' dir='ltr'><strong>dicent,</strong></span> <span class='ocrx_word' id='word_1_211' title='bbox 1481 3101 1629 3170; x_wconf 89' lang='lat' dir='ltr'><strong>quod</strong></span> <span class='ocrx_word' id='word_1_212' title='bbox 1688 3102 1758 3156; x_wconf 85' lang='lat' dir='ltr'><strong>ab</strong></span> <span class='ocrx_word' id='word_1_213' title='bbox 1801 3101 1896 3155; x_wconf 89' lang='lat' dir='ltr'><strong>illo</strong></span> <span class='ocrx_word' id='word_1_214' title='bbox 1937 3101 1991 3155; x_wconf 86' lang='lat' dir='ltr'><strong>in</strong></span> 
     </span>
    </p>
   </div>
   <div class='ocr_carea' id='block_1_34' title="bbox 407 3182 1991 3263">
    <p class='ocr_par' dir='ltr' id='par_1_34' title="bbox 407 3182 1991 3263">
     <span class='ocr_line' id='line_1_34' title="bbox 407 3182 1991 3263; baseline 0.003 -18"><span class='ocrx_word' id='word_1_215' title='bbox 407 3193 562 3247; x_wconf 90' lang='lat' dir='ltr'><strong>libris</strong></span> <span class='ocrx_word' id='word_1_216' title='bbox 601 3182 744 3263; x_wconf 77' lang='lat' dir='ltr'><strong>quas</strong></span> <span class='ocrx_word' id='word_1_217' title='bbox 774 3209 923 3248; x_wconf 90' lang='lat' dir='ltr'><strong>nunc</strong></span> <span class='ocrx_word' id='word_1_218' title='bbox 951 3193 1241 3258; x_wconf 84' lang='lat' dir='ltr'><strong>habemus,</strong></span> <span class='ocrx_word' id='word_1_219' title='bbox 1278 3209 1405 3248; x_wconf 91' lang='lat' dir='ltr'><strong>cum</strong></span> <span class='ocrx_word' id='word_1_220' title='bbox 1465 3194 1650 3263; x_wconf 87' lang='lat' dir='ltr'><strong>plures</strong></span> <span class='ocrx_word' id='word_1_221' title='bbox 1707 3195 1991 3263; x_wconf 90' lang='lat' dir='ltr'><strong>perierint,</strong></span> 
     </span>
    </p>
   </div>
   <div class='ocr_carea' id='block_1_35' title="bbox 406 3269 1992 3351">
    <p class='ocr_par' dir='ltr' id='par_1_35' title="bbox 406 3269 1992 3351">
     <span class='ocr_line' id='line_1_35' title="bbox 406 3269 1992 3351; baseline 0.001 -13"><span class='ocrx_word' id='word_1_222' title='bbox 406 3301 516 3339; x_wconf 91' lang='lat' dir='ltr'><strong>non</strong></span> <span class='ocrx_word' id='word_1_223' title='bbox 551 3269 1089 3340; x_wconf 77' lang='lat' dir='ltr'><strong>commemorentur?</strong></span> <span class='ocrx_word' id='word_1_224' title='bbox 1128 3284 1432 3351; x_wconf 87' lang='lat' dir='ltr'><strong>Barnabas,</strong></span> <span class='ocrx_word' id='word_1_225' title='bbox 1461 3285 1726 3340; x_wconf 86' lang='lat' dir='ltr'><strong>Clementi</strong></span> <span class='ocrx_word' id='word_1_226' title='bbox 1755 3286 1992 3340; x_wconf 66' lang='lat' dir='ltr'><strong>Alexano</strong></span> 
     </span>
    </p>
   </div>
   <div class='ocr_carea' id='block_1_36' title="bbox 404 3375 1990 3447">
    <p class='ocr_par' dir='ltr' id='par_1_36' title="bbox 404 3375 1990 3447">
     <span class='ocr_line' id='line_1_36' title="bbox 404 3375 1990 3447; baseline 0.001 -18"><span class='ocrx_word' id='word_1_227' title='bbox 404 3377 565 3431; x_wconf 91' lang='lat' dir='ltr'><strong>drino</strong></span> <span class='ocrx_word' id='word_1_228' title='bbox 592 3392 734 3446; x_wconf 70' lang='lat' dir='ltr'><strong>saepe</strong></span> <span class='ocrx_word' id='word_1_229' title='bbox 760 3376 960 3434; x_wconf 81' lang='lat' dir='ltr'><strong>citatus</strong></span> <span class='ocrx_word' id='word_1_230' title='bbox 987 3385 1041 3430; x_wconf 93' lang='lat' dir='ltr'><strong>et</strong></span> <span class='ocrx_word' id='word_1_231' title='bbox 1062 3377 1393 3445; x_wconf 82' lang='lat' dir='ltr'><strong>exscriptus,</strong></span> <span class='ocrx_word' id='word_1_232' title='bbox 1410 3377 1601 3431; x_wconf 68' lang='lat' dir='ltr'><strong>Irentei</strong></span> <span class='ocrx_word' id='word_1_233' title='bbox 1627 3375 1952 3447; x_wconf 87' lang='lat' dir='ltr'><strong>Synchrono</strong></span> <span class='ocrx_word' id='word_1_234' title='bbox 1976 3394 1990 3431; x_wconf 91' lang='lat'><strong>:</strong></span> 
     </span>
    </p>
   </div>
   <div class='ocr_carea' id='block_1_37' title="bbox 407 3459 1994 3539">
    <p class='ocr_par' dir='ltr' id='par_1_37' title="bbox 407 3459 1994 3539">
     <span class='ocr_line' id='line_1_37' title="bbox 407 3459 1994 3539; baseline 0 -17"><span class='ocrx_word' id='word_1_235' title='bbox 407 3468 673 3534; x_wconf 88' lang='lat' dir='ltr'><strong>Quadrati</strong></span> <span class='ocrx_word' id='word_1_236' title='bbox 705 3459 777 3524; x_wconf 39' lang='lat' dir='ltr'><strong>&quot;et</strong></span> <span class='ocrx_word' id='word_1_237' title='bbox 815 3467 1075 3523; x_wconf 80' lang='lat' dir='ltr'><strong>Aristidis</strong></span> <span class='ocrx_word' id='word_1_238' title='bbox 1129 3469 1395 3539; x_wconf 79' lang='lat' dir='ltr'><strong>apologiae</strong></span> <span class='ocrx_word' id='word_1_239' title='bbox 1448 3469 1772 3533; x_wconf 58' lang='lat' dir='ltr'><strong>notissimae,</strong></span> <span class='ocrx_word' id='word_1_240' title='bbox 1817 3469 1994 3523; x_wconf 86' lang='lat' dir='ltr'><strong>omni-</strong></span> 
     </span>
    </p>
   </div>
   <div class='ocr_carea' id='block_1_38' title="bbox 407 3559 1994 3632">
    <p class='ocr_par' dir='ltr' id='par_1_38' title="bbox 407 3559 1994 3632">
     <span class='ocr_line' id='line_1_38' title="bbox 407 3559 1994 3632; baseline 0.001 -18"><span class='ocrx_word' id='word_1_241' title='bbox 407 3560 621 3629; x_wconf 89' lang='lat' dir='ltr'><strong>busque</strong></span> <span class='ocrx_word' id='word_1_242' title='bbox 691 3559 1056 3626; x_wconf 54' lang='lat' dir='ltr'><strong>charissima,</strong></span> <span class='ocrx_word' id='word_1_243' title='bbox 1136 3561 1288 3628; x_wconf 90' lang='lat' dir='ltr'><strong>quod</strong></span> <span class='ocrx_word' id='word_1_244' title='bbox 1359 3559 1605 3614; x_wconf 83' lang='lat' dir='ltr'><strong>Adriano</strong></span> <span class='ocrx_word' id='word_1_245' title='bbox 1677 3560 1994 3632; x_wconf 85' lang='lat' dir='ltr'><strong>imperatori</strong></span> 
     </span>
    </p>
   </div>
   <div class='ocr_carea' id='block_1_39' title="bbox 405 3651 1996 3724">
    <p class='ocr_par' dir='ltr' id='par_1_39' title="bbox 405 3651 1996 3724">
     <span class='ocr_line' id='line_1_39' title="bbox 405 3651 1996 3724; baseline 0.001 -18"><span class='ocrx_word' id='word_1_246' title='bbox 405 3652 602 3706; x_wconf 78' lang='lat' dir='ltr'><strong>oblata:</strong></span> <span class='ocrx_word' id='word_1_247' title='bbox 635 3651 1075 3722; x_wconf 89' lang='lat' dir='ltr'><strong>persecutionem</strong></span> <span class='ocrx_word' id='word_1_248' title='bbox 1120 3652 1495 3706; x_wconf 73' lang='lat' dir='ltr'><strong>restinxerint.</strong></span> <span class='ocrx_word' id='word_1_249' title='bbox 1523 3652 1762 3724; x_wconf 85' lang='lat' dir='ltr'><strong>Agrippa</strong></span> <span class='ocrx_word' id='word_1_250' title='bbox 1800 3652 1996 3708; x_wconf 89' lang='lat' dir='ltr'><strong>Castor</strong></span> 
     </span>
    </p>
   </div>
   <div class='ocr_carea' id='block_1_40' title="bbox 407 3741 1996 3815">
    <p class='ocr_par' dir='ltr' id='par_1_40' title="bbox 407 3741 1996 3815">
     <span class='ocr_line' id='line_1_40' title="bbox 407 3741 1996 3815; baseline -0.001 -18"><span class='ocrx_word' id='word_1_251' title='bbox 407 3744 646 3798; x_wconf 87' lang='lat' dir='ltr'><strong>Eusebio</strong></span> <span class='ocrx_word' id='word_1_252' title='bbox 675 3741 1103 3814; x_wconf 81' lang='grc' dir='ltr'><strong>γνωριμώτατος</strong></span> <span class='ocrx_word' id='word_1_253' title='bbox 1137 3744 1508 3815; x_wconf 80' lang='grc' dir='ltr'><strong>συγγραφεύς,</strong></span> <span class='ocrx_word' id='word_1_254' title='bbox 1534 3742 1869 3815; x_wconf 83' lang='lat' dir='ltr'><strong>Hieronymo</strong></span> <span class='ocrx_word' id='word_1_255' title='bbox 1914 3744 1996 3798; x_wconf 80' lang='lat' dir='ltr'><strong>vir</strong></span> 
     </span>
    </p>
   </div>
   <div class='ocr_carea' id='block_1_41' title="bbox 406 3829 1994 3904">
    <p class='ocr_par' dir='ltr' id='par_1_41' title="bbox 406 3829 1994 3904">
     <span class='ocr_line' id='line_1_41' title="bbox 406 3829 1994 3904; baseline -0.001 -16"><span class='ocrx_word' id='word_1_256' title='bbox 406 3835 558 3888; x_wconf 75' lang='lat' dir='ltr'><strong>valde</strong></span> <span class='ocrx_word' id='word_1_257' title='bbox 614 3833 822 3888; x_wconf 76' lang='lat' dir='ltr'><strong>doctus.</strong></span> <span class='ocrx_word' id='word_1_258' title='bbox 872 3829 1168 3888; x_wconf 82' lang='lat' dir='ltr'><strong>Melitionis</strong></span> <span class='ocrx_word' id='word_1_259' title='bbox 1207 3834 1418 3904; x_wconf 79' lang='lat' dir='ltr'><strong>elegans</strong></span> <span class='ocrx_word' id='word_1_260' title='bbox 1463 3845 1512 3889; x_wconf 84' lang='lat' dir='ltr'><strong>et</strong></span> <span class='ocrx_word' id='word_1_261' title='bbox 1551 3835 1994 3889; x_wconf 84' lang='lat' dir='ltr'><strong>declamatorium</strong></span> 
     </span>
    </p>
   </div>
   <div class='ocr_carea' id='block_1_42' title="bbox 406 3923 1994 3996">
    <p class='ocr_par' dir='ltr' id='par_1_42' title="bbox 406 3923 1994 3996">
     <span class='ocr_line' id='line_1_42' title="bbox 406 3923 1994 3996; baseline -0.001 -17"><span class='ocrx_word' id='word_1_262' title='bbox 406 3927 675 3996; x_wconf 75' lang='lat' dir='ltr'><strong>ingenium</strong></span> <span class='ocrx_word' id='word_1_263' title='bbox 709 3925 952 3980; x_wconf 87' lang='lat' dir='ltr'><strong>laudavit</strong></span> <span class='ocrx_word' id='word_1_264' title='bbox 990 3923 1366 3978; x_wconf 87' lang='lat' dir='ltr'><strong>Tertulliauus</strong></span> <span class='ocrx_word' id='word_1_265' title='bbox 1401 3943 1414 3979; x_wconf 90' lang='lat'><strong>:</strong></span> <span class='ocrx_word' id='word_1_266' title='bbox 1450 3923 1748 3995; x_wconf 88' lang='lat' dir='ltr'><strong>Dionysius</strong></span> <span class='ocrx_word' id='word_1_267' title='bbox 1786 3939 1994 3995; x_wconf 62' lang='lat' dir='ltr'><strong>magna:</strong></span> 
     </span>
    </p>
   </div>
   <div class='ocr_carea' id='block_1_43' title="bbox 408 4014 1994 4087">
    <p class='ocr_par' dir='ltr' id='par_1_43' title="bbox 408 4014 1994 4087">
     <span class='ocr_line' id='line_1_43' title="bbox 408 4014 1994 4087; baseline -0.002 -16"><span class='ocrx_word' id='word_1_268' title='bbox 408 4017 722 4087; x_wconf 74' lang='lat' dir='ltr'><strong>eloquentia:</strong></span> <span class='ocrx_word' id='word_1_269' title='bbox 766 4017 890 4085; x_wconf 73' lang='lat' dir='ltr'><strong>fuit.</strong></span> <span class='ocrx_word' id='word_1_270' title='bbox 933 4014 1272 4085; x_wconf 85' lang='lat' dir='ltr'><strong>Hcgesippus</strong></span> <span class='ocrx_word' id='word_1_271' title='bbox 1318 4016 1524 4068; x_wconf 80' lang='lat' dir='ltr'><strong>uicinus</strong></span> <span class='ocrx_word' id='word_1_272' title='bbox 1577 4014 1994 4084; x_wconf 80' lang='lat' dir='ltr'><strong>apostolicorum</strong></span> 
     </span>
    </p>
   </div>
   <div class='ocr_carea' id='block_1_44' title="bbox 411 4105 1990 4181">
    <p class='ocr_par' dir='ltr' id='par_1_44' title="bbox 411 4105 1990 4181">
     <span class='ocr_line' id='line_1_44' title="bbox 411 4105 1990 4181; baseline -0.002 -17"><span class='ocrx_word' id='word_1_273' title='bbox 411 4123 726 4181; x_wconf 81' lang='lat' dir='ltr'><strong>temporum,</strong></span> <span class='ocrx_word' id='word_1_274' title='bbox 760 4118 896 4165; x_wconf 86' lang='lat' dir='ltr'><strong>teste</strong></span> <span class='ocrx_word' id='word_1_275' title='bbox 944 4108 1297 4179; x_wconf 88' lang='lat' dir='ltr'><strong>Hieronymo.</strong></span> <span class='ocrx_word' id='word_1_276' title='bbox 1326 4105 1638 4176; x_wconf 87' lang='lat' dir='ltr'><strong>Scriptores</strong></span> <span class='ocrx_word' id='word_1_277' title='bbox 1668 4107 1838 4178; x_wconf 87' lang='lat' dir='ltr'><strong>igitur</strong></span> <span class='ocrx_word' id='word_1_278' title='bbox 1881 4117 1990 4162; x_wconf 89' lang='lat' dir='ltr'><strong>tam</strong></span> 
     </span>
    </p>
   </div>
   <div class='ocr_carea' id='block_1_45' title="bbox 408 4200 1990 4275">
    <p class='ocr_par' dir='ltr' id='par_1_45' title="bbox 408 4200 1990 4275">
     <span class='ocr_line' id='line_1_45' title="bbox 408 4200 1990 4275; baseline -0.001 -20"><span class='ocrx_word' id='word_1_279' title='bbox 408 4205 703 4275; x_wconf 63' lang='lat' dir='ltr'><strong>praeclaros</strong></span> <span class='ocrx_word' id='word_1_280' title='bbox 730 4205 984 4274; x_wconf 87' lang='lat' dir='ltr'><strong>ignorare</strong></span> <span class='ocrx_word' id='word_1_281' title='bbox 1007 4217 1115 4255; x_wconf 90' lang='lat' dir='ltr'><strong>non</strong></span> <span class='ocrx_word' id='word_1_282' title='bbox 1138 4201 1312 4270; x_wconf 87' lang='lat' dir='ltr'><strong>potuit</strong></span> <span class='ocrx_word' id='word_1_283' title='bbox 1333 4202 1607 4265; x_wconf 74' lang='lat' dir='ltr'><strong>Ireuzeus;</strong></span> <span class='ocrx_word' id='word_1_284' title='bbox 1631 4215 1802 4270; x_wconf 89' lang='lat' dir='ltr'><strong>quare</strong></span> <span class='ocrx_word' id='word_1_285' title='bbox 1827 4200 1990 4254; x_wconf 90' lang='lat' dir='ltr'><strong>iidem</strong></span> 
     </span>
    </p>
   </div>
   <div class='ocr_carea' id='block_1_46' title="bbox 407 4291 2036 4362">
    <p class='ocr_par' dir='ltr' id='par_1_46' title="bbox 407 4291 2036 4362">
     <span class='ocr_line' id='line_1_46' title="bbox 407 4291 2036 4362; baseline -0.001 -13"><span class='ocrx_word' id='word_1_286' title='bbox 407 4311 510 4350; x_wconf 90' lang='lat' dir='ltr'><strong>nec</strong></span> <span class='ocrx_word' id='word_1_287' title='bbox 563 4294 829 4348; x_wconf 90' lang='lat' dir='ltr'><strong>nominati</strong></span> <span class='ocrx_word' id='word_1_288' title='bbox 884 4309 984 4348; x_wconf 91' lang='lat' dir='ltr'><strong>nec</strong></span> <span class='ocrx_word' id='word_1_289' title='bbox 1032 4292 1201 4362; x_wconf 83' lang='lat' dir='ltr'><strong>ignoti</strong></span> <span class='ocrx_word' id='word_1_290' title='bbox 1232 4291 1480 4352; x_wconf 82' lang='lat' dir='ltr'><strong>iuere,et</strong></span> <span class='ocrx_word' id='word_1_291' title='bbox 1506 4306 1790 4360; x_wconf 88' lang='lat' dir='ltr'><strong>perperam</strong></span> <span class='ocrx_word' id='word_1_292' title='bbox 1833 4293 1994 4360; x_wconf 87' lang='lat' dir='ltr'><strong>plane</strong></span> <span class='ocrx_word' id='word_1_293' title='bbox 2034 4295 2036 4297; x_wconf 72' lang='grc'><em>’</em></span> 
     </span>
    </p>
   </div>
   <div class='ocr_carea' id='block_1_47' title="bbox 409 4383 1989 4454">
    <p class='ocr_par' dir='ltr' id='par_1_47' title="bbox 409 4383 1989 4454">
     <span class='ocr_line' id='line_1_47' title="bbox 409 4383 1989 4454; baseline -0.001 -14"><span class='ocrx_word' id='word_1_294' title='bbox 409 4386 665 4450; x_wconf 81' lang='lat' dir='ltr'><strong>infertur,</strong></span> <span class='ocrx_word' id='word_1_295' title='bbox 697 4385 935 4454; x_wconf 87' lang='lat' dir='ltr'><strong>aliquem</strong></span> <span class='ocrx_word' id='word_1_296' title='bbox 984 4383 1158 4438; x_wconf 81' lang='lat' dir='ltr'><strong>fuisse</strong></span> <span class='ocrx_word' id='word_1_297' title='bbox 1205 4384 1412 4437; x_wconf 63' lang='lat' dir='ltr'><strong>Irenaeo</strong></span> <span class='ocrx_word' id='word_1_298' title='bbox 1463 4383 1682 4451; x_wconf 87' lang='lat' dir='ltr'><strong>penitus</strong></span> <span class='ocrx_word' id='word_1_299' title='bbox 1720 4383 1989 4453; x_wconf 79' lang='lat' dir='ltr'><strong>ignotum,</strong></span> 
     </span>
    </p>
   </div>
   <div class='ocr_carea' id='block_1_48' title="bbox 2021 3151 2067 3211">
    <p class='ocr_par' dir='ltr' id='par_1_48' title="bbox 2021 3151 2067 3211">
     <span class='ocr_line' id='line_1_48' title="bbox 2021 3151 2067 3211; baseline 0 0"><span class='ocrx_word' id='word_1_300' title='bbox 2021 3151 2067 3211; x_wconf 79' lang='grc' dir='ltr'><strong>ο</strong></span> 
     </span>
    </p>
   </div>
   <div class='ocr_carea' id='block_1_49' title="bbox 2095 494 3691 566">
    <p class='ocr_par' dir='ltr' id='par_1_49' title="bbox 2095 494 3691 566">
     <span class='ocr_line' id='line_1_49' title="bbox 2095 494 3691 566; baseline -0.001 -17"><span class='ocrx_word' id='word_1_301' title='bbox 2095 495 2256 550; x_wconf 90' lang='lat' dir='ltr'><strong>cione</strong></span> <span class='ocrx_word' id='word_1_302' title='bbox 2285 495 2647 558; x_wconf 88' lang='lat' dir='ltr'><strong>dicebautur;</strong></span> <span class='ocrx_word' id='word_1_303' title='bbox 2677 494 2848 549; x_wconf 89' lang='lat' dir='ltr'><strong>multa</strong></span> <span class='ocrx_word' id='word_1_304' title='bbox 2885 511 3008 565; x_wconf 70' lang='lat' dir='ltr'><strong>qua:</strong></span> <span class='ocrx_word' id='word_1_305' title='bbox 3035 495 3100 550; x_wconf 88' lang='lat' dir='ltr'><strong>ad</strong></span> <span class='ocrx_word' id='word_1_306' title='bbox 3128 511 3283 551; x_wconf 88' lang='lat' dir='ltr'><strong>suam</strong></span> <span class='ocrx_word' id='word_1_307' title='bbox 3316 495 3526 564; x_wconf 79' lang='grc' dir='ltr'>γνῶσιν</span> <span class='ocrx_word' id='word_1_308' title='bbox 3554 511 3691 566; x_wconf 77' lang='lat' dir='ltr'><strong>gno-</strong></span> 
     </span>
    </p>
   </div>
   <div class='ocr_carea' id='block_1_50' title="bbox 2095 587 3691 656">
    <p class='ocr_par' dir='ltr' id='par_1_50' title="bbox 2095 587 3691 656">
     <span class='ocr_line' id='line_1_50' title="bbox 2095 587 3691 656; baseline -0.001 -14"><span class='ocrx_word' id='word_1_309' title='bbox 2095 587 2409 656; x_wconf 88' lang='lat' dir='ltr'><strong>sticumque</strong></span> <span class='ocrx_word' id='word_1_310' title='bbox 2431 588 2685 643; x_wconf 86' lang='lat' dir='ltr'><strong>trahebat</strong></span> <span class='ocrx_word' id='word_1_311' title='bbox 2705 588 2960 652; x_wconf 79' lang='lat' dir='ltr'><strong>Clemens</strong></span> <span class='ocrx_word' id='word_1_312' title='bbox 2983 587 3396 644; x_wconf 79' lang='lat' dir='ltr'><strong>Alexandrinus</strong></span> <span class='ocrx_word' id='word_1_313' title='bbox 3423 588 3691 643; x_wconf 82' lang='lat' dir='ltr'><strong>adversus</strong></span> 
     </span>
    </p>
   </div>
   <div class='ocr_carea' id='block_1_51' title="bbox 2094 671 3692 753">
    <p class='ocr_par' dir='ltr' id='par_1_51' title="bbox 2094 671 3692 753">
     <span class='ocr_line' id='line_1_51' title="bbox 2094 671 3692 753; baseline 0 -19"><span class='ocrx_word' id='word_1_314' title='bbox 2094 671 2217 735; x_wconf 88' lang='lat' dir='ltr'><strong>illos</strong></span> <span class='ocrx_word' id='word_1_315' title='bbox 2265 681 2359 750; x_wconf 90' lang='lat' dir='ltr'><strong>qui</strong></span> <span class='ocrx_word' id='word_1_316' title='bbox 2408 681 2516 735; x_wconf 84' lang='grc' dir='ltr'><strong>ἀπὺ</strong></span> <span class='ocrx_word' id='word_1_317' title='bbox 2559 679 2920 753; x_wconf 78' lang='grc' dir='ltr'><strong>ψευδωνύμου</strong></span> <span class='ocrx_word' id='word_1_318' title='bbox 2967 680 3222 750; x_wconf 81' lang='grc' dir='ltr'>γνώσεως</span> <span class='ocrx_word' id='word_1_319' title='bbox 3266 682 3510 752; x_wconf 85' lang='lat' dir='ltr'><strong>gnostici</strong></span> <span class='ocrx_word' id='word_1_320' title='bbox 3545 681 3692 735; x_wconf 77' lang='lat' dir='ltr'><strong>dioe-</strong></span> 
     </span>
    </p>
   </div>
   <div class='ocr_carea' id='block_1_52' title="bbox 2096 773 3688 845">
    <p class='ocr_par' dir='ltr' id='par_1_52' title="bbox 2096 773 3688 845">
     <span class='ocr_line' id='line_1_52' title="bbox 2096 773 3688 845; baseline 0.002 -20"><span class='ocrx_word' id='word_1_321' title='bbox 2096 773 2315 828; x_wconf 89' lang='lat' dir='ltr'><strong>bantur.</strong></span> <span class='ocrx_word' id='word_1_322' title='bbox 2345 773 2660 840; x_wconf 89' lang='lat' dir='ltr'><strong>Quadratus</strong></span> <span class='ocrx_word' id='word_1_323' title='bbox 2687 773 2935 828; x_wconf 85' lang='lat' dir='ltr'><strong>Adriano</strong></span> <span class='ocrx_word' id='word_1_324' title='bbox 2965 774 3210 844; x_wconf 79' lang='lat' dir='ltr'><strong>porrexit</strong></span> <span class='ocrx_word' id='word_1_325' title='bbox 3238 775 3447 829; x_wconf 89' lang='lat' dir='ltr'><strong>librum</strong></span> <span class='ocrx_word' id='word_1_326' title='bbox 3476 790 3584 845; x_wconf 88' lang='lat' dir='ltr'><strong>pro</strong></span> <span class='ocrx_word' id='word_1_327' title='bbox 3611 789 3688 828; x_wconf 83' lang='lat' dir='ltr'><strong>re-</strong></span> 
     </span>
    </p>
   </div>
   <div class='ocr_carea' id='block_1_53' title="bbox 2094 859 3676 937">
    <p class='ocr_par' dir='ltr' id='par_1_53' title="bbox 2094 859 3676 937">
     <span class='ocr_line' id='line_1_53' title="bbox 2094 859 3676 937; baseline -0.001 -17"><span class='ocrx_word' id='word_1_328' title='bbox 2094 866 2295 937; x_wconf 90' lang='lat' dir='ltr'><strong>ligione</strong></span> <span class='ocrx_word' id='word_1_329' title='bbox 2321 877 2508 921; x_wconf 88' lang='lat' dir='ltr'><strong>nostra</strong></span> <span class='ocrx_word' id='word_1_330' title='bbox 2530 865 2918 936; x_wconf 88' lang='lat' dir='ltr'><strong>compositum,</strong></span> <span class='ocrx_word' id='word_1_331' title='bbox 2944 864 3004 930; x_wconf 79' lang='grc' dir='ltr'>ἐξ</span> <span class='ocrx_word' id='word_1_332' title='bbox 3023 859 3084 919; x_wconf 76' lang='grc' dir='ltr'>οὗ</span> <span class='ocrx_word' id='word_1_333' title='bbox 3107 865 3343 920; x_wconf 82' lang='grc' dir='ltr'><strong>κατιδεῖν</strong></span> <span class='ocrx_word' id='word_1_334' title='bbox 3372 866 3533 919; x_wconf 79' lang='grc' dir='ltr'><strong>ἔστιν</strong></span> <span class='ocrx_word' id='word_1_335' title='bbox 3559 865 3676 936; x_wconf 75' lang='grc' dir='ltr'><strong>λαμ</strong></span> 
     </span>
    </p>
   </div>
   <div class='ocr_carea' id='block_1_54' title="bbox 2095 957 3687 1030">
    <p class='ocr_par' dir='ltr' id='par_1_54' title="bbox 2095 957 3687 1030">
     <span class='ocr_line' id='line_1_54' title="bbox 2095 957 3687 1030; baseline -0.001 -19"><span class='ocrx_word' id='word_1_336' title='bbox 2095 957 2211 1030; x_wconf 68' lang='grc' dir='ltr'><strong>ιπρὰ</strong></span> <span class='ocrx_word' id='word_1_337' title='bbox 2247 959 2524 1030; x_wconf 82' lang='grc' dir='ltr'><strong>τεκμήρια</strong></span> <span class='ocrx_word' id='word_1_338' title='bbox 2552 957 2653 1029; x_wconf 81' lang='grc' dir='ltr'><strong>τῆς</strong></span> <span class='ocrx_word' id='word_1_339' title='bbox 2681 975 2741 1011; x_wconf 85' lang='grc' dir='ltr'>τε</span> <span class='ocrx_word' id='word_1_340' title='bbox 2780 957 2876 1011; x_wconf 81' lang='grc' dir='ltr'><strong>τοῦ</strong></span> <span class='ocrx_word' id='word_1_341' title='bbox 2910 959 3102 1030; x_wconf 82' lang='grc' dir='ltr'>ἀνδρὸς</span> <span class='ocrx_word' id='word_1_342' title='bbox 3132 959 3396 1024; x_wconf 76' lang='grc' dir='ltr'>διανοίας,</span> <span class='ocrx_word' id='word_1_343' title='bbox 3433 957 3532 1011; x_wconf 72' lang='grc' dir='ltr'><strong>καὶ</strong></span> <span class='ocrx_word' id='word_1_344' title='bbox 3566 958 3687 1011; x_wconf 65' lang='grc' dir='ltr'><strong>ἀπ’)</strong></span> 
     </span>
    </p>
   </div>
   <div class='ocr_carea' id='block_1_55' title="bbox 2097 1049 3695 1121">
    <p class='ocr_par' dir='ltr' id='par_1_55' title="bbox 2097 1049 3695 1121">
     <span class='ocr_line' id='line_1_55' title="bbox 2097 1049 3695 1121; baseline -0.002 -16"><span class='ocrx_word' id='word_1_345' title='bbox 2097 1050 2352 1119; x_wconf 75' lang='grc' dir='ltr'><strong>πολικῆς</strong></span> <span class='ocrx_word' id='word_1_346' title='bbox 2393 1049 2734 1121; x_wconf 77' lang='grc' dir='ltr'>ὀρθοτομίας,</span> <span class='ocrx_word' id='word_1_347' title='bbox 2768 1057 2829 1104; x_wconf 92' lang='lat' dir='ltr'><strong>ut</strong></span> <span class='ocrx_word' id='word_1_348' title='bbox 2868 1050 3116 1121; x_wconf 90' lang='lat' dir='ltr'><strong>loquitur</strong></span> <span class='ocrx_word' id='word_1_349' title='bbox 3153 1050 3460 1116; x_wconf 84' lang='lat' dir='ltr'><strong>Eusebius,</strong></span> <span class='ocrx_word' id='word_1_350' title='bbox 3495 1049 3695 1104; x_wconf 69' lang='lat' dir='ltr'><strong>librant</strong></span> 
     </span>
    </p>
   </div>
   <div class='ocr_carea' id='block_1_56' title="bbox 2095 1141 3696 1212">
    <p class='ocr_par' dir='ltr' id='par_1_56' title="bbox 2095 1141 3696 1212">
     <span class='ocr_line' id='line_1_56' title="bbox 2095 1141 3696 1212; baseline -0.003 -15"><span class='ocrx_word' id='word_1_351' title='bbox 2095 1141 2247 1197; x_wconf 83' lang='lat' dir='ltr'><strong>valde</strong></span> <span class='ocrx_word' id='word_1_352' title='bbox 2278 1141 2462 1195; x_wconf 78' lang='lat' dir='ltr'><strong>utilem</strong></span> <span class='ocrx_word' id='word_1_353' title='bbox 2486 1141 2798 1212; x_wconf 83' lang='lat' dir='ltr'><strong>plenumque</strong></span> <span class='ocrx_word' id='word_1_354' title='bbox 2826 1142 3050 1196; x_wconf 84' lang='lat' dir='ltr'><strong>rationis</strong></span> <span class='ocrx_word' id='word_1_355' title='bbox 3074 1154 3121 1197; x_wconf 88' lang='lat' dir='ltr'><strong>et</strong></span> <span class='ocrx_word' id='word_1_356' title='bbox 3146 1142 3294 1210; x_wconf 78' lang='lat' dir='ltr'><strong>ﬁdei,</strong></span> <span class='ocrx_word' id='word_1_357' title='bbox 3311 1150 3361 1196; x_wconf 87' lang='lat' dir='ltr'><strong>et</strong></span> <span class='ocrx_word' id='word_1_358' title='bbox 3391 1142 3696 1212; x_wconf 80' lang='lat' dir='ltr'><strong>apostolica</strong></span> 
     </span>
    </p>
   </div>
   <div class='ocr_carea' id='block_1_57' title="bbox 2095 1235 3694 1314">
    <p class='ocr_par' dir='ltr' id='par_1_57' title="bbox 2095 1235 3694 1314">
     <span class='ocr_line' id='line_1_57' title="bbox 2095 1235 3694 1314; baseline -0.001 -24"><span class='ocrx_word' id='word_1_359' title='bbox 2095 1237 2341 1291; x_wconf 84' lang='lat' dir='ltr'><strong>doctrina</strong></span> <span class='ocrx_word' id='word_1_360' title='bbox 2392 1237 2646 1314; x_wconf 80' lang='lat' dir='ltr'><strong>dignum,</strong></span> <span class='ocrx_word' id='word_1_361' title='bbox 2695 1246 2834 1293; x_wconf 92' lang='lat' dir='ltr'><strong>teste</strong></span> <span class='ocrx_word' id='word_1_362' title='bbox 2884 1235 3240 1309; x_wconf 86' lang='lat' dir='ltr'><strong>Hieronymo.</strong></span> <span class='ocrx_word' id='word_1_363' title='bbox 3300 1237 3371 1292; x_wconf 90' lang='lat' dir='ltr'><strong>At</strong></span> <span class='ocrx_word' id='word_1_364' title='bbox 3419 1235 3694 1308; x_wconf 86' lang='lat' dir='ltr'><strong>quidquid</strong></span> 
     </span>
    </p>
   </div>
   <div class='ocr_carea' id='block_1_58' title="bbox 2097 1329 3675 1400">
    <p class='ocr_par' dir='ltr' id='par_1_58' title="bbox 2097 1329 3675 1400">
     <span class='ocr_line' id='line_1_58' title="bbox 2097 1329 3675 1400; baseline 0.003 -20"><span class='ocrx_word' id='word_1_365' title='bbox 2097 1329 2219 1383; x_wconf 81' lang='lat' dir='ltr'><strong>fidei</strong></span> <span class='ocrx_word' id='word_1_366' title='bbox 2265 1338 2319 1384; x_wconf 91' lang='lat' dir='ltr'><strong>et</strong></span> <span class='ocrx_word' id='word_1_367' title='bbox 2343 1329 2610 1383; x_wconf 68' lang='lat' dir='ltr'><strong>doctrina:</strong></span> <span class='ocrx_word' id='word_1_368' title='bbox 2641 1329 2956 1400; x_wconf 77' lang='lat' dir='ltr'><strong>apostolica:</strong></span> <span class='ocrx_word' id='word_1_369' title='bbox 2992 1329 3118 1396; x_wconf 83' lang='lat' dir='ltr'><strong>fuit,</strong></span> <span class='ocrx_word' id='word_1_370' title='bbox 3147 1329 3199 1384; x_wconf 90' lang='lat' dir='ltr'><strong>id</strong></span> <span class='ocrx_word' id='word_1_371' title='bbox 3239 1346 3411 1385; x_wconf 90' lang='lat' dir='ltr'><strong>omne</strong></span> <span class='ocrx_word' id='word_1_372' title='bbox 3443 1329 3521 1385; x_wconf 85' lang='lat' dir='ltr'><strong>ad</strong></span> <span class='ocrx_word' id='word_1_373' title='bbox 3554 1329 3675 1384; x_wconf 76' lang='lat' dir='ltr'><strong>retu</strong></span> 
     </span>
    </p>
   </div>
   <div class='ocr_carea' id='block_1_59' title="bbox 2098 1419 3698 1493">
    <p class='ocr_par' dir='ltr' id='par_1_59' title="bbox 2098 1419 3698 1493">
     <span class='ocr_line' id='line_1_59' title="bbox 2098 1419 3698 1493; baseline 0 -17"><span class='ocrx_word' id='word_1_374' title='bbox 2098 1421 2296 1477; x_wconf 90' lang='lat' dir='ltr'><strong>tandos</strong></span> <span class='ocrx_word' id='word_1_375' title='bbox 2342 1419 2653 1481; x_wconf 75' lang='lat' dir='ltr'><strong>Irenteauos</strong></span> <span class='ocrx_word' id='word_1_376' title='bbox 2703 1422 2990 1478; x_wconf 61' lang='lat' dir='ltr'><strong>haereticos</strong></span> <span class='ocrx_word' id='word_1_377' title='bbox 3040 1440 3148 1478; x_wconf 92' lang='lat' dir='ltr'><strong>non</strong></span> <span class='ocrx_word' id='word_1_378' title='bbox 3193 1423 3373 1493; x_wconf 92' lang='lat' dir='ltr'><strong>potuit</strong></span> <span class='ocrx_word' id='word_1_379' title='bbox 3405 1439 3532 1477; x_wconf 84' lang='lat' dir='ltr'><strong>non</strong></span> <span class='ocrx_word' id='word_1_380' title='bbox 3583 1438 3698 1478; x_wconf 80' lang='lat' dir='ltr'><strong>esse</strong></span> 
     </span>
    </p>
   </div>
   <div class='ocr_carea' id='block_1_60' title="bbox 2103 1515 3698 1587">
    <p class='ocr_par' dir='ltr' id='par_1_60' title="bbox 2103 1515 3698 1587">
     <span class='ocr_line' id='line_1_60' title="bbox 2103 1515 3698 1587; baseline -0.002 -18"><span class='ocrx_word' id='word_1_381' title='bbox 2103 1515 2236 1570; x_wconf 90' lang='lat' dir='ltr'><strong>utile</strong></span> <span class='ocrx_word' id='word_1_382' title='bbox 2259 1523 2315 1570; x_wconf 90' lang='lat' dir='ltr'><strong>et</strong></span> <span class='ocrx_word' id='word_1_383' title='bbox 2342 1516 2635 1583; x_wconf 89' lang='lat' dir='ltr'><strong>idoneum;</strong></span> <span class='ocrx_word' id='word_1_384' title='bbox 2666 1517 2968 1587; x_wconf 64' lang='lat' dir='ltr'><strong>praesertim</strong></span> <span class='ocrx_word' id='word_1_385' title='bbox 2998 1533 3122 1573; x_wconf 92' lang='lat' dir='ltr'><strong>eum</strong></span> <span class='ocrx_word' id='word_1_386' title='bbox 3155 1515 3321 1570; x_wconf 80' lang='lat' dir='ltr'><strong>fuerit</strong></span> <span class='ocrx_word' id='word_1_387' title='bbox 3348 1516 3424 1570; x_wconf 88' lang='lat' dir='ltr'><strong>ab</strong></span> <span class='ocrx_word' id='word_1_388' title='bbox 3455 1531 3530 1571; x_wconf 92' lang='lat' dir='ltr'><strong>eo</strong></span> <span class='ocrx_word' id='word_1_389' title='bbox 3563 1516 3698 1571; x_wconf 89' lang='lat' dir='ltr'><strong>seri-</strong></span> 
     </span>
    </p>
   </div>
   <div class='ocr_carea' id='block_1_61' title="bbox 2097 1607 3702 1679">
    <p class='ocr_par' dir='ltr' id='par_1_61' title="bbox 2097 1607 3702 1679">
     <span class='ocr_line' id='line_1_61' title="bbox 2097 1607 3702 1679; baseline -0.001 -18"><span class='ocrx_word' id='word_1_390' title='bbox 2097 1619 2271 1679; x_wconf 90' lang='lat' dir='ltr'><strong>ptum,</strong></span> <span class='ocrx_word' id='word_1_391' title='bbox 2302 1607 2395 1678; x_wconf 89' lang='lat' dir='ltr'><strong>qui</strong></span> <span class='ocrx_word' id='word_1_392' title='bbox 2424 1607 2682 1678; x_wconf 86' lang='lat' dir='ltr'><strong>plurimos</strong></span> <span class='ocrx_word' id='word_1_393' title='bbox 2709 1627 2741 1660; x_wconf 91' lang='lat' dir='ltr'><strong>a</strong></span> <span class='ocrx_word' id='word_1_394' title='bbox 2767 1625 2821 1661; x_wconf 87' lang='lat' dir='ltr'><strong>se</strong></span> <span class='ocrx_word' id='word_1_395' title='bbox 2841 1609 3002 1673; x_wconf 84' lang='lat' dir='ltr'><strong>visos,</strong></span> <span class='ocrx_word' id='word_1_396' title='bbox 3028 1609 3118 1678; x_wconf 86' lang='lat' dir='ltr'><strong>qui</strong></span> <span class='ocrx_word' id='word_1_397' title='bbox 3141 1607 3234 1662; x_wconf 82' lang='lat' dir='ltr'><strong>sub</strong></span> <span class='ocrx_word' id='word_1_398' title='bbox 3262 1607 3506 1662; x_wconf 87' lang='lat' dir='ltr'><strong>Domino</strong></span> <span class='ocrx_word' id='word_1_399' title='bbox 3541 1610 3702 1662; x_wconf 72' lang='lat' dir='ltr'><strong>variis</strong></span> 
     </span>
    </p>
   </div>
   <div class='ocr_carea' id='block_1_62' title="bbox 2099 1699 3701 1772">
    <p class='ocr_par' dir='ltr' id='par_1_62' title="bbox 2099 1699 3701 1772">
     <span class='ocr_line' id='line_1_62' title="bbox 2099 1699 3701 1772; baseline -0.001 -16"><span class='ocrx_word' id='word_1_400' title='bbox 2099 1705 2154 1756; x_wconf 87' lang='lat' dir='ltr'><strong>in</strong></span> <span class='ocrx_word' id='word_1_401' title='bbox 2186 1699 2382 1756; x_wconf 67' lang='lat' dir='ltr'><strong>Iudaea</strong></span> <span class='ocrx_word' id='word_1_402' title='bbox 2428 1704 2663 1772; x_wconf 78' lang='lat' dir='ltr'><strong>oppressi</strong></span> <span class='ocrx_word' id='word_1_403' title='bbox 2707 1703 3108 1758; x_wconf 77' lang='lat' dir='ltr'><strong>calamitatibus</strong></span> <span class='ocrx_word' id='word_1_404' title='bbox 3159 1703 3336 1756; x_wconf 84' lang='lat' dir='ltr'><strong>sanati</strong></span> <span class='ocrx_word' id='word_1_405' title='bbox 3373 1703 3632 1772; x_wconf 80' lang='lat' dir='ltr'><strong>fuerant,</strong></span> <span class='ocrx_word' id='word_1_406' title='bbox 3659 1715 3701 1755; x_wconf 83' lang='lat' dir='ltr'><strong>et</strong></span> 
     </span>
    </p>
   </div>
   <div class='ocr_carea' id='block_1_63' title="bbox 2101 1795 3705 1866">
    <p class='ocr_par' dir='ltr' id='par_1_63' title="bbox 2101 1795 3705 1866">
     <span class='ocr_line' id='line_1_63' title="bbox 2101 1795 3705 1866; baseline -0.002 -18"><span class='ocrx_word' id='word_1_407' title='bbox 2101 1796 2192 1866; x_wconf 82' lang='lat' dir='ltr'><strong>qui</strong></span> <span class='ocrx_word' id='word_1_408' title='bbox 2226 1813 2258 1849; x_wconf 89' lang='lat' dir='ltr'><strong>a</strong></span> <span class='ocrx_word' id='word_1_409' title='bbox 2295 1796 2517 1850; x_wconf 82' lang='lat' dir='ltr'><strong>mortuis</strong></span> <span class='ocrx_word' id='word_1_410' title='bbox 2555 1804 2977 1860; x_wconf 72' lang='lat' dir='ltr'><strong>resurrexerunt,</strong></span> <span class='ocrx_word' id='word_1_411' title='bbox 3010 1803 3106 1849; x_wconf 90' lang='lat' dir='ltr'><strong>aut</strong></span> <span class='ocrx_word' id='word_1_412' title='bbox 3138 1795 3331 1848; x_wconf 90' lang='lat' dir='ltr'><strong>saltem</strong></span> <span class='ocrx_word' id='word_1_413' title='bbox 3384 1809 3496 1848; x_wconf 84' lang='lat' dir='ltr'><strong>sua</strong></span> <span class='ocrx_word' id='word_1_414' title='bbox 3549 1803 3705 1848; x_wconf 65' lang='lat' dir='ltr'><strong>aetate</strong></span> 
     </span>
    </p>
   </div>
   <div class='ocr_carea' id='block_1_64' title="bbox 2102 1885 3704 1958">
    <p class='ocr_par' dir='ltr' id='par_1_64' title="bbox 2102 1885 3704 1958">
     <span class='ocr_line' id='line_1_64' title="bbox 2102 1885 3704 1958; baseline -0.002 -17"><span class='ocrx_word' id='word_1_415' title='bbox 2102 1887 2483 1958; x_wconf 82' lang='lat' dir='ltr'><strong>superfuisse,</strong></span> <span class='ocrx_word' id='word_1_416' title='bbox 2517 1896 2746 1942; x_wconf 89' lang='lat' dir='ltr'><strong>testatus</strong></span> <span class='ocrx_word' id='word_1_417' title='bbox 2793 1896 2896 1943; x_wconf 87' lang='lat' dir='ltr'><strong>est.</strong></span> <span class='ocrx_word' id='word_1_418' title='bbox 2945 1885 3103 1953; x_wconf 88' lang='lat' dir='ltr'><strong>Quod</strong></span> <span class='ocrx_word' id='word_1_419' title='bbox 3158 1887 3326 1942; x_wconf 89' lang='lat' dir='ltr'><strong>etiam</strong></span> <span class='ocrx_word' id='word_1_420' title='bbox 3372 1885 3602 1956; x_wconf 80' lang='lat' dir='ltr'><strong>pariter</strong></span> <span class='ocrx_word' id='word_1_421' title='bbox 3645 1886 3704 1938; x_wconf 78' lang='lat' dir='ltr'><strong>de</strong></span> 
     </span>
    </p>
   </div>
   <div class='ocr_carea' id='block_1_65' title="bbox 2099 1979 3786 2051">
    <p class='ocr_par' dir='ltr' id='par_1_65' title="bbox 2099 1979 3786 2051">
     <span class='ocr_line' id='line_1_65' title="bbox 2099 1979 3786 2051; baseline -0.001 -19"><span class='ocrx_word' id='word_1_422' title='bbox 2099 1979 2338 2035; x_wconf 77' lang='lat' dir='ltr'><strong>Aristide</strong></span> <span class='ocrx_word' id='word_1_423' title='bbox 2369 1979 2740 2044; x_wconf 88' lang='lat' dir='ltr'><strong>sentiendum,</strong></span> <span class='ocrx_word' id='word_1_424' title='bbox 2764 1979 2859 2048; x_wconf 88' lang='lat' dir='ltr'><strong>qui</strong></span> <span class='ocrx_word' id='word_1_425' title='bbox 2892 1990 3028 2034; x_wconf 89' lang='lat' dir='ltr'><strong>teste</strong></span> <span class='ocrx_word' id='word_1_426' title='bbox 3061 1979 3427 2051; x_wconf 81' lang='lat' dir='ltr'><strong>Hieronymo,</strong></span> <span class='ocrx_word' id='word_1_427' title='bbox 3458 1981 3706 2034; x_wconf 70' lang='lat' dir='ltr'><strong>volumen</strong></span> <span class='ocrx_word' id='word_1_428' title='bbox 3784 1995 3786 2002; x_wconf 83' lang='lat'>&#39;</span> 
     </span>
    </p>
   </div>
   <div class='ocr_carea' id='block_1_66' title="bbox 2100 2071 3705 2144">
    <p class='ocr_par' dir='ltr' id='par_1_66' title="bbox 2100 2071 3705 2144">
     <span class='ocr_line' id='line_1_66' title="bbox 2100 2071 3705 2144; baseline -0.001 -18"><span class='ocrx_word' id='word_1_429' title='bbox 2100 2075 2272 2129; x_wconf 85' lang='lat' dir='ltr'><strong>nostri</strong></span> <span class='ocrx_word' id='word_1_430' title='bbox 2313 2074 2580 2144; x_wconf 79' lang='lat' dir='ltr'><strong>dogmatis</strong></span> <span class='ocrx_word' id='word_1_431' title='bbox 2616 2074 2872 2127; x_wconf 88' lang='lat' dir='ltr'><strong>rationem</strong></span> <span class='ocrx_word' id='word_1_432' title='bbox 2908 2073 3180 2126; x_wconf 84' lang='lat' dir='ltr'><strong>continens</strong></span> <span class='ocrx_word' id='word_1_433' title='bbox 3230 2071 3420 2124; x_wconf 86' lang='lat' dir='ltr'><strong>eodem</strong></span> <span class='ocrx_word' id='word_1_434' title='bbox 3469 2081 3705 2140; x_wconf 71' lang='lat' dir='ltr'><strong>tempore</strong></span> 
     </span>
    </p>
   </div>
   <div class='ocr_carea' id='block_1_67' title="bbox 2098 2163 3706 2240">
    <p class='ocr_par' dir='ltr' id='par_1_67' title="bbox 2098 2163 3706 2240">
     <span class='ocr_line' id='line_1_67' title="bbox 2098 2163 3706 2240; baseline -0.002 -20"><span class='ocrx_word' id='word_1_435' title='bbox 2098 2185 2202 2240; x_wconf 89' lang='lat' dir='ltr'><strong>quo</strong></span> <span class='ocrx_word' id='word_1_436' title='bbox 2223 2177 2273 2222; x_wconf 87' lang='lat' dir='ltr'><strong>et</strong></span> <span class='ocrx_word' id='word_1_437' title='bbox 2298 2167 2609 2232; x_wconf 84' lang='lat' dir='ltr'><strong>Quadratus</strong></span> <span class='ocrx_word' id='word_1_438' title='bbox 2630 2167 2870 2220; x_wconf 76' lang='lat' dir='ltr'><strong>Adriano</strong></span> <span class='ocrx_word' id='word_1_439' title='bbox 2895 2165 3125 2236; x_wconf 85' lang='lat' dir='ltr'><strong>principi</strong></span> <span class='ocrx_word' id='word_1_440' title='bbox 3156 2164 3322 2218; x_wconf 86' lang='lat' dir='ltr'><strong>dedit.</strong></span> <span class='ocrx_word' id='word_1_441' title='bbox 3350 2163 3527 2230; x_wconf 84' lang='lat' dir='ltr'><strong>Quod</strong></span> <span class='ocrx_word' id='word_1_442' title='bbox 3560 2165 3706 2218; x_wconf 88' lang='lat' dir='ltr'><strong>enim</strong></span> 
     </span>
    </p>
   </div>
   <div class='ocr_carea' id='block_1_68' title="bbox 2100 2257 3694 2331">
    <p class='ocr_par' dir='ltr' id='par_1_68' title="bbox 2100 2257 3694 2331">
     <span class='ocr_line' id='line_1_68' title="bbox 2100 2257 3694 2331; baseline -0.003 -15"><span class='ocrx_word' id='word_1_443' title='bbox 2100 2263 2272 2316; x_wconf 88' lang='lat' dir='ltr'><strong>nostri</strong></span> <span class='ocrx_word' id='word_1_444' title='bbox 2306 2261 2577 2331; x_wconf 83' lang='lat' dir='ltr'><strong>dogmatis</strong></span> <span class='ocrx_word' id='word_1_445' title='bbox 2602 2261 2867 2315; x_wconf 91' lang='lat' dir='ltr'><strong>rationem</strong></span> <span class='ocrx_word' id='word_1_446' title='bbox 2904 2259 3166 2322; x_wconf 88' lang='lat' dir='ltr'><strong>continet,</strong></span> <span class='ocrx_word' id='word_1_447' title='bbox 3203 2257 3589 2312; x_wconf 80' lang='lat' dir='ltr'><strong>fundamenta</strong></span> <span class='ocrx_word' id='word_1_448' title='bbox 3617 2274 3694 2312; x_wconf 88' lang='lat' dir='ltr'><strong>co-</strong></span> 
     </span>
    </p>
   </div>
   <div class='ocr_carea' id='block_1_69' title="bbox 2098 2349 3707 2409">
    <p class='ocr_par' dir='ltr' id='par_1_69' title="bbox 2098 2349 3707 2409">
     <span class='ocr_line' id='line_1_69' title="bbox 2098 2349 3707 2409; baseline -0.002 -1"><span class='ocrx_word' id='word_1_449' title='bbox 2098 2371 2220 2409; x_wconf 85' lang='lat' dir='ltr'><strong>rum</strong></span> <span class='ocrx_word' id='word_1_450' title='bbox 2245 2355 2626 2409; x_wconf 76' lang='lat' dir='ltr'><strong>luereticorum</strong></span> <span class='ocrx_word' id='word_1_451' title='bbox 2659 2353 2974 2408; x_wconf 88' lang='lat' dir='ltr'><strong>necessario</strong></span> <span class='ocrx_word' id='word_1_452' title='bbox 3003 2351 3216 2408; x_wconf 89' lang='lat' dir='ltr'><strong>evertit.</strong></span> <span class='ocrx_word' id='word_1_453' title='bbox 3247 2349 3397 2404; x_wconf 88' lang='lat' dir='ltr'><strong>Idem</strong></span> <span class='ocrx_word' id='word_1_454' title='bbox 3429 2351 3613 2404; x_wconf 87' lang='lat' dir='ltr'><strong>etiam</strong></span> <span class='ocrx_word' id='word_1_455' title='bbox 3647 2350 3707 2404; x_wconf 88' lang='lat' dir='ltr'><strong>de</strong></span> 
     </span>
    </p>
   </div>
   <div class='ocr_carea' id='block_1_70' title="bbox 2095 2443 3708 2518">
    <p class='ocr_par' dir='ltr' id='par_1_70' title="bbox 2095 2443 3708 2518">
     <span class='ocr_line' id='line_1_70' title="bbox 2095 2443 3708 2518; baseline -0.006 -15"><span class='ocrx_word' id='word_1_456' title='bbox 2095 2447 2457 2518; x_wconf 82' lang='lat' dir='ltr'><strong>Apollinario,</strong></span> <span class='ocrx_word' id='word_1_457' title='bbox 2475 2446 2618 2502; x_wconf 71' lang='lat' dir='ltr'><strong>Asia:</strong></span> <span class='ocrx_word' id='word_1_458' title='bbox 2647 2444 3056 2515; x_wconf 87' lang='lat' dir='ltr'><strong>Ilierapolitano</strong></span> <span class='ocrx_word' id='word_1_459' title='bbox 3073 2445 3351 2514; x_wconf 87' lang='lat' dir='ltr'><strong>episcopo,</strong></span> <span class='ocrx_word' id='word_1_460' title='bbox 3370 2443 3708 2507; x_wconf 85' lang='lat' dir='ltr'><strong>dicendum,</strong></span> 
     </span>
    </p>
   </div>
   <div class='ocr_carea' id='block_1_71' title="bbox 2097 2535 3708 2610">
    <p class='ocr_par' dir='ltr' id='par_1_71' title="bbox 2097 2535 3708 2610">
     <span class='ocr_line' id='line_1_71' title="bbox 2097 2535 3708 2610; baseline -0.005 -16"><span class='ocrx_word' id='word_1_461' title='bbox 2097 2539 2191 2610; x_wconf 92' lang='lat' dir='ltr'><strong>qui</strong></span> <span class='ocrx_word' id='word_1_462' title='bbox 2226 2538 2298 2594; x_wconf 83' lang='grc' dir='ltr'><strong>Μ.</strong></span> <span class='ocrx_word' id='word_1_463' title='bbox 2332 2539 2614 2594; x_wconf 86' lang='lat' dir='ltr'><strong>Antonino</strong></span> <span class='ocrx_word' id='word_1_464' title='bbox 2654 2539 2858 2609; x_wconf 81' lang='lat' dir='ltr'><strong>insigne</strong></span> <span class='ocrx_word' id='word_1_465' title='bbox 2886 2537 3127 2591; x_wconf 86' lang='lat' dir='ltr'><strong>volumen</strong></span> <span class='ocrx_word' id='word_1_466' title='bbox 3156 2553 3249 2601; x_wconf 88' lang='lat' dir='ltr'><strong>pro</strong></span> <span class='ocrx_word' id='word_1_467' title='bbox 3286 2535 3396 2606; x_wconf 82' lang='lat' dir='ltr'><strong>ﬁde</strong></span> <span class='ocrx_word' id='word_1_468' title='bbox 3427 2535 3708 2591; x_wconf 79' lang='lat' dir='ltr'><strong>Christia-</strong></span> 
     </span>
    </p>
   </div>
   <div class='ocr_carea' id='block_1_72' title="bbox 2097 2615 3711 2696">
    <p class='ocr_par' dir='ltr' id='par_1_72' title="bbox 2097 2615 3711 2696">
     <span class='ocr_line' id='line_1_72' title="bbox 2097 2615 3711 2696; baseline -0.004 -11"><span class='ocrx_word' id='word_1_469' title='bbox 2097 2648 2288 2685; x_wconf 78' lang='lat' dir='ltr'><strong>norum</strong></span> <span class='ocrx_word' id='word_1_470' title='bbox 2334 2631 2500 2693; x_wconf 86' lang='lat' dir='ltr'><strong>dedit,</strong></span> <span class='ocrx_word' id='word_1_471' title='bbox 2549 2639 2611 2684; x_wconf 92' lang='lat' dir='ltr'><strong>ut</strong></span> <span class='ocrx_word' id='word_1_472' title='bbox 2657 2639 2713 2684; x_wconf 89' lang='lat' dir='ltr'><strong>et</strong></span> <span class='ocrx_word' id='word_1_473' title='bbox 2761 2631 2829 2685; x_wconf 89' lang='lat' dir='ltr'><strong>de</strong></span> <span class='ocrx_word' id='word_1_474' title='bbox 2878 2628 3153 2684; x_wconf 81' lang='lat' dir='ltr'><strong>Melitene.</strong></span> <span class='ocrx_word' id='word_1_475' title='bbox 3194 2615 3560 2696; x_wconf 78' lang='lat' dir='ltr'><strong>&#39;I&#39;heophilus</strong></span> <span class='ocrx_word' id='word_1_476' title='bbox 3610 2631 3711 2681; x_wconf 88' lang='lat' dir='ltr'><strong>sub</strong></span> 
     </span>
    </p>
   </div>
   <div class='ocr_carea' id='block_1_73' title="bbox 2098 2718 3708 2791">
    <p class='ocr_par' dir='ltr' id='par_1_73' title="bbox 2098 2718 3708 2791">
     <span class='ocr_line' id='line_1_73' title="bbox 2098 2718 3708 2791; baseline -0.004 -15"><span class='ocrx_word' id='word_1_477' title='bbox 2098 2723 2427 2791; x_wconf 87' lang='lat' dir='ltr'><strong>imperatore</strong></span> <span class='ocrx_word' id='word_1_478' title='bbox 2456 2721 2527 2777; x_wconf 86' lang='lat' dir='ltr'><strong>M.</strong></span> <span class='ocrx_word' id='word_1_479' title='bbox 2568 2721 2846 2776; x_wconf 85' lang='lat' dir='ltr'><strong>Antonino</strong></span> <span class='ocrx_word' id='word_1_480' title='bbox 2878 2722 3078 2776; x_wconf 89' lang='lat' dir='ltr'><strong>librum</strong></span> <span class='ocrx_word' id='word_1_481' title='bbox 3112 2729 3307 2775; x_wconf 86' lang='lat' dir='ltr'><strong>contra</strong></span> <span class='ocrx_word' id='word_1_482' title='bbox 3348 2718 3708 2774; x_wconf 76' lang='lat' dir='ltr'><strong>Mareionem</strong></span> 
     </span>
    </p>
   </div>
   <div class='ocr_carea' id='block_1_74' title="bbox 2097 2813 3711 2884">
    <p class='ocr_par' dir='ltr' id='par_1_74' title="bbox 2097 2813 3711 2884">
     <span class='ocr_line' id='line_1_74' title="bbox 2097 2813 3711 2884; baseline -0.002 -15"><span class='ocrx_word' id='word_1_483' title='bbox 2097 2817 2438 2884; x_wconf 83' lang='lat' dir='ltr'><strong>composuit;</strong></span> <span class='ocrx_word' id='word_1_484' title='bbox 2471 2816 2638 2870; x_wconf 85' lang='lat' dir='ltr'><strong>alium</strong></span> <span class='ocrx_word' id='word_1_485' title='bbox 2681 2825 2872 2870; x_wconf 88' lang='lat' dir='ltr'><strong>contra</strong></span> <span class='ocrx_word' id='word_1_486' title='bbox 2903 2814 3258 2884; x_wconf 85' lang='lat' dir='ltr'><strong>Hermogenis</strong></span> <span class='ocrx_word' id='word_1_487' title='bbox 3312 2813 3596 2869; x_wconf 64' lang='lat' dir='ltr'><strong>haeresim</strong></span> <span class='ocrx_word' id='word_1_488' title='bbox 3630 2814 3711 2866; x_wconf 85' lang='lat' dir='ltr'><strong>in-</strong></span> 
     </span>
    </p>
   </div>
   <div class='ocr_carea' id='block_1_75' title="bbox 2097 2906 3711 2977">
    <p class='ocr_par' dir='ltr' id='par_1_75' title="bbox 2097 2906 3711 2977">
     <span class='ocr_line' id='line_1_75' title="bbox 2097 2906 3711 2977; baseline -0.002 -15"><span class='ocrx_word' id='word_1_489' title='bbox 2097 2909 2339 2977; x_wconf 80' lang='lat' dir='ltr'><strong>scripsit.</strong></span> <span class='ocrx_word' id='word_1_490' title='bbox 2371 2909 2612 2977; x_wconf 86' lang='lat' dir='ltr'><strong>Agrippa</strong></span> <span class='ocrx_word' id='word_1_491' title='bbox 2634 2907 2830 2962; x_wconf 88' lang='lat' dir='ltr'><strong>Castor</strong></span> <span class='ocrx_word' id='word_1_492' title='bbox 2853 2907 3132 2961; x_wconf 55' lang='lat' dir='ltr'><strong>adversum</strong></span> <span class='ocrx_word' id='word_1_493' title='bbox 3158 2906 3425 2960; x_wconf 83' lang='lat' dir='ltr'><strong>Basilidis</strong></span> <span class='ocrx_word' id='word_1_494' title='bbox 3461 2907 3711 2961; x_wconf 66' lang='lat' dir='ltr'><strong>haeretici</strong></span> 
     </span>
    </p>
   </div>
   <div class='ocr_carea' id='block_1_76' title="bbox 2097 2998 3714 3070">
    <p class='ocr_par' dir='ltr' id='par_1_76' title="bbox 2097 2998 3714 3070">
     <span class='ocr_line' id='line_1_76' title="bbox 2097 2998 3714 3070; baseline -0.001 -15"><span class='ocrx_word' id='word_1_495' title='bbox 2097 3002 2388 3067; x_wconf 75' lang='lat' dir='ltr'><strong>columina,</strong></span> <span class='ocrx_word' id='word_1_496' title='bbox 2418 3016 2538 3066; x_wconf 65' lang='lat' dir='ltr'><strong>qua</strong></span> <span class='ocrx_word' id='word_1_497' title='bbox 2563 3000 2619 3053; x_wconf 84' lang='lat' dir='ltr'><strong>in</strong></span> <span class='ocrx_word' id='word_1_498' title='bbox 2656 2998 3002 3070; x_wconf 81' lang='lat' dir='ltr'><strong>Evangelium</strong></span> <span class='ocrx_word' id='word_1_499' title='bbox 3037 3000 3355 3069; x_wconf 78' lang='lat' dir='ltr'><strong>confecerat,</strong></span> <span class='ocrx_word' id='word_1_500' title='bbox 3397 2999 3714 3068; x_wconf 79' lang='lat' dir='ltr'><strong>fortissime</strong></span> 
     </span>
    </p>
   </div>
   <div class='ocr_carea' id='block_1_77' title="bbox 2097 3091 3712 3162">
    <p class='ocr_par' dir='ltr' id='par_1_77' title="bbox 2097 3091 3712 3162">
     <span class='ocr_line' id='line_1_77' title="bbox 2097 3091 3712 3162; baseline 0 -15"><span class='ocrx_word' id='word_1_501' title='bbox 2097 3095 2371 3147; x_wconf 82' lang='lat' dir='ltr'><strong>disseruit.</strong></span> <span class='ocrx_word' id='word_1_502' title='bbox 2407 3092 2590 3147; x_wconf 83' lang='lat' dir='ltr'><strong>Melito</strong></span> <span class='ocrx_word' id='word_1_503' title='bbox 2620 3100 2748 3146; x_wconf 85' lang='lat' dir='ltr'><strong>ante</strong></span> <span class='ocrx_word' id='word_1_504' title='bbox 2788 3092 3028 3146; x_wconf 87' lang='lat' dir='ltr'><strong>libellqu</strong></span> <span class='ocrx_word' id='word_1_505' title='bbox 3068 3093 3369 3162; x_wconf 88' lang='lat' dir='ltr'><strong>supplicent</strong></span> <span class='ocrx_word' id='word_1_506' title='bbox 3406 3091 3487 3146; x_wconf 77' lang='grc' dir='ltr'><strong>Μ.</strong></span> <span class='ocrx_word' id='word_1_507' title='bbox 3525 3093 3712 3148; x_wconf 77' lang='lat' dir='ltr'><strong>Anto-</strong></span> 
     </span>
    </p>
   </div>
   <div class='ocr_carea' id='block_1_78' title="bbox 2099 3183 3712 3254">
    <p class='ocr_par' dir='ltr' id='par_1_78' title="bbox 2099 3183 3712 3254">
     <span class='ocr_line' id='line_1_78' title="bbox 2099 3183 3712 3254; baseline -0.001 -14"><span class='ocrx_word' id='word_1_508' title='bbox 2099 3188 2231 3242; x_wconf 88' lang='lat' dir='ltr'><strong>nino</strong></span> <span class='ocrx_word' id='word_1_509' title='bbox 2254 3186 2442 3240; x_wconf 87' lang='lat' dir='ltr'><strong>datum</strong></span> <span class='ocrx_word' id='word_1_510' title='bbox 2471 3185 2638 3240; x_wconf 89' lang='lat' dir='ltr'><strong>multa</strong></span> <span class='ocrx_word' id='word_1_511' title='bbox 2663 3184 2959 3253; x_wconf 84' lang='lat' dir='ltr'><strong>scripserat</strong></span> <span class='ocrx_word' id='word_1_512' title='bbox 2987 3183 3054 3238; x_wconf 91' lang='lat' dir='ltr'><strong>de</strong></span> <span class='ocrx_word' id='word_1_513' title='bbox 3077 3184 3382 3254; x_wconf 85' lang='lat' dir='ltr'><strong>prophetis,</strong></span> <span class='ocrx_word' id='word_1_514' title='bbox 3413 3184 3490 3238; x_wconf 85' lang='lat' dir='ltr'><strong>de</strong></span> <span class='ocrx_word' id='word_1_515' title='bbox 3520 3183 3712 3239; x_wconf 78' lang='lat' dir='ltr'><strong>Eccle-</strong></span> 
     </span>
    </p>
   </div>
   <div class='ocr_carea' id='block_1_79' title="bbox 2098 3275 3714 3346">
    <p class='ocr_par' dir='ltr' id='par_1_79' title="bbox 2098 3275 3714 3346">
     <span class='ocr_line' id='line_1_79' title="bbox 2098 3275 3714 3346; baseline -0.002 -12"><span class='ocrx_word' id='word_1_516' title='bbox 2098 3279 2202 3344; x_wconf 85' lang='lat' dir='ltr'><strong>sia,</strong></span> <span class='ocrx_word' id='word_1_517' title='bbox 2235 3278 2302 3333; x_wconf 92' lang='lat' dir='ltr'><strong>de</strong></span> <span class='ocrx_word' id='word_1_518' title='bbox 2331 3277 2457 3344; x_wconf 85' lang='lat' dir='ltr'><strong>(ide,</strong></span> <span class='ocrx_word' id='word_1_519' title='bbox 2486 3277 2554 3333; x_wconf 89' lang='lat' dir='ltr'><strong>de</strong></span> <span class='ocrx_word' id='word_1_520' title='bbox 2589 3277 2945 3346; x_wconf 83' lang='lat' dir='ltr'><strong>generatione</strong></span> <span class='ocrx_word' id='word_1_521' title='bbox 2983 3275 3112 3331; x_wconf 78' lang='lat' dir='ltr'><strong>Jesu</strong></span> <span class='ocrx_word' id='word_1_522' title='bbox 3144 3275 3373 3338; x_wconf 86' lang='lat' dir='ltr'><strong>Christi,</strong></span> <span class='ocrx_word' id='word_1_523' title='bbox 3406 3277 3483 3330; x_wconf 90' lang='lat' dir='ltr'><strong>de</strong></span> <span class='ocrx_word' id='word_1_524' title='bbox 3521 3276 3714 3330; x_wconf 87' lang='lat' dir='ltr'><strong>lucar-</strong></span> 
     </span>
    </p>
   </div>
   <div class='ocr_carea' id='block_1_80' title="bbox 2098 3366 3714 3440">
    <p class='ocr_par' dir='ltr' id='par_1_80' title="bbox 2098 3366 3714 3440">
     <span class='ocr_line' id='line_1_80' title="bbox 2098 3366 3714 3440; baseline -0.002 -16"><span class='ocrx_word' id='word_1_525' title='bbox 2098 3369 2319 3424; x_wconf 84' lang='lat' dir='ltr'><strong>natione</strong></span> <span class='ocrx_word' id='word_1_526' title='bbox 2349 3367 2467 3434; x_wconf 89' lang='lat' dir='ltr'><strong>Dei;</strong></span> <span class='ocrx_word' id='word_1_527' title='bbox 2495 3369 2876 3437; x_wconf 85' lang='lat' dir='ltr'><strong>Athenagoras</strong></span> <span class='ocrx_word' id='word_1_528' title='bbox 2897 3367 3086 3434; x_wconf 88' lang='lat' dir='ltr'><strong>etiam,</strong></span> <span class='ocrx_word' id='word_1_529' title='bbox 3113 3377 3308 3436; x_wconf 75' lang='lat' dir='ltr'><strong>praeter</strong></span> <span class='ocrx_word' id='word_1_530' title='bbox 3333 3366 3714 3440; x_wconf 79' lang='lat' dir='ltr'><strong>Apologiam,</strong></span> 
     </span>
    </p>
   </div>
   <div class='ocr_carea' id='block_1_81' title="bbox 2097 3460 3716 3532">
    <p class='ocr_par' dir='ltr' id='par_1_81' title="bbox 2097 3460 3716 3532">
     <span class='ocr_line' id='line_1_81' title="bbox 2097 3460 3716 3532; baseline -0.001 -16"><span class='ocrx_word' id='word_1_531' title='bbox 2097 3462 2165 3516; x_wconf 90' lang='lat' dir='ltr'><strong>de</strong></span> <span class='ocrx_word' id='word_1_532' title='bbox 2208 3461 2636 3517; x_wconf 82' lang='lat' dir='ltr'><strong>Resurrectione</strong></span> <span class='ocrx_word' id='word_1_533' title='bbox 2685 3463 3015 3531; x_wconf 83' lang='lat' dir='ltr'><strong>scripserat,</strong></span> <span class='ocrx_word' id='word_1_534' title='bbox 3043 3477 3166 3530; x_wconf 70' lang='lat' dir='ltr'><strong>qua:</strong></span> <span class='ocrx_word' id='word_1_535' title='bbox 3204 3460 3392 3514; x_wconf 87' lang='lat' dir='ltr'><strong>omnia</strong></span> <span class='ocrx_word' id='word_1_536' title='bbox 3428 3461 3514 3519; x_wconf 19' lang='lat' dir='ltr'><strong>ad.</strong></span> <span class='ocrx_word' id='word_1_537' title='bbox 3543 3477 3716 3532; x_wconf 78' lang='lat' dir='ltr'><strong>argu-</strong></span> 
     </span>
    </p>
   </div>
   <div class='ocr_carea' id='block_1_82' title="bbox 2097 3549 3716 3620">
    <p class='ocr_par' dir='ltr' id='par_1_82' title="bbox 2097 3549 3716 3620">
     <span class='ocr_line' id='line_1_82' title="bbox 2097 3549 3716 3620; baseline -0.001 -14"><span class='ocrx_word' id='word_1_538' title='bbox 2097 3559 2343 3606; x_wconf 89' lang='lat' dir='ltr'><strong>mentum</strong></span> <span class='ocrx_word' id='word_1_539' title='bbox 2402 3549 2591 3605; x_wconf 73' lang='lat' dir='ltr'><strong>lrentei</strong></span> <span class='ocrx_word' id='word_1_540' title='bbox 2646 3551 3012 3620; x_wconf 88' lang='lat' dir='ltr'><strong>pertinebant.</strong></span> <span class='ocrx_word' id='word_1_541' title='bbox 3074 3549 3356 3619; x_wconf 86' lang='lat' dir='ltr'><strong>Denique,</strong></span> <span class='ocrx_word' id='word_1_542' title='bbox 3420 3562 3484 3606; x_wconf 89' lang='lat' dir='ltr'><strong>ut</strong></span> <span class='ocrx_word' id='word_1_543' title='bbox 3545 3553 3716 3607; x_wconf 81' lang='lat' dir='ltr'><strong>refert</strong></span> 
     </span>
    </p>
   </div>
   <div class='ocr_carea' id='block_1_83' title="bbox 2098 3640 3716 3714">
    <p class='ocr_par' dir='ltr' id='par_1_83' title="bbox 2098 3640 3716 3714">
     <span class='ocr_line' id='line_1_83' title="bbox 2098 3640 3716 3714; baseline 0 -17"><span class='ocrx_word' id='word_1_544' title='bbox 2098 3643 2368 3699; x_wconf 84' lang='lat' dir='ltr'><strong>Eusebius</strong></span> <span class='ocrx_word' id='word_1_545' title='bbox 2401 3641 2547 3696; x_wconf 88' lang='lat' dir='ltr'><strong>llist.</strong></span> <span class='ocrx_word' id='word_1_546' title='bbox 2576 3643 2785 3706; x_wconf 83' lang='lat' dir='ltr'><strong>eccles.,</strong></span> <span class='ocrx_word' id='word_1_547' title='bbox 2811 3643 2844 3697; x_wconf 91' lang='lat' dir='ltr'><strong>l.</strong></span> <span class='ocrx_word' id='word_1_548' title='bbox 2889 3659 2965 3707; x_wconf 89' lang='lat' dir='ltr'><strong>tv,</strong></span> <span class='ocrx_word' id='word_1_549' title='bbox 2991 3659 3041 3697; x_wconf 93' lang='lat' dir='ltr'><strong>c.</strong></span> <span class='ocrx_word' id='word_1_550' title='bbox 3073 3642 3137 3696; x_wconf 72' lang='lat'><strong>21</strong></span> <span class='ocrx_word' id='word_1_551' title='bbox 3168 3640 3414 3696; x_wconf 84' lang='lat' dir='ltr'><strong>:Iisdem</strong></span> <span class='ocrx_word' id='word_1_552' title='bbox 3446 3647 3716 3714; x_wconf 85' lang='lat' dir='ltr'><strong>tempori-</strong></span> 
     </span>
    </p>
   </div>
   <div class='ocr_carea' id='block_1_84' title="bbox 2097 3734 3718 3808">
    <p class='ocr_par' dir='ltr' id='par_1_84' title="bbox 2097 3734 3718 3808">
     <span class='ocr_line' id='line_1_84' title="bbox 2097 3734 3718 3808; baseline 0.002 -19"><span class='ocrx_word' id='word_1_553' title='bbox 2097 3737 2192 3790; x_wconf 87' lang='lat' dir='ltr'><strong>bus</strong></span> <span class='ocrx_word' id='word_1_554' title='bbox 2241 3737 2297 3789; x_wconf 90' lang='lat' dir='ltr'><strong>in</strong></span> <span class='ocrx_word' id='word_1_555' title='bbox 2342 3734 2585 3788; x_wconf 85' lang='lat' dir='ltr'><strong>Ecclesia</strong></span> <span class='ocrx_word' id='word_1_556' title='bbox 2635 3735 2820 3804; x_wconf 80' lang='lat' dir='ltr'><strong>ﬂoruit</strong></span> <span class='ocrx_word' id='word_1_557' title='bbox 2877 3735 3234 3806; x_wconf 80' lang='lat' dir='ltr'><strong>Hegesippus,</strong></span> <span class='ocrx_word' id='word_1_558' title='bbox 3291 3745 3341 3788; x_wconf 87' lang='lat' dir='ltr'><strong>et</strong></span> <span class='ocrx_word' id='word_1_559' title='bbox 3399 3735 3718 3808; x_wconf 71' lang='lat' dir='ltr'><strong>Dionysius</strong></span> 
     </span>
    </p>
   </div>
   <div class='ocr_carea' id='block_1_85' title="bbox 2097 3827 3718 3899">
    <p class='ocr_par' dir='ltr' id='par_1_85' title="bbox 2097 3827 3718 3899">
     <span class='ocr_line' id='line_1_85' title="bbox 2097 3827 3718 3899; baseline -0.001 -16"><span class='ocrx_word' id='word_1_560' title='bbox 2097 3827 2496 3884; x_wconf 83' lang='lat' dir='ltr'><strong>Corinthiorum</strong></span> <span class='ocrx_word' id='word_1_561' title='bbox 2530 3829 2826 3899; x_wconf 85' lang='lat' dir='ltr'><strong>episcopus,</strong></span> <span class='ocrx_word' id='word_1_562' title='bbox 2850 3827 3080 3898; x_wconf 82' lang='lat' dir='ltr'><strong>Pinytus</strong></span> <span class='ocrx_word' id='word_1_563' title='bbox 3112 3846 3316 3898; x_wconf 82' lang='lat' dir='ltr'><strong>quoque</strong></span> <span class='ocrx_word' id='word_1_564' title='bbox 3347 3827 3718 3884; x_wconf 76' lang='lat' dir='ltr'><strong>Cretensium</strong></span> 
     </span>
    </p>
   </div>
   <div class='ocr_carea' id='block_1_86' title="bbox 2094 3916 3716 3988">
    <p class='ocr_par' dir='ltr' id='par_1_86' title="bbox 2094 3916 3716 3988">
     <span class='ocr_line' id='line_1_86' title="bbox 2094 3916 3716 3988; baseline 0.003 -18"><span class='ocrx_word' id='word_1_565' title='bbox 2094 3918 2392 3987; x_wconf 85' lang='lat' dir='ltr'><strong>episcopus,</strong></span> <span class='ocrx_word' id='word_1_566' title='bbox 2418 3916 2700 3987; x_wconf 77' lang='lat' dir='ltr'><strong>Philippus</strong></span> <span class='ocrx_word' id='word_1_567' title='bbox 2730 3929 2989 3988; x_wconf 74' lang='lat' dir='ltr'><strong>pra-terea</strong></span> <span class='ocrx_word' id='word_1_568' title='bbox 3019 3927 3069 3972; x_wconf 91' lang='lat' dir='ltr'><strong>et</strong></span> <span class='ocrx_word' id='word_1_569' title='bbox 3102 3919 3468 3988; x_wconf 81' lang='lat' dir='ltr'><strong>Apollinaris,</strong></span> <span class='ocrx_word' id='word_1_570' title='bbox 3499 3939 3578 3974; x_wconf 85' lang='lat' dir='ltr'><strong>ac</strong></span> <span class='ocrx_word' id='word_1_571' title='bbox 3614 3921 3716 3974; x_wconf 70' lang='grc' dir='ltr'><strong>Με-</strong></span> 
     </span>
    </p>
   </div>
   <div class='ocr_carea' id='block_1_87' title="bbox 2095 4009 3716 4076">
    <p class='ocr_par' dir='ltr' id='par_1_87' title="bbox 2095 4009 3716 4076">
     <span class='ocr_line' id='line_1_87' title="bbox 2095 4009 3716 4076; baseline 0.004 -14"><span class='ocrx_word' id='word_1_572' title='bbox 2095 4009 2217 4075; x_wconf 89' lang='lat' dir='ltr'><strong>lito,</strong></span> <span class='ocrx_word' id='word_1_573' title='bbox 2255 4009 2510 4064; x_wconf 80' lang='lat' dir='ltr'><strong>Musanus</strong></span> <span class='ocrx_word' id='word_1_574' title='bbox 2542 4011 2704 4064; x_wconf 87' lang='lat' dir='ltr'><strong>etiam</strong></span> <span class='ocrx_word' id='word_1_575' title='bbox 2729 4021 2776 4065; x_wconf 89' lang='lat' dir='ltr'><strong>et</strong></span> <span class='ocrx_word' id='word_1_576' title='bbox 2816 4009 3108 4076; x_wconf 82' lang='lat' dir='ltr'><strong>Modestus,</strong></span> <span class='ocrx_word' id='word_1_577' title='bbox 3146 4011 3238 4064; x_wconf 82' lang='grc' dir='ltr'>καὶ</span> <span class='ocrx_word' id='word_1_578' title='bbox 3272 4010 3366 4064; x_wconf 78' lang='grc' dir='ltr'>ἐπὶ</span> <span class='ocrx_word' id='word_1_579' title='bbox 3399 4014 3593 4068; x_wconf 76' lang='grc' dir='ltr'>πᾶσιν</span> <span class='ocrx_word' id='word_1_580' title='bbox 3627 4016 3716 4067; x_wconf 79' lang='grc' dir='ltr'><strong>Εἰ-</strong></span> 
     </span>
    </p>
   </div>
   <div class='ocr_carea' id='block_1_88' title="bbox 2101 4101 3719 4175">
    <p class='ocr_par' dir='ltr' id='par_1_88' title="bbox 2101 4101 3719 4175">
     <span class='ocr_line' id='line_1_88' title="bbox 2101 4101 3719 4175; baseline 0.004 -21"><span class='ocrx_word' id='word_1_581' title='bbox 2101 4105 2337 4175; x_wconf 84' lang='grc' dir='ltr'>ρηναῖος,</span> <span class='ocrx_word' id='word_1_582' title='bbox 2367 4111 2417 4157; x_wconf 86' lang='lat' dir='ltr'><strong>et</strong></span> <span class='ocrx_word' id='word_1_583' title='bbox 2449 4112 2713 4171; x_wconf 82' lang='lat' dir='ltr'><strong>postremo</strong></span> <span class='ocrx_word' id='word_1_584' title='bbox 2740 4146 2756 4168; x_wconf 94' lang='lat'><strong>,</strong></span> <span class='ocrx_word' id='word_1_585' title='bbox 2791 4119 2888 4159; x_wconf 85' lang='lat' dir='ltr'><strong>seu</strong></span> <span class='ocrx_word' id='word_1_586' title='bbox 2935 4115 3052 4173; x_wconf 81' lang='lat' dir='ltr'><strong>post</strong></span> <span class='ocrx_word' id='word_1_587' title='bbox 3086 4103 3178 4156; x_wconf 73' lang='grc' dir='ltr'><strong>Ιιοε</strong></span> <span class='ocrx_word' id='word_1_588' title='bbox 3213 4118 3393 4156; x_wconf 79' lang='lat' dir='ltr'><strong>omnes</strong></span> <span class='ocrx_word' id='word_1_589' title='bbox 3429 4101 3719 4160; x_wconf 78' lang='lat' dir='ltr'><strong>Iremeus.</strong></span> 
     </span>
    </p>
   </div>
   <div class='ocr_carea' id='block_1_89' title="bbox 2096 4197 3717 4268">
    <p class='ocr_par' dir='ltr' id='par_1_89' title="bbox 2096 4197 3717 4268">
     <span class='ocr_line' id='line_1_89' title="bbox 2096 4197 3717 4268; baseline 0.002 -17"><span class='ocrx_word' id='word_1_590' title='bbox 2096 4200 2186 4262; x_wconf 86' lang='lat' dir='ltr'><strong>At,</strong></span> <span class='ocrx_word' id='word_1_591' title='bbox 2215 4198 2407 4252; x_wconf 89' lang='lat' dir='ltr'><strong>eodem</strong></span> <span class='ocrx_word' id='word_1_592' title='bbox 2436 4207 2595 4265; x_wconf 86' lang='lat' dir='ltr'><strong>teste,</strong></span> <span class='ocrx_word' id='word_1_593' title='bbox 2623 4197 2910 4268; x_wconf 85' lang='lat' dir='ltr'><strong>Philippus</strong></span> <span class='ocrx_word' id='word_1_594' title='bbox 2941 4197 3459 4253; x_wconf 87' lang='lat' dir='ltr'><strong>Iuculentissimum</strong></span> <span class='ocrx_word' id='word_1_595' title='bbox 3493 4198 3717 4254; x_wconf 84' lang='lat' dir='ltr'><strong>librum</strong></span> 
     </span>
    </p>
   </div>
   <div class='ocr_carea' id='block_1_90' title="bbox 2095 4290 3721 4362">
    <p class='ocr_par' dir='ltr' id='par_1_90' title="bbox 2095 4290 3721 4362">
     <span class='ocr_line' id='line_1_90' title="bbox 2095 4290 3721 4362; baseline 0.001 -15"><span class='ocrx_word' id='word_1_596' title='bbox 2095 4301 2286 4347; x_wconf 89' lang='lat' dir='ltr'><strong>contra</strong></span> <span class='ocrx_word' id='word_1_597' title='bbox 2320 4291 2650 4347; x_wconf 87' lang='lat' dir='ltr'><strong>Marcionem</strong></span> <span class='ocrx_word' id='word_1_598' title='bbox 2674 4293 3008 4362; x_wconf 87' lang='lat' dir='ltr'><strong>composuit,</strong></span> <span class='ocrx_word' id='word_1_599' title='bbox 3036 4290 3316 4346; x_wconf 85' lang='lat' dir='ltr'><strong>Modestus</strong></span> <span class='ocrx_word' id='word_1_600' title='bbox 3339 4306 3459 4359; x_wconf 75' lang='lat' dir='ltr'><strong>pra:</strong></span> <span class='ocrx_word' id='word_1_601' title='bbox 3483 4296 3721 4349; x_wconf 62' lang='lat' dir='ltr'><strong>caeteris</strong></span> 
     </span>
    </p>
   </div>
   <div class='ocr_carea' id='block_1_91' title="bbox 2093 4384 3720 4456">
    <p class='ocr_par' dir='ltr' id='par_1_91' title="bbox 2093 4384 3720 4456">
     <span class='ocr_line' id='line_1_91' title="bbox 2093 4384 3720 4456; baseline -0.002 -15"><span class='ocrx_word' id='word_1_602' title='bbox 2093 4401 2311 4442; x_wconf 89' lang='lat' dir='ltr'><strong>errores</strong></span> <span class='ocrx_word' id='word_1_603' title='bbox 2335 4387 2456 4456; x_wconf 85' lang='lat' dir='ltr'><strong>ejus</strong></span> <span class='ocrx_word' id='word_1_604' title='bbox 2479 4387 2738 4442; x_wconf 88' lang='lat' dir='ltr'><strong>omnibus</strong></span> <span class='ocrx_word' id='word_1_605' title='bbox 2761 4384 3091 4454; x_wconf 87' lang='lat' dir='ltr'><strong>spectandos</strong></span> <span class='ocrx_word' id='word_1_606' title='bbox 3115 4384 3398 4450; x_wconf 79' lang='lat' dir='ltr'><strong>exhibuit;</strong></span> <span class='ocrx_word' id='word_1_607' title='bbox 3429 4384 3720 4441; x_wconf 67' lang='lat' dir='ltr'><strong>Musas-us</strong></span> 
     </span>
    </p>
   </div>
   <div class='ocr_carea' id='block_1_92' title="bbox 405 4472 1991 4564">
    <p class='ocr_par' dir='ltr' id='par_1_92' title="bbox 405 4475 1988 4547">
     <span class='ocr_line' id='line_1_92' title="bbox 405 4475 1988 4547; baseline 0.001 -17"><span class='ocrx_word' id='word_1_608' title='bbox 405 4477 553 4547; x_wconf 82' lang='lat' dir='ltr'><strong>quod</strong></span> <span class='ocrx_word' id='word_1_609' title='bbox 601 4478 670 4531; x_wconf 89' lang='lat' dir='ltr'><strong>ah</strong></span> <span class='ocrx_word' id='word_1_610' title='bbox 715 4491 782 4531; x_wconf 90' lang='lat' dir='ltr'><strong>eo</strong></span> <span class='ocrx_word' id='word_1_611' title='bbox 845 4476 900 4530; x_wconf 92' lang='lat' dir='ltr'><strong>in</strong></span> <span class='ocrx_word' id='word_1_612' title='bbox 937 4475 1025 4531; x_wconf 90' lang='lat' dir='ltr'><strong>his</strong></span> <span class='ocrx_word' id='word_1_613' title='bbox 1073 4490 1214 4546; x_wconf 90' lang='lat' dir='ltr'><strong>quos</strong></span> <span class='ocrx_word' id='word_1_614' title='bbox 1251 4475 1519 4530; x_wconf 85' lang='lat' dir='ltr'><strong>habemus</strong></span> <span class='ocrx_word' id='word_1_615' title='bbox 1547 4475 1666 4544; x_wconf 89' lang='lat' dir='ltr'><strong>ejus</strong></span> <span class='ocrx_word' id='word_1_616' title='bbox 1694 4475 1848 4532; x_wconf 91' lang='lat' dir='ltr'><strong>libris</strong></span> <span class='ocrx_word' id='word_1_617' title='bbox 1877 4492 1988 4531; x_wconf 90' lang='lat' dir='ltr'><strong>non</strong></span> 
     </span>
    </p>
   </div>
   <div class='ocr_carea' id='block_1_93' title="bbox 2166 4472 3720 4564">
    <p class='ocr_par' dir='ltr' id='par_1_93' title="bbox 2166 4472 3720 4548">
     <span class='ocr_line' id='line_1_93' title="bbox 2166 4472 3720 4548; baseline 0.001 -20"><span class='ocrx_word' id='word_1_618' title='bbox 2166 4493 2298 4531; x_wconf 68' lang='lat' dir='ltr'><strong>ll‘lllll</strong></span> <span class='ocrx_word' id='word_1_619' title='bbox 2327 4475 2898 4548; x_wconf 76' lang='grc' dir='ltr'><strong>ἐπιστρεπτικώτατον</strong></span> <span class='ocrx_word' id='word_1_620' title='bbox 2927 4477 3194 4529; x_wconf 87' lang='lat' dir='ltr'><strong>adversus</strong></span> <span class='ocrx_word' id='word_1_621' title='bbox 3225 4472 3566 4531; x_wconf 82' lang='lat' dir='ltr'><strong>Encratitas</strong></span> <span class='ocrx_word' id='word_1_622' title='bbox 3600 4486 3720 4531; x_wconf 90' lang='lat' dir='ltr'><strong>tum</strong></span> 
     </span>
    </p>
   </div>
   <div class='ocr_carea' id='block_1_94' title="bbox 409 4565 938 4620">
    <p class='ocr_par' dir='ltr' id='par_1_94' title="bbox 409 4565 938 4620">
     <span class='ocr_line' id='line_1_94' title="bbox 409 4565 938 4620; baseline 0.002 -1"><span class='ocrx_word' id='word_1_623' title='bbox 409 4565 574 4620; x_wconf 84' lang='lat' dir='ltr'><strong>fuerit</strong></span> <span class='ocrx_word' id='word_1_624' title='bbox 600 4566 938 4620; x_wconf 91' lang='lat' dir='ltr'><strong>nominatus.</strong></span> 
     </span>
    </p>
   </div>
   <div class='ocr_carea' id='block_1_95' title="bbox 480 4658 1988 4730">
    <p class='ocr_par' dir='ltr' id='par_1_95' title="bbox 480 4658 1988 4730">
     <span class='ocr_line' id='line_1_95' title="bbox 480 4658 1988 4730; baseline 0.002 -18"><span class='ocrx_word' id='word_1_625' title='bbox 480 4659 639 4714; x_wconf 88' lang='lat' dir='ltr'><strong>Dices</strong></span> <span class='ocrx_word' id='word_1_626' title='bbox 688 4660 924 4715; x_wconf 78' lang='lat' dir='ltr'><strong>fortasse</strong></span> <span class='ocrx_word' id='word_1_627' title='bbox 968 4659 1272 4716; x_wconf 90' lang='lat' dir='ltr'><strong>sententias</strong></span> <span class='ocrx_word' id='word_1_628' title='bbox 1319 4658 1630 4730; x_wconf 87' lang='lat' dir='ltr'><strong>Ignatianas</strong></span> <span class='ocrx_word' id='word_1_629' title='bbox 1681 4661 1748 4715; x_wconf 91' lang='lat' dir='ltr'><strong>ad</strong></span> <span class='ocrx_word' id='word_1_630' title='bbox 1800 4659 1988 4716; x_wconf 78' lang='lat' dir='ltr'><strong>lrentei</strong></span> 
     </span>
    </p>
   </div>
   <div class='ocr_carea' id='block_1_96' title="bbox 405 4753 1990 4822">
    <p class='ocr_par' dir='ltr' id='par_1_96' title="bbox 405 4753 1990 4822">
     <span class='ocr_line' id='line_1_96' title="bbox 405 4753 1990 4822; baseline 0.003 -16"><span class='ocrx_word' id='word_1_631' title='bbox 405 4761 789 4822; x_wconf 84' lang='lat' dir='ltr'><strong>argumentum</strong></span> <span class='ocrx_word' id='word_1_632' title='bbox 828 4767 951 4807; x_wconf 90' lang='lat' dir='ltr'><strong>esse</strong></span> <span class='ocrx_word' id='word_1_633' title='bbox 979 4753 1229 4816; x_wconf 86' lang='lat' dir='ltr'><strong>idoneas,</strong></span> <span class='ocrx_word' id='word_1_634' title='bbox 1259 4753 1478 4808; x_wconf 91' lang='lat' dir='ltr'><strong>illorum</strong></span> <span class='ocrx_word' id='word_1_635' title='bbox 1517 4771 1626 4808; x_wconf 91' lang='lat' dir='ltr'><strong>non</strong></span> <span class='ocrx_word' id='word_1_636' title='bbox 1660 4755 1788 4810; x_wconf 91' lang='lat' dir='ltr'><strong>item</strong></span> <span class='ocrx_word' id='word_1_637' title='bbox 1817 4772 1990 4810; x_wconf 85' lang='lat' dir='ltr'><strong>:cau-</strong></span> 
     </span>
    </p>
   </div>
   <div class='ocr_carea' id='block_1_97' title="bbox 405 4843 1986 4918">
    <p class='ocr_par' dir='ltr' id='par_1_97' title="bbox 405 4843 1986 4918">
     <span class='ocr_line' id='line_1_97' title="bbox 405 4843 1986 4918; baseline 0.003 -18"><span class='ocrx_word' id='word_1_638' title='bbox 405 4861 526 4900; x_wconf 84' lang='lat' dir='ltr'><strong>sam</strong></span> <span class='ocrx_word' id='word_1_639' title='bbox 585 4844 846 4900; x_wconf 90' lang='lat' dir='ltr'><strong>habuisse</strong></span> <span class='ocrx_word' id='word_1_640' title='bbox 901 4859 1029 4898; x_wconf 91' lang='lat' dir='ltr'><strong>eum</strong></span> <span class='ocrx_word' id='word_1_641' title='bbox 1084 4843 1352 4914; x_wconf 88' lang='lat' dir='ltr'><strong>Ignatium</strong></span> <span class='ocrx_word' id='word_1_642' title='bbox 1407 4848 1730 4902; x_wconf 88' lang='lat' dir='ltr'><strong>nominandi</strong></span> <span class='ocrx_word' id='word_1_643' title='bbox 1774 4849 1986 4918; x_wconf 89' lang='lat' dir='ltr'><strong>justam</strong></span> 
     </span>
    </p>
   </div>
   <div class='ocr_carea' id='block_1_98' title="bbox 403 4937 1988 5009">
    <p class='ocr_par' dir='ltr' id='par_1_98' title="bbox 403 4937 1988 5009">
     <span class='ocr_line' id='line_1_98' title="bbox 403 4937 1988 5009; baseline 0.002 -16"><span class='ocrx_word' id='word_1_644' title='bbox 403 4946 570 5009; x_wconf 89' lang='lat' dir='ltr'><strong>atque</strong></span> <span class='ocrx_word' id='word_1_645' title='bbox 626 4937 1034 5001; x_wconf 89' lang='lat' dir='ltr'><strong>necessariam,</strong></span> <span class='ocrx_word' id='word_1_646' title='bbox 1085 4938 1210 4991; x_wconf 91' lang='lat' dir='ltr'><strong>illos</strong></span> <span class='ocrx_word' id='word_1_647' title='bbox 1272 4950 1461 4994; x_wconf 90' lang='lat' dir='ltr'><strong>autem</strong></span> <span class='ocrx_word' id='word_1_648' title='bbox 1516 4942 1988 4996; x_wconf 89' lang='lat' dir='ltr'><strong>commemorandi</strong></span> 
     </span>
    </p>
   </div>
   <div class='ocr_carea' id='block_1_99' title="bbox 403 5027 1986 5101">
    <p class='ocr_par' dir='ltr' id='par_1_99' title="bbox 403 5027 1986 5101">
     <span class='ocr_line' id='line_1_99' title="bbox 403 5027 1986 5101; baseline 0.003 -17"><span class='ocrx_word' id='word_1_649' title='bbox 403 5030 635 5084; x_wconf 88' lang='lat' dir='ltr'><strong>nullam.</strong></span> <span class='ocrx_word' id='word_1_650' title='bbox 679 5027 797 5083; x_wconf 92' lang='lat' dir='ltr'><strong>Imo</strong></span> <span class='ocrx_word' id='word_1_651' title='bbox 836 5043 968 5082; x_wconf 92' lang='lat' dir='ltr'><strong>vero</strong></span> <span class='ocrx_word' id='word_1_652' title='bbox 1019 5044 1120 5083; x_wconf 91' lang='lat' dir='ltr'><strong>nec</strong></span> <span class='ocrx_word' id='word_1_653' title='bbox 1167 5030 1296 5084; x_wconf 92' lang='lat' dir='ltr'><strong>huic</strong></span> <span class='ocrx_word' id='word_1_654' title='bbox 1333 5031 1534 5101; x_wconf 87' lang='lat' dir='ltr'><strong>elIugio</strong></span> <span class='ocrx_word' id='word_1_655' title='bbox 1574 5033 1664 5086; x_wconf 91' lang='lat' dir='ltr'><strong>hic</strong></span> <span class='ocrx_word' id='word_1_656' title='bbox 1695 5033 1850 5088; x_wconf 85' lang='lat' dir='ltr'><strong>locus</strong></span> <span class='ocrx_word' id='word_1_657' title='bbox 1880 5041 1986 5088; x_wconf 89' lang='lat' dir='ltr'><strong>est.</strong></span> 
     </span>
    </p>
   </div>
   <div class='ocr_carea' id='block_1_100' title="bbox 403 5121 1990 5196">
    <p class='ocr_par' dir='ltr' id='par_1_100' title="bbox 403 5121 1990 5196">
     <span class='ocr_line' id='line_1_100' title="bbox 403 5121 1990 5196; baseline 0.002 -18"><span class='ocrx_word' id='word_1_658' title='bbox 403 5124 545 5178; x_wconf 87' lang='lat' dir='ltr'><strong>Sunt</strong></span> <span class='ocrx_word' id='word_1_659' title='bbox 588 5122 644 5176; x_wconf 92' lang='lat' dir='ltr'><strong>in</strong></span> <span class='ocrx_word' id='word_1_660' title='bbox 685 5121 928 5192; x_wconf 79' lang='lat' dir='ltr'><strong>epistola</strong></span> <span class='ocrx_word' id='word_1_661' title='bbox 965 5121 1228 5176; x_wconf 74' lang='lat' dir='ltr'><strong>Barnaha:</strong></span> <span class='ocrx_word' id='word_1_662' title='bbox 1267 5124 1385 5177; x_wconf 80' lang='lat' dir='ltr'><strong>loca</strong></span> <span class='ocrx_word' id='word_1_663' title='bbox 1427 5125 1836 5194; x_wconf 87' lang='lat' dir='ltr'><strong>quamplurima</strong></span> <span class='ocrx_word' id='word_1_664' title='bbox 1865 5142 1990 5196; x_wconf 75' lang='lat' dir='ltr'><strong>qua:</strong></span> 
     </span>
    </p>
   </div>
   <div class='ocr_carea' id='block_1_101' title="bbox 403 5215 1990 5286">
    <p class='ocr_par' dir='ltr' id='par_1_101' title="bbox 403 5215 1990 5286">
     <span class='ocr_line' id='line_1_101' title="bbox 403 5215 1990 5286; baseline 0.004 -19"><span class='ocrx_word' id='word_1_665' title='bbox 403 5215 712 5281; x_wconf 74' lang='lat' dir='ltr'><strong>haereticos,</strong></span> <span class='ocrx_word' id='word_1_666' title='bbox 740 5223 933 5268; x_wconf 89' lang='lat' dir='ltr'><strong>contra</strong></span> <span class='ocrx_word' id='word_1_667' title='bbox 964 5229 1104 5283; x_wconf 84' lang='lat' dir='ltr'><strong>quos</strong></span> <span class='ocrx_word' id='word_1_668' title='bbox 1131 5215 1354 5284; x_wconf 88' lang='lat' dir='ltr'><strong>scripsit</strong></span> <span class='ocrx_word' id='word_1_669' title='bbox 1379 5217 1634 5282; x_wconf 75' lang='lat' dir='ltr'><strong>lreuwus,</strong></span> <span class='ocrx_word' id='word_1_670' title='bbox 1663 5227 1854 5286; x_wconf 88' lang='lat' dir='ltr'><strong>aperte</strong></span> <span class='ocrx_word' id='word_1_671' title='bbox 1899 5235 1990 5273; x_wconf 91' lang='lat' dir='ltr'><strong>re-</strong></span> 
     </span>
    </p>
   </div>
   <div class='ocr_carea' id='block_1_102' title="bbox 403 5306 1991 5378">
    <p class='ocr_par' dir='ltr' id='par_1_102' title="bbox 403 5306 1991 5378">
     <span class='ocr_line' id='line_1_102' title="bbox 403 5306 1991 5378; baseline 0.004 -18"><span class='ocrx_word' id='word_1_672' title='bbox 403 5308 614 5362; x_wconf 81' lang='lat' dir='ltr'><strong>fellunt.</strong></span> <span class='ocrx_word' id='word_1_673' title='bbox 647 5309 814 5363; x_wconf 82' lang='lat' dir='ltr'><strong>Multa</strong></span> <span class='ocrx_word' id='word_1_674' title='bbox 843 5309 1006 5362; x_wconf 87' lang='lat' dir='ltr'><strong>habet</strong></span> <span class='ocrx_word' id='word_1_675' title='bbox 1029 5324 1152 5378; x_wconf 70' lang='lat' dir='ltr'><strong>quae</strong></span> <span class='ocrx_word' id='word_1_676' title='bbox 1174 5306 1388 5363; x_wconf 87' lang='lat' dir='ltr'><strong>Patrem</strong></span> <span class='ocrx_word' id='word_1_677' title='bbox 1416 5309 1622 5364; x_wconf 90' lang='lat' dir='ltr'><strong>Christi</strong></span> <span class='ocrx_word' id='word_1_678' title='bbox 1652 5311 1842 5365; x_wconf 91' lang='lat' dir='ltr'><strong>mundi</strong></span> <span class='ocrx_word' id='word_1_679' title='bbox 1864 5327 1991 5368; x_wconf 90' lang='lat' dir='ltr'><strong>con-</strong></span> 
     </span>
    </p>
   </div>
   <div class='ocr_carea' id='block_1_103' title="bbox 401 5400 1992 5475">
    <p class='ocr_par' dir='ltr' id='par_1_103' title="bbox 401 5400 1992 5475">
     <span class='ocr_line' id='line_1_103' title="bbox 401 5400 1992 5475; baseline 0.004 -23"><span class='ocrx_word' id='word_1_680' title='bbox 401 5400 634 5455; x_wconf 88' lang='lat' dir='ltr'><strong>ditorem</strong></span> <span class='ocrx_word' id='word_1_681' title='bbox 668 5404 1049 5466; x_wconf 83' lang='lat' dir='ltr'><strong>constituunt;</strong></span> <span class='ocrx_word' id='word_1_682' title='bbox 1097 5403 1165 5456; x_wconf 89' lang='lat' dir='ltr'><strong>de</strong></span> <span class='ocrx_word' id='word_1_683' title='bbox 1206 5418 1314 5470; x_wconf 84' lang='lat' dir='ltr'><strong>qua</strong></span> <span class='ocrx_word' id='word_1_684' title='bbox 1365 5418 1424 5456; x_wconf 91' lang='lat' dir='ltr'><strong>re</strong></span> <span class='ocrx_word' id='word_1_685' title='bbox 1474 5413 1582 5456; x_wconf 86' lang='lat' dir='ltr'><strong>tam</strong></span> <span class='ocrx_word' id='word_1_686' title='bbox 1633 5403 1844 5473; x_wconf 80' lang='lat' dir='ltr'><strong>prolixe</strong></span> <span class='ocrx_word' id='word_1_687' title='bbox 1878 5405 1992 5475; x_wconf 87' lang='lat' dir='ltr'><strong>agit</strong></span> 
     </span>
    </p>
   </div>
   <div class='ocr_carea' id='block_1_104' title="bbox 405 5491 1989 5567">
    <p class='ocr_par' dir='ltr' id='par_1_104' title="bbox 405 5491 1989 5567">
     <span class='ocr_line' id='line_1_104' title="bbox 405 5491 1989 5567; baseline 0.003 -23"><span class='ocrx_word' id='word_1_688' title='bbox 405 5491 663 5560; x_wconf 78' lang='lat' dir='ltr'><strong>Irenams,</strong></span> <span class='ocrx_word' id='word_1_689' title='bbox 688 5505 743 5550; x_wconf 90' lang='lat' dir='ltr'><strong>et</strong></span> <span class='ocrx_word' id='word_1_690' title='bbox 768 5511 865 5565; x_wconf 87' lang='lat' dir='ltr'><strong>pro</strong></span> <span class='ocrx_word' id='word_1_691' title='bbox 891 5512 1002 5567; x_wconf 90' lang='lat' dir='ltr'><strong>qua</strong></span> <span class='ocrx_word' id='word_1_692' title='bbox 1041 5497 1159 5552; x_wconf 88' lang='lat' dir='ltr'><strong>sola</strong></span> <span class='ocrx_word' id='word_1_693' title='bbox 1190 5493 1492 5551; x_wconf 89' lang='lat' dir='ltr'><strong>Clementis</strong></span> <span class='ocrx_word' id='word_1_694' title='bbox 1525 5496 1816 5566; x_wconf 88' lang='lat' dir='ltr'><strong>epistolam</strong></span> <span class='ocrx_word' id='word_1_695' title='bbox 1849 5497 1989 5551; x_wconf 88' lang='lat' dir='ltr'><strong>cita-</strong></span> 
     </span>
    </p>
   </div>
   <div class='ocr_carea' id='block_1_105' title="bbox 404 5585 1986 5659">
    <p class='ocr_par' dir='ltr' id='par_1_105' title="bbox 404 5585 1986 5659">
     <span class='ocr_line' id='line_1_105' title="bbox 404 5585 1986 5659; baseline 0.004 -22"><span class='ocrx_word' id='word_1_696' title='bbox 404 5585 483 5638; x_wconf 87' lang='lat' dir='ltr'><strong>vit</strong></span> <span class='ocrx_word' id='word_1_697' title='bbox 522 5603 537 5639; x_wconf 91' lang='lat'><strong>:</strong></span> <span class='ocrx_word' id='word_1_698' title='bbox 575 5586 645 5640; x_wconf 90' lang='lat' dir='ltr'><strong>de</strong></span> <span class='ocrx_word' id='word_1_699' title='bbox 684 5587 888 5658; x_wconf 81' lang='lat' dir='ltr'><strong>Moysis</strong></span> <span class='ocrx_word' id='word_1_700' title='bbox 928 5600 982 5643; x_wconf 87' lang='lat' dir='ltr'><strong>et</strong></span> <span class='ocrx_word' id='word_1_701' title='bbox 1032 5589 1422 5659; x_wconf 87' lang='lat' dir='ltr'><strong>prophetarum</strong></span> <span class='ocrx_word' id='word_1_702' title='bbox 1467 5588 1688 5658; x_wconf 90' lang='lat' dir='ltr'><strong>scriptis</strong></span> <span class='ocrx_word' id='word_1_703' title='bbox 1729 5589 1986 5658; x_wconf 88' lang='lat' dir='ltr'><strong>plurima,</strong></span> 
     </span>
    </p>
   </div>
   <div class='ocr_carea' id='block_1_106' title="bbox 404 5677 1986 5751">
    <p class='ocr_par' dir='ltr' id='par_1_106' title="bbox 404 5677 1986 5751">
     <span class='ocr_line' id='line_1_106' title="bbox 404 5677 1986 5751; baseline 0.004 -21"><span class='ocrx_word' id='word_1_704' title='bbox 404 5693 526 5746; x_wconf 75' lang='lat' dir='ltr'><strong>qua:</strong></span> <span class='ocrx_word' id='word_1_705' title='bbox 547 5677 674 5733; x_wconf 88' lang='lat' dir='ltr'><strong>huic</strong></span> <span class='ocrx_word' id='word_1_706' title='bbox 693 5681 972 5734; x_wconf 78' lang='lat' dir='ltr'><strong>sententia:</strong></span> <span class='ocrx_word' id='word_1_707' title='bbox 989 5693 1244 5751; x_wconf 85' lang='lat' dir='ltr'><strong>tauquam</strong></span> <span class='ocrx_word' id='word_1_708' title='bbox 1269 5682 1622 5736; x_wconf 80' lang='lat' dir='ltr'><strong>fundamento</strong></span> <span class='ocrx_word' id='word_1_709' title='bbox 1650 5682 1986 5736; x_wconf 83' lang='lat' dir='ltr'><strong>innituntur:</strong></span> 
     </span>
    </p>
   </div>
   <div class='ocr_carea' id='block_1_107' title="bbox 411 5769 1986 5842">
    <p class='ocr_par' dir='ltr' id='par_1_107' title="bbox 411 5769 1986 5842">
     <span class='ocr_line' id='line_1_107' title="bbox 411 5769 1986 5842; baseline 0.003 -19"><span class='ocrx_word' id='word_1_710' title='bbox 411 5769 686 5842; x_wconf 73' lang='lat' dir='ltr'><strong>Prop/tcta:</strong></span> <span class='ocrx_word' id='word_1_711' title='bbox 711 5772 772 5826; x_wconf 86' lang='lat' dir='ltr'><strong>ab</strong></span> <span class='ocrx_word' id='word_1_712' title='bbox 799 5773 907 5842; x_wconf 67' lang='lat' dir='ltr'><strong>ipso</strong></span> <span class='ocrx_word' id='word_1_713' title='bbox 944 5774 1188 5829; x_wconf 78' lang='lat' dir='ltr'><strong>habentes</strong></span> <span class='ocrx_word' id='word_1_714' title='bbox 1217 5774 1410 5829; x_wconf 83' lang='lat' dir='ltr'><strong>denunt</strong></span> <span class='ocrx_word' id='word_1_715' title='bbox 1443 5774 1490 5828; x_wconf 83' lang='lat' dir='ltr'><strong>in</strong></span> <span class='ocrx_word' id='word_1_716' title='bbox 1525 5775 1675 5830; x_wconf 86' lang='lat' dir='ltr'><strong>illum</strong></span> <span class='ocrx_word' id='word_1_717' title='bbox 1709 5775 1986 5829; x_wconf 74' lang='lat' dir='ltr'><strong>m&#39;evlzcta-</strong></span> 
     </span>
    </p>
   </div>
   <div class='ocr_carea' id='block_1_108' title="bbox 2094 4566 3719 4638">
    <p class='ocr_par' dir='ltr' id='par_1_108' title="bbox 2094 4566 3719 4638">
     <span class='ocr_line' id='line_1_108' title="bbox 2094 4566 3719 4638; baseline 0 -16"><span class='ocrx_word' id='word_1_718' title='bbox 2094 4569 2332 4638; x_wconf 89' lang='lat' dir='ltr'><strong>primum</strong></span> <span class='ocrx_word' id='word_1_719' title='bbox 2363 4577 2586 4623; x_wconf 80' lang='lat' dir='ltr'><strong>exortes</strong></span> <span class='ocrx_word' id='word_1_720' title='bbox 2627 4568 2884 4637; x_wconf 89' lang='lat' dir='ltr'><strong>scripsit;</strong></span> <span class='ocrx_word' id='word_1_721' title='bbox 2918 4581 3096 4636; x_wconf 81' lang='lat' dir='ltr'><strong>neque</strong></span> <span class='ocrx_word' id='word_1_722' title='bbox 3136 4575 3317 4620; x_wconf 89' lang='lat' dir='ltr'><strong>tamen</strong></span> <span class='ocrx_word' id='word_1_723' title='bbox 3347 4566 3578 4624; x_wconf 89' lang='lat' dir='ltr'><strong>horum</strong></span> <span class='ocrx_word' id='word_1_724' title='bbox 3619 4587 3719 4625; x_wconf 85' lang='lat' dir='ltr'><strong>cu-</strong></span> 
     </span>
    </p>
   </div>
   <div class='ocr_carea' id='block_1_109' title="bbox 2090 4657 3720 4732">
    <p class='ocr_par' dir='ltr' id='par_1_109' title="bbox 2090 4657 3720 4732">
     <span class='ocr_line' id='line_1_109' title="bbox 2090 4657 3720 4732; baseline 0.001 -18"><span class='ocrx_word' id='word_1_725' title='bbox 2090 4663 2328 4732; x_wconf 88' lang='lat' dir='ltr'><strong>juspiam</strong></span> <span class='ocrx_word' id='word_1_726' title='bbox 2362 4660 2600 4716; x_wconf 76' lang='lat' dir='ltr'><strong>Irenzeus</strong></span> <span class='ocrx_word' id='word_1_727' title='bbox 2639 4661 2907 4714; x_wconf 89' lang='lat' dir='ltr'><strong>meminit.</strong></span> <span class='ocrx_word' id='word_1_728' title='bbox 2942 4657 3006 4711; x_wconf 93' lang='lat' dir='ltr'><strong>Ili</strong></span> <span class='ocrx_word' id='word_1_729' title='bbox 3044 4675 3170 4714; x_wconf 89' lang='lat' dir='ltr'><strong>cum</strong></span> <span class='ocrx_word' id='word_1_730' title='bbox 3203 4657 3410 4711; x_wconf 73' lang='lat' dir='ltr'><strong>Irenaeo</strong></span> <span class='ocrx_word' id='word_1_731' title='bbox 3445 4676 3572 4715; x_wconf 87' lang='lat' dir='ltr'><strong>non</strong></span> <span class='ocrx_word' id='word_1_732' title='bbox 3617 4678 3720 4730; x_wconf 66' lang='lat' dir='ltr'><strong>pto-</strong></span> 
     </span>
    </p>
   </div>
   <div class='ocr_carea' id='block_1_110' title="bbox 2097 4751 3721 4824">
    <p class='ocr_par' dir='ltr' id='par_1_110' title="bbox 2097 4751 3721 4824">
     <span class='ocr_line' id='line_1_110' title="bbox 2097 4751 3721 4824; baseline 0 -16"><span class='ocrx_word' id='word_1_733' title='bbox 2097 4756 2299 4810; x_wconf 88' lang='lat' dir='ltr'><strong>tuerint</strong></span> <span class='ocrx_word' id='word_1_734' title='bbox 2339 4770 2464 4808; x_wconf 88' lang='lat' dir='ltr'><strong>esse</strong></span> <span class='ocrx_word' id='word_1_735' title='bbox 2509 4754 2792 4824; x_wconf 87' lang='lat' dir='ltr'><strong>incogniti,</strong></span> <span class='ocrx_word' id='word_1_736' title='bbox 2820 4761 2875 4806; x_wconf 91' lang='lat' dir='ltr'><strong>et</strong></span> <span class='ocrx_word' id='word_1_737' title='bbox 2918 4752 3086 4806; x_wconf 89' lang='lat' dir='ltr'><strong>multa</strong></span> <span class='ocrx_word' id='word_1_738' title='bbox 3121 4752 3173 4805; x_wconf 92' lang='lat' dir='ltr'><strong>in</strong></span> <span class='ocrx_word' id='word_1_739' title='bbox 3207 4751 3364 4804; x_wconf 85' lang='lat' dir='ltr'><strong>libris</strong></span> <span class='ocrx_word' id='word_1_740' title='bbox 3402 4754 3537 4807; x_wconf 84' lang='lat' dir='ltr'><strong>suis</strong></span> <span class='ocrx_word' id='word_1_741' title='bbox 3579 4766 3721 4808; x_wconf 83' lang='lat' dir='ltr'><strong>tunc</strong></span> 
     </span>
    </p>
   </div>
   <div class='ocr_carea' id='block_1_111' title="bbox 2092 4839 3722 4910">
    <p class='ocr_par' dir='ltr' id='par_1_111' title="bbox 2092 4839 3722 4910">
     <span class='ocr_line' id='line_1_111' title="bbox 2092 4839 3722 4910; baseline 0.002 -16"><span class='ocrx_word' id='word_1_742' title='bbox 2092 4841 2256 4894; x_wconf 90' lang='lat' dir='ltr'><strong>editis</strong></span> <span class='ocrx_word' id='word_1_743' title='bbox 2297 4841 2609 4907; x_wconf 90' lang='lat' dir='ltr'><strong>habuerint,</strong></span> <span class='ocrx_word' id='word_1_744' title='bbox 2639 4857 2762 4910; x_wconf 76' lang='lat' dir='ltr'><strong>qua:</strong></span> <span class='ocrx_word' id='word_1_745' title='bbox 2791 4841 2858 4894; x_wconf 89' lang='lat' dir='ltr'><strong>ad</strong></span> <span class='ocrx_word' id='word_1_746' title='bbox 2891 4850 3278 4908; x_wconf 82' lang='lat' dir='ltr'><strong>argumentum</strong></span> <span class='ocrx_word' id='word_1_747' title='bbox 3309 4839 3436 4909; x_wconf 87' lang='lat' dir='ltr'><strong>ejus</strong></span> <span class='ocrx_word' id='word_1_748' title='bbox 3487 4841 3722 4898; x_wconf 74' lang='lat' dir='ltr'><strong>fuerint</strong></span> 
     </span>
    </p>
   </div>
   <div class='ocr_carea' id='block_1_112' title="bbox 2094 4929 3721 5004">
    <p class='ocr_par' dir='ltr' id='par_1_112' title="bbox 2094 4929 3721 5004">
     <span class='ocr_line' id='line_1_112' title="bbox 2094 4929 3721 5004; baseline 0.001 -18"><span class='ocrx_word' id='word_1_749' title='bbox 2094 4933 2314 4998; x_wconf 87' lang='lat' dir='ltr'><strong>idonea,</strong></span> <span class='ocrx_word' id='word_1_750' title='bbox 2340 4948 2448 4984; x_wconf 91' lang='lat' dir='ltr'><strong>non</strong></span> <span class='ocrx_word' id='word_1_751' title='bbox 2474 4941 2653 4986; x_wconf 88' lang='lat' dir='ltr'><strong>tamen</strong></span> <span class='ocrx_word' id='word_1_752' title='bbox 2673 4941 2830 4986; x_wconf 89' lang='lat' dir='ltr'><strong>erant</strong></span> <span class='ocrx_word' id='word_1_753' title='bbox 2851 4932 2919 4985; x_wconf 89' lang='lat' dir='ltr'><strong>ab</strong></span> <span class='ocrx_word' id='word_1_754' title='bbox 2943 4948 3006 4985; x_wconf 88' lang='lat' dir='ltr'><strong>eo</strong></span> <span class='ocrx_word' id='word_1_755' title='bbox 3037 4930 3328 4986; x_wconf 85' lang='lat' dir='ltr'><strong>nominati.</strong></span> <span class='ocrx_word' id='word_1_756' title='bbox 3354 4929 3509 4986; x_wconf 82' lang='lat' dir='ltr'><strong>Male</strong></span> <span class='ocrx_word' id='word_1_757' title='bbox 3537 4935 3721 5004; x_wconf 79' lang='lat' dir='ltr'><strong>igitur</strong></span> 
     </span>
    </p>
   </div>
   <div class='ocr_carea' id='block_1_113' title="bbox 2093 5023 3720 5092">
    <p class='ocr_par' dir='ltr' id='par_1_113' title="bbox 2093 5023 3720 5092">
     <span class='ocr_line' id='line_1_113' title="bbox 2093 5023 3720 5092; baseline 0.003 -16"><span class='ocrx_word' id='word_1_758' title='bbox 2093 5041 2122 5076; x_wconf 88' lang='lat' dir='ltr'><strong>a</strong></span> <span class='ocrx_word' id='word_1_759' title='bbox 2151 5023 2354 5078; x_wconf 66' lang='lat' dir='ltr'><strong>Dallato</strong></span> <span class='ocrx_word' id='word_1_760' title='bbox 2386 5035 2494 5079; x_wconf 87' lang='lat' dir='ltr'><strong>tam</strong></span> <span class='ocrx_word' id='word_1_761' title='bbox 2542 5024 2908 5092; x_wconf 88' lang='lat' dir='ltr'><strong>peremptorie</strong></span> <span class='ocrx_word' id='word_1_762' title='bbox 2932 5023 3225 5087; x_wconf 82' lang='lat' dir='ltr'><strong>asseritur,</strong></span> <span class='ocrx_word' id='word_1_763' title='bbox 3257 5031 3571 5079; x_wconf 85' lang='lat' dir='ltr'><strong>auctorem</strong></span> <span class='ocrx_word' id='word_1_764' title='bbox 3609 5029 3720 5081; x_wconf 55' lang='lat' dir='ltr'><strong>ali-</strong></span> 
     </span>
    </p>
   </div>
   <div class='ocr_carea' id='block_1_114' title="bbox 2092 5115 3718 5190">
    <p class='ocr_par' dir='ltr' id='par_1_114' title="bbox 2092 5115 3718 5190">
     <span class='ocr_line' id='line_1_114' title="bbox 2092 5115 3718 5190; baseline 0.002 -19"><span class='ocrx_word' id='word_1_765' title='bbox 2092 5133 2257 5186; x_wconf 90' lang='lat' dir='ltr'><strong>quem</strong></span> <span class='ocrx_word' id='word_1_766' title='bbox 2286 5118 2453 5170; x_wconf 89' lang='lat' dir='ltr'><strong>etiam</strong></span> <span class='ocrx_word' id='word_1_767' title='bbox 2483 5117 2803 5186; x_wconf 54' lang='lat' dir='ltr'><strong>praclarum</strong></span> <span class='ocrx_word' id='word_1_768' title='bbox 2840 5116 3015 5171; x_wconf 80' lang='lat' dir='ltr'><strong>fuisse</strong></span> <span class='ocrx_word' id='word_1_769' title='bbox 3048 5115 3252 5169; x_wconf 73' lang='lat' dir='ltr'><strong>Irentco</strong></span> <span class='ocrx_word' id='word_1_770' title='bbox 3280 5117 3514 5184; x_wconf 89' lang='lat' dir='ltr'><strong>penitus</strong></span> <span class='ocrx_word' id='word_1_771' title='bbox 3549 5119 3718 5190; x_wconf 82' lang='lat' dir='ltr'><strong>igno-</strong></span> 
     </span>
    </p>
   </div>
   <div class='ocr_carea' id='block_1_115' title="bbox 2097 5208 3722 5277">
    <p class='ocr_par' dir='ltr' id='par_1_115' title="bbox 2097 5208 3722 5277">
     <span class='ocr_line' id='line_1_115' title="bbox 2097 5208 3722 5277; baseline 0.002 -14"><span class='ocrx_word' id='word_1_772' title='bbox 2097 5221 2230 5275; x_wconf 91' lang='lat' dir='ltr'><strong>tum,</strong></span> <span class='ocrx_word' id='word_1_773' title='bbox 2264 5209 2386 5264; x_wconf 89' lang='lat' dir='ltr'><strong>ideo</strong></span> <span class='ocrx_word' id='word_1_774' title='bbox 2411 5219 2647 5276; x_wconf 88' lang='lat' dir='ltr'><strong>tantum,</strong></span> <span class='ocrx_word' id='word_1_775' title='bbox 2679 5208 2808 5277; x_wconf 91' lang='lat' dir='ltr'><strong>quia</strong></span> <span class='ocrx_word' id='word_1_776' title='bbox 2835 5218 3144 5276; x_wconf 84' lang='lat' dir='ltr'><strong>opportuna</strong></span> <span class='ocrx_word' id='word_1_777' title='bbox 3173 5211 3478 5264; x_wconf 87' lang='lat' dir='ltr'><strong>occasione</strong></span> <span class='ocrx_word' id='word_1_778' title='bbox 3510 5214 3722 5267; x_wconf 80' lang='lat' dir='ltr'><strong>ablata</strong></span> 
     </span>
    </p>
   </div>
   <div class='ocr_carea' id='block_1_116' title="bbox 2093 5302 2827 5359">
    <p class='ocr_par' dir='ltr' id='par_1_116' title="bbox 2093 5302 2827 5359">
     <span class='ocr_line' id='line_1_116' title="bbox 2093 5302 2827 5359; baseline -0.004 0"><span class='ocrx_word' id='word_1_779' title='bbox 2093 5321 2221 5359; x_wconf 91' lang='lat' dir='ltr'><strong>eum</strong></span> <span class='ocrx_word' id='word_1_780' title='bbox 2252 5304 2478 5358; x_wconf 83' lang='lat' dir='ltr'><strong>minime</strong></span> <span class='ocrx_word' id='word_1_781' title='bbox 2504 5302 2827 5358; x_wconf 84' lang='lat' dir='ltr'><strong>nominavit.</strong></span> 
     </span>
    </p>
   </div>
   <div class='ocr_carea' id='block_1_117' title="bbox 2166 5392 3720 5470">
    <p class='ocr_par' dir='ltr' id='par_1_117' title="bbox 2166 5392 3720 5470">
     <span class='ocr_line' id='line_1_117' title="bbox 2166 5392 3720 5470; baseline 0.003 -20"><span class='ocrx_word' id='word_1_782' title='bbox 2166 5397 2382 5453; x_wconf 76' lang='lat' dir='ltr'><strong>Rursus</strong></span> <span class='ocrx_word' id='word_1_783' title='bbox 2429 5394 2682 5461; x_wconf 88' lang='lat' dir='ltr'><strong>Hermas,</strong></span> <span class='ocrx_word' id='word_1_784' title='bbox 2725 5393 3006 5460; x_wconf 87' lang='lat' dir='ltr'><strong>Clemens,</strong></span> <span class='ocrx_word' id='word_1_785' title='bbox 3049 5392 3414 5465; x_wconf 83' lang='lat' dir='ltr'><strong>Polycarpus,</strong></span> <span class='ocrx_word' id='word_1_786' title='bbox 3462 5394 3720 5470; x_wconf 79' lang='lat' dir='ltr'><strong>Papias,</strong></span> 
     </span>
    </p>
   </div>
   <div class='ocr_carea' id='block_1_118' title="bbox 2091 5487 3720 5560">
    <p class='ocr_par' dir='ltr' id='par_1_118' title="bbox 2091 5487 3720 5560">
     <span class='ocr_line' id='line_1_118' title="bbox 2091 5487 3720 5560; baseline 0.002 -16"><span class='ocrx_word' id='word_1_787' title='bbox 2091 5489 2359 5555; x_wconf 79' lang='lat' dir='ltr'><strong>Justinus,</strong></span> <span class='ocrx_word' id='word_1_788' title='bbox 2388 5503 2456 5542; x_wconf 74' lang='lat' dir='ltr'><strong>ex</strong></span> <span class='ocrx_word' id='word_1_789' title='bbox 2487 5487 2675 5542; x_wconf 89' lang='lat' dir='ltr'><strong>multis</strong></span> <span class='ocrx_word' id='word_1_790' title='bbox 2703 5487 2794 5556; x_wconf 90' lang='lat' dir='ltr'><strong>qui</strong></span> <span class='ocrx_word' id='word_1_791' title='bbox 2827 5496 2955 5542; x_wconf 89' lang='lat' dir='ltr'><strong>ante</strong></span> <span class='ocrx_word' id='word_1_792' title='bbox 2985 5487 3166 5557; x_wconf 88' lang='lat' dir='ltr'><strong>ipsum</strong></span> <span class='ocrx_word' id='word_1_793' title='bbox 3197 5489 3502 5557; x_wconf 78' lang='lat' dir='ltr'><strong>scripsere,</strong></span> <span class='ocrx_word' id='word_1_794' title='bbox 3536 5497 3720 5560; x_wconf 82' lang='lat' dir='ltr'><strong>pauci</strong></span> 
     </span>
    </p>
   </div>
   <div class='ocr_carea' id='block_1_119' title="bbox 2095 5579 3721 5650">
    <p class='ocr_par' dir='ltr' id='par_1_119' title="bbox 2095 5579 3721 5650">
     <span class='ocr_line' id='line_1_119' title="bbox 2095 5579 3721 5650; baseline 0 -13"><span class='ocrx_word' id='word_1_795' title='bbox 2095 5583 2315 5637; x_wconf 79' lang='lat' dir='ltr'><strong>luerunt</strong></span> <span class='ocrx_word' id='word_1_796' title='bbox 2343 5579 2412 5635; x_wconf 91' lang='lat' dir='ltr'><strong>ab</strong></span> <span class='ocrx_word' id='word_1_797' title='bbox 2438 5579 2642 5634; x_wconf 75' lang='lat' dir='ltr'><strong>Irenaeo</strong></span> <span class='ocrx_word' id='word_1_798' title='bbox 2679 5579 2900 5650; x_wconf 90' lang='lat' dir='ltr'><strong>quidem</strong></span> <span class='ocrx_word' id='word_1_799' title='bbox 2935 5580 3240 5645; x_wconf 89' lang='lat' dir='ltr'><strong>nominati;</strong></span> <span class='ocrx_word' id='word_1_800' title='bbox 3271 5582 3367 5634; x_wconf 89' lang='lat' dir='ltr'><strong>sed</strong></span> <span class='ocrx_word' id='word_1_801' title='bbox 3405 5597 3478 5633; x_wconf 89' lang='lat' dir='ltr'><strong>an</strong></span> <span class='ocrx_word' id='word_1_802' title='bbox 3523 5587 3721 5639; x_wconf 77' lang='lat' dir='ltr'><strong>multa</strong></span> 
     </span>
    </p>
   </div>
   <div class='ocr_carea' id='block_1_120' title="bbox 2093 5671 3721 5746">
    <p class='ocr_par' dir='ltr' id='par_1_120' title="bbox 2093 5671 3721 5746">
     <span class='ocr_line' id='line_1_120' title="bbox 2093 5671 3721 5746; baseline 0.001 -20"><span class='ocrx_word' id='word_1_803' title='bbox 2093 5691 2159 5726; x_wconf 79' lang='lat' dir='ltr'><strong>ex</strong></span> <span class='ocrx_word' id='word_1_804' title='bbox 2188 5673 2296 5728; x_wconf 90' lang='lat' dir='ltr'><strong>illis</strong></span> <span class='ocrx_word' id='word_1_805' title='bbox 2326 5673 2446 5728; x_wconf 87' lang='lat' dir='ltr'><strong>loca</strong></span> <span class='ocrx_word' id='word_1_806' title='bbox 2479 5673 2544 5726; x_wconf 90' lang='lat' dir='ltr'><strong>ad</strong></span> <span class='ocrx_word' id='word_1_807' title='bbox 2575 5682 2959 5741; x_wconf 86' lang='lat' dir='ltr'><strong>argumentum</strong></span> <span class='ocrx_word' id='word_1_808' title='bbox 3000 5688 3160 5727; x_wconf 90' lang='lat' dir='ltr'><strong>suum</strong></span> <span class='ocrx_word' id='word_1_809' title='bbox 3200 5671 3512 5734; x_wconf 84' lang='lat' dir='ltr'><strong>luculenta,</strong></span> <span class='ocrx_word' id='word_1_810' title='bbox 3553 5679 3721 5746; x_wconf 83' lang='lat' dir='ltr'><strong>quod</strong></span> 
     </span>
    </p>
   </div>
   <div class='ocr_carea' id='block_1_121' title="bbox 2096 5766 3722 5838">
    <p class='ocr_par' dir='ltr' id='par_1_121' title="bbox 2096 5766 3722 5838">
     <span class='ocr_line' id='line_1_121' title="bbox 2096 5766 3722 5838; baseline -0.003 -14"><span class='ocrx_word' id='word_1_811' title='bbox 2096 5769 2160 5824; x_wconf 89' lang='lat' dir='ltr'><strong>dc</strong></span> <span class='ocrx_word' id='word_1_812' title='bbox 2200 5766 2408 5838; x_wconf 79' lang='lat' dir='ltr'><strong>lguatio</strong></span> <span class='ocrx_word' id='word_1_813' title='bbox 2431 5767 2671 5837; x_wconf 79' lang='lat' dir='ltr'><strong>postulat</strong></span> <span class='ocrx_word' id='word_1_814' title='bbox 2698 5766 2777 5820; x_wconf 69' lang='lat' dir='ltr'><strong>vir</strong></span> <span class='ocrx_word' id='word_1_815' title='bbox 2811 5766 3187 5832; x_wconf 81' lang='lat' dir='ltr'><strong>doctissimus,</strong></span> <span class='ocrx_word' id='word_1_816' title='bbox 3217 5768 3532 5836; x_wconf 78' lang='lat' dir='ltr'><strong>excerpsit,</strong></span> <span class='ocrx_word' id='word_1_817' title='bbox 3572 5781 3636 5825; x_wconf 75' lang='lat' dir='ltr'><strong>ct</strong></span> <span class='ocrx_word' id='word_1_818' title='bbox 3664 5772 3722 5826; x_wconf 72' lang='lat' dir='ltr'><strong>in</strong></span> 
     </span>
    </p>
   </div>
  </div>
