3786 6316
128 357 203 411 161

853 355 905 410 J.
947 356 1317 411 PEARSUNII
1366 356 1683 412 νιΝιιιωΑΞ
1727 357 2145 413 ΙΟΝΑἸΊΑΝᾸΞ.
2189 390 2255 398 —
2288 359 2468 415 PARS
2505 360 2543 414 l.

3266 362 3367 418 169.

124 479 268 531 libros
293 490 417 530 suos
441 477 751 545 congessit?
778 476 1025 531 minime.
1058 477 1357 533 Clementis
1381 478 1670 547 epistolam
1707 482 1747 535 Α
1776 480 1965 534 eadem
1990 490 2132 535 esset
2162 495 2287 535 cum
2318 482 2438 551 ipso
2464 483 2755 548 sententia,
2775 487 3150 541 controversia
3181 496 3363 541 autem

121 569 366 622 continere
390 568 465 621 ait
482 568 822 621 traditionem
862 570 1269 623 annuntiantem
1305 588 1466 624 unum
1501 570 1667 624 Deum

120 662 487 719 omnipotentem
520 662 776 730 factorem
805 663 924 717 cali
949 674 997 717 et
1024 674 1179 718 terra:
1213 664 1413 736 (neque
1436 666 1664 731 mirum,

118 756 253 824 cujus
281 754 418 809 enim
444 753 695 809 catholici
725 757 1009 826 scriptoris
1038 774 1179 828 opus
1207 759 1314 813 hoc
1350 774 1455 813 non
1486 760 1666 814 conti-

118 847 268 911 netll;
298 846 389 900 sed
429 861 502 901 ne
534 863 698 901 unam
744 850 964 917 quidem
993 865 1056 903 ex
1088 866 1152 904 ea
1182 851 1414 920 epistola
1443 860 1655 906 senten-

116 942 223 993 tiain
245 955 306 994 eo
331 940 431 994 loci
462 939 640 1005 affert,
667 950 762 995 aut
786 941 916 996 alibi
955 943 1041 996 vel
1067 959 1237 997 unum
1279 942 1351 1013 μῦ
1382 944 1660 1013 exprimit.

115 1032 434 1102 Polyrarpum
462 1033 627 1086 etiam
666 1034 867 1088 ibidem
896 1034 1107 1099 laudat,
1137 1044 1192 1090 et
1220 1036 1508 1105 epistolam
1540 1037 1663 1106 ejus

113 1123 166 1175 ad
204 1121 561 1194 Phi‘ippenses
613 1139 916 1194 memorat;
972 1130 1065 1183 sed
1115 1145 1182 1184 ne
1229 1146 1392 1184 unam
1439 1133 1661 1201 quidem

112 1214 338 1282 syllabam
366 1231 427 1268 ex
462 1216 585 1284 ejus
609 1218 848 1287 scriptis,
882 1220 965 1273 vel
989 1220 1056 1275 ad
1092 1220 1457 1277 confutandos
1490 1224 1662 1279 Incre-

111 1307 242 1371 titos,
274 1308 348 1361 vel
378 1308 430 1361 in
455 1309 623 1364 alium
657 1311 818 1365 linem
846 1312 1087 1367 adducir.
1118 1312 1343 1384 Papiam
1373 1317 1537 1371 etiam
1569 1333 1663 1373 no-

112 1400 273 1465 minat,
307 1412 357 1455 et
400 1405 873 1459 narratinnculam
907 1424 972 1460 ex
1006 1422 1073 1460 eo
1116 1408 1359 1474 adducit,
1405 1426 1513 1464 non
1549 1422 1658 1466 tam

109 1504 267 1547 contra
289 1493 571 1552 hatreticos
596 1514 759 1568 quam
786 1500 852 1553 ad
876 1499 1270 1555 Chiliastarum
1295 1503 1491 1575 dogma
1522 1519 1658 1559 con-

109 1591 416 1655 ﬁrmandum,
447 1593 594 1662 quod
622 1593 695 1647 illi
731 1608 875 1648 unus
898 1593 1097 1663 Papias
1123 1607 1495 1664 persuaserat,
1523 1608 1659 1653 teste

108 1680 309 1738 Eusebio
358 1684 452 1738 lib.
504 1702 587 1746 Ill,
623 1686 689 1739 ad
736 1686 922 1751 linem,
955 1697 1008 1741 et
1039 1687 1373 1759 Hieronymo
1403 1690 1457 1743 in
1494 1692 1657 1745 Cata-

107 1774 225 1844 logo.
253 1774 324 1828 Ex
356 1776 522 1831 unico
562 1776 801 1841 Justino,
836 1780 928 1848 qui
973 1796 1070 1834 sua
1118 1791 1278 1836 :etate
1323 1784 1477 1850 vim,
1518 1786 1657 1841 duas

1772 572 1839 628 de
1865 573 2052 628 verbis
2086 581 2321 629 tantum.
2356 575 2436 630 Ad
2470 577 2570 632 hos
2599 578 2958 645 posteriorem
2992 590 3202 649 partem
3244 580 3363 650 cpio

1770 667 1925 719 stolae
1946 665 2153 735 dirigit.
2181 680 2212 720 a
2243 667 2439 735 pagina
2468 668 2575 723 915
2602 669 2950 739 incipientem
2975 690 2988 737 ;
3026 687 3189 741 quam
3220 673 3364 727 male

1770 757 2145 828 interrumpit,
2169 759 2366 830 pagina
2393 762 2668 830 sequenti,
2702 762 2893 818 Latina
2933 764 3318 835 interpretatio
3344 785 3359 821 ε

1770 850 1884 906 Nos
1911 868 2030 907 vero
2061 854 2252 906 iterum
2277 855 2581 923 impeten'es
2614 872 2722 919 eos,
2754 858 2843 925 qui
2888 856 3111 910 Verbum
3142 869 3361 913 creatu-

1768 960 1882 998 ram
1922 960 2034 997 esse
2062 945 2278 1011 dicunt,
2307 962 2399 998 nec
2427 962 2546 997 eum
2577 947 2754 999 autaut
2789 948 3085 1017 legitimum
3109 960 3157 1003 et
3188 960 3359 1002 natu-

1766 1036 1931 1090 ralem
1965 1037 2139 1104 [ilium
2171 1054 2303 1096 esse.
2343 1038 2666 1091 ostendimus
2696 1055 2782 1091 eos
2815 1056 2879 1092 ea:
2908 1040 3153 1093 humanis
3177 1054 3359 1095 eum-

1764 1129 1864 1197 plt's
1897 1130 2067 1199 patris
2090 1139 2140 1182 ct
2164 1130 2269 1198 ﬁlii
2299 1130 2576 1183 adversum
2607 1147 2661 1183 se
2688 1133 2917 1185 rationes
2949 1142 2998 1185 et
3022 1133 3351 1186 demonstra-

1764 1223 1929 1275 tiones
1954 1223 2210 1291 accipere.
2242 1222 2375 1288 Quae
2404 1223 2568 1277 verba
2593 1233 2647 1277 et
2670 1233 2912 1278 tenorem
2944 1224 3354 1281 dissertationis

1763 1316 2111 1384 perturbant,
2146 1324 2200 1369 et
2244 1330 2509 1384 personas
2542 1326 2705 1385 atque
2738 1332 2823 1370 res
2859 1316 3006 1385 ipsas
3042 1317 3181 1371 mire
3226 1333 3354 1372 cono

1763 1408 2018 1462 fundunt.
2054 1406 2240 1463 Graeca
2276 1410 2349 1462 ita
2385 1424 2443 1463 se
2476 1409 2715 1463 habent:
2744 1404 2853 1461 Καὶ
2887 1410 3042 1462 αὐτοὶ
3075 1409 3205 1477 γοῦν
3239 1413 3349 1462 ὲνιο

1762 1502 2019 1572 στάμενοι
2056 1502 2215 1555 πάλιν
2242 1501 2380 1573 πρὸς
2411 1502 2539 1564 τοὺς
2566 1502 2768 1571 κτίσμα
2800 1501 3058 1570 λέγοντας
3090 1498 3228 1554 εἶναι
3257 1501 3350 1555 τὸν

1760 1594 1951 1661 Λόγον,
1987 1595 2080 1649 καὶ
2114 1594 2188 1664 μὴ
2224 1593 2476 1657 θέλοντας
2508 1594 2670 1647 αὑτὸν
2702 1596 2922 1663 γνήσιον
2944 1593 3070 1646 Υίὸν
3102 1589 3261 1656 εἶναι,
3290 1590 3352 1657 ἐξ

1759 1686 2115 1760 ἀνθρωπίνων
2164 1688 2626 1760 παραδειγμάτων
2669 1686 2786 1741 υἱοῦ
2829 1688 2923 1740 καὶ
2964 1686 3171 1758 πατρὸς
3204 1686 3350 1756 εἰλήο

1760 1793 1891 1845 φασι
1923 1778 2023 1840 τὰς
2057 1778 2180 1831 κατ’
2202 1778 2383 1832 αὐτῶν
2428 1778 2752 1843 ἀποδείξεις.
2791 1778 2995 1832 Rursus
3045 1778 3205 1833 etiam
3245 1778 3348 1846 ipsi

104 1868 365 1922 sententias
404 1870 654 1938 protulit,
689 1885 753 1924 ex
808 1868 1007 1925 Herma
1052 1888 1240 1927 unam.
1286 1872 1327 1925 E
1362 1883 1440 1929 tot
1490 1876 1656 1945 igitur
1690 1850 1729 1905 Β
1761 1870 1994 1937 (scilicet
2026 1888 2167 1943 quos
2213 1872 2411 1926 fratres
2446 1872 2838 1941 appellaverat)
2871 1871 3205 1939 disputantes
3242 1871 3344 1924 ad-

103 1958 451 2026 scriptoribus,
484 1977 717 2031 quorum
764 1963 985 2016 nomina
1018 1964 1083 2017 ad
1120 1980 1223 2019 nos
1268 1977 1652 2034 pervenerunt,

101 2058 302 2116 quatuor
339 2058 554 2123 tantum
600 2054 903 2108 sententias
935 2054 987 2107 in
1025 2064 1133 2108 tam
1180 2056 1398 2122 prolixo
1430 2068 1654 2127 tamque

101 2152 323 2197 accurato
352 2151 407 2197 et
447 2144 669 2198 erudito
713 2160 877 2214 opere
920 2146 1214 2214 excerpsit,
1259 2162 1494 2215 quarum
1543 2164 1651 2202 una

99 2249 148 2287 ex
193 2235 408 2305 epistola
464 2235 661 2307 lgttatii
707 2238 997 2307 desumpta
1053 2246 1159 2292 est.
1214 2236 1398 2304 Quare
1445 2239 1650 2295 frustra

100 2328 296 2383 Dalla-us
334 2339 412 2384 tot
454 2330 764 2384 sententias
804 2347 869 2384 ex
915 2330 1329 2395 commcntitiis,
1361 2341 1442 2386 tot
1468 2348 1531 2385 ex
1567 2332 1652 2386 in-

100 2420 362 2487 terpolatis,
389 2430 470 2475 tot
501 2436 567 2474 ex
600 2421 854 2491 germinis
893 2418 1086 2491 lgnatii
1120 2421 1368 2491 epistolis
1393 2424 1650 2491 deprom-

97 2514 209 2580 psit;
238 2529 532 2582 possumus
561 2514 707 2568 cnim
750 2514 912 2584 longe
939 2514 1124 2584 plures
1149 2530 1215 2570 ex
1246 2516 1568 2570 auctoribus
1596 2527 1651 2571 et

96 2606 278 2672 quidem
309 2608 682 2661 celeberrimis
713 2609 805 2676 qui
844 2617 971 2661 ante
1000 2606 1266 2661 Irenaeum
1306 2609 1649 2678 scripserunt

95 2700 274 2765 afferre,
300 2716 534 2768 quarum
586 2700 767 2754 nullas
816 2700 906 2754 ille
955 2701 1158 2769 attigit,
1203 2701 1370 2755 etiam
1410 2717 1477 2757 ex
1517 2702 1645 2768 illis,

96 2807 208 2859 quos
234 2790 492 2845 Irenaeum
525 2792 745 2847 novisse
777 2792 1150 2847 certissimum
1184 2803 1287 2848 est.

150 2887 239 2940 Sed
278 2886 645 2940 Athanasium
690 2895 747 2940 et
788 2884 1202 2952 Bellarminum,
1236 2885 1644 2943 Theodoretuut

93 2989 133 3029 et
155 2978 406 3033 Gelasium
447 2981 593 3033 mire
627 2980 911 3051 conjungit
956 2988 1012 3033 et
1054 2980 1262 3033 nostris
1307 2980 1518 3050 objicit,
1551 2981 1644 3050 qui

93 3081 152 3123 tot
176 3072 278 3125 loca
308 3090 370 3126 ex
402 3072 618 3144 lgnatio
646 3073 1038 3141 produxerunt.
1067 3070 1207 3125 Tum
1232 3088 1385 3138 vero,
1415 3072 1643 3127 Obsecro

94 3172 211 3212 tuam
251 3163 424 3231 ﬁdem,
466 3164 683 3232 inquit,
724 3162 834 3216 Itazc
879 3159 1170 3231 lgnatiana
1214 3163 1544 3217 Athanasius
1592 3176 1641 3219 et
1672 3188 1714 3247 ρ

96 3248 407 3307 ῗΙιεοάυτειιιε
440 3265 633 3307 contra
666 3255 894 3308 Arianos
917 3264 965 3308 et
994 3253 1384 3324 Eutychianos,
1410 3257 1463 3307 in
1487 3272 1640 3325 quos,

94 3354 231 3409 utpote
261 3345 492 3398 nondum
519 3355 756 3411 exertos,
781 3346 983 3414 scripta
1014 3362 1116 3399 non
1146 3355 1293 3411 sunt,
1319 3347 1645 3401 adducerent

94 3447 233 3490 tamen
265 3448 312 3493 et
340 3438 669 3492 recitarem?
695 3436 932 3491 Irenazus
965 3438 1150 3491 eadem
1177 3438 1258 3491 Itis
1281 3438 1412 3507 ipsis
1436 3439 1489 3491 in
1510 3455 1640 3507 quos

94 3531 261 3594 proprie
291 3532 491 3597 scripta
543 3540 690 3592 sunt,
728 3528 1019 3594 Gnosticis,
1079 3528 1493 3592 Vulentinianis,
1530 3530 1642 3584 Do-

93 3620 191 3671 cetis
212 3636 303 3673 non
333 3621 661 3689 objicerent?
691 3618 811 3672 Non
846 3635 992 3673 nunc
1014 3619 1256 3691 disputo,
1282 3632 1468 3676 cantra
1499 3638 1640 3692 quos

94 3706 325 3773 lgnatiana
357 3712 579 3782 proprie
620 3712 823 3781 scripta
873 3712 1004 3777 sint,
1037 3713 1105 3767 de
1142 3728 1249 3782 qua
1305 3730 1362 3767 re
1403 3714 1641 3771 fortasse

93 3801 341 3872 aliquando
365 3814 419 3858 et
451 3804 573 3858 fuse
592 3811 648 3857 et
679 3814 933 3858 accurate
962 3804 1348 3859 disserendum
1381 3804 1507 3859 erit.
1546 3804 1641 3859 Sa-

94 3894 142 3941 tis
162 3904 247 3959 est,
276 3897 415 3964 quod
442 3895 713 3951 Eusebius
744 3911 846 3951 nos
877 3895 1087 3960 docuit,
1119 3906 1175 3950 ct
1206 3912 1292 3951 res
1324 3897 1442 3966 ipsa
1469 3907 1641 3952 testa-

94 3994 161 4037 Iur
186 4002 296 4041 eum
333 3999 531 4043 contra
564 3991 646 4045 sui
682 3988 947 4057 temporis
983 3989 1272 4044 haereticos
1313 3991 1633 4060 scripsisse;

93 4082 197 4133 satis
231 4091 326 4148 est,
363 4084 482 4137 sive
536 4092 729 4137 contra
775 4082 1011 4151 aliquos,
1043 4081 1159 4136 sive
1213 4092 1404 4136 contra
1460 4084 1635 4139 mltos

91 4169 271 4235 diserte,
310 4173 647 4228 utClemetts
695 4170 997 4238 Romanus,
1049 4173 1352 4241 scripserit,
1395 4174 1637 4229 auctori-

92 4269 221 4316 tatem
253 4266 346 4319 viri
384 4266 725 4321 sanctissimi
759 4266 1240 4335 antiquissimique
1274 4270 1508 4321 multttm
1544 4282 1634 4323 va-

93 4355 176 4407 lere
200 4369 375 4414 contra
429 4360 722 4414 haereticos
753 4374 1090 4429 quocunque
1138 4360 1342 4415 saeculo
1386 4371 1631 4416 exertos.

94 4446 131 4499 ιιι
156 4450 259 4505 dico
284 4454 428 4521 quod
460 4452 631 4521 hujus
662 4453 975 4522 argumenti
1008 4452 1118 4505 vim
1151 4469 1370 4508 omnem
1403 4469 1633 4523 prorsus

1756 1976 1933 2014 versus
1984 1978 2070 2015 eos
2114 1963 2205 2031 qui
2259 1960 2484 2016 Verbum
2514 1973 2818 2015 creaturam
2852 1978 2964 2015 esse
2992 1961 3197 2026 dicunt,
3252 1978 3345 2015 nec

1755 2055 2029 2123 proprium
2072 2052 2278 2107 Filium
2325 2070 2437 2107 esse
2482 2053 2662 2107 volunt
2690 2054 2934 2123 (scilicet
2972 2055 3345 2121 Arianos),rx

1754 2148 2001 2200 Immanis
2034 2147 2286 2213 exemplis
2310 2147 2480 2215 patris
2504 2158 2553 2199 et
2586 2147 2710 2215 ﬁlii,
2739 2157 2925 2201 contra
2949 2164 3036 2201 eos
3062 2148 3342 2218 (Arianos)

1753 2241 2229 2294 demonstrationes
2262 2250 2620 2308 sumpserunt.
2666 2239 2729 2293 lli
2777 2240 2972 2309 igitur,
3007 2242 3341 2309 quibuscum

1754 2331 1867 2402 agit
1896 2331 2253 2395 Athanasius,
2291 2340 2485 2385 contra
2524 2331 2757 2385 Arianos
2788 2332 3165 2401 disputabant,
3189 2348 3343 2387 eant-

1752 2423 1874 2477 dem
1923 2421 2081 2475 lldem
2127 2437 2255 2475 cum
2296 2421 2603 2475 Athanasio
2654 2420 3096 2490 profitebantur;
3148 2436 3339 2476 vocem

1752 2522 1934 2568 autem
1978 2512 2263 2583 ὁμοούσιον
2298 2512 2538 2566 nondum
2590 2512 2976 2576 admittebant,
3016 2514 3181 2582 idque
3220 2528 3341 2583 pro-

1752 2614 1871 2674 pter
1898 2604 2260 2659 reverentiam
2310 2614 2364 2658 et
2399 2605 2662 2659 honorem
2710 2620 2838 2673 erga
2873 2620 2970 2659 eos
2998 2603 3209 2671 Patres,
3244 2606 3339 2675 qui

1751 2697 1979 2752 Paulum
2033 2698 2477 2751 Samosatensem
2526 2696 3053 2751 condetnnaverant.
3088 2697 3338 2751 Athana-

1750 2790 1869 2845 sius
1892 2798 1951 2843 ut
1980 2789 2129 2843 hunc
2173 2788 2241 2842 iis
2272 2788 2595 2856 scrupulum
2640 2788 2857 2852 evellat,
2886 2789 3047 2843 docet
3075 2804 3186 2842 non
3217 2803 3340 2844 esse

1749 2882 2213 2946 contendendum,
2235 2882 2281 2935 si
2303 2882 2456 2950 prior
2476 2880 2721 2951 synodus
2748 2879 3038 2950 ὁμοούσιον
3061 2880 3337 2951 rejiceret,

1748 2978 2027 3047 posterior
2058 2976 2499 3031 commendaret:
2527 2976 2581 3029 id
2623 2975 2769 3029 enim
2804 2991 2872 3029 ex
2910 2976 3128 3030 diverso
3171 2991 3336 3032 sensu

1749 3068 1953 3123 factum
1998 3083 2143 3123 esse.
2186 3068 2319 3122 Dein
2363 3067 2674 3135 exemplum
2714 3068 2970 3136 producit
3015 3078 3335 3123 sanctorum

1748 3158 1996 3226 Patrum,
2024 3160 2117 3229 qui
2153 3160 2449 3229 ἀγέννητον
2482 3159 2643 3213 aliter
2689 3168 2856 3229 atque
2902 3160 3060 3214 aliter
3109 3176 3336 3230 accepe-

1747 3261 1897 3307 runt.
1949 3252 2222 3322 lgnatius,
2274 3252 2487 3321 inquit,
2544 3250 2837 3305 Dominum
2890 3260 3004 3306 tum
3044 3254 3333 3325 γεννητόν,

1746 3356 1862 3401 tum
1892 3345 2225 3415 ἀγέννητονς
2262 3343 2353 3398 alii
2397 3352 2522 3413 post
2560 3342 2829 3413 lgnatium
2880 3343 3160 3412 dixerunt,
3186 3345 3246 3399 ἒν
3274 3346 3336 3399 τὸ

1744 3436 2040 3507 ἀγέννητον
2071 3438 2099 3488 ὁ
2132 3435 2344 3506 Πατήρ,
2376 3434 2519 3487 solus
2546 3433 2713 3487 Pater
2736 3435 3025 3504 ingenitus.
3057 3435 3223 3491 Recte
3243 3452 3337 3491 au-

1745 3538 1851 3582 tem
1890 3538 1943 3582 et
1970 3527 2234 3595 lgnatius.
2262 3536 2314 3580 et
2340 3527 2414 3579 illi
2445 3527 2748 3581 secundum
2773 3528 3053 3582 diversum
3085 3544 3334 3595 sensum,

1743 3621 1831 3673 cui
1864 3620 1963 3689 ipsi
1987 3634 2113 3672 cum
2145 3618 2451 3673 scriberent
2474 3618 2848 3672 attenderunt.
2873 3617 2999 3672 Haec
3031 3618 3139 3672 ille.
3165 3620 3336 3673 Obse-

1742 3727 1838 3767 cro
1871 3712 2038 3782 igitur
2073 3721 2221 3765 tuam
2256 3712 2438 3775 lidctn,
2481 3720 2618 3780 quot
2660 3711 2782 3765 loca
2811 3727 2877 3764 ex
2910 3708 3124 3779 lgnatio
3157 3712 3334 3765 Atha-

1742 3805 1933 3859 nasius
1975 3805 2241 3859 adversus
2270 3802 2506 3858 Ariauos
2535 3804 2829 3873 produxit?
2857 3814 2916 3859 ut
2947 3805 3044 3858 tibi
3074 3805 3292 3859 videtur
3313 3846 3329 3869 ,

1742 3914 1947 3963 unum;
1984 3907 2043 3951 ut
2075 3898 2231 3962 mihi,
2268 3913 2336 3951 ne
2370 3913 2540 3952 unum
2576 3898 2827 3968 quidem.
2876 3898 3032 3965 Quod
3068 3900 3234 3969 igitur
3263 3900 3334 3954 de

1738 3990 2040 4044 Athanasio
2068 4005 2260 4045 verum
2290 4005 2416 4044 esse
2451 3989 2679 4055 scimus,
2718 3991 2911 4060 quidni
2944 4001 3001 4044 et
3027 3991 3095 4045 de
3123 3990 3331 4046 Irenaeo

1739 4082 2025 4137 dicamus?
2050 4081 2470 4153 Quamplurima
2494 4097 2559 4136 ex
2593 4083 2844 4151 professo
2867 4092 3058 4137 contra
3094 4084 3332 4138 Arianos

1739 4170 1960 4240 scripsit
1999 4170 2355 4235 Athanasius,
2397 4171 2552 4239 plura
2585 4187 2751 4241 quam
2783 4172 2853 4226 ab
2882 4171 3089 4227 Irenreo
3136 4183 3327 4230 contra

1737 4278 1930 4316 omnes
1963 4263 2251 4317 haereticos
2282 4262 2485 4333 scripta
2510 4264 2800 4318 habemus.
2832 4264 3000 4319 Multa
3030 4266 3085 4319 in
3119 4264 3329 4335 lgnatio

1738 4363 1868 4409 sunt
1889 4354 1955 4408 ad
1995 4353 2325 4410 refellendos
2358 4356 2595 4409 Arianos
2627 4358 2763 4410 satis
2791 4356 3093 4421 luculenta,
3119 4358 3325 4411 nullam

1738 4454 1919 4500 tamen
1945 4462 2010 4499 ex
2044 4446 2137 4500 illo
2180 4447 2508 4501 sententiam
2542 4447 2809 4502 adversus
2852 4463 2947 4503 eos
2977 4448 3224 4512 adduxit,
3259 4465 3329 4502 ne

92 4542 208 4597 elidit
236 4557 287 4600 et
313 4547 617 4616 pessundat
658 4565 670 4599 :
704 4556 921 4615 poterat
950 4546 1288 4603 Athanasius
1326 4562 1435 4601 non
1463 4563 1636 4617 pauca
1669 4550 1715 4607 ιι
1743 4538 2009 4609 lgnatium
2050 4539 2228 4608 ipsum
2270 4540 2607 4605 "omium/il;
2641 4550 2695 4594 εί
2723 4548 2903 4593 tamen
2939 4540 3092 4592 illum
3121 4541 3327 4609 θρίίιηθ

90 4649 137 4687 ex
165 4641 346 4695 nostris
376 4639 573 4711 lgnatti
597 4640 846 4709 epistolis
878 4638 1127 4709 proferre
1156 4640 1297 4706 loca,
1329 4656 1452 4709 qua:
1481 4641 1633 4695 Aria-

93 4741 186 4781 uatu
216 4731 460 4788 haeresim
495 4733 700 4788 diserte
735 4740 1003 4801 peterent.
1038 4747 1163 4787 cum
1206 4747 1301 4786 cas
1328 4741 1455 4786 ante
1485 4733 1633 4788 illius

94 4818 315 4879 haereseos
357 4833 618 4879 exortum
658 4827 895 4894 scriptas
932 4823 1104 4879 fuisse
1131 4825 1296 4878 etiam
1329 4825 1631 4879 adversarii

94 4930 243 4969 omnes
273 4918 569 4973 fateantur.
608 4916 806 4973 Varios
837 4918 929 4972 ille
960 4917 1181 4988 quidem
1233 4916 1401 4971 libros
1435 4917 1632 4971 adver-

92 5022 163 5061 sus
192 5010 409 5067 Arianos
440 5010 889 5079 fortissimosque
919 5010 1267 5093 conscripsit,
1300 5012 1633 5065 auctoritate

94 5106 233 5157 tamen
262 5104 450 5175 lgnatii
484 5120 766 5174 nunquam
801 5119 899 5157 eos
929 5103 1147 5172 premit,
1178 5103 1384 5156 nullam
1412 5118 1479 5156 ex
1511 5102 1632 5170 ejus

92 5194 265 5262 scriptis
291 5197 617 5253 sententiam
647 5197 715 5251 iis
742 5195 988 5265 opponit.
1022 5194 1079 5248 ln
1108 5194 1335 5264 epistola
1369 5194 1627 5264 quadam,

94 5284 197 5353 πρὺς
232 5290 351 5352 τοὺς
391 5289 589 5343 ἑαυτοῦ
642 5287 988 5360 γνωρίμους,
1040 5288 1109 5340 ad
1158 5286 1488 5356 familiares,
1534 5302 1628 5341 seu

92 5377 329 5435 ditcioulos
362 5400 515 5448 suos,
546 5392 605 5436 ut
634 5398 755 5436 eam
792 5381 1039 5452 indigitat
1070 5380 1348 5446 Socrates,
1384 5380 1629 5449 disputat

94 5470 231 5533 Primo
271 5486 459 5531 centra
499 5476 757 5539 Arianos,
807 5477 934 5530 dein
983 5490 1110 5528 cum
1160 5474 1268 5528 illis
1307 5474 1456 5543 agit,
1490 5486 1630 5543 quos

92 5564 280 5622 Arianos
306 5586 427 5625 esse
460 5577 642 5641 negat,
677 5583 818 5639 quos
850 5569 1035 5622 omnia
1066 5567 1169 5621 alia
1211 5582 1241 5620 a
1284 5564 1501 5619 Nicaena
1539 5581 1630 5635 sy-

93 5658 203 5711 nodo
230 5662 415 5731 scripta
456 5664 721 5732 recipere,
765 5671 963 5731 praeter
1003 5660 1222 5715 unicam
1272 5675 1464 5714 vocem
1501 5659 1630 5728 ὀμο-

91 5749 233 5803 ούτιον
268 5764 517 5820 testatur,
545 5772 681 5824 quos
720 5754 1060 5824 ἀγαπητούς,
1104 5753 1324 5806 dilectos
1369 5751 1624 5821 appellat,

94 5842 141 5890 31
164 5860 279 5913 quos
310 5859 559 5917 tauquam
585 5848 749 5917 frater
782 5848 851 5901 ad
893 5847 1086 5916 fratres
1122 5845 1389 5917 loquitur,
1424 5845 1626 5915 quibus

1738 4632 1909 4698 novit,
1941 4640 1996 4686 et
2029 4633 2198 4686 semel
2244 4633 2310 4685 ad
2353 4634 2583 4687 dilectos
2623 4641 2675 4686 et
2709 4629 2909 4686 fratres
2954 4647 3085 4687 suos
3115 4634 3322 4688 citavit.

1738 4721 1975 4779 Irenaeus
2011 4726 2215 4794 pariter
2248 4725 2379 4777 nihil
2412 4724 2678 4778 adversus
2712 4724 2999 4779 haereticos
3026 4740 3091 4778 ex
3126 4724 3325 4795 lgnatii

1736 4813 1985 4881 epistolis
2018 4813 2393 4882 deprompsit;
2440 4829 2536 4868 eas
2579 4822 2761 4867 tamen
2809 4812 3016 4882 optime
3069 4815 3239 4877 novit,
3270 4823 3326 4867 et

1736 4904 1905 4960 semel
1933 4905 2112 4958 obiter
2139 4905 2347 4960 citavit.

1805 4996 1874 5050 At
1920 4985 2295 5051 'l‘lteodoretus
2337 4996 2520 5067 plura,
2567 5005 2754 5063 recte,
2801 4997 2896 5051 sed
2938 4996 3068 5067 quid
3112 4996 3217 5049 hoc
3254 4996 3322 5049 ad

1735 5087 2037 5144 Irenmum?
2068 5089 2167 5145 llic
2191 5091 2456 5155 secundo,
2490 5091 2581 5145 ille
2610 5092 2804 5158 quinto
2837 5092 3042 5146 saeculo
3076 5088 3318 5157 scripsit.

1734 5180 1845 5236 Nos
1876 5193 2056 5236 autem
2102 5193 2229 5237 ante
2257 5184 2569 5245 docuimus.
2607 5184 2752 5238 circa
2799 5186 2957 5236 linem
3002 5179 3183 5250 quarti
3218 5196 3324 5233 sa:-

1735 5281 1843 5342 cnli
1872 5280 2111 5349 prinntm
2144 5294 2211 5332 ex
2238 5278 2398 5347 longa
2432 5277 2771 5346 experientia
2795 5276 3141 5329 observatum
3172 5286 3320 5339 esse,

1735 5372 1976 5428 hmreses
2016 5381 2072 5427 et
2101 5372 2401 5427 schismata
2439 5368 2905 5439 disputationibus
2936 5365 3051 5419 tolli
3084 5378 3192 5418 non
3229 5379 3323 5433 po-

1734 5467 1942 5532 tuisse;
1977 5476 2029 5519 et
2057 5466 2427 5521 certissimum
2465 5462 2764 5517 remedium
2795 5458 2916 5512 fore
2940 5457 3043 5520 τάς
3076 5456 3322 5522 ἐκδόσεις

1731 5561 1839 5613 τῶν
1869 5560 2115 5613 παλαιῶν
2145 5560 2205 5614 in
2234 5557 2608 5613 testimonium
2641 5553 2928 5607 adductas.
2958 5548 3113 5617 Quod
3146 5547 3322 5603 Theo-

1732 5656 1891 5710 dosio
1924 5662 1978 5707 ct
2025 5651 2281 5706 Nectario
2328 5650 2541 5718 primus
2590 5646 2839 5699 omnium
2892 5643 3169 5698 Sisinnius
3203 5656 3319 5709 pcr-

1733 5750 1925 5804 suasit.
1958 5746 2087 5802 Post
2122 5747 2286 5815 igitur
2310 5756 2556 5797 severam
2596 5738 2894 5794 Theodosii
2925 5738 3094 5807 legem
3125 5740 3315 5787 contra

1733 5842 2021 5898 lucreticos
2058 5840 2247 5906 latam,
2286 5835 2361 5891 illi
2389 5834 2552 5903 paulo
2576 5833 2934 5904 sapientiores
2968 5829 3118 5895 facti,
3144 5825 3317 5881 admi-
