3786 6294
401 339 509 397 165

1412 337 1470 395 S.
1513 337 1863 395 IGNATIUS.
1903 369 1971 378 —
2005 334 2549 392 PROLEGOMENA.

3584 332 3682 391 ίει

401 468 591 515 serunt
616 473 808 514 eorum
837 459 1059 513 Patrum
1091 458 1425 523 testimonia,
1452 460 1545 528 qui
1594 468 1720 513 ante
1748 458 1975 513 divisio-

2180 455 2354 527 μηρὸν
2412 454 2504 509 καὶ
2555 454 2771 517 ἀναιδὲς
2821 452 2967 525 ψυχὴ
3021 451 3157 522 κενῷ
3211 452 3337 525 ἀέρι
3388 450 3684 521 θερμαινο-

400 567 523 627 nem
577 562 757 605 ortam
816 553 1184 621 scripserant,
1224 560 1284 604 et
1335 551 1581 605 celebres
1634 551 1688 605 in
1741 550 1982 605 Ecclesia

400 643 641 697 fuerant.
675 645 813 697 Ante
847 644 985 697 hanc
1034 650 1248 697 :etatem
1283 660 1392 715 non
1426 644 1675 698 videmus
1721 644 1984 697 ecclesia-

399 738 573 791 sticos
598 736 893 804 scriptores
920 736 1195 805 catalogos
1221 735 1444 789 Patrum
1475 744 1740 797 texentcs,
1769 744 1824 788 et
1854 749 1984 789 con-

400 826 569 883 fertas
602 829 896 883 sententias
923 844 991 882 ex
1013 843 1205 883 eorum
1232 828 1453 896 scriptis
1481 836 1670 882 contra
1695 826 1980 881 haereticos

396 926 730 984 promentes.
764 917 967 982 Quinto
994 917 1215 970 demum
1248 917 1449 971 saeculo
1483 917 1587 971 hoc
1612 915 1843 979 factum,
1872 925 1927 969 et
1949 930 1980 970 a

398 1006 745 1063 Theodoreto
765 1010 905 1062 inter
930 1009 1162 1079 primos;
1198 1018 1325 1063 ante
1356 1008 1488 1062 illud
1514 1018 1728 1077 tempus
1761 1010 1981 1078 parcius

395 1108 450 1153 et
492 1100 701 1165 obiter;
752 1109 909 1156 aetate
944 1110 1125 1155 autem
1163 1100 1353 1154 Irentei
1408 1100 1460 1153 id
1503 1099 1622 1153 ﬁeri
1668 1100 1819 1153 nullo
1853 1098 1982 1168 jure

395 1193 591 1261 potuit.
630 1191 878 1247 H.eretici
907 1194 1075 1259 enim,
1109 1202 1302 1247 contra
1332 1207 1472 1261 quos
1500 1192 1589 1245 ille
1617 1192 1857 1260 scripsit,
1886 1206 1982 1245 ve-

397 1285 720 1339 tustioribus
752 1285 1043 1339 catholicis
1089 1285 1227 1337 nihil
1275 1283 1622 1349 tribuebant;
1660 1283 1843 1338 omnia
1888 1299 1983 1337 eo-

396 1392 522 1429 rum
554 1376 757 1446 scripta
796 1374 951 1431 ﬂocci
996 1375 1290 1441 faciebant,
1325 1375 1495 1430 libros
1538 1376 1981 1445 quamplurimos

395 1470 743 1540 apocryphos
765 1484 794 1522 a
823 1469 939 1524 suis
975 1469 1335 1538 compositos,
1375 1469 1602 1538 suisque
1632 1477 1845 1522 tantum
1879 1483 1980 1522 no-

397 1569 483 1613 tos
528 1560 632 1614 sub
668 1560 1023 1629 antiquorum
1060 1561 1283 1614 nomine
1317 1560 1695 1630 proferebant,
1740 1559 1978 1630 plurima

395 1650 561 1704 etiam
610 1651 1069 1721 evangelistarum
1118 1660 1174 1707 et
1220 1654 1597 1723 apostolorum
1647 1652 1853 1722 scripta
1895 1667 1983 1706 re-

398 1746 703 1815 spuebant,
764 1746 1045 1815 multaque
1099 1746 1396 1802 commenti
1439 1756 1589 1813 sunt,
1620 1756 1809 1801 contra
1858 1760 1981 1815 qua:

2097 548 2256 619 μένη,
2294 547 2410 615 pari
2448 556 2735 599 venustate
2768 554 2824 599 et
2861 546 3132 615 elegantia
3182 542 3574 612 conspicuam.
3604 540 3683 594 Tu

2107 656 2258 703 vero,
2289 638 2511 700 Dallaze,
2540 651 2605 689 ex
2638 636 2723 689 his
2749 635 3002 705 colligere
3028 642 3205 704 potes,
3234 632 3559 688 necessario
3587 630 3686 684 Ire

2087 745 2267 783 naeum
2320 743 2387 783 ex
2434 726 2685 795 epistolis
2743 724 3044 795 lgnatianis
3093 723 3404 779 sententias
3459 721 3685 775 laudare

2084 819 2351 881 voluisse,
2388 819 2436 873 si
2473 815 2765 873 scivisset?
2798 814 2905 882 Tu,
2939 815 3188 884 inquam,
3218 814 3316 883 qui
3348 811 3684 868 Usserianas

2084 925 2279 964 omnes
2322 909 2529 975 tristes,
2576 907 2909 972 salebrosas,
2937 908 3101 963 rudes
3139 919 3193 961 et
3231 906 3478 961 incultas
3508 904 3686 958 dicis?

2085 998 2191 1066 Tu,
2224 1000 2319 1069 qui
2357 999 2665 1054 orationem
2707 1007 2967 1067 tanquam
3016 998 3296 1054 horridam
3327 1006 3385 1051 et
3416 996 3684 1051 torrentis

2085 1093 2260 1147 instar
2282 1106 2379 1162 per
2405 1091 2738 1161 confragosa
2766 1090 3058 1155 montium,
3076 1105 3173 1160 per
3195 1091 3434 1159 abrupta
3468 1096 3527 1144 et
3553 1104 3685 1142 saxa

2082 1192 2137 1237 et
2167 1192 2358 1237 cautes
2386 1192 2441 1237 et
2476 1181 2775 1252 praecipitia
2815 1182 2908 1235 vix
2952 1181 3209 1237 enitentis
3256 1197 3503 1237 accusas
3533 1183 3555 1235 Ξ
3581 1180 3683 1243 Τυ,

2082 1274 2177 1343 qui
2210 1289 2465 1343 magnam
2499 1288 2761 1330 sensuum
2811 1273 3015 1343 ubique
3045 1274 3447 1330 obscuritatem
3470 1316 3489 1341 ,
3523 1287 3583 1329 et
3606 1276 3684 1328 vel

2084 1364 2298 1417 nullum
2340 1364 2424 1417 vel
2479 1364 2780 1435 malignum
2830 1364 3125 1419 verborum
3172 1363 3317 1418 inter
3354 1380 3421 1420 se
3474 1380 3683 1418 nexum

2082 1454 2377 1509 observas?
2410 1453 2515 1520 Tu,
2544 1455 2638 1524 qui
2680 1456 2861 1525 prisca
2907 1453 3094 1509 Loxia:
3130 1454 3403 1524 Apollinis
3450 1456 3685 1510 oracula

2083 1532 2165 1603 vel
2201 1548 2530 1617 Sibyllarum
2562 1547 2695 1603 folia
2727 1548 2905 1618 legere
2936 1556 2987 1603 te
3017 1548 3230 1602 credis?
3258 1546 3351 1601 Sic
3382 1549 3543 1602 enim
3568 1548 3684 1601 dis-

2082 1652 2266 1713 putas.
2294 1642 2530 1698 lrenaaus
2557 1641 2708 1712 Operi
2741 1656 2844 1696 suo
2866 1640 3135 1713 τηλαυγὲς
3170 1640 3471 1711 πρόσωπον
3510 1655 3687 1709 appo~

2084 1736 2215 1799 suit,
2238 1732 2611 1806 praefationem
2662 1733 2897 1803 eleganti
2929 1734 3168 1803 quadam
3201 1743 3457 1787 veterum
3505 1734 3687 1786 alicu-

398 1852 561 1890 nemo
606 1846 849 1891 veterum
887 1837 1186 1907 quidquam
1236 1839 1597 1895 disseruerat.
1651 1838 1891 1893 lrenaeus
1918 1846 1977 1892 ut

2200 1825 2475 1880 sententia
2507 1824 2821 1890 adornavit,
2850 1832 2905 1878 et
2933 1824 3097 1877 aliam
3135 1822 3332 1877 similis
3364 1821 3686 1876 venustatis

398 1928 500 1982 bos
523 1926 807 1995 refutaret,
828 1930 964 1985 libro
981 1930 1158 1998 primo
1177 1931 1500 1985 sententiam
1525 1945 1717 1984 eorum
1743 1929 1979 1998 aperuit,

394 2020 638 2074 secundo
679 2021 985 2076 rationibus
1031 2021 1319 2085 subvertit,
1371 2022 1532 2077 tertio
1578 2021 1894 2091 Scripturas
1925 2028 1981 2074 et

393 2110 740 2164 traditionem
789 2111 1060 2175 adhibuit,
1106 2112 1255 2181 quod
1308 2111 1374 2166 ad
1423 2127 1544 2166 eam
1586 2112 1826 2166 haeretici
1872 2112 1979 2166 ali-

391 2200 614 2269 quando
647 2212 1041 2269 provocarent,
1068 2216 1266 2271 quarto
1294 2218 1363 2256 ex
1408 2201 1589 2258 Veteri
1624 2202 1978 2259 Testamento

392 2290 665 2359 praecipue
718 2290 1041 2361 disputavit,
1091 2293 1286 2361 quinto
1326 2308 1394 2347 ex
1433 2294 1663 2363 reliquis
1713 2296 1980 2350 doctrinis

394 2379 610 2434 Domini
640 2383 835 2449 nostri,
860 2392 914 2438 et
945 2399 1012 2438 ex
1042 2384 1362 2453 apostolicis
1384 2385 1656 2455 epistolis,
1691 2396 1752 2441 ut
1780 2388 1896 2457 ipse
1921 2388 1979 2442 in

394 2470 814 2528 Praefationihus
857 2476 1167 2544 proﬁtetur.
1212 2476 1506 2548 Nunquam
1540 2494 1599 2533 se
1633 2495 1863 2535 usurum
1896 2489 1978 2535 te-

393 2562 669 2619 stimoniis
692 2574 935 2620 veterum
963 2568 1231 2623 adversus
1247 2585 1437 2623 eorum
1459 2572 1782 2626 sententiam
1812 2581 1980 2628 testa-

393 2662 506 2716 tur,
536 2671 813 2725 nunquam
846 2657 954 2710 ulla
988 2658 1108 2713 loca
1147 2659 1215 2713 ad
1246 2675 1367 2713 eam
1396 2676 1511 2714 rem
1542 2660 1735 2715 idonea
1767 2662 1978 2716 exscri-

392 2743 493 2807 bit,
516 2756 570 2799 et
595 2746 643 2799 si
667 2762 831 2816 quem
857 2746 996 2803 forte
1026 2748 1248 2805 adducit
1269 2751 1339 2805 ad
1368 2752 1716 2807 traditionem
1750 2752 1977 2807 ﬁrman-

390 2839 518 2893 dam
550 2847 761 2893 tantum
811 2842 1089 2907 nominat;
1134 2844 1459 2897 sententiam
1506 2844 1724 2913 quidem
1773 2844 1977 2900 Justini

392 2930 577 2985 laudat
603 2940 795 2985 contra
825 2931 1156 2988 Marcionem
1199 2933 1465 2989 fervidam
1496 2945 1551 2990 et
1576 2937 1679 2991 zeli
1719 2938 1973 3006 plenam;

390 3031 448 3077 at
473 3022 714 3078 Marcion
751 3022 970 3079 Justino
994 3026 1275 3095 antiquior
1300 3026 1425 3093 fuit,
1448 3035 1503 3082 et
1531 3029 1833 3084 auctoritas
1855 3030 1975 3097 ejus

390 3114 461 3168 ad
486 3114 845 3170 revincendos
864 3115 1316 3171 Marcionitarum
1336 3134 1557 3173 errores
1582 3119 1717 3173 nihil
1739 3120 1971 3186 valebat,
2001 3150 2049 3211 ο

391 3220 571 3274 neque
614 3205 669 3259 in
712 3222 838 3260 eum
889 3207 1053 3261 linem
1102 3217 1187 3263 est
1241 3209 1497 3264 adducta.
1548 3208 1744 3279 Dispar
1791 3210 1976 3280 itaque

395 3299 628 3354 omnino
680 3300 824 3354 ratio
874 3298 1060 3354 lrenaei
1104 3308 1159 3354 et
1203 3299 1533 3356 Theodoreti
1574 3320 1588 3356 :
1627 3318 1736 3356 non
1786 3302 1976 3357 eadem

390 3390 611 3460 utrique
639 3407 816 3457 mens,
843 3401 939 3446 aut
966 3393 1183 3447 occasio
1221 3391 1275 3446 in
1322 3392 1613 3448 scribendo
1659 3392 1782 3448 fuit.
1834 3393 1979 3449 Fru-

387 3492 505 3537 stra
540 3483 706 3552 igitur
729 3492 784 3538 et
818 3484 938 3537 sine
970 3484 1081 3538 ullo
1124 3482 1481 3538 fundamento
1527 3485 1725 3539 asserit
1772 3484 1853 3539 vir
1878 3485 1978 3539 do-

388 3574 703 3641 ctissimus,
752 3589 880 3629 cum
927 3583 1008 3629 tot
1049 3576 1169 3630 loca
1218 3591 1285 3629 ex
1328 3574 1539 3646 lgnatio
1596 3574 1977 3631 Theodoretus

387 3668 729 3736 produxerit,
756 3666 1019 3723 Irenaeum
1050 3669 1215 3723 etiam
1249 3683 1357 3722 non
1402 3668 1661 3738 pauciora
1702 3668 1976 3724 adducere

389 3757 666 3821 debuisse,
695 3758 741 3811 si
769 3759 1034 3826 lguatium
1067 3758 1415 3827 epistolicum
1453 3759 1724 3814 novisset.

466 3845 971 3913 Verumeuimvero,
1003 3858 1081 3901 est
1094 3858 1143 3902 et
1160 3849 1337 3913 aliud,
1352 3849 1550 3919 inquit,
1568 3867 1669 3919 quo
1695 3851 1806 3904 lum:
1820 3850 1977 3921 Igna-

388 3937 540 3990 tiana
569 3940 750 3992 omnia
780 3937 1016 3994 Irenwus
1046 3941 1205 4010 plane
1234 3942 1516 3995 nescivisse
1547 3942 1973 4011 deprehenditur.

388 4027 538 4083 Solet
569 4031 711 4083 enim
738 4029 829 4084 ille
866 4032 1238 4099 praestantium
1272 4032 1508 4085 virorum
1543 4047 1600 4086 sc
1630 4035 1975 4089 vetustiorum

386 4123 675 4175 sententias
703 4134 753 4177 et
812 4124 1022 4194 ῥήσεις,
1059 4124 1167 4177 sive
1197 4125 1447 4193 scriptas,
1479 4125 1591 4178 sive
1611 4125 1728 4179 viva
1759 4144 1879 4182 voce
1907 4128 1974 4180 ab

385 4214 455 4267 iis
488 4214 745 4283 prolatas,
773 4231 877 4268 non
912 4215 1201 4269 nominatis
1229 4217 1539 4270 auctoribus
1575 4217 1768 4286 a/ferre
1802 4236 1866 4273 ac
1892 4236 1975 4273 rc-

385 4306 577 4361 citare.
624 4302 813 4362 Nullas
854 4306 1047 4377 lgnatii
1105 4324 1209 4363 suo
1256 4309 1409 4379 operi
1454 4310 1735 4380 inspersit.
1783 4310 1973 4368 Nullas

385 4415 518 4470 ergo
560 4402 823 4471 epistolas
851 4402 1031 4456 scivit.
1084 4401 1259 4457 Nulla:
1295 4418 1426 4473 ergo
1461 4413 1575 4457 tuin
1612 4406 1969 4462 exstiterunt.

387 4491 500 4545 lino
539 4509 668 4548 vero
712 4494 759 4548 si
807 4494 1133 4560 sententias,
1172 4509 1312 4563 quas
1354 4495 1435 4547 vir
1483 4496 1845 4552 doctissimus
1888 4499 1972 4551 in-
2006 4501 2048 4555 D

387 4584 610 4654 telligit,
652 4586 1105 4651 consideremus,
1149 4586 1254 4639 etsi
1306 4586 1480 4641 multo
1524 4587 1710 4656 plures
1760 4597 1967 4655 essent,

388 4690 549 4729 nemo
589 4692 830 4745 unquam
870 4677 993 4730 ideo
1035 4677 1413 4743 concluderet,
1450 4680 1764 4735 necessario
1803 4680 1968 4734 etiam

386 4784 514 4824 eum
588 4768 798 4838 aliquas
865 4784 933 4823 ex
993 4767 1290 4839 lgnatianis
1367 4786 1637 4840 usurpare
1708 4772 1969 4827 voluisse.

2081 1918 2210 1972 alibi
2256 1916 2540 1983 adhibuit;
2575 1913 2855 1985 lguatiana
2900 1916 3065 1985 igitur
3104 1930 3333 1984 prorsus
3360 1914 3683 1985 ignoravit:

2081 2007 2240 2061 aliter
2282 2007 2473 2062 rudem
2507 2007 2755 2076 aliquam
2785 2015 2841 2060 et
2894 2007 3180 2073 incultam,
3213 2006 3431 2061 tristem
3456 2018 3515 2060 et
3546 2008 3690 2061 sale-

2083 2101 2305 2156 brosam
2359 2100 2691 2156 sententiam
2741 2099 2809 2153 ad
2854 2101 3279 2155 commentarios
3324 2115 3467 2155 suos
3513 2116 3687 2154 exor-

2083 2194 2293 2249 nandos
2319 2202 2375 2248 et
2399 2194 2795 2248 illuminandos
2839 2194 3207 2262 produxisset.
3238 2195 3287 2247 A
3314 2193 3518 2248 divino
3546 2211 3687 2263 quo-

2081 2285 2207 2339 dam
2256 2301 2417 2350 sene,
2466 2295 2522 2340 et
2563 2286 2813 2340 veritatis
2860 2301 3114 2354 praecone
3150 2301 3343 2340 versus
3396 2286 3687 2354 quosdam

2081 2376 2348 2432 iambicos
2384 2378 2652 2433 adversus
2684 2376 2927 2431 Marcum
2967 2378 3283 2432 haereticum
3316 2376 3539 2433 cll‘usos
3566 2380 3686 2432 lau-

2080 2469 2191 2534 dat,
2222 2485 2361 2539 quos
2406 2470 2493 2524 hic
2520 2486 2551 2524 a
2585 2469 2886 2540 Scaligero,
2937 2479 3103 2539 atque
3142 2468 3367 2525 Petavio
3411 2471 3543 2526 suis
3580 2488 3675 2525 nu-

2080 2564 2242 2617 tueris
2284 2564 2567 2620 restitutos
2598 2574 2934 2636 repraesento
2961 2581 2976 2619 :

2185 2655 2547 2711 Εὶδωλοποιέ
2577 2657 2799 2725 Μάρκε,
2836 2655 2933 2709 καὶ
2964 2659 3390 2725 τερατοσκόπε,

2185 2727 2640 2798 Ἀσζρολογικῆς
2671 2729 2908 2798 etme/ps
2941 2729 3037 2781 καὶ
3066 2727 3327 2797 μαγικῆς
3357 2728 3622 2798 τέχνης,

2182 2799 2264 2849 Δι’
2284 2796 2370 2867 ὧν
2402 2796 2717 2867 κρατύνεις
2748 2796 2854 2865 τῆς
2891 2798 3130 2865 πλάνης
3164 2796 3231 2850 τὰ
3262 2796 3637 2867 διδάγματα,

2184 2865 2405 2934 Σημεῖα
2435 2866 2674 2933 δεικνὺς
2705 2868 2828 2933 τοῖς
2859 2868 2979 2922 ὑπὸ
3011 2868 3126 2921 σοῦ
3157 2865 3621 2937 πλανωμένοις,

2182 2938 2611 3005 Ἀποστατικῆς
2642 2937 2951 3006 δυνάμεως
2981 2938 3403 3007 ἑγχειρήματα,

2190 3008 2249 3059 Ἃ
2284 3008 2383 3060 σοὶ
2417 3008 2666 3077 χορηγεῖ
2692 3007 2805 3073 σὸς
2837 3006 3263 3076 πατὴρίΣατᾶν
3295 3010 3391 3062 ἀεὶ

2183 3078 2263 3129 Δι’
2282 3078 2608 3147 ἀηελικιῖς
2638 3077 2947 3147 δυνάμεως
2981 3078 3213 3146 Ἀζαζὴλ
3245 3079 3469 3143 ποιεῖν,

2188 3148 2382 3216 Ἕχων
2412 3163 2489 3202 σε
2517 3149 2854 3218 πρόδρομον
2883 3149 3157 3203 ἀντιθέου
3190 3152 3605 3219 πανορεργιας.

2150 3256 2393 3322 Quorum
2419 3258 2693 3314 restitutio
2728 3260 2895 3315 veteri
2917 3261 3172 3316 versione
3203 3262 3452 3317 maxime
3472 3266 3694 3319 contir-

2080 3358 2263 3403 luatur
2295 3367 2312 3403 :

2185 3438 2461 3494 Idolorum
2496 3440 2790 3511 fabricator
2817 3440 3019 3511 Marce,
3070 3454 3120 3498 et
3168 3454 3556 3513 portentorum
3604 3449 3685 3501 in-

3299 3515 3579 3587 [spectem

2184 3581 2503 3654 ᾼδινοιοθὶω
2535 3585 2797 3654 cognitor,
2821 3592 2873 3637 et
2902 3586 3123 3654 magica:
3146 3581 3307 3651 artis,

2186 3602 2503 3651 astrologia:
2535 3602 2597 3637 co
2635 3602 2797 3650 nitor,
2821 3602 2872 3637 et
2902 3602 3123 3654 magicw
3146 3602 3301 3651 ams,

2186 3651 2291 3724 Per
2317 3668 2448 3720 quas
2475 3602 2760 3724 con/lamas
2781 3656 2979 3708 erroris
3008 3654 3301 3719 doctrinas,

2186 3720 2351 3794 Signa
2379 3720 2659 3794 ostendens
2688 3725 2768 3778 his
2799 3726 2889 3794 qui
2924 3742 2955 3776 a
2991 3736 3040 3779 te
3069 3727 3422 3793 seducuntur,

2181 3792 2506 3863 dpostaticw
2533 3795 2746 3847 virtutis
2776 3792 3125 3863 operationes,

2182 3862 2316 3933 Qua:
2344 3861 2440 3915 tibi
2474 3876 2696 3933 prwstat
2727 3861 2847 3918 tuus
2869 3875 3019 3933 pater
3049 3865 3288 3920 Satanas

2184 3931 2295 4005 [ﬁeri
2314 3931 2609 4001 angelicam
2636 3931 2884 3989 virtutem
2913 3936 3110 3989 Azazel
3133 3936 3329 4005 facere,

2187 4001 2401 4057 Habeas
2432 4013 2481 4057 te
2513 4021 2891 4075 prwcursorem
2914 4001 3199 4061 contraria:
3218 4001 3480 4061 adversus
3511 4010 3687 4065 Deum

3252 4077 3571 4148 [nequitiax

2146 4161 2485 4220 Posteriores
2532 4162 2790 4222 Petavius
2837 4165 3065 4222 metrice
3112 4166 3348 4222 reddens
3396 4170 3557 4226 male
3583 4188 3685 4226 ex-

2076 4254 2278 4323 pressit
2296 4272 2315 4309 :

2183 4345 2315 4432 l‘lwc
2339 4356 2398 4432 tu
2426 4348 2524 4401 illa
2558 4348 2779 4432 Sqtanie
2808 4349 2978 4432 [retas
3010 4349 3217 4404 auxilio
3243 4352 3452 4420 patris,

2178 4416 2524 4489 dzazelisque
2548 4420 2685 4471 mira
2708 4416 2953 4489 designas
2981 4436 3100 4489 ope,

2183 4485 2497 4541 Prwcursor
2523 4489 2605 4542 illi
2638 4485 2848 4558 fraudis
2874 4492 2931 4543 in
2960 4485 3188 4559 superos
3215 4490 3400 4546 datus.

2077 4577 2203 4633 llaec
2224 4579 2370 4633 enim
2397 4578 2641 4635 Marcum
2681 4580 2920 4644 Satanae,
2950 4591 3044 4636 aut
3072 4582 3322 4636 Azazelis
3354 4600 3693 4652 prxecursn-

2078 4687 2190 4726 rem
2224 4671 2473 4739 faciunt;
2504 4688 2633 4728 cum
2682 4672 2901 4727 divinus
2936 4673 3026 4727 ille
3059 4688 3223 4727 senex
3275 4688 3406 4727 eum
3456 4676 3690 4731 descri~

2077 4764 2205 4818 bere
2235 4764 2509 4832 voluerit,
2561 4773 2823 4834 tanquam
2877 4764 3201 4819 Antichristi
3238 4780 3691 4835 praecursorem,

2075 4857 2220 4925 quod
2251 4857 2342 4912 hic
2372 4857 2645 4927 signiﬁcat
2670 4857 2915 4920 ἀντίθεος
2948 4857 3268 4928 πανουργία.
3296 4856 3421 4911 lam
3453 4875 3602 4915 vero
3625 4880 3691 4916 ex

2075 4946 2373 5019 lgnatianis
2420 4965 2489 5003 an
2529 4949 2736 5019 aliquid
2762 4949 2942 5004 simile
2975 4959 3160 5019 petere
3188 4950 3366 5019 potuit
3405 4950 3690 5019 Irenaeus,

2075 5041 2123 5096 si
2151 5057 2216 5095 ea
2243 5042 2535 5097 novisset?
2565 5052 2660 5097 aut
2698 5042 2992 5112 quisquam
3033 5059 3140 5098 non
3173 5045 3393 5098 novisse
3426 5044 3691 5101 alIirma-

2075 5129 2172 5196 bit,
2199 5134 2329 5203 quia
2359 5133 2453 5203 qui
2485 5134 2791 5189 versiculos
2815 5135 3037 5189 aliunde
3080 5135 3135 5189 in
3165 5134 3412 5190 Marcum
3447 5147 3695 5194 contorc

2076 5227 2169 5293 sit,
2201 5227 2338 5280 nihil
2385 5227 2461 5282 illi
2493 5243 2563 5281 ex
2588 5225 2797 5299 lgnatio
2820 5227 3093 5297 aspersit?
3116 5227 3423 5298 Cuiusdam
3458 5243 3606 5288 ante
3632 5251 3695 5288 se

2076 5316 2143 5371 de
2167 5317 2373 5387 duplici
2409 5318 2659 5373 vocabuli
2700 5316 2837 5372 Filii
2872 5320 3191 5389 acceptione
3221 5320 3695 5380 observationem

2076 5410 2142 5463 ad
2175 5410 2687 5479 interpretationem
2731 5409 2789 5465 S.
2827 5410 3128 5482 Scriptum
3152 5411 3562 5482 pertinentem,
3589 5418 3693 5471 lib.

2077 5517 2152 5567 ιν,
2182 5517 2302 5573 cap.
2332 5502 2399 5557 79
2433 5501 2611 5558 all‘ert.
2644 5501 2775 5559 Vult
2816 5503 2964 5558 enim
3017 5504 3221 5573 impios
3248 5514 3302 5559 et
3332 5504 3604 5563 infideles
3638 5511 3695 5563 in

2076 5595 2252 5649 sacris
2275 5593 2498 5647 Litteris
2525 5593 2669 5662 ﬁlios
2693 5605 2741 5648 et
2776 5595 2988 5665 angelos
3005 5595 3207 5649 diaboli
3234 5597 3341 5650 dici
3369 5616 3384 5660 ;
3424 5608 3696 5656 veterum

2077 5694 2261 5739 autem
2292 5684 2531 5753 alicujus
2560 5685 2940 5742 testimonium
2979 5685 3155 5753 aﬂ‘ert,
3183 5687 3280 5755 qui
3315 5685 3535 5742 Filium
3584 5692 3696 5745 du-

2075 5780 2289 5852 pliciter
2319 5778 2547 5851 intelligi
2572 5778 2730 5850 dixit,
2755 5789 2851 5839 aut
2872 5779 2938 5837 de
2959 5789 3110 5849 nato,
3145 5789 3239 5837 aut
3269 5781 3336 5839 de
3366 5779 3552 5851 iacto,
3592 5794 3692 5840 aut

389 4858 627 4913 Primam
689 4858 758 4911 ab
823 4858 1011 4926 aliquo
1076 4873 1136 4912 se
1199 4862 1583 4928 praestantiore
1654 4863 1709 4915 in
1769 4861 1969 4932 praefa-

388 4952 539 5003 tione
608 4947 774 5003 refert
828 4958 1119 5003 venustam
1183 4966 1319 5006 sane
1377 4959 1544 5019 atque
1613 4953 1967 5022 elegantem:

389 5043 512 5094 ’Ότι
542 5040 688 5095 λίθον
718 5040 812 5094 τὸν
852 5040 1035 5112 τίμιον
1078 5042 1389 5115 σμάραγδον
1433 5042 1591 5107 ὄντα,
1628 5044 1721 5096 καὶ
1754 5044 1972 5098 πολυτί-

389 5133 560 5205 μητον
606 5150 747 5186 τισιν
795 5132 956 5196 ὕαλος
998 5134 1271 5204 ὲνυϐρίζει
1302 5133 1393 5186 διὰ
1418 5134 1617 5205 τέχνης
1652 5152 1973 5207 παρομοιου-

389 5224 547 5295 μένη,
568 5224 771 5279 ὁπόταν
807 5224 883 5296 μὴ
916 5227 1063 5297 παρῇ
1085 5228 1113 5279 ὁ
1134 5224 1338 5278 σθένων
1370 5225 1660 5296 δοκιμάσαι
1682 5226 1779 5279 καὶ
1807 5227 1973 5301 τέχνῃ

384 5316 652 5385 διελέγξαι
701 5318 802 5389 τὴν
852 5317 1177 5391 πανούργως
1228 5318 1546 5387 γενομένην.
1584 5317 1755 5371 Vetus
1804 5317 1972 5371 inter—

386 5424 513 5479 pres
547 5408 864 5474 :Quomodo
899 5410 1131 5479 lapidem
1157 5409 1448 5477 pretiosum
1478 5408 1819 5477 smaragdum
1857 5424 1973 5461 ma-

387 5502 477 5573 gni
499 5502 653 5569 pretii
685 5503 825 5570 apud
846 5503 1100 5571 quosdam
1125 5501 1351 5554 vitreum
1374 5501 1429 5553 in
1455 5500 1567 5567 ejus
1596 5500 1970 5555 contumeliam

387 5583 482 5662 per
525 5602 694 5646 artem
742 5596 1106 5647 assimilatum
1156 5594 1501 5663 quoadusque
1547 5609 1651 5645 non
1690 5594 1839 5646 adest
1879 5594 1971 5665 qui

385 5694 554 5755 potest
604 5683 846 5754 probare,
877 5697 925 5741 et
976 5685 1267 5751 artiﬁcium
1317 5701 1537 5755 arguere
1578 5686 1717 5752 quod
1754 5686 1974 5742 subdole

385 5777 455 5832 sit
483 5777 719 5843 factum;
745 5787 797 5833 et
823 5776 988 5833 aliam
1022 5776 1187 5833 etiam
1213 5778 1281 5832 ab
1310 5777 1502 5835 eodem
1530 5786 1592 5833 ut
1623 5778 1857 5848 videtur,
1888 5779 1971 5833 ὅτι
