3786 6314
137 354 226 410 163
885 350 933 408 .I.
973 351 1337 410 PEARSONII
1376 352 1700 408 VINDICUE
1737 353 2154 415 lGNATlANxE.
2202 395 2259 403 —
2298 359 2476 417 PARS
2514 357 2557 412 Ι.

3268 353 3371 409 166

131 469 412 526 secundum
440 478 695 524 naturam
732 478 789 524 et
815 471 1209 533 conditionem,
1245 479 1341 525 aut
1380 471 1683 526 secundum
1716 480 1761 535 Α
1791 493 1947 547 τερος
1982 477 2184 547 ἔλεγεν.
2225 479 2479 541 Irenmus,
2518 475 2684 545 Papia
2719 476 2925 544 juniur,
2964 475 3219 543 exemplo
3250 476 3368 544 ejus

128 560 371 615 doctrina:
444 560 824 629 magisterium
876 577 889 612 :
939 560 1044 625 Qui
1121 563 1261 615 enim
1317 563 1536 616 edoctus
1607 573 1684 616 est

127 653 283 715 verbo,
322 652 467 721 ﬁlius
506 652 740 705 docentis
768 668 880 706 esse
909 652 1133 718 dicitur,
1172 664 1222 707 et
1253 653 1344 707 ille
1367 654 1483 724 eius
1514 666 1684 724 pater.

128 743 189 798 Ut
231 752 414 813 postea
452 742 708 798 Clemens
744 743 1169 809 Alexandrinus,
1210 745 1408 800 αὐτίκα
1442 746 1687 819 πατέρας

123 837 235 901 τοὺς
248 836 872 908 κατηχήσανταςφαμέν,
891 846 944 892 et
957 837 1255 908 Gregorius
1267 837 1649 895 Nazianzenus
1668 856 1682 893 :

247 951 429 1054 rA'bEgtp
461 950 807 1054 ξμοὶητοξὲῗξ
839 951 938 1054 μὲν
970 951 1084 1005 ὅσοι
1117 950 1279 1005 καλὸν
1312 951 1643 1019 ὲξεδίδαξαν,

246 1020 444 1085 Παίδές
475 1021 521 1075 δ’
555 1020 649 1086 οὓς
683 1020 925 1087 ἐδίδαξα.

181 1142 255 1195 An
284 1149 465 1194 autem
491 1139 623 1209 quia
647 1153 679 1189 e
706 1139 986 1194 veteribus
1018 1155 1212 1207 unum,
1237 1140 1331 1210 qui
1364 1140 1531 1195 simili
1559 1157 1682 1195 mo-

118 1230 181 1284 do
214 1239 333 1284 ante
357 1230 537 1299 ipsum
576 1230 890 1299 Seripturas
916 1230 1305 1300 interpretatus
1338 1240 1443 1297 est,
1485 1248 1555 1286 ne
1583 1249 1685 1286 no-

118 1338 231 1377 vum
270 1338 490 1377 sensum
525 1322 630 1378 illis
661 1322 901 1379 aﬁixisse
923 1323 1223 1389 videretur,
1254 1324 1484 1379 adduxit
1514 1341 1527 1375 ε
1563 1325 1684 1379 ideo

121 1420 203 1465 aut
232 1412 435 1482 aliquid
458 1428 524 1467 ex
552 1411 854 1482 lgnatianis
878 1414 1051 1467 citare
1074 1414 1345 1480 debuerit,
1372 1426 1467 1468 aut
1487 1431 1550 1468 ea
1578 1414 1681 1483 ipsi

119 1506 284 1575 ignota
325 1522 431 1561 nos
476 1505 781 1561 concedere
823 1507 1143 1571 debeamus,
1207 1507 1261 1561 in
1303 1508 1507 1578 quibus
1552 1507 1681 1562 talia

118 1612 205 1650 nec
226 1596 455 1651 inveniri
490 1613 590 1651 nec
618 1596 923 1666 exspectari
948 1597 1279 1666 potuerunt?

174 1688 319 1754 Quod
345 1689 395 1742 si
422 1688 538 1743 hate
559 1688 627 1742 ad
654 1688 984 1743 sententiam
1011 1688 1114 1742 viri
1143 1688 1449 1743 doctissimi
1479 1690 1683 1743 contir-

114 1782 347 1834 mandam
372 1796 570 1851 parum
599 1781 783 1836 valere
805 1781 1117 1847 videantur,
1152 1789 1300 1835 certe
1327 1781 1537 1849 reliqua
1561 1796 1683 1836 om-

114 1872 229 1927 nino
261 1873 421 1927 nihil.
472 1872 613 1926 Sunt
655 1872 803 1926 enim
846 1880 1061 1927 tantum
1121 1872 1369 1926 virorum
1407 1887 1677 1942 quorum-

112 1960 243 2025 dam,
268 1977 377 2015 non
416 1961 622 2030 scripto
649 1961 743 2015 sed
776 1959 899 2014 viva
931 1974 1066 2014 voce
1090 1960 1300 2027 prolata
1337 1960 1678 2027 testimonia;

111 2067 216 2121 qua:
268 2062 418 2106 recte
475 2049 1018 2121 ἀπομνημονεύματα
1082 2049 1355 2105 Eusebius
1419 2053 1678 2122 appellat,

111 2145 192 2198 lib.
224 2160 275 2209 v,
296 2159 423 2214 cap.
452 2143 507 2209 8,
543 2143 635 2197 καὶ
667 2143 1252 2214 ἀπομνημονευμάτων
1296 2142 1678 2198 Ἀποστολικοῦ

110 2254 234 2301 τινος
282 2236 685 2309 πρεσϐυτέρου,
736 2230 798 2289 οὗ
849 2235 1087 2308 τοῦνομα
1142 2240 1319 2310 σιωπῇ
1371 2238 1675 2310 παρέδωκε,

111 2328 447 2400 μνημονεύει.
508 2327 764 2383 Rumnus
810 2327 1080 2398 interpres
1117 2344 1131 2381 :
1169 2328 1273 2384 Sed
1315 2340 1366 2383 et
1397 2331 1678 2401 apostolici

110 2421 368 2490 cujusdam
394 2423 521 2488 viri,
554 2422 708 2486 cuius
748 2437 934 2475 nomen
964 2422 1199 2486 reticuit,
1228 2424 1486 2478 sermonis
1522 2425 1677 2494 quasi

110 2518 391 2571 memoriter
444 2516 704 2571 meminit.
748 2513 841 2570 Sic
880 2513 1049 2569 Marci
1092 2512 1448 2586 Evangelium
1484 2516 1677 2571 crede-

110 2610 221 2663 luant
242 2622 456 2663 veteres
486 2609 623 2663 nihil
650 2609 796 2663 aliud
838 2608 1011 2664 fuisse
1038 2624 1202 2679 quam
1240 2607 1383 2663 Petri
1419 2608 1677 2681 ἀπομνη-

110 2699 430 2771 μονεύματα.
466 2697 543 2753 Ita
579 2698 777 2769 Papias
806 2699 949 2768 apud
974 2697 1206 2761 Euseb.,
1232 2699 1271 2752 l.
1303 2716 1385 2764 ιιι,
1417 2715 1539 2770 cap.
1571 2700 1672 2755 '59:

109 2792 308 2865 Μάρκος
332 2792 439 2864 μὲν
464 2791 807 2864 ἑρμηνευτὴς
828 2792 1035 2863 Πέτρου
1056 2792 1366 2862 γενόμενος,
1386 2791 1487 2844 ὅσα
1506 2793 1677 2864 ἐμνη-

110 2886 361 2954 μόνευσεν,
402 2884 649 2956 ἀκριὸῶς
682 2883 961 2955 ἐγραψενς
996 2894 1051 2939 et
1091 2900 1286 2939 rursus
1331 2902 1345 2939 :
1388 2884 1548 2937 Ὥστε
1582 2884 1676 2937 oft--

106 2976 179 3029 δὲν
205 2979 414 3049 ἥμαρτε
433 2977 668 3049 Μάρκος
697 2976 871 3041 οὕτως
903 2976 1021 3030 ἔνια
1061 2976 1282 3049 γράψας
1312 2976 1389 3041 ὡς
1430 2978 1679 3049 ἀπεμνη-

110 3070 336 3138 μόνευσε.
366 3068 437 3124 Ut
463 3068 657 3140 Cynici
695 3068 979 3139 cujusdam
997 3068 1161 3123 verba
1183 3068 1248 3122 de
1281 3066 1578 3138 Peregrino
1608 3085 1677 3123 ex

110 3162 349 3216 memoria
373 3161 550 3217 recita
560 3177 615 3215 re
632 3176 691 3216 se
710 3161 941 3215 ﬁdeliter
958 3160 1245 3229 proﬁtetur
1264 3158 1676 3224 Lueianus,-xa‘t
1705 3189 1749 3248 ο

107 3250 169 3314 ὡς
196 3250 256 3305 ἂν
285 3246 398 3317 οἷός
432 3270 496 3306 τε
538 3245 584 3305 ὦ
636 3250 971 3325 πειράσομαί
1021 3269 1104 3305 σοι
1150 3250 1290 3305 αὐτὰ
1330 3250 1513 3305 ἐκεῖνα
1544 3252 1680 3306 ἀπο-

110 3343 462 3413 μνημονεῦσαι
498 3344 573 3407 ὼς
606 3343 843 3409 ἐλέγετο.
880 3342 972 3397 Sic
1005 3341 1173 3412 igitur
1195 3339 1434 3397 [renatus
1466 3341 1563 3396 lib.
1601 3357 1675 3407 Iv,

109 3451 192 3505 cap
219 3436 249 3491 5
285 3456 298 3492 :
336 3436 806 3502 Quemadmodum
832 3435 1018 3488 audivi
1043 3451 1077 3488 a
1097 3433 1329 3505 quodam
1351 3433 1675 3505 presbytero,

109 3531 182 3598 qui
203 3532 447 3585 audierat
480 3530 546 3584 ab
584 3530 665 3584 his
698 3532 788 3600 qui
822 3530 1089 3599 apostolos
1115 3529 1379 3592 viderant,
1407 3539 1457 3583 et
1494 3530 1559 3583 ab
1593 3528 1676 3584 his

108 3624 181 3691 qui
201 3624 524 3679 didicerant.
548 3622 655 3679 Ubi
685 3624 974 3694 diligenter
1002 3622 1409 3677 observandum
1446 3631 1531 3678 est
1562 3620 1676 3676 Ire-

111 3731 261 3769 naeum
298 3718 388 3773 hic
431 3718 598 3788 plane
641 3715 866 3787 Papiam
912 3713 1085 3770 fuisse
1134 3714 1432 3779 imitatum,
1490 3729 1521 3767 a
1566 3728 1677 3783 quo

109 3806 393 3864 doctrinam
424 3809 577 3863 mille
602 3823 875 3863 annorum
907 3806 1154 3878 accepit;
1189 3808 1269 3862 sic
1299 3806 1445 3861 enim
1480 3804 1677 3876 Papias

108 3912 159 3952 ea
192 3902 468 3956 memoria)
498 3900 781 3954 mandavit
824 3914 948 3970 qua:
993 3914 1024 3952 a
1062 3897 1340 3953 veteribus
1380 3896 1486 3951 hoc
1514 3896 1678 3952 modo

110 3990 371 4059 didicerat,
399 4002 465 4048 ut
492 3992 609 4062 ipse
638 3992 706 4046 de
729 4006 789 4046 se
811 3998 1046 4046 testatur
1068 4006 1085 4041 :
1116 3990 1181 4044 El
1206 3989 1263 4043 δέ
1286 4006 1388 4042 που
1418 3989 1512 4043 καὶ
1533 4007 1679 4062 παρ-

108 4084 469 4157 ηκολουθηκώς
502 4102 588 4148 τις
619 4085 731 4148 τοῖς
767 4082 1160 4157 πρεσϐυτέροις
1193 4083 1356 4146 ἔλθοι,
1409 4082 1537 4146 τοὺς
1568 4081 1678 4135 τῶν

111 4174 478 4248 πρεσϐυτέρων
527 4174 811 4248 ἀνέκρινον
861 4173 1076 4242 λόγους,
1129 4172 1184 4226 τί
1214 4170 1493 4243 Ἀνδρέας,
1542 4170 1576 4241 ἢ
1624 4170 1679 4224 τί

108 4266 290 4339 Πέτρος
320 4264 502 4333 εἶπεν,
537 4267 571 4337 ἢ
607 4266 661 4319 τί
693 4266 979 4328 Φίλιππος,
1013 4265 1049 4336 ἢ
1081 4263 1138 4317 τί
1169 4263 1393 4336 Θωμᾶς,
1423 4264 1457 4335 ἢ
1492 4262 1680 4317 Ἰάκω-

110 4359 206 4424 6ος,
236 4362 266 4431 ἢ
299 4361 350 4414 τί
396 4359 679 4431 Ἰωάννης,
712 4359 747 4430 ἢ
783 4358 1087 4423 Ματθαῖος,
1137 4358 1174 4430 ἦ
1219 4374 1304 4421 τις
1348 4355 1536 4429 ἕτερος
1568 4355 1679 4410 τῶν

111 4451 188 4503 τοῦ
217 4453 416 4523 Κυρίου
456 4450 739 4523 μαθητῶν,
774 4450 871 4505 ἅτε
916 4448 1204 4522 Ἀριστίων
1246 4448 1341 4501 καὶ
1373 4449 1401 4501 ὁ
1434 4446 1678 4519 πρεσϐύ-

1788 569 1955 623 nimis
2005 582 2322 638 permotus,
2374 570 2631 641 quaesivit
2677 570 2881 639 pariter
2936 585 2967 623 a
3031 568 3369 633 senioribus,

1787 661 1920 729 quid
1965 660 2040 715 illi
2073 663 2394 716 audiverant
2431 662 2499 716 ab
2535 662 2621 721 iis,
2664 661 2757 731 qui
2791 660 3165 730 apostolorum
3199 659 3373 712 disci-

1787 754 1947 822 pulos
1979 753 2247 822 viderant,
2288 765 2343 809 et
2379 770 2505 809 cum
2534 754 2651 807 haec
2684 753 2803 807 viva
2837 767 2970 808 voce
2999 753 3209 821 prolata
3234 750 3372 807 sibi-

1786 860 1893 914 que
1920 846 2120 900 tradita
2154 847 2379 916 scriptis
2410 845 2712 915 praeferret,
2744 860 2867 915 quae
2896 845 2965 899 ab
2995 846 3105 899 illis
3130 860 3349 916 accepe-

1784 947 1870 992 rat
1893 939 2100 1007 pariter
2119 939 2359 1009 scripsit.
2389 937 2595 992 Horum
2625 938 2790 1007 igitur
2816 938 3096 992 seniorum
3124 938 3366 993 auctori-

1787 1040 1897 1087 tate
1932 1043 1986 1086 et
2025 1032 2361 1095 testimonio,
2390 1031 2457 1086 ad
2496 1031 2816 1085 ﬁrmandam
2852 1030 3196 1085 traditionem
3230 1046 3368 1083 non-

1785 1141 2093 1195 nunquam,
2134 1127 2335 1196 saepius
2371 1126 2437 1179 ad
2482 1140 2634 1187 suas,
2684 1125 2751 1178 de
2791 1124 2951 1178 annis
2980 1123 3185 1179 Christi
3225 1138 3366 1193 quos

1784 1220 1896 1286 egit
1928 1217 1982 1270 in
2018 1217 2204 1281 terris,
2244 1217 2311 1271 de
2345 1216 2454 1271 illis
2480 1232 2619 1286 quos
2657 1215 2857 1269 ibidem
2902 1215 3101 1269 iterum
3141 1224 3366 1269 acturus

1784 1318 1890 1374 est,
1928 1308 1995 1362 de
2034 1317 2380 1362 mortuorum
2420 1314 2589 1369 statu,
2627 1305 2694 1359 de
2728 1305 2915 1359 bestiae
2957 1304 3367 1374 Apocalyptica‘.

1783 1399 2299 1465 numero,privatas
2330 1398 2620 1468 opiniones
2651 1396 3004 1451 stabiliendas
3028 1395 3218 1448 utitur.
3259 1391 3364 1448 Sed

1783 1491 1915 1561 quid
1941 1491 2067 1547 inde
2084 1492 2463 1563 sequitur?an
2493 1492 2625 1545 illud
2657 1492 2709 1545 in
2740 1490 2953 1560 primis,
2981 1488 3183 1541 Irenaeo
3206 1487 3366 1555 igno-

1783 1590 1835 1637 ta
1869 1582 2041 1639 fuisse
2078 1582 2361 1654 lgnatiana
2399 1584 2605 1645 omnia,
2639 1582 2767 1652 quia
2819 1580 2955 1635 nihil
3009 1581 3078 1633 ab
3127 1594 3193 1633 eo
3222 1576 3365 1632 scri-

1782 1684 1934 1743 ptum
1970 1674 2114 1727 inter
2138 1674 2256 1729 hare
2291 1674 2475 1727 omnia
2512 1670 2820 1726 testimonia
2859 1668 3166 1738 reperitur?
3206 1666 3367 1720 mini-

1784 1779 1891 1819 me.
1924 1763 2194 1834 lgnatium
2236 1764 2526 1819 consulere
2576 1778 2686 1816 non
2735 1761 2915 1831 potuit
2970 1758 3227 1824 Irenasus,
3271 1757 3364 1828 qu'

1786 1856 1878 1910 illo
1934 1864 2152 1910 mortuo
2200 1865 2362 1911 natus
2407 1863 2511 1910 est.
2567 1852 2824 1908 Seniores
2874 1853 3081 1906 Irenaeo
3132 1850 3364 1904 recitauit

1783 1947 1914 2016 quid
1948 1947 2303 2012 audiverant;
2344 1946 2397 2000 id
2431 1945 2674 2016 lgnatius
2713 1944 2807 1998 diu
2836 1952 2964 1998 ante
2990 1944 3181 1997 bestiis
3210 1941 3367 1996 obla-

1782 2048 1873 2094 tus
1908 2039 2087 2095 facere
2116 2056 2226 2094 non
2251 2038 2448 2109 potuit.
2477 2037 2700 2091 Frustra
2736 2036 2902 2107 igitur
2934 2051 3059 2088 eum
3112 2035 3253 2088 inter
3280 2048 3362 2087 se-

1783 2132 1969 2185 niores
1995 2131 2119 2184 illos
2150 2145 2250 2185 sua
2278 2128 2538 2199 suﬂ‘ragia
2563 2127 2877 2182 aﬂ‘l-rentem
2905 2140 3141 2195 quaeras.
3175 2124 3364 2178 Senio-

1781 2238 1872 2278 res
1918 2223 2019 2289 illi,
2062 2222 2193 2293 quid
2241 2237 2374 2277 voce
2428 2223 2550 2277 viva
2606 2221 2962 2285 audiverant,
3002 2235 3109 2273 non
3144 2218 3274 2288 quid
3311 2218 3365 2271 in

1781 2315 2004 2384 scriptis
2036 2315 2298 2383 legerant,
2335 2321 2733 2379 narraverunt;
2779 2311 2979 2366 frustra
3008 2312 3174 2382 igitur
3198 2310 3364 2365 etiam

1782 2407 2110 2462 sententiam
2138 2407 2376 2476 aliquam
2404 2407 2472 2461 ah
2500 2404 2714 2476 lgnatio
2749 2404 3009 2474 scriptam
3044 2404 3115 2459 ab
3138 2404 3246 2458 illis
3265 2418 3366 2457 ex-

1782 2507 2016 2569 spectes.
2042 2497 2287 2568 lgnatius
2304 2498 2420 2566 ipse
2437 2496 2503 2550 ad
2525 2496 2728 2551 bestias
2747 2497 3166 2562 condemnatus,
3188 2507 3243 2551 et
3267 2495 3368 2551 Ec-

1781 2592 1979 2646 clesias
2003 2591 2057 2645 in
2092 2591 2288 2645 itinere
2315 2589 2673 2655 conﬁrmans,
2699 2606 2806 2643 non
2831 2598 2890 2643 ut
2909 2588 3107 2658 Papias
3135 2587 3367 2660 σμικρὸς

1781 2682 1859 2737 ὢν
1890 2684 1982 2737 τὸν
2014 2684 2163 2748 νοῦν,
2199 2684 2329 2753 quid
2370 2684 2439 2737 ab
2475 2682 2641 2752 hujus
2684 2682 2769 2735 vel
2812 2682 2961 2735 illius
2989 2681 3247 2750 apostoli,
3282 2681 3367 2735 vel

1780 2775 2037 2845 discipuli
2065 2790 2162 2829 ore
2187 2776 2273 2829 vel
2305 2774 2420 2844 ipse
2445 2773 2527 2828 vel
2553 2772 2643 2827 alii
2668 2780 3011 2842 acceperant,
3044 2772 3097 2826 in
3120 2772 3368 2841 epistobs

1781 2868 2003 2937 scripsit
2029 2885 2043 2921 :
2070 2867 2199 2921 hinc
2231 2867 2399 2937 igitur
2422 2865 2602 2935 colligi
2638 2865 2788 2918 nullo
2822 2865 2987 2918 modo
3016 2872 3215 2935 potest.
3246 2865 3368 2930 ejus

1780 2961 2039 3030 epistolas
2068 2962 2137 3013 ab
2168 2958 2374 3015 [remeo
2402 2959 2615 3014 laudari
2639 2957 2920 3025 debuisse,
2938 2966 3034 3012 aut
3056 2972 3123 3012 eo
3146 2958 3369 3012 nomine

1782 3055 1887 3126 ipsi
1924 3055 2140 3124 ignotas
2164 3052 2357 3109 fuisse.

1851 3145 2108 3203 Nondum
2141 3148 2310 3218 igitur
2346 3162 2429 3200 res
2477 3146 2610 3201 satis
2646 3145 2888 3215 confecta
2929 3143 3099 3197 videri
3143 3142 3364 3207 debuit,

1778 3241 1876 3303 sed
1899 3256 2020 3295 eam
2054 3240 2222 3294 multo
2254 3239 2576 3294 luculentius
2606 3254 2670 3293 ea;
2696 3238 2927 3309 quodam
2946 3235 3182 3305 ejusdem
3215 3231 3365 3288 Scri-

1779 3334 1948 3404 ptoris
1981 3332 2092 3386 loco
2120 3332 2354 3402 probare
2382 3346 2441 3385 se
2468 3346 2631 3401 posse
2658 3338 2814 3399 putat
2849 3328 2931 3381 vir
2968 3326 3364 3388 doctissimus;

1781 3420 1895 3485 illo,
1936 3420 2147 3476 scilicet
2177 3434 2288 3488 quo
2314 3418 2382 3472 ad
2411 3416 2686 3472 Ecclesias
2711 3418 2850 3472 duas
2875 3416 3135 3485 epistolas
3158 3429 3369 3468 memo-

1780 3524 1885 3577 rat,
1919 3528 2083 3567 unam
2112 3512 2411 3567 Clementis
2451 3512 2517 3566 ad
2564 3510 2904 3571 Corinthios,
2942 3508 3169 3562 alteram
3204 3506 3367 3576 Poly-

1778 3605 1931 3674 carpi
1982 3605 2047 3658 ad
2097 3604 2500 3673 Philippeuses.
2549 3601 2730 3667 Quare
2768 3601 2854 3653 hic
2883 3606 3057 3668 rogat,
3097 3614 3212 3663 cur,
3240 3598 3289 3651 si
3316 3599 3366 3651 ei

1780 3708 1932 3751 notus
1962 3708 2077 3751 erat
2112 3705 2290 3750 noster
2322 3694 2592 3765 lgnatius,
2623 3691 2772 3746 illius
2796 3691 2911 3745 loco
2935 3701 3047 3745 tant
3071 3699 3365 3759 opportuno

1781 3802 1990 3861 tamque
2046 3792 2345 3844 necessario
2401 3788 2581 3842 nullus
2633 3785 2981 3840 meminerit?
3021 3783 3373 3854 Respondeas

1779 3900 1888 3940 non
1924 3893 2033 3938 tam
2069 3899 2167 3953 pro
2208 3883 2369 3938 nobis
2407 3896 2573 3952 quam
2613 3894 2713 3949 pro
2746 3879 2929 3948 seipso
2959 3878 3072 3945 jam
3105 3876 3367 3931 lremetts.

1778 3975 1890 4030 Nos
1924 3975 2070 4030 enim
2099 3974 2273 4028 multo
2302 3973 2532 4028 tutiores
2570 3985 2765 4027 sumus
2800 3984 2831 4023 a
2862 3967 3043 4023 Dallaei
3079 3968 3365 4036 conjectur-

1780 4069 1878 4131 ris,
1910 4081 2075 4136 quam
2102 4064 2161 4121 S.
2194 4065 2433 4120 lremeus
2473 4065 2542 4119 ab
2572 4062 2819 4135 ejusdem
2845 4076 3100 4116 censura.
3135 4058 3229 4113 Sic
3260 4058 3368 4129 igi-

1779 4169 1870 4215 tur
1904 4161 1993 4214 ille
2015 4160 2110 4214 lib.
2150 4175 2231 4222 ιιι,
2268 4174 2389 4229 cap.
2425 4158 2459 4212 5
2493 4177 2506 4213 :
2539 4156 2902 4211 Traditionem
2944 4156 3128 4225 itaque
3159 4165 3368 4223 aposto-

1781 4250 1956 4303 lorum
1986 4250 2040 4302 in
2062 4258 2171 4303 toto
2200 4250 2397 4303 mundo
2424 4248 2844 4317 manifestatam,
2876 4247 2932 4299 in
2964 4245 3107 4298 omni
3126 4243 3368 4298 Ecclesia

1781 4343 1931 4396 adest
1967 4343 2260 4412 perspicere
2302 4341 2545 4395 omnibus
2587 4340 2677 4410 qui
2710 4356 2829 4393 vera
2858 4338 3016 4392 velint
3045 4337 3267 4400 audire;
3315 4346 3364 4389 et

1780 4435 2031 4489 habemus
2071 4449 2422 4487 annumerare
2467 4449 2554 4486 eos
2598 4432 2689 4502 qui
2726 4432 2791 4485 ab
2836 4430 3090 4500 apostolis
3131 4426 3364 4483 instituti

112 4557 244 4611 τερος
282 4542 539 4613 Ἰωάννης
572 4543 619 4595 oi
654 4540 748 4594 τοῦ
781 4541 987 4613 Κυρίου
1026 4540 1266 4612 μαθηταὶ
1298 4540 1579 4609 λέγουσιν’
1614 4540 1676 4593 οὐ

1811 4538 1903 4583 unt
1925 4528 2155 4598 episcopi
2187 4527 2245 4580 in
2273 4525 2529 4591 ecclesiis,
2560 4534 2609 4578 et
2642 4538 2963 4577 successores
2994 4536 3176 4574 eorum
3203 4535 3368 4589 usque

114 4635 203 4705 γὰρ
232 4636 295 4689 τὰ
326 4639 395 4690 ὲκ
426 4634 537 4689 τῶν
574 4635 796 4707 βιϐλίων
838 4634 1090 4688 τοσοῦτόν
1145 4651 1211 4706 με
1263 4633 1494 4703 ὠφελεῖν
1538 4632 1676 4686 ἁπε-

114 4722 381 4796 ὶάμὸαναν,
433 4729 563 4782 ὅσον
608 4728 677 4782 τὰ
719 4726 877 4798 παρὰ
921 4726 1103 4797 ζώσης
1136 4725 1323 4796 φωνῆς
1357 4726 1449 4779 καὶ
1485 4723 1678 4796 μενού-

118 4836 217 4887 σης.
249 4820 401 4886 Quod
430 4822 481 4875 si
506 4821 625 4891 quis
653 4820 922 4874 interdum
950 4819 1082 4873 mihi
1110 4818 1419 4877 occurrebat
1448 4818 1539 4888 qui
1561 4835 1681 4871 cum

118 4913 383 4967 leuioribus
415 4922 659 4967 versatus
694 4913 904 4981 fuisset,
930 4927 996 4966 ea:
1029 4928 1090 4965 eo
1120 4913 1327 4965 curiose
1365 4911 1682 4965 sciscitabar

116 5019 333 5064 ﬂauam
370 5016 548 5060 essent
584 5005 850 5059 seniorum
884 5005 1029 5058 dicta
1060 5020 1080 5059 :
1102 5005 1231 5075 quid
1260 5004 1525 5063 Andreas.
1552 5004 1679 5074 quid

123 5097 305 5164 Petrus,
329 5101 462 5172 quid
486 5099 792 5169 Philippus,
820 5097 949 5168 quid
984 5097 1237 5161 Thomas,
1270 5097 1398 5167 quid
1420 5094 1679 5162 Iacobus,

118 5185 222 5249 quid
241 5185 498 5251 Joannes,
524 5187 651 5257 quid
676 5184 991 5248 Mattheus,
1015 5184 1143 5256 quid
1164 5184 1343 5239 ca'teri
1364 5182 1583 5236 Domini
1603 5183 1685 5236 di-

126 5279 284 5346 ‘cipuli
295 5282 471 5335 dicere
486 5280 635 5335 soliti
646 5288 835 5343 essent,
850 5277 1360 5349 quidnamﬁristion
1381 5285 1432 5330 et
1444 5274 1680 5329 Joannes

120 5372 361 5443 presbyter
388 5372 643 5444 discipuli
674 5372 890 5426 Domini
920 5370 1211 5426 traderent.
1245 5368 1428 5440 Neque
1454 5370 1593 5424 enim
1615 5384 1680 5423 ea:

122 5463 353 5520 librorum
384 5466 608 5520 lectione
630 5474 834 5519 tantam
865 5480 945 5518 me
973 5464 1265 5518 utilitatem
1311 5479 1496 5531 capere
1531 5477 1682 5531 posse

122 5555 486 5624 existimabam,
518 5566 774 5627 quantam
813 5572 878 5610 ex
909 5556 1183 5609 hominum
1215 5555 1389 5608 adhuc
1425 5554 1683 5622 supersti-

126 5653 217 5700 tum
239 5651 349 5702 viva
374 5666 517 5705 voce.
548 5646 1028 5719 QuzesivitPapias
1050 5664 1078 5701 a
1104 5647 1417 5703 senioribus
1446 5646 1577 5716 quid
1605 5645 1680 5698 illi

126 5740 183 5791 ab
221 5742 479 5811 apostolis
508 5752 605 5798 aut
635 5743 921 5813 discipulis
960 5741 1305 5805 audiverant,
1362 5748 1417 5794 et
1458 5753 1581 5809 qua:
1613 5739 1682 5792 ab

130 5830 219 5888 'llis
246 5843 525 5892 acceoerat
547 5835 787 5896 scriosit.
818 5834 909 5892 καὶ
945 5833 1107 5897 οὕτω.
1141 5833 1337 5897 innuit,
1371 5833 1399 5887 ὁ
1435 5830 1675 5897 1:95ch-

1781 4621 1851 4675 ad
1882 4637 1975 4674 nos
2001 4658 2017 4683 ,
2051 4620 2142 4690 qui
2171 4619 2302 4672 nihil
2325 4620 2432 4673 tale
2453 4619 2768 4678 docuerunt,
2801 4631 2963 4684 neque
2992 4622 3365 4683 cognoverunt.

1781 4713 1937 4784 quale
1984 4714 2049 4766 ab
2098 4714 2173 4766 eis
2229 4711 2512 4764 deliratur.
2558 4708 2805 4762 Traditio
2855 4707 3022 4777 igitur
3061 4707 3365 4760 secundum

1781 4806 2048 4861 Irenaeum
2077 4815 2197 4861 erat
2220 4806 2274 4859 in
2296 4804 2446 4859 omni
2478 4802 2720 4856 Ecclesia
2746 4799 3016 4865 Romana,
3039 4799 3366 4853 Alexandri-

1783 4914 1875 4958 na.
1906 4897 2272 4961 Antiochena,
2297 4892 2818 4965 Hierosolymitana,
2848 4891 3209 4961 reliquisque,
3237 4896 3292 4943 et
3321 4888 3367 4941 si

1782 4988 2082 5054 voluisset,
2134 4994 2350 5059 poterat
2398 5000 2692 5040 numerare
2735 4997 2928 5037 omnes
2958 4984 3250 5052 episcopos
3299 4979 3368 5032 ab

1784 5082 2053 5153 apostolis
2114 5080 2417 5145 institutos,
2465 5094 2596 5149 quos
2644 5092 2971 5131 successores
3021 5074 3366 5143 reliquerant,

1783 5191 1939 5229 suum
1978 5175 2213 5244 ipsorum
2241 5172 2411 5226 locum
2436 5171 2730 5242 magisterii
2758 5169 3049 5230 tradentes,
3085 5174 3140 5218 et
3172 5177 3365 5217 eorum

1782 5269 1948 5323 etiam
1981 5280 2349 5321 successores.
2386 5261 2489 5318 Sed
2511 5262 2786 5334 quoniam,
2832 5258 3031 5328 inquit,
3059 5256 3116 5308 in
3150 5254 3244 5307 hoc
3270 5253 3368 5307 tali

1783 5362 2046 5418 volumine
2071 5358 2285 5429 longum
2308 5365 2385 5410 est
2409 5354 2642 5408 omnium
2676 5350 3037 5404 Ecclesiarum
3060 5362 3368 5399 enumerare

1783 5454 2135 5509 successiones
2159 5466 2178 5515 ,'
2204 5450 2475 5511 maxime,
2504 5457 2555 5499 et
2584 5444 2835 5510 antiquas,
2854 5447 2902 5493 et
2926 5436 3167 5492 omnibus
3186 5438 3367 5506 cogni-

1786 5562 1875 5616 ιω,
1906 5568 1939 5603 a
1971 5546 2370 5619 gloriosissimis
2393 5543 2597 5596 duobus
2637 5538 2894 5608 apo.~tolis
2927 5535 3089 5590 Petro
3111 5545 3159 5589 et
3192 5531 3367 5587 Paulo

1783 5644 1965 5699 Roma:
1996 5639 2235 5710 fundata:
2257 5645 2306 5691 et
2336 5635 2641 5690 constituta:
2661 5628 2915 5683 Ecclesia:
2938 5644 3057 5682 eam
3085 5642 3245 5696 quam
3268 5623 3367 5699 ha-

1786 5740 1866 5791 bet
1884 5737 1947 5789 ab
1978 5743 2232 5805 apestous
2255 5727 2589 5783 traditionem
2609 5732 2659 5779 δι
2675 5723 3046 5777 annuntintam
3068 5716 3366 5773 hominibus

1788 5829 1964 5888 fidem.
1991 5844 2080 5882 oer
2109 5822 2456 5881 successiones
2477 5819 2837 5890 episcoporum
2863 5812 3243 5871 pervenientem
3281 5824 3358 5862 usv
