3814 6198
329 348 333 353 ,
388 282 487 338 ιδτ

1406 274 1462 333 6.
1500 275 1856 334 lCNA'l‘lUS.
1895 306 1966 319 -—
2001 273 2540 332 PROLEGOMENA.

3576 267 3669 320 168

383 416 484 470 que
508 400 579 452 ad
608 415 701 453 nos
730 399 1049 462 indicantes,
1078 399 1459 464 confundimus
1483 415 1662 452 omnes
1693 415 1800 452 eos.
1827 395 1981 450 Tunc
2011 402 2055 458 Α
2085 395 2276 449 eadem
2315 410 2440 450 cum
2473 391 2738 445 Romanis
2766 389 3138 458 przedicasset,
3182 385 3333 457 quod
3378 385 3582 440 multos
3610 403 3671 441 ex

387 492 529 545 inter
561 492 701 546 alios
748 490 936 546 Romae
966 491 1257 562 episcopos
1297 491 1635 545 Clementem
1670 497 1977 553 enumerat,

386 583 477 650 qui
511 590 563 634 et
603 581 731 635 vidit
769 583 910 651 ipsos
953 584 1220 651 apostolos
1247 593 1295 636 et
1322 581 1544 636 contulit
1571 599 1690 635 cum
1720 583 1818 643 eis.
1859 598 1979 635 cum

386 673 563 725 adhuc
588 673 922 726 insonantem
946 673 1380 738 prwdicationem
1403 671 1768 742 apostolorum
1789 684 1837 727 et
1868 682 1981 724 tra-

383 763 638 815 ditionem
697 778 820 821 ante
869 764 1050 818 oculos
1082 765 1316 823 haberet.
1355 764 1632 834 traditque
1662 762 1848 817 Romae
1879 763 1981 818 Ec-

389 863 616 909 etestam
657 856 760 910 sub
786 857 891 910 hoc
917 857 1216 920 Clemente,
1259 856 1551 926 scripsisse
1589 856 1879 925 epistolam
1912 856 1980 910 ad

389 944 731 1012 Corinthios,
764 944 835 1000 ad
860 962 1042 1014 pacem
1071 962 1158 999 eos
1187 957 1614 1016 congregantem,
1645 955 1695 1000 et
1730 962 1981 1016 reparan-

394 1048 500 1090 tem
525 1036 686 1107 ﬁdem
709 1054 917 1102 eorum,
942 1049 991 1091 et
1017 1039 1426 1092 annuntiaatem
1455 1056 1613 1108 quam
1638 1038 1702 1092 ab
1724 1038 1980 1109 apostolis

391 1139 658 1200 receperat
690 1132 1058 1186 traditionem.
1097 1131 1343 1186 Meminit
1388 1133 1555 1203 igitur
1589 1132 1890 1188 Clementis
1928 1146 1982 1188 et

389 1225 642 1295 epistola:
675 1225 778 1280 sub
811 1226 933 1295 ejus
962 1224 1280 1295 pontificatu
1320 1227 1564 1296 scriptae,
1593 1243 1766 1298 quare
1793 1243 1900 1281 non
1927 1237 1982 1282 ct

393 1316 633 1388 lgnatii?
670 1317 974 1386 respondeo
1007 1317 1136 1386 quia
1181 1316 1425 1387 lgnatius
1464 1317 1653 1373 Romae
1684 1319 1981 1388 episcopus

392 1424 677 1478 nunquam
718 1409 846 1475 fuit,
902 1411 1093 1463 subeo
1137 1407 1378 1463 Ecclesia
1425 1409 1672 1463 Romana
1718 1411 1981 1480 epistolas

393 1500 637 1554 scribere
668 1516 776 1554 non
813 1500 1008 1569 potuit.
1045 1499 1248 1554 Statuit
1276 1507 1458 1554 autem
1495 1499 1732 1556 Irenzeus
1767 1503 1835 1556 de
1864 1512 1979 1557 tra—

392 1593 604 1646 ditione
633 1593 700 1645 ad
722 1591 1043 1656 Romanam
1081 1591 1729 1663 Ecclesiamopertinente
1763 1603 1978 1650 tantum

395 1683 570 1753 loqui.
603 1682 812 1738 Inerter
839 1701 902 1737 ac
932 1685 1221 1755 ﬂagitiose,
1260 1685 1405 1741 dicet
1451 1685 1688 1741 Dallzeus
1725 1687 1977 1743 fortasse.

2084 486 2376 550 haereticis,
2408 493 2600 540 contra
2631 499 2772 552 quos
2797 482 2852 535 hi
2884 482 3008 534 libri
3039 481 3251 534 exarati
3284 490 3418 534 sunt
3438 519 3453 542 ,
3489 479 3556 533 ad
3589 495 3675 533 ea-

2082 579 2345 634 tholicam
2385 578 2544 632 Iidem
2581 576 2768 630 Roma:
2791 573 3145 637 converterit,
3181 581 3238 626 et
3275 573 3545 625 Romana
3584 571 3678 626 Ee-

2082 670 2263 726 elesia:
2289 669 2748 732 reconciliaverit,
2773 667 2921 738 quod
2950 665 3080 736 quid
3116 664 3175 720 S.
3207 663 3457 718 Joannes
3485 663 3553 718 de
3578 663 3677 717 Ce-

2081 764 2272 818 rintho
2295 763 2552 825 senserit,
2578 760 2709 832 quid
2737 761 2854 831 ipse
2889 759 2957 814 de
2984 757 3287 824 Marcione,
3322 766 3560 812 testatus
3586 755 3673 814 sit.

2084 854 2295 908 llorum
2314 869 2442 908 vero
2457 853 2674 907 nihilde
2687 851 2896 923 lgnatio
2909 851 3015 906 dici
3034 849 3236 920 potuit.
3259 847 3528 916 Epistolas
3552 849 3671 916 qni-

2084 949 2208 1004 dem
2235 948 2356 1018 ejus
2383 948 2562 1002 obiter
2587 946 2860 1011 meminit,
2895 946 2987 999 sed
3017 961 3086 998 ne
3122 942 3194 1014 μῦ
3217 959 3282 997 ex
3301 940 3393 995 illa
3420 941 3674 1006 adducit;

2085 1058 2153 1097 ne
2171 1042 2223 1096 id
2265 1041 2485 1112 quidem
2525 1040 2660 1094 dicit
2695 1055 2815 1094 eam
2845 1039 3130 1092 continere
3150 1035 3403 1089 eamdem
3425 1033 3673 1087 traditio-

2089 1149 2212 1186 nem
2250 1149 2373 1202 quae
2405 1133 2457 1185 in
2509 1132 2754 1184 Romana
2815 1128 3058 1183 Ecclesia
3125 1126 3386 1180 obtinuit.
3427 1123 3679 1195 Polycar-

2084 1239 2212 1293 pum
2247 1224 2429 1292 itaque
2454 1223 2576 1278 ideo
2604 1231 2814 1276 tantum
2845 1220 3055 1282 citavit,
3076 1219 3223 1289 quod
3263 1216 3459 1271 Roma:
3487 1217 3673 1270 eadem

2084 1333 2209 1371 cum
2243 1316 2488 1370 Romana
2520 1315 2763 1370 Ecclesia
2793 1315 3064 1378 docuerit,
3084 1321 3140 1366 et
3170 1311 3451 1366 haereticis
3479 1310 3674 1364 ibidem

2085 1409 2364 1464 restiterit.
2392 1407 2501 1463 Nec
2531 1417 2649 1462 erat
2681 1406 2957 1476 utriusque
2988 1403 3303 1457 nominandi
3329 1419 3435 1473 par
3468 1401 3629 1454 ratio.

2155 1501 2312 1567 Quod
2339 1501 2490 1555 addit
2515 1501 2600 1554 vir
2619 1499 2998 1560 doctissimus,
3036 1494 3306 1550 lrenmum
3349 1496 3406 1548 in
3448 1494 3676 1563 epistola

2084 1595 2152 1648 ad
2181 1593 2465 1647 Florinum
2500 1591 2784 1663 Polycarpi
2817 1589 3151 1644 mentionem
3189 1583 3410 1653 fecisse,
3449 1602 3558 1640 non
3585 1602 3678 1637 an-

2089 1697 2195 1743 tem
2253 1687 2468 1759 Ignatii,
2515 1686 2674 1757 cujus
2720 1683 2966 1754 epistola:
3015 1681 3185 1734 multa
3231 1688 3428 1733 contra
3476 1677 3679 1732 Florini

396 1775 560 1830 Certe
594 1776 666 1829 ita
703 1775 832 1831 fecit
868 1775 1128 1840 lrenaeus,
1151 1787 1204 1832 et
1231 1793 1331 1832 cur
1357 1779 1436 1833 sic
1469 1789 1853 1848 argumentum
1885 1780 1986 1834 ad-
2017 1773 2060 1828 Β
2089 1779 2488 1848 blasphemiam
2529 1776 2838 1839 continent,
2870 1773 2922 1826 id
2949 1771 3176 1826 omnino
3201 1771 3312 1824 vim
3343 1769 3556 1824 nullam
3589 1769 3680 1820 ha-

394 1883 589 1923 versus
651 1869 944 1924 htereticos
1006 1871 1336 1935 institueret,
1398 1872 1668 1926 rationem
1727 1872 1983 1939 reddidit,

393 1961 539 2031 quod
567 1972 781 2030 propter
808 1965 1158 2030 potentiorem
1193 1963 1343 2019 illius
1379 1963 1641 2020 Ecclesiae
1666 1965 1974 2034 principali-

395 2062 580 2119 tatem,
609 2053 730 2122 ejus
758 2055 932 2110 solius
965 2055 1188 2110 traditio
1214 2071 1409 2110 omnes
1435 2056 1726 2111 lnereticos
1752 2057 1987 2110 confun-

393 2146 566 2201 deret.
599 2144 732 2212 Quae
779 2146 1001 2215 quidem
1050 2147 1192 2200 ratio
1234 2147 1521 2211 lrctneum,
1560 2147 1664 2202 etsi
1706 2147 1898 2217 lgnatii
1923 2163 1989 2202 eo

395 2238 499 2293 loci
545 2253 658 2292 non
691 2237 1026 2304 meminerit,
1058 2239 1199 2308 apud
1227 2254 1312 2293 me
1346 2239 1763 2308 ﬂagitiosissimi
1785 2240 1987 2294 silentii

393 2330 628 2384 crimine
648 2329 922 2394 absolvit;
955 2330 1195 2384 viderint
1238 2331 1494 2386 Dallteani
1527 2331 1573 2386 si
1609 2332 1792 2386 adhuc
1832 2323 1985 2385 reum

399 2430 644 2476 teneant.
675 2421 744 2475 At
776 2431 971 2490 prieter
999 2422 1336 2476 Clementem
1363 2424 1528 2477 etiam
1560 2421 1846 2492 Polycarpi
1874 2439 1988 2477 mc-

397 2513 560 2566 tuinit
581 2513 937 2582 epistolzeque
965 2513 1085 2582 ejus
1117 2513 1184 2567 ad
1218 2513 1600 2583 Philippenses
1633 2533 1646 2568 :
1683 2530 1857 2584 quare
1882 2514 1985 2586 igi-

398 2615 490 2658 tur
531 2621 640 2659 non
682 2614 737 2658 et
779 2606 994 2674 lgnatii,
1028 2605 1333 2676 Polycarpo
1365 2607 1624 2672 senioris,
1658 2606 1820 2674 cujus
1867 2607 1985 2676 epi-

395 2697 551 2752 stolze
584 2697 661 2750 illi
706 2697 775 2751 ad
803 2695 1185 2768 Philippenses
1218 2707 1378 2752 erant
1421 2697 1736 2766 adjuncta)?
1782 2695 1986 2751 Memno-

396 2788 556 2840 randi
602 2798 740 2841 certe
790 2797 930 2841 ratio
971 2790 1248 2857 utriusque
1289 2806 1389 2858 par
1427 2797 1565 2855 erat,
1618 2787 1824 2859 Ignatii
1869 2805 1988 2842 vero

393 2881 560 2933 etiam
617 2881 813 2947 potior.
882 2878 1211 2949 Priusquam
1278 2881 1585 2950 respondeo
1637 2882 1706 2935 de
1757 2881 1984 2944 Irenaeo,

396 2986 588 3040 quaero
648 2972 853 3040 pariter
907 2971 974 3027 de
1028 2970 1387 3026 Tel-tulliano.
1427 2972 1732 3039 Concedes,
1767 2974 1984 3044 opinor,

397 3077 526 3118 eum
558 3063 697 3118 bene
732 3063 976 3128 novisse,
1005 3063 1277 3135 lgnatium
1303 3063 1476 3120 fuisse
1510 3063 1772 3121 Ecclesia:
1795 3067 1988 3121 Atilio-

2089 1874 2200 1928 bet.
2230 1870 2576 1942 Blasphemia
2601 1883 2766 1939 quam
2803 1877 2934 1922 tunc
2970 1864 3232 1935 temporis
3268 1864 3533 1918 tuebatur
3562 1862 3680 1915 Flo-

2090 1966 2269 2028 rinus,
2297 1963 2397 2032 ipsi
2427 1962 2719 2033 peculiaris
2751 1960 2877 2021 fuit.
2909 1967 3097 2027 utpote
3126 1973 3293 2028 quam
3320 1956 3680 2025 haereticiqui

2089 2063 2244 2109 extra
2274 2053 2574 2109 Ecclesiam
2608 2061 2784 2116 erant,
2812 2064 3093 2120 nunquam
3125 2047 3373 2118 profiteri
3398 2050 3522 2102 ausi
3549 2047 3678 2102 sint.

2092 2152 2286 2206 Postea
2324 2149 2569 2219 quidem,
2601 2155 2741 2201 teste
2775 2144 3035 2208 Eusebio,
3075 2143 3310 2198 descivit
3343 2141 3416 2196 ad
3443 2141 3684 2219 Valenti-

2092 2245 2306 2298 nianos.
2338 2239 2582 2310 Epistola
2604 2248 2786 2293 autem
2812 2235 2999 2290 Irenzei
3031 2235 3422 2288 tantummodo
3453 2250 3555 2303 pro
3589 2217 3677 2287 ar-

2091 2343 2352 2404 gumento
2403 2331 2613 2394 habuit,
2672 2329 2817 2399 quod
2868 2327 3005 2380 Deus
3044 2343 3146 2380 non
3175 2326 3244 2378 sit
3290 2337 3486 2378 auctor
3513 2325 3681 2377 malo-

2091 2439 2209 2476 rum
2235 2422 2276 2488 ⁸,
2304 2439 2426 2488 nam
2457 2421 2582 2475 licet
2613 2421 2751 2474 alter
2780 2417 2974 2471 titulus
2994 2415 3131 2488 Περὶ
3168 2415 3478 2486 μοναρχίας
3501 2424 3684 2469 osten-

2089 2515 2219 2569 dere
2260 2514 2512 2569 videatur
2549 2512 2833 2566 Florinum
2871 2513 2982 2564 duo
3015 2507 3283 2578 principia
3324 2507 3607 2560 invexisse
3634 2516 3684 2558 ct

2091 2605 2384 2660 Marcionis
2437 2620 2502 2659 ac
2539 2601 2809 2658 Cerdonis
2868 2598 3216 2668 dogmatibus
3252 2596 3586 2659 adhaesisse,
3627 2606 3685 2648 ut

2090 2699 2350 2754 observat
2378 2697 2736 2751 doctissimus
2765 2693 3050 2758 Valesius;
3077 2700 3256 2745 tamen
3287 2704 3419 2743 cum
3446 2687 3683 2742 lrenmus

2092 2791 2209 2860 ipse
2234 2790 2485 2858 dogmata
2515 2787 2721 2846 Florini
2761 2795 2975 2840 asserat
3005 2784 3074 2838 ab
3095 2781 3373 2836 luereticis
3395 2797 3684 2849 nunquam

2092 2882 2262 2936 fuisse
2304 2881 2526 2946 tradita,
2573 2889 2627 2934 et
2672 2878 2942 2932 Eusebius
2973 2875 3158 2937 addat,
3210 2871 3425 2941 ταύτης
3459 2872 3570 2942 γάρ
3603 2887 3686 2922 τοι

2090 2974 2188 3046 τῆς
2222 2972 2468 3044 γνώμης,
2503 2965 2658 3035 οὗτος
2692 2969 2867 3023 ἐδόκει
2901 2965 3280 3040 προασπίζειν,
3318 2965 3540 3019 videtur
3574 2964 3686 3016 Ire-

2091 3081 2244 3119 naeus
2275 3064 2342 3118 de
2381 3063 2472 3116 illa
2500 3078 2557 3118 re
2595 3071 2646 3115 ta
2693 3077 2808 3114 ιυιιι
2836 3061 3144 3130 diSputassc
3190 3057 3463 3111 adversus
3503 3054 3684 3109 Flori-

396 3155 589 3209 cbena:
650 3155 970 3225 episcopum
1041 3164 1098 3210 et
1161 3156 1230 3210 ab
1299 3156 1567 3226 apostolis
1630 3157 1944 3213 ordinatum
1966 3200 1982 3224 ,
2013 3128 2056 3185 ε
2095 3171 2224 3210 num
2261 3174 2274 3210 :
2313 3175 2332 3207 ε
2361 3156 2468 3220 An,
2497 3154 2726 3216 scilicet,
2763 3154 2907 3206 Deus
2943 3160 3133 3205 auctor
3159 3159 3304 3204 esset
3333 3147 3634 3202 malorum.
3666 3165 3684 3195 ι

398 3244 617 3302 °tiamsi
659 3246 924 3314 epistolas
965 3246 1088 3316 ejus
1124 3245 1412 3317 ignorasse
1440 3256 1619 3316 putes.
1654 3248 1852 3314 Quaero
1882 3251 1985 3321 igi-

396 3347 488 3392 tur
530 3353 659 3392 cum
705 3337 983 3409 Ecclesias
1028 3341 1369 3410 apostolicas
1397 3350 1692 3405 memorat,
1728 3340 1804 3394 De
1849 3357 1986 3410 prte-

397 3432 686 3500 scriptione
718 3432 1106 3499 hereticorum,
1135 3449 1256 3504 cap.
1288 3434 1380 3500 52,
1413 3451 1515 3490 cur
1539 3432 1731 3504 lgnatii
1763 3445 1858 3488 aut
1881 3434 1985 3490 Ec-

395 3524 578 3580 clesiae
602 3524 962 3582 Antiochense
985 3542 1095 3583 non
1123 3529 1411 3584 meminit?
1443 3529 1561 3582 Hoc
1583 3530 1758 3594 modo,
1786 3529 1984 3600 inquit,

398 3616 653 3671 Ecclesia
711 3620 1025 3688 apostolica:
1085 3636 1273 3674 census
1332 3638 1455 3675 suos
1509 3622 1793 3690 deferunt;
1851 3622 1987 3674 sicut

400 3707 802 3778 Smyrnworum
829 3710 1073 3765 Ecclesia
1099 3711 1458 3781 Polycarpum
1493 3713 1558 3766 ab
1583 3713 1791 3768 Joanne
1823 3713 1988 3766 collo-

394 3811 574 3852 catum
605 3801 785 3867 refert,
817 3802 957 3853 sicut
981 3799 1342 3854 Romanorum
1373 3801 1691 3856 Clementem
1736 3819 1769 3854 a
1822 3799 1988 3854 Petro

397 3887 707 3940 ordinatum
740 3889 947 3944 itidem.
972 3888 1188 3944 Nullam
1214 3892 1377 3945 aliam
1406 3890 1706 3946 Ecclesiam
1733 3893 1990 3960 apostoli-

397 3991 521 4030 cam
557 3977 886 4032 uominavit.
921 3979 1102 4044 Quid?
1136 3997 1320 4035 nonne
1347 3983 1504 4036 novit
1533 3981 1802 4053 lgnalium
1828 3981 1988 4054 Poly-

398 4082 568 4136 carpo
614 4067 787 4124 fuisse
826 4071 1141 4124 seniorem?
1172 4089 1355 4128 nonne
1395 4074 1736 4130 existimavit
1782 4073 1840 4128 S.
1885 4074 1989 4132 Pe-

399 4168 546 4212 trum
586 4156 759 4214 fuisse
794 4160 1103 4216 Antiochiae
1146 4164 1300 4232 prius
1329 4181 1496 4236 quam
1535 4165 1760 4222 Romze?
1807 4165 1988 4234 Quare

399 4252 566 4321 igitur
605 4250 1004 4307 Antiochenam
1046 4253 1348 4311 Ecclesiam
1385 4265 1440 4312 et
1490 4259 1812 4329 episcopum
1864 4261 1987 4331 ejus

399 4344 668 4415 lgnatium
698 4360 806 4399 non
831 4349 1318 4403 commemoravit?
1351 4348 1559 4420 Nempe
1579 4354 1776 4407 inerter
1801 4362 1851 4407 et
1883 4355 1988 4424 ﬂa-

399 4438 586 4507 gitiose
613 4435 739 4492 fecit
777 4455 793 4493 :
833 4447 982 4492 certe
1032 4439 1300 4495 Irenaeum
1367 4441 1614 4500 imitatus
1661 4452 1717 4498 et
1762 4456 1986 4500 secutus

398 4540 504 4585 est.
535 4529 806 4596 Quocirca
836 4531 883 4585 si
915 4531 1029 4601 jam
1057 4548 1296 4598 quaeras.
1333 4550 1508 4605 quare
1561 4537 1797 4592 lrenmus
1823 4537 1982 4610 Poly-

398 4622 550 4691 carpi
574 4622 845 4688 meminit,
868 4639 976 4678 non
995 4634 1179 4681 autem
1207 4626 1434 4696 lgnatii;
1460 4643 1628 4684 causa
1652 4629 1704 4682 in
1728 4639 1983 4700 promptu

397 4722 521 4780 est;
555 4713 684 4782 quia
708 4714 1058 4770 traditionem
1087 4717 1262 4773 solius
1281 4717 1540 4775 Ecclesiae
1562 4719 1827 4777 Romana:
1858 4739 1986 4792 pro-

399 4815 678 4877 posuerat,
737 4806 806 4860 ad
836 4823 1003 4876 quam
1035 4810 1471 4867 confirmandam
1510 4815 1776 4870 adversus
1812 4815 1985 4871 luere-

399 4903 556 4964 ticos,
582 4899 884 4954 auctoritas
909 4899 1196 4973 Polycarpi
1221 4905 1518 4974 plurimum
1543 4907 1798 4972 faciebat,
1824 4908 1985 4979 lgna-

396 4995 458 5050 tii
497 4991 656 5049 nihil.
711 4991 866 5048 Hanc
895 4995 1167 5050 rationem
1205 4996 1321 5066 ipse
1345 4998 1574 5054 indicat.
1613 4999 1669 5054 Is
1699 5001 1861 5066 enim,
1899 5002 1985 5055 iu-

394 5085 538 5156 quit,
577 5091 676 5143 est.
703 5084 796 5154 qui
834 5084 929 5136 sub
963 5083 1183 5138 Aniceto
1211 5102 1333 5139 cum
1359 5088 1650 5143 advenisset
1685 5091 1739 5142 in
1769 5088 1981 5156 Urbem,

393 5179 590 5231 multos
616 5193 683 5232 ea:
712 5178 795 5230 his
817 5193 947 5246 quos
975 5178 1324 5246 prwdixtmus
1354 5179 1630 5234 haereticos
1651 5184 1903 5236 convertit
1926 5185 1982 5237 in

396 5267 692 5323 Eccleiiam
715 5269 834 5333 Dei,
858 5285 1019 5322 unam
1042 5279 1093 5322 et
1119 5271 1290 5324 solam
1320 5271 1458 5325 hanc
1480 5275 1754 5334 ceritatem
1775 5292 1982 5329 annun-

393 5362 535 5413 tians
585 5362 650 5413 ab
687 5362 942 5432 apostolis
983 5363 1282 5432 percepisse
1328 5379 1404 5428 se,
1442 5379 1601 5433 quant
1651 5372 1701 5416 et
1741 5362 1982 5420 Ecclesia

393 5452 638 5504 tradidit.
672 5455 754 5509 Ad
791 5454 1226 5508 conﬁrmandam
1267 5453 1538 5509 Romana:
1575 5453 1832 5509 Ecclesia:
1866 5465 1982 5512 tra-

392 5544 657 5600 ditionem
685 5546 906 5602 adducit
945 5547 1332 5620 Polycarpum,
1375 5562 1538 5617 quem
1588 5549 1705 5618 ipse
1748 5549 1977 5616 viderat,

395 5635 540 5706 quod
590 5639 932 5697 venerandus
978 5641 1068 5697 ille
1118 5659 1285 5700 senex
1336 5641 1527 5698 Romae
1568 5642 1801 5709 adesset,
1833 5644 1979 5713 quod

470 5752 604 5819 "Jaj;
662 5767 699 5814 ι,
731 5751 819 5805 l3.

2089 3251 2160 3303 At
2179 3265 2343 3320 quam
2363 3248 2780 3318 multa,qua:so,
2803 3247 2869 3300 ad
2890 3243 3290 3314 blasphemiam
3325 3242 3379 3295 in
3413 3259 3479 3296 ea
3503 3257 3562 3295 re
3592 3258 3683 3296 re-

2091 3342 2424 3398 tundendam
2443 3350 2751 3410 opportuna
2775 3339 3018 3411 epistola:
3041 3336 3228 3407 lgnatii
3249 3336 3537 3390 continent
3551 3336 3576 3387 ?
3593 3354 3620 3387 ιι
3631 3345 3690 3388 ιιι

2089 3439 2135 3494 si
2175 3438 2546 3502 continerent,
2579 3437 2722 3490 unde
2748 3436 2934 3489 liceret
2959 3432 3214 3502 colligere
3256 3430 3566 3485 sententias
3618 3447 3690 3483 ex

2090 3533 2161 3588 iis
2190 3531 2257 3585 ad
2284 3514 2640 3584 refellendum
2672 3526 2948 3581 Florinum
2975 3537 3263 3593 excerpere
3285 3522 3533 3576 voluisse
3575 3522 3690 3575 Ire-

2090 3622 2302 3678 meum?
2331 3620 2492 3676 Certe
2527 3622 2596 3674 ab
2625 3620 2877 3689 exemplo
2905 3616 3184 3688 Polycarpi
3226 3616 3331 3670 hoc
3373 3615 3530 3669 nullo
3565 3631 3690 3668 mo-

2089 3713 2160 3767 do
2201 3711 2471 3782 sequitur.
2505 3709 2690 3764 lnnuit
2734 3709 2956 3780 quidem
2997 3723 3124 3762 eum
3184 3707 3372 3776 plures
3417 3705 3692 3775 epistolas

2091 3804 2404 3874 scripsisse,
2455 3818 2744 3873 neunam
2801 3819 2870 3858 ex
2926 3817 3113 3857 earum
3179 3801 3287 3854 ulla
3346 3801 3688 3854 sententiam

2091 3894 2334 3950 adducit.
2359 3896 2544 3964 Ipsum
2578 3895 2849 3961 nominat,
2876 3895 2968 3950 sed
2995 3910 3059 3948 eo
3092 3894 3211 3947 loco
3233 3908 3345 3961 quo
3372 3894 3690 3963 πεφεισμέ-

2088 4004 2216 4050 νως,
2248 4002 2407 4056 Parce
2445 4001 2511 4041 ac
2549 3986 2732 4040 leviter
2763 4002 2889 4040 cum
2924 3984 3147 4038 Florino
3177 3983 3309 4052 agit,
3343 3999 3458 4052 quo
3491 3994 3692 4038 osten-

2087 4081 2170 4136 dit
2210 4080 2459 4135 seniores
2496 4081 2591 4149 qui
2625 4094 2752 4134 cum
2787 4078 3046 4150 apostolis
3092 4077 3291 4132 versati
3336 4088 3490 4142 sunt,
3545 4081 3691 4133 nihil

2086 4173 2199 4254 tale
2249 4187 2378 4226 eum
2431 4171 2706 4232 docuisse.
2758 4171 2960 4226 Eorum
3012 4169 3290 4240 aliquibus
3343 4169 3690 4225 familiarem

2088 4256 2262 4317 fuisse
2308 4261 2592 4318 Florinqu
2649 4270 2913 4330 noverat;
2969 4277 3138 4314 unum
3185 4276 3254 4314 ex
3312 4262 3380 4315 iis
3404 4265 3689 4328 nominat,

2089 4367 2288 4422 nempe
2315 4351 2711 4423 Polycarpum;
2763 4367 2999 4421 eumque
3037 4350 3310 4421 przecipue
3347 4353 3555 4424 seligit,
3617 4358 3695 4410 ob

2017 4486 2062 4540 Β
2090 4446 2295 4501 multas
2343 4461 2482 4516 quas
2535 4444 2810 4516 significat
2854 4443 3118 4499 rationes.
3169 4443 3376 4510 Primo,
3423 4460 3692 4517 respectu

2089 4537 2320 4602 Florini,
2351 4537 2444 4606 qui
2470 4535 2831 4606 Polycarpum
2864 4535 3133 4599 audierat,
3166 4535 3258 4590 sed
3282 4545 3338 4589 et
3361 4552 3491 4591 cum
3517 4556 3591 4593 eo
3615 4541 3694 4593 si-

2087 4628 2202 4682 mul
2238 4627 2491 4691 Ireuzeus,
2525 4625 2666 4680 εἶδον
2698 4627 2809 4699 γάρ
2844 4644 2926 4692 σε,
2976 4627 3190 4696 inquit,
3227 4631 3356 4691 παῖς
3388 4629 3469 4680 ὢν
3503 4631 3593 4682 ἔτι
3633 4634 3695 4683 ἐν

2189 4720 2339 4773 κάτω
2372 4719 2527 4791 Ἀσίᾳ
2559 4718 2711 4790 παρὰ
2735 4717 2812 4788 τῷ
2836 4717 3182 4790 Πολυκάρπῳ
3201 4717 3476 4791 λαμπρῶς
3501 4724 3694 4792 πράτ-

2085 4829 2248 4866 τοντα
2279 4813 2337 4866 ὲν
2363 4815 2438 4883 τῇ
2475 4811 2725 4882 βασιλικῇ
2762 4811 2921 4883 αὐλῇ,
2958 4811 3051 4864 καὶ
3087 4809 3428 4882 πειρώμενον
3463 4813 3696 4868 εὐδοκι-

2089 4906 2213 4974 μεῖν
2257 4905 2388 4976 παρ⁹
2425 4901 2594 4972 αὐτῷ.
2653 4901 2774 4955 Vidi
2799 4901 2938 4954 enim
2977 4910 3028 4954 te
3065 4917 3182 4953 cum
3223 4900 3398 4952 adhuc
3426 4916 3570 4968 puer
3607 4921 3693 4957 es-

2084 5012 2193 5049 sem
2239 4995 2294 5048 in
2342 4995 2586 5064 inferiori
2631 4994 2760 5047 Asia
2798 4993 2940 5062 apud
2973 4991 3350 5061 Polycarpum,
3397 4992 3698 5060 splendide

2084 5096 2322 5157 agentem
2359 5088 2413 5138 in
2437 5085 2665 5155 palatio,
2709 5096 2758 5139 et
2800 5099 3110 5155 magnopere
3142 5082 3474 5137 laborantem
3533 5098 3602 5139 ut
3646 5102 3698 5142 te

2081 5182 2167 5234 illi
2189 5180 2527 5250 approbares.
2562 5176 2840 5242 Secundo,
2878 5184 3128 5246 respectu
3154 5176 3239 5230 sui
3273 5176 3472 5245 ipsius,
3511 5193 3695 5247 quem

2083 5285 2344 5340 tanquam
2378 5270 2646 5340 optimum
2681 5269 2870 5340 ejusce
2897 5271 2975 5324 rei
3007 5277 3201 5324 testem
3225 5268 3494 5339 depingit,
3529 5276 3698 5340 quod

2083 5354 2205 5435 quae
2228 5372 2358 5417 tunc
2387 5361 2596 5415 audivit
2625 5377 2654 5415 a
2677 5359 3004 5433 Polycarpo,
3029 5361 3241 5415 firmius
3273 5365 3566 5416 memoria:
3598 5364 3701 5416 ad-

2083 5456 2370 5520 haererent,
2406 5468 2570 5522 quam
2606 5468 2730 5525 qua:
2762 5469 2936 5523 nuper
2972 5453 3306 5507 acciderant.
3350 5450 3552 5506 Ταῦτα
3591 5455 3698 5507 καὶ

2081 5547 2202 5600 τότε
2256 5545 2561 5610 σπουδαίως
2612 5545 2807 5616 ἤκουον
2859 5543 3444 5617 ὑπομνηματιζόμενος
3479 5545 3595 5599 οὐκ
3632 5549 3694 5599 ἐν

2083 5640 2256 5712 χάρτῃ
2281 5638 2393 5692 ἀλλ’
2429 5640 2486 5693 ὲν
2520 5640 2585 5711 τῇ
2620 5641 2727 5711 ἐμῇ
2763 5639 2983 5711 καρδίᾳ,
3028 5639 3121 5692 καὶ
3155 5639 3243 5693 ἀεὶ
3274 5637 3412 5692 αὐτὰ
3448 5638 3690 5712 ἀναμη-
