3786 6314
117 372 194 422 «69
818 369 866 426 ι.
911 370 1278 427 PEARSONII
1321 371 1639 427 VINDICIA‘Z
1684 370 2104 426 IGNATIANJE.
2148 405 2215 415 ——
2249 373 2430 430 PARS
2465 375 2507 430 1.

3224 374 3328 428 170

112 482 338 558 plurium.
379 481 497 537 Hice
523 500 616 554 ego
641 496 765 540 tunc
796 491 1086 542 studiosius
1118 491 1421 554 audiebant,
1455 509 1554 544 non
1581 491 1636 543 in
1668 494 1713 549 Λ
1743 487 2012 558 lgnatium
2043 490 2203 544 annis
2243 491 2296 544 in
2335 492 2511 546 lucem
2554 492 2824 548 emisisse.
2863 491 3150 559 Quomodo
3178 498 3326 554 enim

111 578 278 639 charta,
311 574 393 627 sed
426 575 477 626 in
512 576 665 626 corde
703 593 814 629 meo
850 579 1038 630 audita
1074 579 1392 644 describens,
1420 581 1632 634 eadem-

109 683 186 736 que
203 665 324 734 apud
350 681 424 718 me
455 677 626 733 repeto
652 676 701 720 et
734 670 955 724 revolvo.
998 669 1202 736 Tertio,
1232 673 1443 728 ratione
1474 690 1637 742 argu-

110 757 240 812 menti
262 757 394 826 quod
419 757 780 813 fortissimum
817 761 1046 830 putavit.
1079 763 1302 818 Audivit
1327 765 1471 818 enim
1509 775 1638 819 tunc

108 849 435 920 Polycarpum,
463 866 585 920 qua:
614 851 690 904 illi
724 851 904 908 fuerat
928 871 1052 910 cum
1080 855 1138 910 S.
1177 855 1390 912 Joanne
1425 868 1477 912 et
1508 859 1636 914 reli-

106 945 204 1011 quis
240 941 322 1012 qui
370 941 657 997 Dominum
683 944 935 1000 viderant
966 951 1329 1010 consuetudo,
1381 967 1631 1020 quaenam

104 1035 159 1087 ab
197 1035 290 1089 illis
331 1035 394 1088 de
428 1036 651 1093 Christo
682 1039 850 1093 relata
885 1056 1224 1111 perceperat,
1258 1052 1311 1098 et
1337 1060 1502 1113 quam
1541 1047 1632 1100 illa

105 1127 272 1189 nuntia,
301 1144 414 1198 qua:
442 1130 513 1184 ab
548 1130 612 1184 iis
651 1133 742 1188 qui
777 1132 1016 1187 Verbum
1057 1136 1180 1189 vitm
1205 1149 1626 1206 conspexerant,

105 1217 184 1271 SS.
218 1219 496 1289 Scripturis
530 1227 930 1290 consentirent,
964 1226 1255 1297 diligenter
1297 1230 1627 1287 observavit:

102 1310 225 1376 Quod
255 1321 328 1364 est
359 1312 689 1382 ipsissimum
729 1329 1111 1387 argumentum
1154 1336 1265 1389 quo
1311 1321 1473 1376 toties
1515 1321 1631 1375 Ire»

102 1417 221 1454 meus
240 1403 314 1456 vel
336 1404 397 1457 ad
439 1404 727 1462 hmreticos
757 1408 1102 1474 refellendos,
1140 1413 1221 1466 vel
1244 1412 1310 1466 ad
1345 1427 1475 1468 suas
1503 1430 1629 1468 sen-

100 1494 260 1549 tentias
289 1498 685 1555 confirmandus
715 1503 906 1558 utitur.
951 1503 1094 1559 Nihil
1119 1518 1298 1562 autem
1336 1509 1529 1562 borum
1561 1510 1628 1564 de

101 1590 265 1658 lgnatio
304 1591 476 1648 dicere
531 1597 744 1663 potuit;
787 1613 909 1652 cum
955 1615 1020 1656 eo
1065 1616 1346 1670 nunquam
1378 1614 1627 1658 versatus

97 1693 160 1736 est
179 1682 435 1750 Floriuus;
465 1701 576 1738 non
607 1686 742 1741 vidit
765 1703 888 1742 eum
913 1687 1181 1756 Irena'tts;
1210 1708 1489 1762 nunquam
1514 1694 1624 1749 dis-

96 1787 316 1830 serentem
355 1776 418 1831 de
448 1779 714 1846 apostolis
752 1789 846 1833 aut
881 1781 1163 1851 discipulis
1207 1781 1420 1838 Domini
1466 1785 1627 1840 audi-

97 1868 267 1928 vit,aut
292 1869 340 1921 in
373 1870 619 1939 epistolis
655 1871 806 1943 legit.
842 1871 1105 1930 Rationes
1133 1875 1296 1946 igitur
1324 1879 1458 1933 satis
1484 1881 1625 1934 mul-

94 1970 156 2013 tas
186 1960 352 2014 habuit
382 1960 643 2024 lrenzeus,
678 1981 777 2018 cur
804 1964 1167 2036 l'olycarpttm
1209 1985 1311 2024 suo
1347 1986 1498 2026 more
1528 1987 1626 2042 po-

94 2068 180 2107 uus
204 2069 350 2124 quam
386 2054 656 2126 lgnatium
691 2057 958 2115 adversus
989 2058 1197 2116 Florini
1227 2062 1622 2133 blasphemiam

95 2157 242 2200 testem
271 2139 580 2205 adduceret.

144 2239 376 2302 Quocirca
416 2256 542 2295 cum
578 2241 920 2298 notissimam
967 2243 1027 2299 8.
1063 2244 1257 2315 lgnatii
1288 2249 1619 2305 sententiam

95 2327 284 2385 lrenzeus
313 2331 583 2397 citaverit,
616 2351 781 2400 quam
811 2336 863 2389 in
894 2337 1122 2407 epistola
1148 2339 1395 2408 ejusdem
1419 2342 1487 2395 ad
1515 2340 1623 2397 llo-

95 2433 245 2473 inauos
283 2422 499 2478 totidem
543 2427 727 2481 verbis
775 2429 1036 2495 scriptam
1085 2433 1394 2500 reperimus
1434 2450 1446 2486 :
1493 2451 1618 2490 cum

93 2511 311 2569 Eusebius
336 2514 600 2570 lrena-um
629 2535 750 2572 eam
776 2537 840 2574 ex
869 2522 1059 2577 eadem
1099 2525 1330 2593 epistola
1371 2527 1621 2586 hausisse

91 2615 286 2674 asserat,
331 2609 535 2680 aliique
587 2623 713 2681 post
760 2630 884 2668 eum
945 2615 1088 2670 idem
1135 2619 1448 2676 allirment:
1490 2638 1617 2678 cum

90 2697 203 2751 nulla
230 2703 443 2757 oainino
472 2705 557 2759 vis
588 2705 640 2758 in
682 2706 770 2760 illa
825 2707 1177 2766 distinctione
1223 2713 1364 2767 inter
1394 2715 1535 2768 dixit
1565 2727 1616 2770 et

89 2793 255 2859 irripsit
279 2806 568 2864 appareat:
596 2813 719 2853 cum
751 2801 900 2855 nulla
937 2799 1128 2873 lgnatii
1153 2807 1615 2880 apophthegmata

88 2879 128 2931 in
145 2881 515 2951 antiquissimis
539 2889 926 2956 scriptoribus,
955 2899 1050 2944 aut
1068 2891 1220 2947 Actis
1248 2879 1613 2963 reperiantur,

89 2966 128 3018 in
155 2972 524 3037 posterioribus
583 2989 764 3030 autem
821 2995 943 3049 quae
987 2991 1236 3046 exstant,
1266 3000 1332 3038 ex
1368 2987 1614 3056 epistolis

84 3060 335 3119 certissime
363 3065 654 3137 desumpta
687 3067 794 3123 sint
831 3087 844 3124 :
881 3089 1005 3126 cum
1029 3075 1263 3144 denique
1298 3078 1444 3132 nulla
1475 3079 1616 3134 ratio

1747 581 1852 634 hoc
1887 581 2003 634 ﬁeri
2036 582 2234 650 potuit,
2277 581 2323 635 si
2354 581 2457 636 140
2486 583 2647 637 annis
2683 595 2806 652 post
2834 587 3088 639 ultimum
3116 597 3324 658 marty-

1743 671 1820 723 ris
1845 681 2122 725 certamen
2154 672 2374 726 easdem
2405 673 2666 742 epistolas
2699 675 2854 739 vidit,
2885 676 3035 744 legit,
3077 677 3325 748 duasque

1741 776 1806 813 ex
1841 760 1908 814 iis
1941 763 2244 816 sententias
2275 762 2567 832 exscripsit
2597 762 2896 833 Origenes?
2925 767 3008 819 An
3041 766 3204 822 annis
3232 767 3324 832 60,

1740 863 2034 922 antequam
2062 854 2222 908 edita:
2259 863 2390 909 sunt
2412 895 2426 919 ,
2459 871 2555 910 eas
2588 857 2816 911 laudare
2842 859 3020 928 potuit
3041 859 3322 915 Adaman-

1738 944 1892 998 tius?
1923 943 2037 1000 lloe
2065 961 2234 1000 unum
2260 948 2638 1002 testimonium
2665 949 2928 1018 quidquid
2958 951 3010 1004 in
3034 951 3138 1007 hoc
3158 967 3323 1022 opere

1737 1037 2020 1106 proprium
2058 1037 2260 1093 Dullaeo
2291 1049 2375 1093 est
2400 1040 2597 1094 refellit
2630 1054 2684 1095 et
2703 1043 2987 1113 expungit.
3017 1041 3322 1101 Salmasius

1735 1137 1790 1181 et
1837 1129 2154 1184 Albertinus
2188 1133 2280 1186 diu
2337 1144 2464 1186 ante
2492 1131 2782 1205 Origenem
2826 1147 3013 1190 natum
3058 1139 3321 1208 epistolas

1735 1223 1839 1275 sub
1884 1221 2074 1294 lgnatii
2122 1227 2345 1279 nomine
2389 1226 2622 1297 scriptas
2674 1227 2946 1295 fatentur;
3008 1230 3320 1287 Blondellus

1733 1325 2025 1387 antequam
2067 1316 2332 1391 Origenes
2366 1321 2647 1376 scriberet.
2687 1319 2851 1377 Solus
2890 1323 3123 1379 Dallzeus
3147 1366 3162 1391 ,
3209 1327 3316 1381 nisi

1734 1407 1877 1461 forte
1912 1409 2196 1465 addendus
2228 1411 2276 1465 ci
2310 1411 2382 1464 sit
2422 1411 2748 1476 Bocltartus,
2778 1413 2867 1468 ditt
2913 1428 3035 1484 post
3061 1416 3318 1488 Origenis

1734 1510 1966 1554 mortem
2019 1517 2212 1557 omnes
2258 1504 2491 1572 scriptas
2544 1505 2889 1573 allirmat;ct
2923 1524 2987 1561 ex
3031 1512 3312 1580 sexaginta

1731 1608 1822 1647 sex
1885 1595 2228 1664 argumentis
2281 1597 2517 1665 plurima
2572 1598 2637 1651 ad
2672 1599 2815 1653 hanc
2875 1600 3139 1668 cpocham
3200 1601 3314 1656 for-

1732 1685 1892 1739 mavit
1924 1727 1939 1752 ,
1994 1703 2117 1757 qua:
2165 1687 2270 1742 hoc
2320 1689 2440 1743 solo
2491 1691 2806 1745 testimonio
2862 1693 3078 1748 firmato
3132 1696 3318 1750 conci-

1728 1776 1885 1832 dunt.

1804 1870 2056 1925 Secunda
2094 1870 2272 1927 Dallzei
2303 1872 2592 1929 falsissima
2628 1878 2859 1932 assertio
2893 1887 2996 1944 est,
3029 1877 3315 1934 Eusebium

1729 1981 1843 2017 esse
1881 1965 2053 2017 ontnis
2092 1967 2157 2018 de
2197 1964 2499 2036 lgnatianis
2543 1969 2740 2022 erroris
2785 1971 3016 2040 fontem;
3059 1977 3149 2044 qui
3194 1978 3315 2029 hinc

1728 2056 1900 2124 primo
1946 2067 2195 2121 exortus,
2241 2058 2505 2114 latissime
2543 2073 2723 2130 postea
2762 2065 2998 2132 effusus,
3040 2067 3314 2138 insequen-

1729 2150 1860 2202 tium
1885 2149 2202 2203 sa'culorunt
2238 2168 2366 2220 pene
2399 2169 2576 2206 omnes
2608 2153 2903 2209 Christiani
2934 2160 3161 2212 nominis
3191 2177 3317 2213 eru-

1726 2243 1866 2296 ditos
1891 2246 2142 2312 pervasit.
2173 2243 2291 2298 Non
2335 2244 2537 2298 frustra
2583 2247 2749 2319 igitur
2777 2247 3065 2320 Origenem
3089 2251 3314 2306 adduci-

1728 2351 1872 2400 mus,
1905 2337 1998 2405 qui
2030 2346 2136 2390 tam
2171 2337 2493 2401 innnanem,
2527 2355 2589 2393 ac
2615 2341 2780 2396 tantis
2812 2341 2945 2397 viris
2981 2342 3311 2412 ignominio-

1727 2447 1849 2484 sum
1883 2447 2127 2485 errovem
2178 2432 2426 2486 l'umlitus
2472 2434 2674 2487 evellit.
2727 2436 2807 2488 An
2845 2436 2991 2490 enim
3040 2435 3312 2493 Eusebius

1725 2525 1966 2592 primunt
2001 2523 2188 2593 lapsus
2216 2533 2321 2589 est,
2357 2524 2449 2593 qui
2481 2523 2769 2596 Origenem
2813 2535 2897 2581 est
2940 2529 3310 2583 secutus?An

1724 2616 1815 2670 iile
1854 2615 2025 2671 fetum
2073 2633 2249 2688 nuper
2304 2627 2492 2672 natum
2539 2628 2593 2671 et
2639 2619 3007 2674 adulterinum
3058 2625 3308 2693 excepit,

1721 2722 1882 2775 quem
1911 2705 2174 2777 Origenes
2208 2715 2316 2760 tam
2343 2707 2435 2760 diu
2465 2717 2592 2762 ante
2618 2708 2773 2776 fovit,
2805 2711 3161 2767 exosculatus
3192 2715 3311 2768 est?

1719 2800 1801 2850 An
1832 2797 2012 2851 caeteri
2055 2794 2246 2852 Patres
2287 2796 2584 2852 Eusebium
2620 2799 2998 2866 ἀϐασανίστως
3031 2814 3306 2859 errantem

1720 2890 1893 2943 secuti
1926 2900 2076 2954 sunt,
2104 2889 2196 2958 qui
2238 2906 2364 2943 cum
2401 2891 2580 2958 primo
2609 2909 2718 2946 non
2749 2909 2970 2949 errasse
2998 2897 3309 2951 certissime

1719 2980 1988 3046 sciebant,
2018 2990 2204 3049 utpote
2239 2983 2331 3050 qui
2363 2982 2652 3052 Origenem
2674 2991 2939 3050 perpetuo
2968 2983 3308 3038 lectitarent?

1721 3069 1779 3123 Si
1807 3071 2125 3140 scripsisset
2151 3069 2416 3141 Origenes
2443 3072 2700 3127 homilias
2728 3072 2849 3128 illas
2877 3072 2980 3126 MO
3002 3075 3160 3131 annis
3185 3086 3308 3145 post

88 3148 298 3210 hactenus
322 3159 630 3228 excogitata
659 3163 890 3232 sit,quu‘:
913 3165 1156 3234 reliquas
1182 3165 1374 3237 lgnatii
1403 3169 1612 3238 episto-
1641 3185 1683 3242 ο
1718 3162 1914 3232 lgnatii
1947 3174 2204 3230 mortem,
2241 3166 2356 3220 haec
2378 3181 2487 3218 non
2520 3163 2854 3229 frustrance,
2879 3167 2972 3221 sed
3001 3179 3308 3237 opportune

86 3241 144 3296 las
171 3245 426 3316 ignorasse
458 3251 726 3308 Irenaeum
777 3257 935 3311 nobis
967 3259 1326 3327 persuadeat;
1372 3263 1614 3318 rationes

87 3346 223 3393 autem
257 3344 432 3398 multa:
465 3357 783 3416 suppetant,
823 3365 946 3419 qua:
977 3353 1136 3406 nobis
1178 3353 1338 3407 fidem
1369 3353 1610 3420 faciant,

86 3428 242 3484 nullam
270 3431 466 3489 Ire-meo
502 3435 771 3505 lgnatium
819 3440 1020 3494 citandi
1054 3442 1400 3497 occasionem
1436 3444 1503 3499 iis
1533 3445 1613 3499 lo-

85 3536 144 3574 l'lS
165 3524 375 3580 oblatam
417 3528 618 3594 fuisse,
644 3530 846 3599 quibus
867 3533 1168 3587 adversarii
1195 3537 1402 3604 justam
1433 3547 1485 3590 et
1513 3553 1610 3592 ne-

85 3616 324 3672 cessariam
368 3632 642 3692 crepant;
677 3625 949 3680 concludo
990 3627 1241 3696 {rivulum
1282 3640 1330 3682 et
1377 3630 1611 3699 ineptum

87 3721 181 3769 tite,
213 3709 462 3767 lrenwum
504 3713 726 3770 aliunde
753 3735 912 3788 quant
941 3733 1006 3772 ex
1041 3729 1228 3773 nostra
1264 3719 1461 3790 lgnatii
1494 3724 1600 3790 epi-

87 3798 186 3851 stola
226 3803 288 3856 ad
337 3804 607 3860 Romanos
648 3811 964 3864 sententiam
999 3813 1285 3880 sumpsisse
1318 3813 1607 3880 hariolari,

86 3888 276 3962 adeoque
346 3899 723 3954 testimonium
797 3900 984 3958 lrenzei
1043 3905 1110 3957 ad
1176 3904 1608 3960 confirmandam

86 3984 432 4048 Ignatiauorum
471 3990 857 4046 auctoritatem
887 4009 917 4048 a
949 3994 1154 4050 n0stris
1184 4005 1330 4050 recte
1357 4007 1410 4050 et
1443 4011 1610 4066 appo-

85 4075 159 4128 Site
181 4077 359 4134 aﬂ'erri.

622 4198 851 4254 CAPUT
908 4197 1014 4253 νη.

86 4293 351 4380 Τεξιίῳρπίη
409 4309 661 4380 Origenis
708 4312 771 4364 ab
815 4312 1194 4380 obiectionibus
1245 4313 1604 4367 vindicantur.

134 4367 164 4422 Ι.
201 4367 539 4452 Frustratum“
567 4399 671 4435 non
700 4393 844 4448 sunt,
877 4367 1016 4452 quod
1059 4399 1262 4436 errores
1305 4382 1498 4437 Dalliei
1544 4386 1608 4438 de

131 4454 258 4516 atate
300 4449 604 4516 impostoris
653 4454 772 4513 sui,
818 4449 1338 4507 et'lmllucinatione
1392 4454 1607 4506 Eusebii

136 4513 343 4594 "leuant
371 4513 485 4594 ."_Aac
510 4533 761 4591 prieterea
815 4525 1366 4594 quodim'gumentunt
1411 4524 1607 4594 negati-

133 4597 241 4664 t'tmt
268 4588 518 4654 funditus
543 4604 802 4648 evertunt.
827 4588 900 4646 ἸΙ.
931 4588 1096 4647 Falsa
1132 4611 1235 4648 non
1265 4604 1408 4647 sunt.
1460 4588 1605 4664 Opus

133 4656 174 4733 in
209 4656 474 4733 (gaiiticum
518 4669 850 4718 canticorum
877 4675 955 4718 est
981 4666 1148 4732 ipsius
1183 4665 1461 4733 Origenis,
1504 4656 1606 4719 non

134 4720 565 4806 {illiilli-audior“!
594 4737 682 4788 sed
711 4720 1035 4804 interpretis,
1061 4747 1108 4806 et
1135 4720 1345 4806 quidem
1377 4720 1603 4805 Ruf/5""-

140 4793 350 4877 lloinilia:
366 4805 420 4877 in
439 4802 500 4857 S.
523 4793 723 4877 Lucam
742 4793 863 4859 simi
885 4793 1047 4874 ipsius
1071 4793 1315 4877 Origenis
1331 4847 1343 4868 ,
1381 4793 1604 4858 non-La-

133 4870 205 4916 tini
226 4875 446 4926 auctoris
475 4876 568 4926 sed
594 4870 919 4945 interpretis,
949 4886 997 4930 et
1027 4870 1238 4947 quidem
1266 4876 1604 4948 Hieronymi.

132 4993 338 5058 'lertium
379 5024 409 5060 a
457 5008 620 5063 nobis
646 5024 711 5063 ex
747 5007 986 5079 Origene
1019 5010 1312 5064 deductum
1345 5017 1429 5065 est
1455 5009 1609 5064 testi-

86 5091 301 5150 monium.
334 5097 450 5154 Hoc
485 5102 664 5170 primo
689 5101 771 5155 vir
796 5102 1150 5157 doctissimus
1179 5102 1310 5156 dicit
1340 5116 1462 5158 esse
1488 5101 1574 5155 fru
1594 5131 1610 5144 -

90 5183 355 5253 Straneum',
396 5194 643 5246 secundo
691 5193 910 5248 falsum.
951 5193 1201 5260 Frustra,
1237 5194 1435 5264 inquit,
1481 5191 1610 5248 Ori-

89 5274 194 5336 gettis
240 5279 479 5338 homilias
543 5287 698 5339 annis
759 5287 970 5340 circiter
1025 5285 1128 5339 MO
1189 5295 1305 5354 post
1358 5286 1608 5339 ultimum

86 5372 284 5437 martyris
313 5387 578 5430 certamen
600 5379 829 5448 scriptas
853 5379 1099 5432 recitent.
1138 5377 1325 5432 Serum
1348 5379 1486 5431 enim
1512 5379 1607 5430 hoc

85 5463 117 5503 et
136 5457 260 5515 inane
275 5463 679 5536 Ignatianorum
701 5472 1034 5541 prtesidium.
1067 5469 1393 5540 ReSponJeo
1429 5470 1608 5539 primo

85 5543 158 5600 hoc
174 5556 522 5615 testimonium
543 5578 648 5616 non
668 5579 790 5618 esse
810 5563 965 5617 frust.
983 5578 1205 5626 aneum;
1225 5562 1352 5630 quia
1371 5561 1480 5615 duo
1499 5562 1607 5615 itu-

86 5653 230 5698 manes
249 5645 420 5707 Dallai
445 5670 664 5708 errores
691 5657 770 5710 vel
791 5657 893 5711 hoc
925 5672 1034 5709 uno
1059 5665 1402 5724 argumento,
1431 5658 1474 5709 si
1500 5656 1605 5710 alia

83 5724 299 5803 deessent,
324 5741 627 5798 inanil'esta:
647 5745 902 5800 falsitatis
927 5746 1361 5799 revincerentur.
1384 5742 1605 5801 Primus

86 5828 158 5878 εει.
179 5824 508 5898 impostorem
538 5834 634 5890 has
657 5838 917 5904 epistolas
947 5835 1162 5895 nonnisi
1193 5834 1447 5894 ducentis
1477 5849 1600 5911 post

356 5927 631 5992 l’s‘mCL.
689 5933 800 5991 (In.
858 5927 927 5993 ν.

1720 3259 1854 3311 satis
1903 3257 1969 3312 ad
2017 3256 2322 3314 Dallmanas
2369 3258 2612 3314 rationes
2642 3261 2969 3318 evertendas
3014 3263 3302 3319 observata

1718 3361 1920 3404 CSSClll.

1793 3438 1898 3493 Sed
1934 3443 2238 3509 respondeo
2285 3442 2560 3509 secundo,
2611 3440 2863 3514 Origenis
2899 3442 3151 3497 homilias
3193 3457 3301 3495 non

1718 3540 1828 3585 tam
1855 3547 1997 3596 sero,
2032 3549 2137 3587 non
2171 3535 2388 3589 denmm
2419 3535 2519 3589 MO
2543 3535 2703 3589 annis
2729 3544 2850 3604 post
2873 3535 3125 3588 ult-imum
3157 3528 3307 3588 mar-

1720 3633 1854 3696 tyrts
1880 3636 2176 3684 certamen,
2211 3627 2302 3679 sed
2351 3627 2442 3680 diu
2480 3638 2604 3680 ante
2648 3629 2881 3696 scriptas
2919 3624 3112 3680 fuisse.
3149 3623 3306 3681 Men-

1717 3710 1792 3763 tio
1839 3710 2087 3780 epistolze
2125 3709 2420 3780 lgnatiana:
2462 3712 2825 3768 disertissima
2861 3716 3304 3772 exstathomiliis

1713 3801 1834 3868 ejus
1855 3803 1906 3855 in
1937 3802 1993 3856 S.
2023 3800 2249 3858 Lucam.
2272 3802 2536 3859 llomilias
2555 3804 2676 3860 illas
2694 3806 3303 3878 scripsitOrigenesju-

1713 3896 1868 3949 venis
1891 3896 2092 3958 adhuc,
2118 3907 2165 3950 et
2185 3908 2312 3950 ante
2344 3908 2560 3952 aetatem
2591 3899 2825 3953 virilem.
2857 3898 3037 3956 Testis
3063 3903 3303 3972 locuple-

1716 3990 1963 4043 tissimus
1985 3989 2039 4044 S.
2063 3988 2452 4056 Hieronymus,
2470 3991 2784 4046 Adamanlii
2813 3995 3070 4050 assiduus
3105 3995 3299 4055 lector.

1713 4089 1767 4133 et
1789 4095 1914 4134 cum
1936 4080 2036 4134 ista
2057 4083 2342 4148 scriberet,
2377 4085 2697 4138 admirator.
2721 4083 2795 4140 Ita
2815 4087 2958 4140 enim
2991 4087 3146 4143 illein
3167 4105 3304 4159 pra:-

1715 4171 1920 4227 fatione
1948 4174 2012 4226 ad
2057 4175 2364 4229 versionem
2405 4191 2561 4230 suam
2601 4175 2848 4230 :Fateor
2892 4180 3070 4249 itaque
3120 4181 3174 4234 in
3223 4183 3301 4235 bis

1718 4261 1997 4331 Origenem
2018 4266 2333 4318 tractatibus
2358 4267 2513 4335 quasi
2535 4284 2754 4337 puerum
2780 4269 2904 4322 talis
2928 4271 3108 4324 ludere
3131 4285 3149 4323 :
3190 4273 3302 4325 alia

1712 4363 1832 4404 sunt
1876 4352 2054 4405 virilia
2091 4354 2206 4421 ejus
2234 4395 2248 4420 ,
2299 4364 2347 4407 et
2382 4357 2664 4411 senectutis
2716 4359 2876 4413 seria.
2917 4357 3104 4428 Neque
3135 4360 3302 4430 igitur

1713 4458 1902 4509 senex,
1937 4461 2112 4516 neque
2144 4463 2268 4501 cum
2289 4449 2462 4504 virilis
2479 4459 2625 4505 esset
2649 4453 2846 4518 aetatis,
2868 4451 3124 4508 homilias
3149 4454 3200 4507 in
3239 4453 3298 4509 8.

1643 4559 1684 4613 ι)
1714 4533 1918 4591 Lucam
1939 4540 2159 4608 scripsit
2176 4539 2462 4611 Origenes,
2483 4543 2576 4596 sed
2597 4544 2779 4599 adhuc
2799 4545 3140 4600 adolescens.
3161 4546 3298 4600 Cum

1714 4639 1896 4683 autem
1930 4631 2202 4686 decimum
2229 4643 2484 4687 octavum
2527 4650 2733 4688 annum
2779 4645 3003 4705 ageret,
3049 4639 3302 4693 cateche-

1713 4723 1832 4777 ticze
1872 4723 2073 4779 schola:
2099 4724 2390 4794 praefectus
2413 4735 2499 4780 est
2531 4726 2899 4782 Alexandriae.
2940 4727 3056 4785 Hoc
3099 4730 3301 4786 diserte

1711 4817 1878 4871 tradit
1932 4816 2202 4872 Eusebius
2240 4835 2255 4873 :
2302 4819 2462 4882 Ἔτος
2497 4819 2554 4873 δὲ
2607 4815 2743 4890 ἦγεν
2792 4820 3298 4888 ὀκτωκαιδέκατον,

1711 4911 1836 4966 καθ’
1868 4911 1896 4964 ὃ
1921 4913 2020 4983 τῆς
2053 4913 2412 4992 κατηχήσεως
2448 4914 2689 4984 προέστη
2726 4914 3122 4980 διδασκαλείου,
3154 4915 3297 4970 Hist.

1712 5003 1806 5057 lib.
1842 5020 1919 5070 vt,
1945 5021 1995 5059 c.
2026 5005 2090 5067 ὅ,
2121 4989 2203 5058 cu§
2247 5005 2582 5076 solli-agatur
2629 5004 2688 5060 S.
2742 5005 3123 5079 Hieronymus.
3173 5007 3300 5061 Erat

1712 5097 1802 5153 hic
1835 5114 2015 5154 annos
2051 5097 2238 5154 Severi
2277 5099 2636 5167 undecimus;
2669 5099 2884 5154 decimo
2915 5101 3062 5154 enim
3111 5098 3299 5154 Severi

1712 5195 1976 5266 Origenes
2009 5195 2282 5249 decimum
2326 5196 2619 5264 septimum
2672 5195 2850 5248 anatis
2893 5209 3098 5247 annum
3147 5193 3295 5263 egit,

1712 5289 1944 5343 testibus
1989 5287 2225 5342 Eusebio
2255 5298 2307 5341 et
2337 5286 2691 5358 Hieronymo.
2735 5286 2951 5356 Septem
2982 5285 3093 5339 fere
3124 5300 3299 5341 annos

1713 5381 1767 5434 in
1801 5381 2033 5450 imperio
2061 5390 2248 5449 postea
2277 5381 2480 5434 mansit
2505 5379 2759 5435 Severus.
2800 5378 2913 5432 Sub
2942 5378 3101 5432 initio
3131 5378 3299 5448 igitur

1711 5473 2009 5527 (larucallze
2038 5469 2328 5541 O'rigenem
2355 5473 2535 5526 adlmc
2563 5487 2816 5540 puerum,
2853 5486 2947 5524 seu
2977 5470 3300 5526 adolescen-

1715 5574 1844 5628 tem,
1876 5564 2167 5632 scripsisse
2197 5563 2452 5616 homilias
2482 5562 2534 5614 in
2571 5562 2628 5615 S.
2667 5560 2870 5616 Lucam
2911 5577 3008 5630 par
3041 5571 3124 5616 est
3167 5577 3294 5617 cre-

1711 5656 1860 5710 dere.
1907 5654 2027 5708 Jain
2077 5671 2204 5710 vero
2248 5672 2276 5708 a
2322 5654 2534 5707 decimo
2567 5652 2825 5721 Traiani,
2871 5669 2982 5723 quo
3032 5653 3295 5724 epistolas

1711 5749 2002 5816 scripsisse
2027 5746 2269 5818 lgnatius
2287 5745 2624 5814 perhibetur.
2645 5742 2709 5796 ad
2735 5743 2950 5798 initium
2976 5743 3296 5809 Caraeallze,

1711 5839 1798 5893 vix
1850 5839 1976 5891 anni
2030 5847 2158 5893 sunt
2206 5836 2326 5890 lUS.
2383 5836 2526 5889 lntta
2579 5837 2743 5907 igitur
2783 5844 2859 5892 tot
2890 5850 3066 5890 annos
3101 5833 3294 5907 lgnatii

2934 5935 2971 5990 6
