3770 6296
431 283 528 341 ΠΙ

428 498 711 569 Origenes.
748 497 901 564 Quod
930 499 1051 552 ideo
1076 498 1481 552 observandum
1508 498 1630 562 fuit,
1658 514 1764 553 non
1804 509 2014 555 tantum

428 602 490 643 ut
518 590 861 643 ostenderem
895 589 1031 644 falsa
1061 604 1187 645 esse
1209 606 1332 659 quae
1364 588 1600 644 Dallreus
1636 590 1703 643 de
1730 592 2017 646 intervallo

428 685 646 749 asserit,
680 684 772 738 sed
800 683 961 737 etiam
988 692 1047 737 ut
1074 684 1122 737 ei
1154 693 1565 753 argumentum,
1594 700 1705 752 quo
1735 693 2018 754 tantopere

427 776 749 840 delectatur,
784 776 1098 845 negativum
1133 776 1424 845 eriperem.
1459 775 1781 847 Launoyum
1814 778 2017 832 doctis-

427 868 629 921 simum
668 867 930 923 Sorhonze
960 868 1273 939 theologum
1300 869 1367 922 de
1399 869 1449 921 vi
1478 870 1781 939 argumenti
1816 856 2018 939 negan-

425 958 497 1011 tis
528 956 648 1011 fuse
676 944 1048 1028 disputantem
1100 959 1354 1014 advocat.
1408 958 1511 1015 Sed
1563 960 1859 1031 Launoyus
1903 962 2017 1029 ipse

422 1052 501 1106 ita
545 1053 869 1105 sententiam
911 1069 1065 1106 suam
1108 1055 1376 1123 protulit:
1412 1053 1545 1108 Cum
1581 1054 1757 1106 nullus
1801 1055 2015 1106 omnino

422 1146 653 1213 scriptor
698 1146 918 1215 (aqualis
979 1145 1057 1199 vel
1109 1162 1310 1215 suppar
1350 1156 1575 1216 prazstat
1620 1149 2012 1214 testimonium,

423 1246 549 1289 tunc
587 1253 651 1290 ex
682 1238 915 1306 generali
945 1238 1181 1305 silentio,
1209 1239 1347 1309 quod
1375 1240 1727 1293 ducentorum
1762 1241 1881 1307 plus
1915 1242 2015 1293 nti-

420 1346 521 1383 nus
571 1346 831 1382 annorum
876 1332 1139 1385 testimari
1188 1344 1391 1402 potest,
1443 1334 1638 1403 efﬁcax
1687 1334 2014 1402 depromitur

422 1433 816 1493 argumentum.
862 1422 961 1478 llic
991 1434 1175 1479 autem
1216 1427 1447 1495 scriptor
1476 1426 1856 1481 nobilissimus
1886 1425 2012 1481 Ori-

421 1530 611 1587 genes,
642 1514 854 1587 lgnatio
884 1534 1108 1585 suppar,
1140 1518 1335 1573 eodem
1381 1534 1492 1588 quo
1542 1519 1631 1573 ille
1665 1520 1884 1589 scripsit
1913 1536 2013 1574 sa:-

421 1608 549 1663 culo
584 1620 746 1663 natus
767 1651 781 1675 ,
821 1610 1323 1665 luculentissimum
1362 1610 1612 1681 epistolis
1641 1611 1762 1680 ejus
1792 1622 2010 1681 prwstat

422 1701 817 1764 testimonium;
844 1710 896 1755 et
926 1702 971 1755 si
1002 1718 1164 1755 nemo
1197 1712 1323 1757 ante
1350 1717 1474 1757 eum
1504 1702 1697 1773 lgnatii
1730 1704 2012 1758 meminis-

419 1800 527 1857 set,
564 1806 633 1845 ne
682 1792 761 1847 sic
808 1793 1027 1861 quidem
1064 1794 1304 1863 generale
1348 1794 1697 1849 ducentorum
1745 1812 2007 1848 annorum

419 1884 642 1938 circiter
667 1884 937 1938 silentium
969 1887 1379 1955 pra-cessisset,
1428 1896 1487 1941 ut
1523 1886 1649 1941 inde
1693 1890 1876 1957 e/ﬁcaa:
1913 1888 2007 1941 de-

1451 284 1509 341 S.
1543 285 1896 345 IGNATIUS.
1937 321 2001 330 -—
2036 288 2570 347 PROLEGOMENA.

426 405 672 478 epistolis
719 405 1093 461 testimonium
1159 406 1361 475 scripto
1408 405 1710 476 praebuisse
1772 409 2013 462 creditur
2042 419 2087 474 Α
2119 412 2445 475 testimonia,
2507 427 2609 464 non
2663 411 2817 465 modo
2864 409 3108 481 Origcnis
3168 426 3270 462 non
3310 424 3438 471 esse,

3591 288 3677 342 l7!

3518 410 3602 463 sed
3627 428 3679 463 ne

2124 502 2293 557 (ἳνωεὶ
2346 504 2577 573 quidem,
2615 520 2791 557 verum
2847 501 3031 555 Latini
3072 502 3246 570 potius
3274 503 3544 570 scriptoris
3586 518 3678 555 esse

2118 604 2358 665 apparet.
2402 593 2587 648 Primo
2632 594 2797 664 igitur
2844 609 2983 662 opus
3014 591 3270 663 Origenis
3313 591 3367 644 in
3414 590 3675 644 Canticum

2118 687 2485 749 canticorum,
2510 701 2575 740 ex
2608 683 2769 755 cujus
2800 685 3028 755 prologo
3062 682 3437 738 testimonium
3470 681 3678 735 adduxi-

2118 794 2261 843 mus,
2294 789 2455 847 negat
2475 776 2725 849 Origenis
2754 794 2898 841 esse,
2941 784 3103 847 negat
3131 791 3254 831 esse
3298 774 3478 830 Graeci
3509 775 3675 844 cujus~

2116 870 2262 939 piam
2291 870 2598 939 scriptoris,
2641 867 2819 922 Latini
2867 884 2991 923 esse
3031 865 3337 921 contendit.
3390 864 3457 920 Et
3497 866 3550 918 in
3594 866 3677 917 hac

2116 962 2336 1031 quidem
2383 978 2443 1017 re
2488 963 2654 1017 habet
2702 972 2955 1016 auctores
2996 977 3135 1030 quos
3182 969 3465 1031 sequatur.
3518 957 3677 1011 Primo

2118 1056 2238 1110 loco
2272 1055 2562 1109 Erasmum
2594 1056 2859 1117 nominat,
2893 1055 3050 1122 cujus
3084 1068 3372 1109 censuram
3404 1067 3606 1121 grarem
3628 1068 3677 1103 ac

2115 1166 2294 1203 veram
2343 1149 2611 1217 appellat,
2654 1164 2775 1201 eum
2826 1149 2896 1201 sit
2935 1148 3214 1201 levissima
3266 1144 3672 1213 lalsissimaqne.

2118 1238 2256 1292 Huic
2290 1240 2538 1309 adjungit
2587 1238 3011 1292 Amerbachium
3046 1246 3099 1291 et
3140 1237 3384 1295 Cocum;
3425 1236 3597 1303 potuit
3638 1248 3677 1287 rt

2114 1333 2271 1393 alios,
2304 1334 2395 1403 qui
2430 1332 2717 1386 Erasmum
2754 1331 3130 1393 ἀϐασανίστως
3156 1329 3329 1384 secuti
3360 1337 3514 1383 sunt.

2190 1424 2284 1493 llis
2316 1440 2533 1493 Oppono
2565 1424 2831 1479 Jacobum
2863 1424 3154 1477 Merlinum
3197 1423 3250 1476 in
3284 1421 3540 1493 Origenis
3566 1437 3675 1489 cpe-

2113 1519 2267 1573 rihus
2318 1519 2556 1571 maxime
2596 1528 2896 1583 versatum,
2928 1517 3087 1587 cujus
3116 1515 3281 1570 verba
3308 1515 3375 1569 de
3410 1516 3501 1568 his
3529 1513 3678 1567 Immi-

2112 1612 2201 1667 liis
2229 1621 2358 1665 sunt
2384 1629 2397 1665 :
2426 1610 2487 1666 Si
2512 1612 2838 1681 pensiculate
2860 1612 3033 1681 ipsam
3069 1611 3347 1663 materiam
3380 1624 3504 1678 qua:
3542 1608 3591 1659 in
3626 1607 3677 1658 iis

2115 1706 2350 1757 traditur
2381 1703 2694 1767 attenderis,
2724 1705 2827 1774 ipsi
2861 1703 3079 1772 Origeni
3120 1702 3396 1756 attribues.
3432 1699 3570 1754 Huic
3601 1699 3677 1751 ad-

2108 1796 2281 1867 jungo
2334 1796 2750 1852 Genehrardum
2774 1838 2788 1860 ,
2822 1798 2916 1868 qui
2946 1796 3233 1867 Origenem
3274 1806 3467 1864 postea
3510 1793 3676 1851 edidit.

2110 1898 2165 1945 et
2203 1890 2357 1944 libris
2383 1891 2594 1960 aliquot
2621 1906 2729 1945 non
2765 1899 2894 1944 ante
2940 1890 3104 1945 editis
3135 1886 3515 1957 locupletavit.
3563 1883 3677 1939 Huic

414 1986 749 2045 promeretur
779 1988 1171 2046 argumentum.
1213 1978 1397 2045 Quare
1420 1979 1467 2035 si
1497 1980 1796 2035 tacuissent
1821 1979 1879 2033 S.
1905 1979 2010 2034 Po-

415 2070 695 2140 lycarpus,
725 2079 779 2123 cl.
810 2069 871 2125 S.
907 2069 1169 2138 lrenazus,
1214 2072 1592 2127 testimonium
1637 2072 1891 2142 Origenis
1922 2088 2009 2127 se-

414 2162 660 2217 cundum
680 2162 927 2218 rationes
955 2160 1322 2237 Launoyanas
1346 2165 1484 2221 satis
1504 2167 1614 2219 vim
1639 2176 1691 2219 et
1713 2165 2005 2220 ellicaeiam

416 2256 672 2325 negantis
728 2258 1036 2325 argumenti
1081 2259 1417 2312 retunderet.
1479 2258 1629 2314 Unus
1674 2258 1838 2326 igitur
1883 2256 2006 2311 Ori-

414 2363 581 2417 genes
612 2387 627 2411 ,
678 2350 724 2402 si
786 2359 1045 2418 tanquam
1101 2352 1255 2405 testis
1307 2351 1583 2422 legitimus
1646 2351 2005 2417 admittatur,

416 2441 749 2495 sententiam
798 2442 983 2505 Dallaei
1028 2444 1245 2511 penitus
1275 2444 1555 2507 convellit,
1590 2452 1642 2496 et
1684 2452 2005 2513 argumenta

415 2534 821 2602 quamplurima
847 2535 916 2588 ab
939 2535 1059 2603 ipso
1080 2535 1387 2605 excogitata
1412 2546 1666 2598 enervat;
1691 2551 1797 2589 non
1822 2535 2007 2605 itaque

414 2621 621 2677 frustra
654 2639 682 2677 a
714 2624 870 2678 nobis
901 2624 1219 2679 advocatur.

488 2715 716 2783 Appello
754 2727 966 2771 veteres
998 2715 1164 2770 etiam
1200 2718 1340 2771 inter
1380 2717 1727 2771 Christianos
1758 2717 2001 2772 critieos.

416 2807 554 2861 Cum
593 2809 740 2861 enim
794 2809 861 2863 de
906 2810 1128 2879 scriptis
1180 2810 1455 2881 Dionysii,
1489 2808 1697 2879 lgnatio
1738 2812 2001 2879 senioris,

415 2900 651 2955 celebris
678 2903 1057 2957 controversia
1089 2904 1142 2957 in
1187 2902 1433 2957 Ecclesia
1462 2914 1627 2964 esset.
1662 2911 1715 2956 et
1757 2903 1824 2958 de
1848 2904 1966 2958 testi

2122 2895 2217 2947 ςιιίδ
2258 2894 2581 2964 conjecturis
2620 2897 2698 2948 ita
2727 2895 3115 2963 permiscentis,
3148 2904 3206 2947 ut
3235 2894 3341 2946 nisi
3370 2893 3672 2947 contrairis-

416 2994 617 3048 mouiis
647 3002 933 3063 ageretur;
961 2996 1054 3065 qui
1081 3010 1271 3050 eorum
1305 3005 1583 3050 auctorem
1622 2996 1999 3066 Areopagitam
2107 2997 2218 3041 sem
2251 2988 2603 3056 posteriorum
2630 2987 2984 3058 ιΙιεοΙυθονιιηῖ
3017 2988 3219 3052 Studia.
3246 2988 3335 3043 υἱέι
3363 2999 3568 3041 term"!
3591 2986 3675 3038 αιίο

413 3102 605 3141 verum
664 3103 774 3140 non
829 3103 952 3142 esse
1009 3088 1444 3155 contendebant,
1502 3103 1611 3142 non
1671 3089 1958 3159 ohjiciebat

2122 3078 2234 3150 quid
2250 3080 2313 3135 de
2330 3079 2676 3133 adolescentis
2697 3079 2948 3135 Ecclesite
2978 3080 3224 3133 doctrina
3252 3090 3495 3133 statuere
3522 3094 3674 3148 posse-

2110 1982 2379 2037 editorem
2409 1982 2661 2036 ultimum
2690 1983 2850 2045 addo,
2876 1984 2967 2053 qui
3000 1997 3216 2037 summa
3241 1996 3365 2035 eum
3392 1979 3677 2049 diligentia,

2110 2072 2358 2127 doctrina
2406 2083 2570 2142 atque
2610 2073 2818 2143 judicio
2850 2074 2903 2127 in
2939 2073 3218 2137 eruendis,
3245 2072 3504 2133 edendis,
3534 2071 3675 2123 ador-

2110 2165 2421 2235 n'andisque
2463 2165 2709 2235 ejusdem
2757 2167 3017 2237 operibus
3048 2165 3252 2220 Grtecis
3288 2175 3564 2229 versatur,
3591 2163 3675 2215 Da-

2110 2258 2309 2313 nielem
2334 2256 2591 2312 Huetium
2621 2277 2634 2312 :
2663 2258 3243 2329 Castigandus,inquit
3267 2258 3377 2321 ille,
3411 2258 3673 2313 Erasmus,

2108 2346 2199 2417 qui
2227 2354 2277 2399 et
2304 2345 2414 2415 ipse
2455 2344 2639 2407 sentit,
2664 2357 2713 2399 et
2740 2345 2878 2398 idem
2896 2355 2966 2397 ,ut
2992 2347 3243 2398 sentirent
3282 2342 3675 2410 Magdeburgen—

2108 2454 2190 2493 ses
2240 2438 2491 2507 perfecit,
2523 2438 2619 2491 hoc
2673 2455 2803 2507 opus
2835 2454 2945 2491 esse
2985 2438 3214 2491 hominis
3249 2435 3440 2489 Latini
3485 2434 3674 2504 pulchre

2107 2532 2254 2585 docti
2281 2542 2329 2585 et
2368 2531 2493 2585 bene
2521 2531 2731 2585 diserti.
2779 2528 2895 2585 Imo
2927 2538 2988 2584 ut
3036 2529 3362 2584 sententiam
3410 2528 3592 2583 lluetii
3623 2528 3674 2579 de

2109 2623 2342 2678 Erasmo
2385 2638 2487 2676 suo
2535 2622 2845 2692 intelligant
2883 2619 3143 2675 Dallazani
3171 2659 3203 2687 ,ε
3230 2620 3347 2674 haec
3376 2618 3503 2688 ejus
3534 2619 3673 2673 verba

2110 2721 2283 2766 sunt:
2318 2711 2548 2780 E/frenis
2598 2712 2871 2781 profecto,
2926 2712 3121 2764 iterum
3172 2711 3313 2773 dico,
3350 2719 3403 2763 et
3463 2710 3673 2778 projects

2108 2802 2328 2857 Erasini
2359 2804 2628 2855 temeritas
2655 2812 2885 2856 veterum
2924 2800 3155 2855 Patrum
3198 2802 3399 2869 scripta
3450 2801 3674 2853 inanibus

415 3182 641 3236 secundi
690 3181 877 3235 surculi
932 3180 1251 3247 silentium;
1304 3180 1400 3235 sed
1447 3181 1553 3235 hoc
1602 3181 2001 3244 tantummodo,

415 3274 565 3343 quod
605 3272 870 3342 Origenes
905 3282 960 3327 et
991 3272 1263 3330 Eusebius
1314 3274 1434 3344 ejus
1472 3274 1701 3329 minime
1740 3276 2005 3329 memine-

410 3364 545 3418 rint.
562 3362 636 3417 lta
655 3363 948 3429 Maximus,
972 3374 1165 3419 contra
1182 3381 1343 3435 quem
1370 3366 1443 3420 ita
1457 3365 1813 3436 disputabant
1836 3386 1848 3420 :
1869 3368 1997 3431 Ναὶ,

412 3451 599 3522 φασὶν,
637 3451 751 3505 ἀλλ’
772 3453 871 3506 οὐκ
900 3453 1136 3525 ἔγραψεν
1170 3454 1334 3507 αὑτοῦ
1374 3457 1475 3519 τὰς
1524 3456 1803 3521 συντάξεις
1832 3456 2002 3509 Εὐσέ-

411 3545 529 3606 ϐιος
562 3546 589 3596 ὁ
627 3544 938 3615 Παμφίλου.
966 3546 1061 3597 καὶ
1094 3546 1200 3616 μὴν
1224 3546 1333 3599 οὐδ’
1373 3547 1671 3619 Ὠριγένης.
1708 3547 1825 3601 Ima
1859 3564 1997 3611 rero,

408 3637 681 3705 inquiunt,
721 3654 879 3705 opera
924 3638 1039 3705 ejus
1085 3654 1187 3690 non
1216 3639 1497 3708 descripsit
1532 3639 1790 3694 Eusebius
1838 3639 2001 3692 Pam-

408 3729 568 3797 phili,
610 3746 774 3798 neque
804 3730 964 3783 etiam
1002 3728 1274 3799 Origenes.
1305 3728 1365 3783 Si
1392 3730 1595 3785 frustra
1629 3748 1821 3785 eorum
1848 3733 2001 3786 testi-

409 3821 598 3874 monia
628 3820 980 3884 ali‘erreutur,
1012 3822 1057 3875 si
1084 3838 1203 3875 sera
1236 3822 1353 3875 lucc
1373 3834 1559 3877 essent
1586 3834 1637 3877 et
1660 3824 1842 3878 inania
1875 3824 1997 3879 Dio-

411 3912 771 3982 nysiauormn
800 3914 1085 3981 praesidia:
1120 3928 1221 3967 cur
1249 3922 1461 3969 veteres
1494 3917 1633 3969 inter
1656 3916 2001 3973 Christianos

411 4004 586 4058 critici
620 4020 684 4058 ea
728 4006 1118 4074 postularunt?
1152 4005 1208 4060 Si
1262 4007 1392 4061 huic
1437 4010 1727 4077 quzestioni
1772 4027 2001 4082 respon~

412 4096 542 4152 dere
586 4112 686 4166 pro
730 4096 991 4169 Dionysio
1031 4114 1133 4152 suo
1163 4101 1429 4168 potuisset
1478 4100 1771 4167 Maximus,
1804 4120 1997 4173 quem—

410 4190 705 4243 admodum
730 4190 1127 4259 respondemus
1153 4206 1251 4259 pro
1275 4190 1505 4262 lgnatio,
1530 4209 1591 4246 ea
1617 4196 1806 4263 procul
1832 4196 2001 4249 dubio

412 4283 722 4350 responsio,
760 4280 1051 4349 Origenem
1098 4282 1309 4336 scilicet
1352 4295 1405 4336 et
1439 4282 1733 4338 Eusebium
1769 4287 1888 4354 ejus
1918 4289 2000 4340 di-

412 4384 560 4429 serte
588 4374 933 4437 meminisse,
981 4390 1080 4443 pro
1127 4373 1436 4429 frttstranea
1481 4392 1764 4444 numquam
1816 4378 1998 4431 halita

2109 3190 2248 3230 mus.
2270 3172 2505 3226 Maxime
2534 3173 2699 3242 igitur
2716 3173 2945 3227 idoneus
2969 3182 3163 3227 auctor
3178 3172 3452 3227 Erasmus
3473 3172 3672 3233 Dallaao,

2105 3265 2199 3334 qui
2244 3264 2310 3318 de
2344 3279 2446 3319 usu
2493 3263 2593 3318 SS.
2628 3262 2849 3317 Patrum
2900 3263 2953 3317 in
2985 3279 3111 3317 eum
3145 3264 3372 3317 modum
3423 3263 3671 3332 disputat.

2176 3354 2379 3410 Tribus
2406 3356 2492 3411 his
2516 3354 2767 3426 Origenis
2787 3356 3111 3420 editoribus,
3136 3355 3276 3409 addo
3308 3354 3464 3409 viros
3494 3352 3674 3408 doctis-

2104 3447 2275 3501 simos
2306 3457 2359 3501 et
2386 3446 2798 3517 lgnatianorum
2842 3446 3030 3501 hostes
3075 3446 3485 3516 juratissimos,
3517 3446 3673 3514 primo

2102 3538 2467 3599 Blundellum,
2502 3539 2597 3609 qui
2647 3538 2701 3591 iu
2751 3538 3000 3609 apologia
3053 3549 3113 3591 ut
3150 3538 3345 3607 probet
3392 3535 3668 3607 Origenem

2103 3636 2251 3688 binos
2272 3643 2478 3687 tantum
2499 3632 2838 3701 sacerdotum
2853 3642 2900 3685 et
2920 3632 3286 3691 diaconorum,
3308 3629 3563 3699 magistri
3578 3626 3672 3680 Cle-

2102 3727 2292 3780 mentis
2322 3724 2581 3792 exemplo,
2622 3725 2820 3795 gradus
2852 3722 3150 3793 agnovisse,
3187 3722 3437 3775 sectione
3464 3722 3521 3785 2,
3548 3720 3572 3792 §
3603 3720 3672 3781 l3,

2104 3818 2479 3873 testimonium
2514 3832 2580 3870 ex
2614 3816 2854 3871 secunda
2898 3817 3064 3886 hujus
3094 3816 3274 3885 operis
3306 3815 3539 3869 homilia
3567 3829 3674 3885 pro-

2102 3909 2275 3963 ducit.
2322 3906 2442 3961 Non
2501 3908 2667 3978 igitur
2724 3906 2978 3961 Latinum
3025 3908 3307 3977 aliquem,
3363 3908 3464 3961 Sed
3513 3908 3673 3975 ipsum

2102 4000 2417 4071 Origenem,
2437 3998 2734 4053 Clementis
2761 3999 3116 4054 Alexandrini
3140 3999 3500 4068 discipulum,
3530 3996 3673 4064 hujus

2103 4092 2286 4159 operis
2318 4099 2600 4145 auctorem
2642 4090 2895 4160 agnoscit
2928 4090 3261 4143 Bloudellus.
3290 4088 3555 4142 Secundo
3598 4087 3674 4138 Al-

2103 4185 2373 4239 bcrtiuum
2396 4224 2412 4250 ,
2444 4184 2537 4254 qui
2562 4194 2672 4239 tam
2703 4184 2964 4253 praeclare
2989 4193 3181 4238 contra
3214 4181 3553 4235 Halloixium
3584 4179 3675 4232 dis-

2103 4280 2335 4345 putavit,
2376 4276 2452 4331 De
2485 4278 2810 4331 eucharistia
2841 4277 2937 4330 lib.
2970 4293 3033 4342 ιι,
3057 4293 3107 4331 c.
3145 4276 3195 4331 1.
3235 4274 3335 4330 Ubi
3368 4276 3480 4331 hoc
3512 4276 3671 4346 ipsum

2102 4384 2241 4437 opus
2288 4369 2341 4421 in
2373 4367 2662 4422 Canticum
2707 4369 3078 4431 canticorum,
3114 4376 3169 4422 et
3216 4367 3363 4421 hune
3394 4367 3574 4437 ipsum
3602 4368 3672 4418 lo.

408 4467 627 4521 fuisset.
665 4465 773 4520 Pro
820 4466 1012 4519 iisdem
1046 4466 1445 4535 Areopagiticis
1475 4461 1737 4537 Hypatius
1772 4466 1998 4537 Ephesi-
2030 4451 2072 4505 ι)
2103 4476 2262 4525 cum,
2294 4475 2458 4528 quem
2505 4461 2649 4513 inter
2695 4459 3009 4513 testimonia
3061 4460 3418 4521 adduximus,
3471 4456 3671 4528 Origrni

409 4574 518 4613 nus
544 4561 834 4630 episcopus
866 4559 927 4614 Β.
960 4558 1147 4631 Cyrilli
1173 4570 1222 4613 et
1257 4558 1319 4615 Β.
1354 4560 1641 4615 Athanasii
1688 4562 1997 4631 requirebat

409 4652 748 4717 testimonia,
775 4652 1128 4721 addiditque:
1163 4651 1223 4706 Si
1254 4662 1426 4706 autem
1462 4653 1643 4707 nullus
1676 4670 1739 4707 ex
1763 4654 1994 4723 antiquis

411 4742 720 4794 recordatus
748 4753 824 4795 est
850 4759 934 4808 ea,
972 4742 1108 4795 unde
1135 4761 1272 4797 nunc
1296 4746 1515 4813 potestis
1553 4746 1845 4809 ostendere,
1869 4746 1993 4814 quia

409 4835 561 4889 illius
610 4836 738 4900 sint,
794 4838 990 4889 nescio.
1044 4834 1324 4892 Habemus
1372 4838 1578 4909 Cyrillo
1620 4839 1992 4909 synchrouum

411 4928 855 4995 Theodoretum;
888 4929 1156 4983 habemus
1203 4929 1657 5001 Cltrysostousum
1679 4970 1695 4993 ,
1731 4930 1991 4999 Hierony-

411 5036 588 5086 mum,
603 5020 782 5089 ipsum
801 5019 1196 5085 Athanasium;
1222 5021 1486 5074 habemus
1502 5036 1570 5074 ex
1590 5018 1994 5089 antiquioribus

412 5111 711 5168 Eusebium
744 5121 799 5166 et
838 5109 1153 5181 Origenem,
1192 5112 1284 5181 qui
1317 5120 1373 5164 ut
1420 5112 1489 5165 ab
1513 5111 1621 5165 illis
1647 5127 1753 5165 non
1786 5108 1991 5164 frustra

410 5203 851 5272 postulabantur,
874 5203 946 5256 ita
972 5218 1001 5255 a
1029 5202 1185 5256 nobis
1210 5218 1317 5255 non
1352 5201 1556 5255 frustra
1581 5201 1905 5257 ali‘eruntur.

485 5295 591 5349 Sed
618 5296 795 5367 pergit
822 5296 906 5348 vir
931 5294 1308 5358 doctissimus,
1338 5303 1391 5348 et
1414 5294 1482 5345 ad
1513 5303 1793 5363 utrumque
1818 5292 1992 5346 locum

410 5402 477 5441 ex
526 5385 759 5456 Origene
817 5386 1114 5441 adductum
1158 5383 1319 5438 simul
1364 5384 1621 5455 semelque
1671 5384 1992 5453 respondet:

409 5479 564 5535 Levis
589 5497 698 5534 esse
720 5480 789 5533 ad
818 5496 926 5533 rem
952 5494 1071 5550 quin
1092 5479 1271 5549 agitur
1297 5478 1569 5543 ntomenti,
1597 5477 1736 5548 quod
1768 5493 1995 5546 opuscu-

410 5572 607 5631 lorum,
651 5586 715 5624 ex
759 5571 949 5641 quibus
1002 5570 1160 5623 allati
1209 5578 1354 5635 sunt,
1397 5568 1561 5621 dubia
1602 5570 1671 5623 sit
1705 5580 1754 5622 et
1789 5570 1993 5622 incerta

409 5664 731 5719 auctoritas.
767 5663 840 5717 Ita
878 5664 1098 5733 quidem
1140 5665 1321 5733 primo
1364 5664 1527 5733 paulo
1576 5662 1755 5717 lenius
1789 5680 1803 5717 :
1838 5676 1990 5727 mox,

411 5758 489 5814 uti
519 5756 680 5824 solet,
706 5756 1071 5811 conlidentius
1098 5774 1110 5810 :
1145 5754 1248 5810 Eos
1278 5756 1461 5822 libros,
1496 5754 1635 5809 unde
1660 5765 1784 5809 sunt
1815 5754 1988 5811 allata

2103 4552 2318 4617 tribuit,
2356 4561 2410 4606 et
2454 4553 2850 4606 verisimillime
2897 4553 3135 4623 colligit,
3165 4552 3442 4607 larvatum
3491 4552 3673 4621 Dion}-

2100 4642 2241 4695 sium
2291 4658 2359 4695 ex
2398 4642 2515 4711 ipso
2562 4642 2796 4713 Origene
2850 4660 2949 4697 sua
3000 4645 3333 4700 traduxisse.
3388 4644 3669 4716 Origenem

2099 4742 2279 4786 autem
2311 4749 2499 4787 verum
2540 4736 2826 4805 intelligit,
2855 4736 3008 4789 illum
3040 4752 3256 4806 nempe,
3284 4738 3379 4807 qui
3412 4752 3671 4808 nunquam

2098 4825 2264 4894 plagii
2312 4845 2343 4878 a
2380 4844 2645 4897 quoquam
2675 4828 2777 4896 fuit
2812 4829 3181 4891 insimulatus,
3226 4846 3347 4882 cunt
3378 4840 3519 4883 esset
3559 4830 3672 4882 adeo

2110 4921 2302 4988 [erucis
2330 4922 2549 4990 ingenii,
2580 4930 2636 4973 ut
2667 4921 2791 4975 aliis
2823 4923 2999 4989 potius
3031 4934 3240 4986 auctor,
3294 4938 3460 4991 quam
3511 4923 3672 4991 cujus-

2096 5027 2256 5081 quam
2304 5013 2547 5065 imitator
2597 5024 2691 5065 aut
2741 5015 3094 5083 transcriptor
3134 5014 3289 5082 foret.
3340 5012 3670 5068 Albcrtinum

2098 5105 2345 5173 sequitur
2369 5104 2603 5162 Dallarus
2626 5106 2693 5160 de
2711 5106 2867 5162 libris
2891 5107 3193 5176 suppositis
3220 5104 3488 5176 Dionysio
3518 5106 3672 5158 Areo-

2095 5198 2294 5267 pagita:
2322 5198 2419 5251 lib.
2456 5215 2493 5264 ι,
2524 5214 2574 5253 c.
2603 5199 2691 5253 l7.
2721 5198 2913 5253 Merito
2937 5199 3244 5253 Albertiuus
3272 5207 3477 5262 noster,
3510 5195 3672 5265 inquit

2097 5291 2363 5346 adversus
2390 5293 2643 5347 eumdem
2689 5291 3023 5347 Ilalloixiutn
3061 5293 3383 5362 disputans,
3417 5290 3670 5361 judicavit

2097 5384 2416 5455 Dionysium
2457 5395 2605 5439 tuum
2644 5394 2811 5439 totum
2846 5387 2984 5440 hunc
3026 5387 3201 5442 locum
3242 5405 3275 5440 a
3316 5397 3407 5441 tuo
3461 5385 3671 5457 Origene

2094 5476 2175 5530 vel
2205 5494 2316 5531 esse
2366 5477 2625 5547 furatum,
2676 5477 2752 5530 vel
2793 5486 2930 5531 certe
2958 5488 3140 5531 mutuo
3181 5479 3491 5547 sumpsisse.
3534 5476 3673 5543 Quo-

2095 5572 2261 5624 modo
2291 5570 2435 5624 enim
2465 5571 2652 5623 merito
2694 5570 2745 5624 id
2787 5570 3062 5640 judicaret
3094 5570 3432 5637 Albertinus,
3463 5571 3509 5625 si
3546 5569 3671 5624 scri-

2095 5672 2218 5733 ptor
2242 5664 2331 5718 ille
2360 5680 2459 5719 nec
2489 5663 2753 5736 Origenes
2782 5674 2950 5731 esset,
2981 5679 3081 5719 nec
3106 5662 3425 5719 Graecorum
3460 5666 3666 5733 aliquis,

2096 5758 2192 5814 sed
2219 5756 2447 5814 Latinus
2471 5758 2659 5814 nescio
2686 5758 2845 5830 quis?
2867 5757 3006 5814 Cum
3037 5756 3359 5825 Halloixius,
3388 5768 3449 5814 ut
3479 5755 3667 5824 Diony-
