3770 6320
136 354 217 414 173

812 358 863 413 «1.
904 360 1270 418 PEARSUNII
1313 354 1632 418 VlNDlClAE
1669 354 2086 418 IGNATIANIL.
2124 392 2194 403 —
2234 356 2413 418 PARS
2450 362 2490 417 l.

3240 367 3341 421 174

129 480 244 535 sium
270 492 415 531 suum
440 476 772 543 defenderet,
806 483 1165 552 corrupisset,
1194 485 1489 555 locumque
1512 486 1659 540 hunc
1690 476 1737 548 Α
1766 482 1998 547 Griecos)
2025 484 2185 537 etiam
2226 483 2425 553 logicen
2461 484 2640 553 (quam
2675 499 2766 535 nos
2803 484 3121 536 rationalem
3148 500 3335 544 possu-

126 590 179 629 ex
204 573 309 643 ejus
337 572 471 626 libro
510 574 989 629 exterminandum
1015 576 1353 644 judicasset;
1386 576 1660 634 facessere

125 680 226 719 eum
245 680 355 718 cum
372 664 739 720 morosissima
757 675 811 719 et
824 666 1160 738 ineptissima
1177 668 1367 724 critica
1386 684 1484 724 sua
1504 669 1660 738 jubet

124 758 339 820 Dallzeus,
367 766 418 810 et
446 758 584 827 quod
621 758 674 810 in
711 757 935 829 Origene
970 760 1144 831 (quem
1175 779 1301 830 pace
1337 770 1429 815 tua
1454 762 1657 832 Diony-

123 851 186 904 sio
229 859 306 903 tuo
346 850 503 902 multo
538 849 828 905 doctiorem
876 852 1042 921 fuisse
1088 854 1259 907 cirum
1302 854 1463 926 puto)
1518 864 1655 907 totus

121 946 332 997 hactenus
359 942 497 997 orbis
523 959 672 1013 (equo
697 945 878 998 animo
903 945 1046 1009 tulit,
1079 947 1132 999 id
1160 948 1211 999 in
1242 946 1500 1018 Dionysio
1529 947 1653 1018 legi,

121 1036 226 1101 noli,
264 1036 445 1104 inquit,
479 1036 617 1105 ferre
643 1038 900 1107 iniquius.
932 1038 1138 1093 Auctor
1167 1039 1331 1108 igitur
1354 1041 1654 1109 expositio-

119 1146 224 1184 num
255 1128 300 1183 in
326 1128 609 1183 Canticum
646 1129 992 1183 canticorum
1016 1172 1030 1195 ,
1061 1147 1186 1185 cum
1220 1139 1412 1185 contra
1448 1129 1657 1202 Diony-

116 1223 233 1278 sium
256 1220 434 1276 scribit
463 1218 719 1285 Dallaeus,
743 1218 1008 1291 Origenes
1035 1232 1139 1284 est,
1166 1231 1219 1277 et.
1249 1223 1454 1291 locum,
1488 1240 1653 1294 quem

116 1313 420 1378 adduximus,
449 1312 502 1366 in
541 1313 732 1367 eodem
763 1311 997 1385 Origene
1026 1324 1173 1371 totus
1199 1314 1465 1371 hactenus
1502 1317 1653 1373 orbis

114 1420 241 1474 tean
267 1405 438 1459 animo
474 1405 598 1460 tulit
623 1423 637 1459 ε
665 1421 840 1475 quare
871 1405 1012 1459 idem
1046 1422 1154 1461 non
1184 1416 1288 1473 est,
1317 1423 1490 1478 quare
1520 1424 1654 1463 con-

114 1507 177 1550 tra
206 1506 359 1552 totum
396 1499 585 1553 orbem
634 1498 834 1552 militat
884 1497 1154 1564 Dallzeus,
1207 1516 1332 1555 eum
1380 1502 1650 1557 adversus

114 1588 335 1658 lgnatium
368 1606 517 1645 arma
546 1591 760 1647 sumit?

166 1684 408 1739 Auctores
455 1701 582 1740 cum
626 1688 947 1742 auctoribus
978 1688 1343 1753 contulimus;
1376 1704 1522 1743 nunc
1555 1706 1612 1742 ra
1633 1720 1646 1730 -

113 1777 257 1833 tiones
308 1794 425 1833 cum
469 1780 778 1834 rationibus
817 1781 1187 1837 conferamus.
1247 1781 1490 1838 Grtccum
1541 1800 1643 1837 non

1764 592 1880 630 mus
1915 575 2108 643 dicere)
2140 586 2330 645 quarto
2360 575 2413 627 in
2444 590 2662 627 numero
2691 584 2998 643 posuerunt.
3022 571 3133 628 Nec
3156 581 3339 627 tamen

1762 676 1955 724 auctor
2004 669 2093 723 hic
2133 684 2191 723 se
2244 669 2498 723 Latinum
2545 667 2851 737 profitetur.
2893 665 3030 720 Nam
3076 666 3171 721 illa
3219 674 3344 735 quae

1762 761 1980 816 nnculis
2010 760 2361 824 inclusimus,
2403 760 2721 828 interpretis
2753 767 2906 822 sunt,
2937 774 3044 811 non
3073 760 3339 813 auctoris.

1759 848 1897 904 Cum
1942 850 2088 904 enim
2121 849 2332 915 Graeca,
2381 850 2580 905 litteris
2612 849 2834 919 quidem
2888 848 3121 917 Latinis,
3156 850 3342 906 verbis

1760 953 1943 997 autem
1973 942 2179 998 Graecis
2204 944 2382 1014 primo
2420 943 2769 1009 reddidisset,
2802 958 2870 997 ne
2902 942 3041 997 forte
3068 958 3100 997 a
3130 942 3342 1003 Latinis

1761 1050 1868 1089 non
1900 1037 2356 1106 intelligerentur,
2392 1045 2487 1089 aut
2515 1052 2581 1089 ne
2603 1036 2719 1105 ipse
2750 1051 2860 1089 non
2890 1036 3225 1092 intellexisse
3255 1037 3339 1091 vi-

1759 1128 1998 1196 deretur,
2034 1131 2222 1185 eadem
2266 1129 2461 1183 Latine
2504 1145 2700 1184 rursus
2737 1129 3090 1199 interpretari
3120 1129 3335 1196 voluit,

1759 1219 1906 1289 quod
1930 1230 2014 1275 est
2036 1220 2314 1275 veteribus
2332 1221 2725 1291 interpretibus
2750 1236 3017 1291 perquam
3041 1221 3336 1277 familiare.

1757 1305 1963 1363 Locum
1998 1324 2179 1363 autem
2209 1310 2385 1380 ipsum
2409 1311 2477 1364 ab
2502 1311 2737 1382 Origene
2769 1310 3034 1379 scriptum
3061 1311 3231 1368 fuisse
3254 1313 3339 1367 vel

1758 1400 1892 1457 illud
1921 1402 2121 1473 arguit,
2150 1404 2296 1473 quod
2322 1419 2446 1458 eum
2481 1402 2847 1474 Hieronymus
2874 1403 2941 1458 ad
2972 1405 3337 1461 Ecclesiasten

1755 1502 2040 1563 sequatur,
2082 1503 2161 1560 ut,
2204 1503 2333 1549 tunc
2366 1494 2713 1565 potissimum
2762 1511 2888 1551 cum
2930 1498 3175 1551 nondum
3218 1498 3340 1553 Ori-

1753 1586 1944 1653 genica
1976 1587 2112 1640 adeo
2146 1588 2561 1657 displicuerant,
2594 1589 2826 1644 solebat.
2859 1588 2933 1643 De
2977 1591 3152 1646 tribus
3188 1593 3334 1645 enim

1754 1677 2065 1733 Salomonis
2111 1680 2267 1735 libris
2301 1696 2487 1752 agens,
2518 1689 2573 1737 et
2609 1698 2802 1736 eorum
2840 1682 3113 1748 ordinem,
3151 1691 3206 1737 et
3246 1698 3337 1738 ar—

1751 1782 2008 1841 gumenta
2035 1784 2160 1827 eum
2188 1772 2422 1844 Origene
2453 1775 2774 1841 observans,
2808 1778 2885 1831 ait
2914 1792 2925 1826 :
2956 1776 3118 1829 Haud
3150 1774 3337 1846 procul.

112 1869 245 1936 fuisse
263 1873 334 1924 vel
357 1870 473 1925 hinc
498 1872 724 1942 colligas
750 1872 951 1937 licebit,
980 1874 1158 1945 inquit
1194 1873 1479 1941 Erasmus,
1510 1878 1641 1945 quod

1812 1884 1815 1905 ι
1853 1865 1950 1917 hoc
1991 1866 2179 1919 ordine
2210 1867 2578 1920 doctrinarum
2622 1878 2673 1923 et
2704 1869 3007 1940 philosophi
3049 1880 3334 1924 sectatores

110 1964 154 2013 ia
188 1961 394 2033 Prelogo
437 1965 572 2018 citat
627 1963 837 2020 ercos
883 1966 1022 2021 velut
1069 1967 1293 2022 alienos.
1334 1967 1471 2022 Cum
1506 1969 1649 2037 apud

112 2052 313 2119 Graecos,
343 2057 537 2125 inquit,
570 2058 663 2126 qui
695 2059 895 2113 eruditi
946 2068 997 2114 ct
1039 2060 1317 2128 sapientes
1368 2060 1646 2115 videntur.

111 2146 322 2216 lmperite
351 2164 575 2217 prorsus
607 2158 661 2204 et
686 2150 887 2220 inepte.
918 2150 1063 2206 Citat
1089 2153 1235 2206 enim
1269 2152 1480 2207 Griccos
1512 2154 1650 2207 velut

110 2237 271 2293 alienos
308 2256 407 2294 non
452 2257 481 2294 a
521 2240 742 2311 lingua,
773 2252 867 2296 aut
894 2252 1052 2313 gente
1079 2260 1202 2309 sua,
1233 2245 1327 2299 sed
1362 2246 1643 2316 religione.

110 2331 185 2386 llic
209 2333 335 2387 enim
362 2332 573 2388 Cra'cos
604 2351 713 2389 non
747 2335 947 2405 opponi
990 2335 1224 2400 Latinis,
1255 2337 1347 2393 sed
1373 2337 1648 2394 Christia-

110 2424 192 2485 nis,
217 2433 405 2477 certum
426 2434 531 2480 est.
559 2424 634 2480 Ita
656 2412 802 2479 enim
831 2426 1079 2496 sequitur
1107 2444 1119 2479 :
1154 2425 1275 2481 Non
1301 2444 1424 2499 ergo
1451 2430 1646 2481 mirum

107 2528 231 2580 esset,
257 2521 367 2573 siet
391 2520 536 2590 apud
570 2537 687 2588 nos,
722 2522 813 2574 ubi
840 2531 1040 2592 quanto
1067 2520 1245 2591 plures
1268 2522 1642 2591 simpliciores,

111 2620 225 2664 tanta
244 2612 406 2679 plures
430 2622 481 2666 et
501 2613 857 2682 imperitiores
878 2614 1142 2668 videntur.
1172 2612 1307 2680 Quae
1327 2614 1486 2669 verba
1499 2624 1645 2670 certe

109 2718 190 2755 non
211 2704 267 2756 ad
298 2703 518 2760 Latinos
549 2715 784 2771 tantum,
808 2706 901 2760 sed
928 2706 1367 2761 Christianorum
1395 2710 1642 2762 omnium

108 2806 247 2850 coetus
269 2797 573 2866 pertinent;
608 2808 662 2853 et
701 2808 962 2869 praeterea
993 2796 1281 2868 Origenem
1308 2800 1468 2855 nobis
1504 2800 1639 2854 refe-

107 2899 225 2952 runt,
260 2890 345 2959 qui
385 2890 454 2944 de
496 2890 854 2960 simplicitate
883 2899 938 2946 et
980 2892 1252 2960 imperitia
1299 2892 1501 2961 ubique
1531 2890 1644 2945 fere

108 2978 322 3048 loquitur.
355 2981 545 3052 Neque
571 2997 703 3037 vero
728 2984 1023 3053 quisquam
1051 2979 1271 3039 Graecos
1298 2982 1644 3052 frequentius

107 3072 290 3140 opponit
334 3073 690 3141 Christianis,
721 3090 885 3144 quam
924 3072 1218 3144 Origenes;
1265 3074 1425 3142 cujus
1471 3090 1638 3128 unum

107 3162 249 3217 locum
286 3166 698 3220 memorandum
741 3182 863 3221 esse
906 3167 1072 3231 duxi,
1118 3176 1174 3220 ut
1221 3168 1422 3236 pariter
1450 3181 1638 3221 emen-
1670 3206 1711 3264 ο

106 3253 216 3308 dem.
248 3254 372 3309 Dum
403 3257 601 3310 evolvo
628 3256 1059 3311 commentarios
1093 3256 1145 3308 in
1179 3253 1236 3311 S.
1268 3255 1559 3320 Joannem,
1586 3256 1639 3309 in

108 3360 271 3414 nupera
314 3349 587 3413 editione,
612 3364 737 3419 pag.
769 3348 900 3413 ΞΗ,
932 3347 1055 3417 lego
1092 3367 1105 3402 :
1152 3348 1237 3410 Ὠς
1270 3346 1476 3420 Πέτρου
1498 3348 1642 3401 διδά-

107 3454 286 3503 σκοντος
335 3442 406 3513 μὴ
455 3441 708 3495 καθελεῖν
757 3442 824 3504 ἃς
874 3445 1221 3514 προσκυνεῖν,
1264 3457 1429 3497 sensu
1481 3443 1643 3512 plane

108 3530 242 3587 nullo.
267 3533 363 3589 Sed
407 3544 557 3589 recte
586 3529 879 3590 Ferrarius
919 3543 1175 3601 verterat,
1225 3535 1438 3604 perinde
1486 3536 1641 3605 quasi

109 3622 256 3679 Petrus
277 3626 544 3689 docuerit,
591 3644 692 3681 non
741 3638 978 3697 oportere
1026 3645 1119 3681 nos
1170 3628 1447 3697 gentilium
1497 3645 1638 3682 more

107 3715 313 3781 adorare;
344 3719 463 3773 ideo
501 3717 733 3774 Huetius
779 3718 957 3773 editor
986 3719 1053 3772 ad
1087 3720 1388 3789 marginem
1430 3729 1635 3783 mouet,

109 3804 342 3877 legendum
382 3810 500 3864 κατ’
534 3811 784 3874 ὲθνικούς
852 3826 952 3880 pro
993 3810 1240 3864 καθελεῖν
1289 3811 1378 3873 ἃς,
1410 3825 1635 3865 sensum

107 3902 265 3967 potius,
292 3919 448 3973 quam
485 3905 653 3959 verba
680 3903 1004 3974 respiciens,
1038 3915 1090 3958 ct
1120 3902 1434 3958 Ferrariutn
1461 3904 1636 3975 magis

106 4006 231 4060 quam
255 3994 535 4067 Origenem
578 4012 690 4067 pra:
721 3995 897 4052 oculis
932 3996 1161 4050 habens.
1204 3994 1339 4065 Ipsae
1365 3996 1509 4050 enim
1544 3997 1634 4051 lit-

109 4090 206 4138 terze
230 4103 316 4156 pro
343 4088 593 4142 καθελεῖν
650 4086 714 4150 ἃς
750 4089 1123 4159 reponendum
1177 4088 1401 4142 omnino
1438 4089 1636 4143 docent

106 4174 195 4229 »ια’
227 4176 492 4245 Ἕλληνας,
525 4189 581 4235 et
634 4181 707 4234 ita
760 4178 861 4249 legi
919 4196 1118 4235 moneo
1153 4181 1206 4234 in
1260 4198 1364 4235 ms.
1415 4191 1630 4245 nostro,

106 4264 323 4324 lluetiano
357 4274 548 4327 codice
569 4272 728 4340 longe
752 4274 1155 4342 praestantiore.
1192 4268 1410 4328 Interim
1440 4273 1631 4327 certis-

102 4354 260 4412 simum
291 4371 405 4427 est,
454 4361 671 4415 Gnaeos
725 4377 833 4415 non
892 4360 1136 4421 Latinis.
1172 4362 1266 4416 sed
1299 4360 1631 4416 Christianis

105 4452 332 4515 oppositos
371 4470 435 4507 eo
468 4453 591 4510 loco
617 4470 778 4522 quem
814 4453 1017 4507 indicat
1050 4453 1341 4519 Erasmus;
1369 4461 1424 4507 et
1455 4454 1631 4506 multo

1752 1973 1877 2010 suos
1901 1957 2189 2021 erudiunt;
2228 1968 2282 2012 ut
2328 1960 2561 2027 primum
2602 1960 2835 2015 ethicam
2873 1963 3117 2028 doceant,
3149 1964 3336 2017 deinde

1751 2047 2028 2115 physicam
2064 2048 2497 2115 interpretentur,
2542 2056 2595 2102 et
2637 2065 2791 2118 quem
2831 2050 2888 2101 in
2928 2050 3009 2101 his
3049 2050 3335 2118 profecisse

1750 2142 2131 2209 perspexerint,
2164 2141 2232 2193 ad
2263 2141 2581 2212 theologiam
2621 2158 2786 2212 usque
2815 2143 3129 2211 perducant.
3159 2142 3332 2209 Quem

1751 2233 1934 2287 locum
1969 2233 2015 2287 si
2053 2233 2107 2286 in
2161 2232 2350 2286 animo
2399 2233 2686 2289 habuisset
2740 2232 3013 2289 Henricus
3059 2233 3329 2297 Valesius,

1751 2337 2033 2394 nunquam
2080 2324 2227 2378 illam
2274 2324 2719 2379 observationem
2772 2326 2827 2380 in
2882 2327 3331 2382 adnotationibus

1751 2414 1817 2468 ad
1845 2413 2141 2469 Eusebium
2172 2415 2492 2484 protulisset
2521 2415 2712 2472 :Certe
2744 2419 2798 2471 in
2835 2417 2985 2471 libris
3020 2417 3333 2487 Hieronymi

1751 2524 2021 2578 nunquam
2047 2508 2361 2578 theologiam
2386 2508 2493 2562 dici
2524 2510 2773 2579 reperies,
2815 2509 2905 2563 sed
2936 2508 3117 2564 Graece
3150 2509 3333 2563 θεολο-

1748 2602 1893 2670 γίαν.
1935 2600 2123 2671 Neque
2163 2603 2207 2656 si
2256 2601 2552 2671 cogitasset
2594 2600 2985 2674 Hieronymum
3020 2602 3073 2655 in
3100 2602 3329 2671 epistola

1750 2695 1874 2760 155,
1923 2693 2178 2764 Origenis
2217 2694 2363 2749 hunc
2397 2695 2579 2750 locum
2613 2696 2923 2765 exprimere
2957 2697 3218 2760 voluisse,
3254 2696 3331 2750 le-

1747 2789 1985 2842 ctionem
2031 2788 2241 2843 codicis
2281 2786 2593 2841 Mcmmiani
2638 2788 2868 2857 vulgatae
2907 2789 3090 2843 statim
3125 2796 3328 2858 prmiu-

1748 2879 1918 2942 lisset,
1972 2886 2065 2933 aut
2107 2879 2247 2932 hanc
2293 2880 2405 2931 sine
2450 2895 2606 2931 sensu
2650 2881 2917 2932 theorieen
2955 2880 3215 2934 exhibere
3245 2880 3330 2934 die

1746 2971 1937 3025 xisset.
1981 2967 2155 3025 Verba
2206 2970 2523 3042 Hieronymi
2567 2980 2695 3025 sunt
2738 2991 2751 3024 :
2802 2970 3112 3040 Philosophi
3156 2972 3325 3025 solent

1746 3062 2133 3131 disputationes
2165 3079 2289 3115 suas
2320 3064 2372 3115 in
2403 3063 2940 3131 physicam,ethicam
3002 3063 3328 3132 logicamque

1746 3156 1973 3223 partiri,-
2015 3156 2095 3208 ita
2132 3164 2181 3207 et
2221 3155 2431 3225 eloquia
2460 3155 2642 3208 divina
2689 3154 2882 3208 aut‘de
2916 3164 3107 3207 natura
3149 3154 3327 3223 dispu-

1747 3258 1879 3310 tare,
1912 3256 1970 3299 ut
2003 3250 2057 3301 in
2090 3246 2278 3301 Genesi
2308 3257 2355 3299 et
2396 3245 2746 3308 Ecclesiaste;
2775 3256 2867 3299 aut
2888 3245 2952 3299 de
2981 3246 3235 3305 moribus,
3270 3253 3325 3298 ut

1745 3340 1798 3391 in
1836 3338 2154 3403 Proverbiis,
2187 3347 2236 3392 et
2278 3339 2332 3391 in
2368 3337 2612 3391 omnibus
2643 3339 2872 3408 sparsim
2903 3336 3053 3391 libris
3081 3355 3099 3402 ;
3140 3346 3234 3390 aut
3264 3337 3327 3389 de

1742 3431 1933 3501 logica,
1972 3448 2067 3500 pro
2101 3448 2206 3500 qua
2256 3431 2425 3485 nostri
2462 3431 2723 3484 theorieen
2763 3431 2865 3484 sibi
2913 3430 3217 3494 vindicant,
3268 3438 3323 3481 ut

1743 3524 1797 3575 in
1842 3522 2064 3575 Cantica
2094 3523 2429 3575 canticorum
2486 3523 2617 3575 etin
2660 3522 2982 3591 Erangeliis.
3027 3522 3159 3587 Quae
3198 3536 3322 3577 cum

1742 3632 1808 3669 ex
1851 3613 2085 3684 Origene
2136 3615 2301 3684 petita
2351 3615 2532 3684 quivis
2586 3615 2878 3681 intelligat,
2929 3612 3213 3668 theorieen
3258 3629 3326 3667 eo

1743 3709 1847 3763 loci
1880 3710 1990 3778 pati
2024 3708 2147 3777 quis
2181 3724 2287 3761 non
2333 3710 2552 3776 poterit,
2587 3708 2679 3776 qui
2724 3719 2843 3761 eam
2888 3708 2959 3761 ita
2997 3706 3213 3761 deﬁniri
3255 3709 3323 3760 ab

1741 3798 1976 3859 Origene
2007 3802 2206 3855 novit:
2241 3799 2541 3870 Inspectiva
2584 3797 2803 3863 dicitur,
2850 3816 2953 3869 qua
2995 3800 3320 3869 supergressi
3392 3844 3399 3855 .

1740 3893 1971 3947 visibilia
2009 3891 2074 3947 de
2102 3892 2297 3946 divinis
2347 3891 2553 3961 aliquid
2579 3900 2628 3945 et
2670 3889 2967 3944 coslcstibus
2998 3889 3323 3960 contempla-

1739 4004 1878 4053 mur,
1904 4003 2067 4057 eaque
2089 3982 2203 4039 sola
2230 3995 2398 4040 mente
2427 3986 2696 4039 intuemur
2713 3984 2735 4036 ἒ)
2755 3982 2881 4037 Haec
2903 3984 3071 4053 igitur
3095 3983 3323 4038 omnino

1738 4077 1991 4147 Origenis
2021 4084 2170 4141 sunt,
2200 4088 2254 4131 et
2286 4094 2351 4131 cx
2387 4092 2453 4131 eo
2480 4076 2666 4130 hausit
2702 4070 3092 4145 Hieronymus.

1812 4170 1917 4228 Sed
1949 4172 2110 4239 idem,
2144 4171 2320 4240 inquit
2363 4168 2648 4231 Erasmus,
2686 4167 2851 4237 liquet
2898 4181 2962 4219 ex
3000 4168 3322 4233 interpretis.

1740 4266 1879 4318 tione
1933 4265 2155 4329 amoris,
2204 4259 2507 4320 charitatis.
2568 4258 2867 4312 dilectionis
2919 4267 2967 4310 et
3026 4258 3317 4325 cupidinis.

1738 4358 1961 4432 Minime
1993 4373 2141 4411 vero.
2176 4350 2294 4408 Non
2319 4354 2464 4408 enim
2506 4353 2700 4407 harum
2730 4361 2970 4421 quatuor
2996 4365 3190 4404 vocum
3230 4349 3319 4402 in-

1737 4451 2185 4520 terpretationem
2204 4447 2368 4501 tradit
2389 4454 2602 4511 auctor,
2633 4444 2727 4498 sed
2751 4460 2815 4498 ea
2849 4451 3061 4496 tantum
3095 4441 3321 4495 adhibet

106 4540 385 4603 probabilius
431 4560 496 4599 ex
546 4544 736 4599 eodem
789 4545 995 4615 colligit
1044 4543 1291 4605 lluetius,
1345 4552 1627 4598 auctorem
1660 4559 1709 4613 ι)
1737 4543 2003 4610 interpres
2050 4540 2117 4595 ad
2167 4538 2521 4608 exprimenda
2553 4537 2664 4591 duo
2710 4535 2998 4600 vocabula,
3041 4549 3164 4604 quae
3212 4550 3315 4589 au-

105 4626 229 4698 hujus
258 4636 428 4703 operis
466 4650 591 4690 esse
624 4632 936 4704 Origenem,
971 4637 1115 4704 quod
1152 4636 1239 4689 hic
1270 4650 1380 4688 non
1429 4634 1630 4689 obscu-

106 4722 161 4774 ris
191 4727 345 4783 verbis
383 4729 639 4783 laudetur
664 4726 914 4784 Platonis
953 4728 1330 4800 Symposium,
1365 4728 1458 4783 ubi
1501 4728 1631 4799 περὶ

108 4814 297 4884 Ἔρωτος
330 4824 457 4893 agit,
485 4838 650 4893 quem
685 4823 865 4893 ipsum
898 4823 1097 4877 librum
1129 4824 1316 4877 laudat
1343 4823 1483 4877 idem
1509 4820 1632 4876 Ori—

106 4921 247 4973 sexies.
261 4923 307 4966 et
326 4915 503 4970 locum
523 4918 590 4971 de
615 4913 837 4980 Amore,
867 4917 1116 4970 adversus
1144 4912 1354 4970 Celsum
1389 4914 1530 4968 libro
1556 4930 1627 4968 tv.

105 4999 216 5055 Adeo
260 5004 539 5063 infeliciter
598 5009 652 5063 in
712 5009 815 5063 hoc
867 5018 1191 5079 argumento
1242 5016 1493 5062 versatus
1547 5016 1630 5061 est

107 5087 335 5153 Erasmus.

154 5186 311 5246 Mrlius
349 5193 630 5263 aliquanto
677 5194 822 5248 hanc
870 5191 1237 5259 objectionem
1287 5200 1443 5261 urget
1484 5187 1630 5259 Ray-

105 5280 273 5335 naudus
302 5282 529 5339 Jesuita.
564 5284 818 5338 Latinum
852 5302 905 5337 se
937 5294 1125 5336 auctor
1164 5284 1271 5351 ipse
1302 5282 1381 5335 bis
1413 5282 1629 5350 proﬁte-

104 5375 169 5420 tur
200 5390 334 5443 agens
379 5378 441 5431 de
476 5377 652 5447 logica
688 5378 743 5430 in
786 5375 1136 5446 philoisophiw
1182 5374 1462 5428 divisione.
1518 5374 1629 5426 Illic

104 5458 213 5513 enim
247 5464 432 5520 diserte
472 5465 654 5521 Latini
691 5466 897 5521 Graecis
925 5474 1301 5535 opponuntur.
1346 5462 1627 5519 Genet-ales

104 5549 368 5623 disciplinae,
406 5561 596 5630 quibus
638 5558 707 5614 ad
752 5576 929 5614 rerum
981 5556 1256 5613 scientiam
1301 5558 1624 5626 pervenitur,

105 5648 181 5693 tres
209 5661 313 5703 sunt
349 5669 477 5721 quas
511 5651 726 5724 (Graeci)
754 5653 1009 5717 ethicam,
1034 5651 1308 5721 physicam
1348 5659 1398 5704 et
1432 5650 1627 5702 theori-

106 5748 174 5785 seu
198 5742 598 5809 appellaverunt;
629 5746 746 5812 (nos
786 5745 882 5798 has
916 5744 1089 5797 dicere
1124 5758 1403 5811 possumus
1445 5757 1625 5793 mora-

111 5829 201 5897 lem,
222 5837 499 5893 naturalem
524 5848 570 5893 et
598 5838 982 5909 inspectivaml.
1016 5835 1277 5893 Nonnulli
1303 5852 1429 5891 sane
1457 5833 1620 5906 (apud
1672 5914 1675 5915 ν

1736 4646 1856 4689 ctor
1906 4635 2048 4688 inter
2091 4648 2151 4687 se
2196 4632 2431 4696 confert,
2487 4629 2668 4701 ἔρωτα
2717 4629 2925 4682 scilicet
2968 4637 3023 4680 et
3071 4624 3313 4696 ἀγάπην,

1734 4727 1911 4797 ἔρωτα
1952 4732 2135 4779 autem
2177 4731 2274 4777 aut
2318 4738 2572 4786 amorem,
2607 4730 2703 4775 aut
2739 4714 3061 4787 cupidinem,
3095 4719 3319 4788 ἀγάπην

1734 4828 1828 4873 aut
1855 4818 2210 4880 dilectionem,
2238 4824 2331 4869 aut
2362 4815 2685 4868 charitatem
2726 4811 3010 4866 transfert.
3035 4812 3315 4883 'Origenes

1731 4907 1953 4976 quidem
1998 4902 2294 4974 Scriptura:
2338 4905 2457 4958 loca
2492 4918 2591 4973 pro
2619 4918 2773 4959 more
2801 4919 2904 4960 suo
2936 4912 3312 4973 congesserat,

1733 5010 1792 5053 ut
1822 4998 2044 5069 ἀγάπην
2086 4998 2228 5052 idem
2269 4998 2584 5051 ostenderet
2628 4996 2992 5065 scriptoribus
3025 4994 3199 5049 sacris
3232 4992 3310 5047 si-

1732 5092 2010 5161 gnificare,
2037 5091 2183 5160 quod
2211 5089 2354 5159 apud
2385 5089 2524 5143 alios
2547 5074 2706 5159 ἕρὼς.
2729 5088 2812 5141 Ad
2843 5089 2957 5141 haec
2985 5096 3164 5140 autem
3192 5086 3313 5137 loca

1731 5182 2055 5252 explicanda
2094 5198 2317 5237 necesse
2358 5181 2548 5235 habuit
2576 5181 2843 5249 interpres
2874 5178 3129 5232 charitati
3175 5176 3314 5229 dile-

1730 5278 1951 5330 ctionem
1974 5276 2192 5339 addere,
2222 5275 2350 5343 quia
2382 5289 2526 5341 saepe
2551 5273 2774 5327 verbum
2819 5270 3039 5338 ἀγαπᾷν
3076 5282 3311 5336 ιιειηερε-

1728 5372 1806 5424 vit
1849 5380 2061 5433 auctor,
2093 5366 2255 5437 quale
2284 5368 2340 5420 in
2391 5364 2599 5420 Latinis
2648 5362 2899 5416 charitati
2940 5375 3045 5413 non
3085 5374 3314 5428 respon-
3376 5416 3380 5421 _

1729 5464 1837 5516 det.
1866 5462 1991 5517 Haec
2017 5477 2081 5515 ex
2111 5462 2231 5531 ipso
2258 5459 2378 5514 loco
2404 5458 2538 5512 satis
2564 5452 2868 5510 luculenter
2893 5461 3177 5521 apparent.
3212 5448 3307 5509 Vi-

1729 5556 1882 5609 detur
1908 5564 2083 5607 autein
2128 5553 2258 5605 mihi
2296 5550 2435 5621 quod
2479 5547 2661 5601 divina
2696 5544 2976 5614 Scriptura
3012 5544 3185 5598 volens
3216 5561 3308 5598 ca-

1727 5664 1843 5701 vere
1876 5664 1936 5699 ne
1966 5646 2144 5715 lapsus
2176 5644 2370 5714 aliquis
2412 5638 2703 5711 legentibus
2737 5636 2831 5691 sub
2865 5637 3063 5693 amoris
3095 5637 3308 5693 nomine

1730 5749 2068 5804 nasceretur,
2113 5754 2207 5807 pro
2256 5732 2641 5804 infirmioribus
2686 5731 2999 5804 quibusqug,
3045 5747 3163 5784 eum
3213 5732 3305 5797 qui

1731 5832 1867 5902 apud
1892 5834 2147 5901 sapientes
2181 5828 2381 5897 sa’culi,
2407 5827 2618 5896 cupido,
2647 5842 2733 5880 seu
2754 5840 2923 5891 amor
2952 5825 3167 5891 dicitur,
3208 5824 3304 5877 ho-
