3770 6296
400 307 500 364 1ΐῦ

1411 308 1466 364 S.
1509 307 1861 365 IGNATIUS.
1907 340 1973 348 -κ
2007 306 2545 364 PROLEGOMENA.
3532 311 3618 366 176

389 427 614 482 nestiori
657 427 907 480 vocabulo
952 427 1262 480 charitatem
1308 426 1385 480 vel
1415 426 1751 481 dilectionem
1793 427 1966 480 nomi-
1995 433 2040 487 A
2069 426 2231 495 plane
2277 441 2336 480 se
2382 434 2602 495 superet
2651 424 2929 495 Origenes.
2968 422 3152 479 Tertio
3195 440 3352 480 nemo
3396 442 3618 494 unquam

389 537 566 574 nasse.
613 519 767 574 Verbi
790 520 964 590 gratia
995 529 1052 573 ut
1078 519 1365 583 cumdixit
1388 521 1452 573 de
1482 519 1645 573 Isaac
1674 535 1692 572 :
1723 538 1741 569 ι
1778 518 1845 572 Ει
1875 534 1968 573 ac-

391 615 538 686 cepit
590 613 914 680 Rebeccam,
964 623 1018 669 et
1066 612 1208 668 facta
1251 622 1336 668 est
1371 615 1422 668 ei
1467 631 1630 678 uxor,
1681 622 1736 669 et
1779 612 1972 666 dilexit

390 723 512 762 eam
543 706 588 768 ',
637 726 655 759 ι
703 707 922 777 ἀγαπᾷν
947 707 1170 775 ditigzre
1225 714 1372 760 recte
1402 706 1654 772 vertitur,
1695 714 1752 759 et
1781 705 1968 776 ἀγάπη

391 799 696 869 antiquitus
731 814 836 853 non
880 798 1064 852 minus
1101 797 1317 852 dilectio
1359 813 1526 868 quam
1560 798 1800 852 charitas
1845 796 1968 852 red-

391 888 641 962 debatur.
669 889 947 944 Glossaria
971 902 1152 945 vetera
1193 905 1207 940 :
1237 889 1451 943 dilectio
1472 930 1486 955 ,
1520 888 1731 961 ἀγάπην
1755 888 1966 960 ἀγάπη,

391 980 622 1034 dilectio.
653 978 1024 1034 Tertullianus
1068 979 1136 1033 de
1173 979 1361 1048 agapis
1419 985 1664 1033 veterum
1693 976 1966 1034 Christia-

391 1087 588 1126 norum
625 1090 638 1126 :
666 1072 826 1126 Coena
855 1079 1038 1124 nostra
1068 1071 1132 1124 de
1160 1071 1367 1124 nomine
1398 1069 1657 1124 rationem
1678 1070 1763 1123 sui
1793 1078 1968 1123 osten-

385 1163 468 1224 dit
517 1178 537 1216 :
579 1162 634 1215 id
662 1170 878 1214 vocatur
905 1159 1043 1230 quod
1081 1158 1305 1213 dilectio
1327 1158 1467 1228 apud
1506 1155 1739 1212 ercos.
1769 1154 1841 1210 Ut
1869 1172 1967 1210 au—

389 1264 498 1309 tem
531 1254 786 1307 charitati
825 1252 1185 1313 dilectionem,
1226 1251 1301 1304 ita
1344 1259 1400 1305 et
1449 1250 1621 1304 amori
1665 1249 1966 1318 cupidinem

389 1345 660 1415 adjunxit.
693 1343 1034 1399 Glossarium
1070 1352 1224 1396 vetus
1252 1359 1264 1394 :
1308 1342 1509 1414 Ἔρως,
1545 1356 1717 1405 amor,
1751 1339 1962 1410 cupido.

387 1437 548 1504 Quod
572 1444 700 1490 ante
724 1451 847 1490 eum
875 1433 1075 1489 fecerat
1099 1431 1488 1503 Hieronymus,
1517 1430 1740 1485 homilia
1768 1432 1965 1500 prima,

387 1527 659 1600 spiritaali
689 1527 933 1596 cupidine
965 1525 1042 1579 vel
1093 1540 1273 1578 amore
1301 1524 1643 1577 accendatur.
1700 1521 1826 1577 llaec
1870 1537 1968 1575 au-

389 1631 500 1675 tem
531 1631 590 1674 ut
612 1627 888 1673 auctorem
920 1615 1177 1670 Latinum
1209 1615 1431 1668 minime
1452 1613 1710 1683 produnt,
1739 1613 1811 1668 ita
1844 1611 1967 1668 Ori-

389 1726 584 1781 genem
629 1710 808 1780 ipsum
855 1709 1036 1778 potius
1088 1715 1369 1761 auctorem
1425 1703 1596 1759 fuisse
1642 1705 1961 1770 ostendunt,

391 1803 485 1872 qui
528 1803 581 1854 in
616 1801 835 1870 scriptis
871 1800 979 1854 illis
1007 1815 1130 1868 quae
1178 1798 1465 1861 habemus,
1496 1796 1676 1867 ἔρωτα
1719 1797 1772 1850 ἱιι
1805 1796 1968 1852 rebus

389 1892 593 1946 divinis
625 1902 734 1945 tam
782 1890 1095 1960 frequenter
1130 1898 1360 1957 usurpat
1414 1905 1427 1943 :
1473 1898 1526 1944 et
1568 1904 1731 1958 quem
1772 1889 1825 1942 in
1869 1888 1973 1942 hac

391 1987 510 2056 ipsa
545 2000 622 2051 re,
654 1985 731 2039 uti
763 1985 921 2049 solet,
952 1983 1200 2038 imitatur
1241 1981 1298 2036 S.
1330 1982 1629 2053 Gregorius
1667 1980 1969 2054 Nyssenus,

387 2079 447 2132 in
473 2077 697 2132 Cantica
742 2075 965 2131 homilia
1011 2077 1233 2144 prima:
1296 2073 1548 2127 Ἐπειδὰν
1589 2073 1767 2127 τοίνυν
1813 2073 1971 2142 σοφία

388 2168 538 2222 ἐστὶν
559 2171 592 2239 ἡ
622 2167 878 2231 λαλοῦσα,
904 2168 1188 2236 ἀγάπησον
1209 2167 1331 2218 ὅσον
1351 2165 1576 2219 δύνασαι
1602 2165 1661 2232 ἐξ
1680 2165 1809 2237 ὅλης
1833 2182 1971 2234 καρ-

387 2260 507 2324 δίας
555 2277 614 2313 τε
662 2261 757 2313 καὶ
800 2259 1118 2328 δυνάμεως,
1168 2257 1508 2328 ὲπιθύμησον
1559 2257 1684 2309 ὅσον
1737 2260 1966 2326 χωρεῖς·

391 2352 724 2425 προστίθημι
763 2350 822 2404 δὲ
865 2349 1084 2421 θαρῤὦν
1113 2351 1226 2412 τοῖς
1256 2349 1464 2420 ῥήμασι.
1501 2346 1714 2410 τούτοις
1760 2347 1854 2400 καὶ
1888 2345 1970 2410 τὸ,

389 2444 672 2515 ὲράσοητι.
701 2442 835 2498 Cum
865 2459 989 2512 ergo
1035 2443 1104 2495 sit
1130 2458 1248 2510 qua:
1294 2441 1531 2511 loquitur
1559 2439 1844 2508 sapientia,
1883 2440 1972 2492 di-

392 2535 494 2604 lige
520 2542 777 2604 quantum
803 2541 972 2602 potes,
1018 2546 1084 2585 ea:
1113 2540 1223 2586 toto
1273 2529 1432 2584 corde
1465 2539 1513 2584 et
1559 2530 1684 2583 totis
1728 2529 1970 2592 viribus;

392 2625 702 2696 concupisce
743 2633 1001 2695 quantum
1034 2632 1179 2691 potes
1211 2637 1394 2690 capere
1417 2636 1435 2673 :
1482 2621 1620 2675 addo
1661 2631 1836 2674 autem
1869 2637 1970 2672 au-

392 2716 574 2770 dacter
599 2716 678 2770 his
703 2731 904 2786 quoque
932 2714 1098 2768 verbis
1130 2726 1150 2765 :
1177 2713 1340 2767 Ama.
1367 2711 1535 2768 Plane
1552 2723 1610 2767 ut
1641 2713 1697 2766 in
1720 2711 1972 2768 versione

392 2807 819 2878 llieronymiana
851 2806 1090 2860 homilia:
1130 2804 1321 2875 prima:
1358 2802 1632 2875 Origenis,
1683 2812 1732 2856 et
1767 2813 1824 2857 ut
1867 2803 1971 2856 ali-

390 2901 519 2969 quid
566 2898 849 2952 audentius
891 2899 1089 2964 dicam,
1132 2895 1367 2965 spiritali
1415 2896 1660 2966 cupidine
1698 2905 1749 2949 et
1791 2909 1972 2949 umore

392 2991 732 3046 accendatur.

2077 519 2237 571 toties
2264 533 2427 587 opera
2455 534 2553 572 sua
2580 518 2731 587 prius
2755 517 2953 586 scripta
2980 517 3241 580 laudavit,
3270 534 3334 572 ac
3353 516 3620 588 Origenes.

2071 609 2300 674 Quoties
2331 609 2476 663 enim
2509 608 2806 677 Scriptura:
2846 608 3025 663 locum
3058 609 3235 664 obiter
3264 610 3415 675 citat,
3446 609 3512 663 ad
3539 626 3622 664 es-

2070 697 2372 766 positiones
2393 713 2523 753 suas
2549 697 2807 752 lectorem
2831 698 3083 768 ablegare
3105 699 3263 754 solet.
3284 699 3428 754 Idem
3457 699 3509 753 in
3534 699 3624 754 hoc

2069 805 2235 860 opere
2284 788 2600 860 frequenter
2655 791 2946 860 praestitit;
2999 793 3132 847 citat
3183 793 3331 847 enim
3387 793 3625 849 homilias

2069 896 2200 937 suas
2229 883 2282 936 in
2309 881 2574 948 Exodum,
2595 891 2651 938 et
2673 883 2890 938 Judices
2914 885 3104 951 semel,
3129 884 3183 938 in
3211 883 3476 941 Numeros
3501 902 3624 957 qus-

2069 981 2190 1039 ter;
2222 975 2618 1046 explicationes
2665 976 2721 1031 in
2774 975 3088 1043 Levilicum,
3118 985 3172 1032 et
3215 980 3624 1037 commentarios

2068 1063 2125 1119 in
2157 1063 2362 1120 Novum
2396 1066 2806 1122 Testamentum.
2841 1066 3070 1135 Quarto,
3117 1066 3338 1139 Origeni
3366 1070 3536 1125 moris
3555 1079 3626 1125 est

2067 1158 2285 1227 propria
2314 1159 2534 1213 nomina
2564 1158 2827 1214 llebraica
2858 1160 3228 1230 interpretari,
3259 1171 3312 1216 et
3355 1177 3425 1216 ex
3451 1178 3625 1218 eorum

2069 1249 2615 1320 interpretationibus
2671 1268 2868 1307 sensus
2927 1252 3296 1324 tropologicos
3345 1254 3624 1324 expiscari.

2066 1339 2269 1396 Nullibi
2304 1341 2647 1413 frequentius
2677 1360 2840 1413 quam
2874 1344 2928 1398 in
2960 1344 3048 1398 his
3070 1346 3234 1401 tomis
3263 1346 3371 1401 hoc
3395 1345 3544 1401 facit.
3576 1345 3628 1402 In

2067 1433 2294 1501 prologo
2341 1433 2544 1504 inquit,
2589 1433 2762 1488 Israel
2799 1435 2860 1488 ob
2894 1437 3191 1492 divinorum
3240 1438 3630 1507 contemplatio-

2068 1538 2184 1576 nem
2224 1524 2524 1577 nominatus
2549 1534 2648 1578 est.
2683 1523 2898 1585 Zaretlt,
2930 1525 3104 1578 aliena
3136 1525 3439 1587 descensio;
3473 1523 3628 1580 Deba-

2069 1615 2188 1679 rah,
2218 1616 2334 1685 apis
2379 1620 2460 1687 (ut
2516 1616 2706 1670 homil.
2735 1617 2768 1670 5
2805 1617 2860 1671 in
2889 1615 3168 1687 Iudices);
3223 1617 3462 1682 Baroch,
3493 1635 3632 1671 coru-

2068 1710 2236 1762 scatio
2267 1711 2349 1771 (ut
2371 1709 2558 1764 eadem
2591 1710 2792 1779 hom.),
2812 1708 3378 1778 Salomon,paci/icus.
3420 1709 3632 1766 llomilia

2070 1802 2270 1870 prima,
2303 1800 2473 1865 Eden,
2501 1802 2741 1864 deliciw;
2769 1802 3031 1866 secunda,
3065 1800 3258 1867 Cedar,
3297 1803 3540 1873 nigredo,
3569 1806 3633 1858 rel

2069 1891 2389 1948 obscuritas.
2448 1893 2805 1960 Hierusalem,
2839 1894 2967 1948 visio
2997 1895 3140 1964 pacis
3178 1894 3260 1966 (ut
3315 1896 3544 1953 homilia
3576 1897 3626 1952 ‘Zl

2070 1985 2123 2038 in
2161 1984 2410 2050 Josuam,
2437 1987 2501 2040 de
2541 1985 2842 2041 Jerusalem
2881 1987 3182 2057 frequenter
3209 1989 3472 2054 diximus,
3513 1992 3633 2060 quod

2071 2078 2211 2131 visio
2253 2077 2404 2147 pacis
2448 2079 2877 2148 interpretatur).
2928 2080 3289 2147 Abdimelech,
3341 2099 3526 2136 servus
3569 2101 3636 2136 re-

2071 2184 2232 2237 gum;
2282 2167 2542 2232 Mambre,
2583 2170 2750 2234 visio;
2785 2171 3074 2234 cherubim,
3106 2173 3378 2243 plenitudo
3422 2176 3638 2228 scientia:

2071 2258 2170 2313 Dei
2204 2259 2361 2330 (utin
2395 2260 2733 2316 Ezechielem
2774 2263 2997 2317 homilia
3029 2264 3110 2332 2).
3154 2263 3430 2336 Engaddi,
3473 2267 3637 2321 oculus

2074 2352 2376 2405 tentationis
2402 2369 2531 2407 mea:
2562 2354 2644 2420 (ut
2673 2353 2726 2407 in
2768 2355 2995 2408 homilia
3022 2355 3058 2409 2
3080 2357 3144 2410 -ἰη
3187 2356 3399 2413 Cantic.
3434 2360 3503 2414 ab
3531 2357 3638 2412 Hie-

2071 2458 2302 2514 ronymo
2333 2446 2512 2516 versa)
2537 2465 2550 2504 :
2584 2449 2762 2515 tertia,
2792 2448 2996 2516 Bethel,
3027 2449 3217 2505 domus
3243 2450 3360 2506 Dei.
3387 2451 3638 2523 Quisquis

2073 2543 2252 2588 autem
2285 2534 2421 2590 mira
2463 2536 2550 2590 illa
2583 2539 2943 2606 theoremata,
2971 2558 3093 2610 qua:
3127 2559 3193 2597 ex
3225 2543 3293 2597 iis
3327 2545 3639 2615 interpreta«

2071 2626 2314 2680 tionibus
2344 2628 2563 2684 deducit
2609 2641 2822 2698 auctor,
2868 2634 3234 2703 perpenderit,
3270 2637 3481 2690 nemini
3512 2647 3640 2691 certe

2070 2731 2434 2790 przetcrquam
2485 2721 2701 2794 Origeni
2751 2725 2918 2780 hosce
2957 2729 3382 2785 commentarios
3433 2731 3636 2784 tribuet.

2071 2811 2294 2878 Quinto,
2323 2814 2624 2882 peculiares
2649 2817 2896 2886 quaedam
2930 2819 3216 2889 opiniones
3239 2821 3466 2893 Origeni
3500 2825 3638 2876 attri-

2070 2902 2216 2957 bula:
2246 2913 2395 2968 sunt,
2424 2906 2726 2975 praesertim
2749 2908 2816 2962 de
2844 2909 3024 2962 anima
3056 2920 3109 2965 et
3134 2911 3366 2980 angelis,
3398 2929 3430 2966 a
3460 2913 3640 2983 quibus

2071 2995 2346 3066 praecipue
2377 2995 2557 3053 Latini
2592 2994 2981 3055 abhorrebant.
3009 3000 3103 3057 lla:
3139 3014 3320 3058 autem
3365 3005 3569 3076 ubique
3593 3005 3638 3058 in

464 3084 618 3150 Quod
653 3092 834 3136 autem
872 3082 926 3136 in
954 3080 1235 3136 nonnullis
1263 3080 1422 3136 libris
1447 3081 1552 3136 hoc
1581 3060 1720 3150 opus
1745 3080 1796 3134 in
1822 3079 1968 3135 CaII-
1995 3097 2040 3160 C
2072 3060 2176 3142 hoc
2197 3091 2462 3158 epusculo
2497 3104 2893 3162 proponuntur.
2922 3093 3163 3165 Denique
3191 3094 3460 3166 Origenes
3486 3060 3540 3152 in
3570 3109 3641 3153 to—

393 3176 563 3228 ticum
624 3173 956 3244 Hieronymo
1005 3172 1319 3237 tribuatur,
1371 3179 1427 3227 et
1475 3187 1505 3227 a
1559 3171 1869 3225 Lombardo
1917 3181 1971 3225 et

393 3263 627 3329 'l‘homa,
659 3270 853 3318 harum
904 3278 1086 3316 rerum
1117 3262 1567 3331 imperitissimis,
1597 3264 1702 3317 sub
1749 3262 1970 3316 nomine

392 3354 671 3409 Ambrosii
701 3353 922 3418 citetur,
968 3367 1075 3407 non
1116 3351 1245 3407 inde
1290 3352 1545 3420 ellicitur,
1579 3353 1662 3406 vel
1709 3352 1855 3407 hunc
1886 3353 1970 3406 vel

393 3446 546 3500 illum
591 3443 756 3515 hujus
796 3443 978 3514 operis
1026 3452 1309 3498 auctorem
1363 3442 1556 3508 fuisse,
1614 3460 1736 3497 cum
1789 3444 1967 3498 neutri

392 3539 526 3594 illud
553 3547 863 3608 competere
905 3553 1066 3607 posse
1097 3551 1296 3591 omnes
1327 3536 1524 3592 sciant.
1565 3534 1671 3591 Sed
1720 3537 1844 3590 inde
1879 3537 1970 3608 jue

397 3630 533 3685 stior
559 3628 801 3699 suspicio
825 3641 930 3694 est,
956 3644 1077 3684 esse
1122 3628 1253 3683 illud
1284 3627 1468 3699 potius
1499 3627 1672 3697 ipsius
1695 3628 1966 3700 Origenis,

396 3724 527 3790 quia
559 3720 885 3775 Ambrosius
925 3729 979 3774 et
1023 3718 1389 3791 Hieronymus
1419 3719 1672 3791 Origenis
1708 3722 1878 3776 multa
1913 3721 1966 3774 in

397 3809 654 3865 Latinum
685 3825 993 3864 sermonem
1029 3818 1435 3864 converterunt.

463 3899 607 3953 Nihil
633 3901 798 3970 igitur
837 3900 1017 3955 valent
1050 3901 1291 3955 rationes
1337 3909 1530 3956 contra
1567 3899 1858 3972 Origenem
1886 3901 1967 3954 al-

391 3992 553 4056 latae;
587 3999 644 4045 at
675 3991 779 4044 illa:
803 4008 943 4060 quas
983 4008 1082 4062 pro
1125 4007 1190 4046 eo
1219 3991 1534 4059 alleremus,
1569 4001 1699 4047 sunt
1739 3993 1968 4047 validis-

392 4085 568 4140 simae.
618 4082 970 4153 Qumcunque
1000 4083 1146 4137 enim
1195 4085 1260 4137 de
1305 4099 1469 4154 opere
1517 4084 1703 4152 aliquo
1747 4083 1968 4154 Origeni

393 4172 718 4230 ascribendo
747 4173 855 4228 dici
881 4182 1134 4244 possunt,
1166 4173 1298 4228 huic
1320 4173 1374 4227 in
1403 4173 1597 4242 primis
1625 4182 1964 4242 competunt.

390 4261 578 4335 Neque
606 4263 834 4326 mirum,
876 4279 1022 4330 cum,
1061 4273 1122 4317 ut
1166 4263 1298 4317 olim
1345 4264 1657 4318 observavit
1704 4262 1967 4335 llierony-

391 4372 536 4422 mus,
568 4355 818 4428 Origenes
862 4373 982 4410 cum
1023 4357 1076 4409 in
1106 4357 1309 4410 caneris
1358 4355 1510 4409 libris
1551 4373 1727 4410 omnes
1762 4358 1966 4423 vicerit,

2071 3179 2178 3234 mis
2201 3180 2340 3246 suis,
2373 3181 2467 3235 ubi
2502 3181 2567 3236 ad
2601 3185 2892 3255 mysticum
2924 3202 3145 3241 sensum
3181 3189 3568 3258 explicandum
3591 3205 3643 3243 se

2070 3271 2327 3341 applicat,
2361 3288 2502 3342 saape
2544 3276 2799 3343 precibus
2844 3277 2911 3331 ad
2955 3276 3126 3332 Deum
3171 3295 3232 3334 se
3267 3281 3563 3346 convertit,
3593 3290 3642 3334 ut

2071 3363 2244 3434 gratia
2273 3362 2368 3419 Dei
2399 3365 2703 3422 illustratus
2726 3368 2817 3424 illa
2841 3385 3057 3441 magna,
3078 3379 3138 3425 ut
3167 3373 3428 3442 appellat,
3457 3384 3641 3445 myste-

2071 3455 2152 3508 ria
2181 3455 2496 3524 perspiciat.
2541 3458 2696 3523 Quod
2735 3459 2826 3513 hic
2866 3463 3065 3530 sapius
3100 3463 3178 3516 lit.
3227 3462 3282 3517 Si
3322 3464 3496 3535 igitur
3531 3465 3640 3521 libri

2071 3549 2380 3612 materiam,
2412 3548 2746 3619 modumque
2781 3553 3046 3608 tractandi
3099 3563 3439 3625 spectemus,
3471 3559 3641 3612 omnia

2070 3631 2360 3703 Origenem
2391 3639 2568 3692 solum
2599 3641 2837 3710 sapiunt.

2142 3726 2409 3783 Prazterea
2451 3741 2580 3786 sunt
2621 3742 2675 3787 et
2715 3735 2819 3788 alia
2847 3751 2969 3806 qua:
3015 3737 3180 3795 hosce
3222 3743 3642 3797 commentarios

2074 3837 2181 3876 non
2228 3823 2453 3879 alterius
2497 3842 2618 3881 esse
2656 3845 2819 3898 quam
2866 3829 3118 3902 Origenis
3158 3836 3387 3892 omnino
3422 3841 3640 3894 convin-

2071 3921 2222 3966 cunt.
2256 3912 2506 3970 I‘lomilae
2535 3917 2656 3972 dua:
2697 3919 3008 3976 Adamantii
3045 3923 3097 3977 in
3147 3924 3438 3983 Canticum
3477 3931 3639 3985 canti-

2071 4017 2261 4056 corum
2295 4013 2424 4058 sunt
2451 4006 2520 4060 ab
2558 4005 2891 4080 Hieronymo
2928 4012 3156 4068 ﬁdeliter
3190 4031 3384 4083 νει-δίο,
3417 4029 3476 4074 et
3501 4036 3642 4091 papae

2072 4095 2308 4151 Damaso
2337 4098 2622 4166 dedicatas,
2657 4111 2820 4171 atque
2857 4119 2886 4158 a
2933 4103 3147 4161 Rullino
3178 4109 3395 4179 agnitae.
3449 4111 3640 4167 Earum

2072 4195 2252 4242 autem
2304 4193 2590 4247 sententia:
2641 4195 2958 4252 consimiles
3012 4207 3063 4253 et
3116 4216 3392 4271 germanae
3457 4205 3641 4260 harum

2074 4289 2347 4349 suntquae
2376 4283 2429 4336 in
2459 4284 2564 4339 hoc
2595 4301 2760 4356 opere
2783 4289 3155 4360 continentur,
3181 4302 3240 4347 ut
3265 4295 3319 4348 in
3347 4295 3542 4351 eadem
3567 4297 3641 4351 in-

2073 4370 2210 4423 cude
2257 4370 2548 4426 formatum
2599 4392 2720 4430 esse
2763 4385 3058 4450 utrumque
3103 4393 3405 4452 appareat;
3439 4387 3520 4441 uti
3548 4387 3639 4440 ob-

391 4449 445 4501 in
489 4445 714 4502 Cantica
762 4447 1090 4500 canticorum
1135 4447 1246 4516 ipse
1295 4463 1350 4500 se
1393 4447 1538 4500 vicit.
1588 4445 1725 4500 Nam
1764 4448 1965 4518 primo,

2073 4461 2312 4515 servavit
2351 4462 2704 4520 doctissimus
2741 4445 2990 4533 lluctius,
3022 4471 3115 4540 qui
3141 4445 3265 4525 non
3305 4445 3487 4543 pauca
3532 4477 3638 4529 loca

391 4543 676 4594 character
705 4539 1160 4610 Origenianorum
1193 4551 1349 4593 vetus
1388 4549 1492 4600 est,
1540 4539 1789 4608 pluribus
1830 4558 1966 4598 mss.

390 4633 447 4686 in
477 4631 706 4700 collegio
744 4629 801 4686 S.
829 4630 974 4686 Petri
1005 4631 1148 4702 apud
1180 4631 1661 4700 Cantabrigienses
1691 4634 1967 4702 przelixus,

389 4722 722 4791 cognoscitur
754 4720 998 4792 Origenis
1039 4738 1211 4776 sermo
1254 4737 1346 4790 per
1381 4723 1761 4776 auctoritatum
1794 4723 1967 4778 abun-

389 4811 657 4866 dantiam.
694 4810 896 4866 Nullibi
930 4822 1113 4866 autem
1161 4812 1508 4868 manifestior
1549 4813 1638 4869 hic
1685 4814 1969 4871 character

390 4917 558 4971 quam
591 4901 644 4955 in
686 4903 792 4957 hoc
825 4919 988 4971 opere
1018 4922 1031 4956 :
1067 4904 1120 4956 in
1157 4919 1267 4972 quo
1305 4913 1498 4958 auctor
1524 4920 1740 4974 semper
1773 4923 1966 4961 excur-

393 4991 486 5054 rit,
527 4999 582 5044 ct
618 4990 735 5046 ioca
784 4991 844 5046 S.
891 4990 1188 5062 Scriptura“:
1229 4993 1593 5063 undecunque
1629 4995 1874 5061 adducit,
1914 5007 1969 5053 et

390 5083 456 5135 ad
491 5082 831 5152 propositum
860 5097 1022 5138 suum
1064 5085 1248 5138 trahit.
1305 5083 1583 5151 Secundo,
1632 5088 1964 5156 tropologica

387 5173 592 5243 ubique
617 5183 861 5231 sectatur
882 5172 1166 5244 Origenes,
1189 5177 1505 5232 notantibus
1531 5178 1789 5234 omnibus
1809 5179 1966 5234 Chri-

385 5266 606 5334 stianis,
636 5267 756 5338 ipso
777 5269 941 5322 etiam
973 5267 1297 5340 l’orphyrio.
1325 5268 1461 5325 Tres
1492 5281 1673 5325 autem
1699 5282 1962 5342 perpetuo

383 5373 586 5411 sensus
622 5359 679 5412 in
709 5368 824 5414 toto
862 5361 965 5415 hoc
1003 5376 1167 5430 opere
1209 5363 1580 5432 persequitur,
1619 5364 1962 5432 historicum,

383 5447 805 5518 tropologicum,
857 5454 1252 5522 anagogicum;
1306 5470 1483 5525 neque
1529 5455 1687 5510 aliter
1739 5458 1965 5526 exponit

383 5540 601 5609 reliqua
629 5540 922 5612 Scriptum
953 5545 1071 5600 loca
1106 5563 1228 5617 quae
1264 5547 1488 5604 adducit
1525 5549 1700 5604 obiter
1736 5572 1746 5605 :
1784 5560 1843 5604 ut
1872 5550 1962 5606 hic

459 5713 483 5751 ⁸
511 5718 650 5776 Gen.
679 5738 830 5789 xxiv,
867 5723 952 5779 67.

2074 4553 2370 4623 congessit,
2403 4563 2451 4608 ct
2490 4555 2663 4610 multo
2693 4558 2849 4627 plura
2881 4575 3178 4630 congerere
3202 4567 3504 4632 potuisset.
3543 4567 3637 4622 Sed

2073 4657 2293 4697 onmem
2321 4648 2642 4714 scrupulum
2675 4651 2818 4704 tollit
2846 4651 3184 4708 luculentum
3215 4653 3477 4728 Origenis
3533 4659 3638 4712 l'ra-

2072 4741 2531 4804 gmentum,quod
2562 4736 2749 4793 Graece
2791 4741 3093 4797 etiamnum
3137 4745 3203 4800 ad
3248 4745 3412 4801 linem
3470 4745 3640 4802 Philo-

2072 4827 2225 4883 calia:
2253 4837 2452 4893 exstat,
2484 4829 2547 4882 ἐκ
2580 4829 2674 4882 τοῦ
2713 4829 2757 4900 β’
2799 4831 2966 4902 τόμον
3004 4834 3110 4887 τῶν
3150 4837 3232 4900 εἰς
3253 4831 3522 4908 τὸτᾼσμα
3544 4840 3642 4892 τῶν

2069 4916 2349 4986 ᾀσμάτων,
2382 4935 2446 4972 ea:
2471 4924 2697 4977 secundo
2723 4936 2862 4978 tomo
2891 4927 3390 4980 commentariorum
3415 4930 3474 4982 in
3503 4929 3638 4984 Cun-

2070 5007 2231 5060 ticum
2293 5012 2625 5066 canticorum
2669 5015 3004 5085 decerptum.
3065 5015 3204 5073 lluic
3252 5019 3401 5072 enim
3455 5020 3640 5075 Graeco

2068 5096 2378 5169 fragmento
2407 5103 2566 5172 plane
2608 5106 2940 5175 respondent
2977 5106 3168 5162 Latina
3209 5124 3333 5178 qua:
3376 5108 3641 5165 habemus

2069 5189 2123 5242 in
2168 5191 2331 5261 hujus
2357 5195 2536 5264 operis
2572 5197 2797 5252 homilia
2833 5199 3096 5255 secunda.
3129 5197 3280 5253 Licet
3311 5200 3462 5254 enim
3497 5203 3641 5270 prior

2067 5281 2360 5354 fragmenti
2405 5302 2532 5356 pars
2575 5287 2804 5344 liberius
2846 5289 2961 5345 illic
2999 5300 3329 5360 cxponatur,
3366 5293 3639 5362 posterior

2067 5385 2246 5429 tamen
2295 5377 2542 5446 pressius
2578 5379 2822 5434 redditur
2871 5400 2883 5435 :
2931 5391 2984 5436 et
3027 5383 3082 5436 in
3127 5383 3243 5452 ipsa
3279 5386 3450 5453 priori
3490 5396 3638 5456 parte

2066 5466 2159 5521 illa
2186 5467 2471 5538 l'ragmenti
2499 5471 2684 5539 verba,
2711 5471 2851 5526 οὕτω
2885 5474 2942 5528 δὲ
2975 5475 3070 5528 καὶ
3105 5478 3312 5549 μήποτε
3347 5479 3638 5551 σκληρύνει

2065 5558 2268 5631 Κύριος
2301 5561 2398 5632 τὴν
2437 5561 2661 5634 καρδίαν
2695 5565 2930 5636 Φαραώ,
2968 5567 3036 5622 ab
3069 5567 3162 5622 illo
3210 5579 3389 5626 vetere
3440 5571 3637 5627 melius
