3824 6198
402 281 505 336 179

1484 286 1541 344 S.
1578 286 1924 346 IGNATIUS.
1956 320 2024 332 -—
2060 288 2591 345 PROLEGOMENA.

3556 285 3651 340 180

399 402 724 471 responsio:
773 417 967 463 auctor
1004 408 1241 463 humilia!
1274 418 1426 464 notat
1460 409 1696 479 judirem
1731 427 1849 464 cum
1881 427 1971 464 ar-
2001 416 2042 472 A
2074 410 2309 466 Sabaoth
2354 413 2585 480 primum
2636 409 2818 463 ctelnm
2877 410 3211 479 manifestat.
3266 408 3472 464 Eodem
3504 412 3649 465 modo

397 494 559 549 ticqu
589 497 852 563 positum:
893 499 1160 569 interpres
1193 501 1361 564 addit,
1394 500 1534 569 apud
1574 499 1809 568 Cra'cos,
1839 502 1968 570 quia

396 588 540 656 apud
578 587 802 644 Latinos
849 606 956 643 nou
1000 592 1221 660 ponitur
1262 592 1547 647 articulus.
1597 592 1835 662 Exponit
1880 594 1969 648 hic

395 676 660 749 Origenes
674 680 1004 737 versiculum
1035 685 1125 749 58,
1140 699 1255 754 cap.
1278 700 1353 738 xu
1373 683 1647 740 Evangelii
1665 686 1965 740 secundum

396 770 616 828 Lucam.
661 772 930 830 Ohservat
1000 775 1320 847 ἐπ’ἄρχοντα
1386 778 1491 832 dici
1539 778 1656 833 sine
1702 779 1966 845 articulo,

396 861 533 933 πρὸς
564 863 653 917 τὸν
680 866 891 936 Κριτήν
920 881 1043 920 cum
1070 866 1304 920 articulo
1340 883 1352 919 :
1417 865 1542 921 inde
1584 868 1791 937 colligit
1819 870 1967 936 prin-

392 958 560 1024 cipem
614 973 735 1013 esse
788 975 957 1014 unum
1015 960 1372 1028 angelorum,
1424 960 1519 1029 qui
1596 962 1750 1015 multi
1800 970 1966 1027 sunt,

386 1048 625 1117 judicem
665 1065 786 1104 esse
814 1050 965 1104 illum
999 1050 1244 1114 unicum,
1284 1049 1471 1105 Jesum
1508 1051 1810 1107 Christum.
1856 1052 1969 1109 Hoc

394 1137 555 1206 plane
581 1136 926 1208 Origenicum
970 1148 1073 1194 est.
1107 1137 1280 1193 Nemo
1310 1140 1454 1193 enim
1496 1141 1662 1197 toties
1693 1141 1802 1195 vim
1833 1142 1969 1195 arti-

395 1229 505 1282 culi
535 1239 690 1299 urgct
721 1245 786 1285 ac
824 1231 1204 1287 Adamantius.
1246 1229 1615 1303 Hieronymus
1656 1248 1780 1287 cum
1817 1232 1968 1287 vide—

394 1332 479 1376 ret
531 1322 810 1377 hominem
849 1322 1059 1378 Latinze
1087 1334 1297 1379 tantum
1343 1325 1543 1397 linguae
1585 1327 1821 1395 peritum
1856 1327 1972 1381 haec

392 1428 587 1483 capere
609 1430 716 1469 non
747 1416 1014 1485 potuisse,
1043 1419 1251 1473 notavit
1272 1421 1370 1473 hoc
1398 1418 1540 1489 apud
1563 1418 1775 1474 Graecos
1799 1421 1970 1491 magis

392 1505 639 1575 intelligi.
672 1504 979 1572 Postremo,
1018 1509 1214 1579 inquit,
1247 1512 1302 1564 in
1328 1510 1510 1565 eadem
1548 1512 1767 1566 humilia
1797 1523 1969 1567 monet

390 1596 772 1665 quadrantem,
804 1599 920 1653 sive
952 1600 1222 1654 minutum
1248 1602 1434 1658 Graece
1457 1613 1609 1657 tenue
1641 1603 1750 1657 dici
1782 1618 1967 1673 posse.

392 1688 578 1744 itecte.
625 1689 903 1747 Habemus
924 1702 1105 1747 autem
1140 1703 1195 1748 et
1223 1696 1313 1749 hic
1342 1705 1621 1751 auctorem
1655 1695 1968 1767 Origenem,

2071 512 2117 554 et
2156 500 2439 556 Jacob.....
2470 504 2606 555 sicut
2662 500 2948 554 secundum
2988 500 3341 554 Latinitatem
3394 499 3649 555 Dominus

2071 595 2323 647 virtutum
2352 606 2399 648 et
2432 604 2585 663 pater
2613 596 2869 647 onmium.
2922 590 3046 647 [hec
3087 608 3223 648 sane
3255 592 3441 646 Latini
3475 593 3648 647 homi—

2072 688 2176 752 nis,
2208 704 2317 743 non
2348 690 2611 755 auctoris,
2658 689 2751 743 sed
2807 689 3141 758 interpretis.
3196 687 3445 743 Irenaeus
3509 688 3648 743 enim

2073 779 2264 834 Latine
2304 795 2411 833 non
2452 782 2703 850 scripsit;
2752 781 2870 850 ejus
2900 789 3083 834 tamen
3127 782 3245 837 hare
3290 782 3483 836 omnia
3530 792 3653 837 sunt

2071 882 2335 941 praeterea
2367 889 2489 943 qum
2521 874 2789 943 interpres
2815 873 3043 928 addidit.

2145 964 2251 1018 Sed
2302 965 2417 1019 sive
2459 965 2700 1031 Graecus,
2749 967 2863 1021 sive
2906 966 3135 1022 Latinus
3188 965 3357 1023 fuerit
3416 967 3510 1021 hic
3557 968 3651 1023 hou

2072 1055 2344 1109 miliarum
2372 1069 2582 1123 auctor,
2607 1054 2889 1129 Origenes,
2920 1058 3122 1113 Dallzeo
3148 1060 3358 1129 judice,
3391 1076 3518 1115 esse
3547 1075 3651 1115 non

2073 1147 2269 1216 potuit.
2318 1145 2453 1202 Nam
2499 1148 2563 1201 ab
2592 1149 2705 1218 ipso
2734 1148 2980 1218 Origenis
3011 1145 3185 1220 genio,
3230 1167 3377 1204 more
3409 1168 3476 1205 ac
3500 1168 3651 1206 sensu

2071 1238 2315 1308 quendam
2348 1250 2468 1292 sunt
2510 1241 2565 1293 in
2594 1240 2773 1294 eodem
2810 1257 2960 1310 opere
2992 1240 3192 1295 aliena.
3226 1241 3363 1308 Quae
3389 1243 3651 1299 hactenus

2073 1332 2309 1386 vidimus
2364 1340 2494 1387 sunt
2544 1333 2702 1402 plane
2756 1332 3126 1402 Origeniana,
3178 1350 3436 1404 quaenam
3494 1334 3653 1404 igitur

2072 1433 2200 1478 sunt
2252 1440 2373 1493 qua:
2417 1425 2745 1479 Adamantio
2816 1434 3128 1494 competere
3202 1442 3312 1480 non
3377 1429 3654 1497 possunt?

2073 1516 2278 1579 Primo,
2302 1516 2523 1570 homilia
2547 1516 2619 1571 25
2645 1536 2658 1572 :
2680 1517 2911 1585 Spiritus
2930 1516 2987 1572 S.
3008 1518 3210 1571 dicitur
3227 1520 3391 1574 tertia
3417 1534 3652 1588 persona

2073 1616 2101 1654 a
2124 1600 2279 1655 Patre
2300 1610 2355 1654 et
2373 1600 2528 1657 Filio.
2562 1602 2668 1667 Qui
2702 1605 2779 1657 sic
2812 1604 3096 1658 distinctus
3125 1622 3370 1675 persona:
3390 1607 3445 1659 in
3461 1607 3651 1659 divinis

2071 1709 2198 1745 usus
2245 1694 2309 1745 ab
2339 1692 2563 1763 Origene
2612 1694 2815 1749 alienus
2856 1704 2955 1749 est.
3000 1696 3070 1749 At
3099 1696 3205 1751 hoc
3238 1696 3358 1766 ipso
3396 1697 3522 1751 loco
3559 1713 3653 1750 au-

392 1783 742 1851 interpretem
788 1784 1206 1858 Hieronymum.
1256 1787 1520 1860 Origenes
1564 1791 1696 1845 dum
1730 1790 1958 1859 explicat

2071 1792 2192 1836 ctor
2237 1785 2307 1837 ita
2361 1784 2604 1855 loquitur
2646 1796 2705 1839 ut
2760 1787 2928 1840 alium
2986 1803 3151 1858 quam
3185 1787 3485 1859 Origenem
3528 1804 3651 1842 eum

388 1888 453 1926 ea
488 1874 674 1939 verba,
699 1876 803 1939 ἕως
836 1872 896 1930 οὗ
920 1879 1015 1931 καὶ
1043 1878 1104 1930 τὸ
1129 1878 1353 1948 ἔσχατον
1382 1880 1578 1933 λεπτὸν
1614 1879 1849 1950 ἀποδῷς,
1881 1880 1967 1934 lu-

387 1966 488 2031 dit,
522 1976 582 2020 ut
606 1968 852 2030 solet,'in
881 1984 1018 2025 voce
1055 1970 1273 2035 λεπτόν,
1304 1981 1358 2027 et
1395 1974 1634 2027 ostendit
1678 1983 1966 2043 peccatum

387 2074 512 2115 esse
549 2061 633 2116 vel
672 2062 871 2132 pingue
902 2072 957 2117 et
1000 2080 1271 2130 crassum,
1324 2065 1405 2118 vel
1443 2076 1605 2120 tenue
1637 2076 1692 2120 et
1742 2068 1962 2123 subtile.

396 2148 539 2205 Vidit
578 2151 944 2225 Hieronymus
977 2155 1093 2209 lucc
1122 2171 1150 2209 a
1191 2155 1402 2210 Latinis
1449 2156 1676 2226 intelligi
1719 2173 1828 2211 non
1870 2173 1967 2227 po-

389 2244 562 2299 tuisse
584 2246 669 2300 vel
698 2262 792 2315 per
816 2248 1189 2317 quadrantem,
1218 2249 1299 2302 vel
1326 2250 1611 2315 minutum,
1645 2248 1967 2318 monuitque

388 2338 441 2391 id
469 2337 614 2406 quod
646 2338 908 2392 minutum
941 2339 1167 2402 dicitur,
1211 2338 1397 2394 Graece
1439 2348 1591 2392 tenue
1628 2337 1737 2392 dici
1776 2352 1961 2409 posse,

389 2428 535 2481 unde
564 2443 686 2497 quae
719 2437 1027 2498 sequuntur
1060 2430 1280 2484 tandem
1314 2429 1543 2499 intelligi
1582 2438 1831 2498 possunt.

464 2521 622 2587 Hmc,
666 2522 874 2591 inquit,
913 2531 1182 2576 auctorem
1215 2522 1393 2577 Greece
1432 2521 1704 2590 scripsisse
1746 2531 1963 2591 negant,

384 2630 492 2683 qua
531 2612 716 2683 lingua
763 2623 944 2667 notum
983 2626 1059 2668 est
1103 2614 1380 2685 Origenem
1410 2616 1590 2667 omnia
1620 2631 1718 2668 sua
1749 2630 1963 2683 compo-

385 2705 574 2758 suisse.
609 2703 722 2758 lmo
749 2720 879 2759 vero
911 2714 1178 2759 auctorem
1212 2705 1391 2760 Grazce
1422 2706 1698 2776 scripsisse
1731 2720 1839 2759 non
1876 2721 1967 2758 ne-

384 2807 538 2867 gant,
585 2798 678 2851 sed
726 2797 1108 2852 tantummodo
1160 2798 1512 2867 interpretem
1560 2814 1625 2851 ex
1656 2796 1859 2852 Grazcis
1909 2796 1963 2849 in

386 2885 578 2942 Latina
630 2888 1000 2955 transtulisse,
1043 2898 1116 2952 et,
1167 2889 1261 2942 ubi
1306 2902 1445 2958 Opus
1491 2897 1659 2953 esset,
1692 2887 1963 2942 versionis

386 2993 501 3032 sua:
544 2978 808 3034 rationem
854 2980 1187 3047 reddidisse,
1217 2996 1328 3051 quo
1357 2980 1492 3035 nihil
1529 2981 1671 3049 apud
1706 2979 1963 3048 antiquos

386 3069 709 3139 interpretes
740 3069 1069 3127 familiarius
1100 3072 1220 3140 fuit,
1250 3075 1564 3127 ostendunt.
1597 3070 1961 3125 Bellarminus

386 3170 676 3216 tractatum
709 3161 983 3231 quintum,
1013 3162 1255 3233 adeoque
1283 3164 1525 3233 reliquos
1562 3162 1617 3215 in
1642 3159 1960 3217 Matthaaum

383 3254 594 3321 putavit
636 3269 776 3309 esse'
795 3254 976 3309 Latini
1026 3258 1269 3312 auctoris
1313 3273 1328 3312 :
1376 3256 1471 3312 sed
1503 3271 1605 3309 non
1634 3254 1792 3322 ﬁrma
1825 3252 1962 3305 mihi

381 3348 600 3403 videtur
645 3349 766 3419 ejus
816 3350 981 3416 ratio,
1031 3350 1212 3421 inquit
1250 3350 1527 3405 Labbeus.
1574 3347 1640 3401 Et
1669 3356 1788 3401 erat
1815 3354 1964 3400 certe

382 3444 784 3509 inﬁrmissima,
813 3456 873 3500 ut
900 3463 1047 3503 nunc
1086 3457 1313 3518 apparet
1353 3462 1422 3501 ex
1466 3441 1863 3499 commentario
1893 3441 1963 3496 ab

383 3537 580 3595 Huetio
620 3541 810 3596 Graece
860 3542 1030 3597 edito.
1082 3541 1149 3596 Et
1178 3542 1339 3611 digna
1392 3551 1522 3594 sunt
1559 3535 1743 3590 Huetii
1794 3536 1961 3589 verba

380 3647 502 3702 quae
532 3648 560 3685 a
589 3633 790 3688 talibus
843 3633 1221 3704 hypercriticis
1268 3631 1629 3685 observentur
1660 3644 1672 3680 :
1707 3625 1961 3690 Quamvis

380 3727 475 3777 hoc
504 3725 817 3779 Bellarmini
838 3725 1103 3795 judicium
1129 3724 1308 3794 palam
1334 3720 1543 3789 refellat
1566 3718 1766 3772 codicis
1790 3715 1964 3770 (ἓνωεὶ

379 3818 555 3881 lectio,
580 3835 641 3871 ea
671 3828 844 3871 tamen
883 3818 929 3871 si
963 3831 1284 3872 careremus,
1313 3829 1414 3865 non
1440 3810 1559 3880 plus
1590 3809 1786 3862 valeret
1822 3808 1960 3861 illud

380 3913 630 3968 adversus
675 3912 808 3966 hunc
848 3911 1159 3966 Adamantii
1223 3909 1453 3970 librum,
1501 3918 1662 3974 quam
1710 3901 1959 3956 adversus

379 4003 633 4073 reliquos,
680 4021 810 4074 quos
866 4013 1097 4057 veterum
1146 4001 1491 4066 interpretum
1547 3991 1727 4047 studio
1768 3991 1960 4046 Latine

377 4094 611 4152 redditos
652 4096 874 4166 legimus
918 4110 937 4146 .’
973 4094 1027 4147 in
1076 4092 1143 4143 iis
1182 4089 1444 4157 siquidem
1484 4087 1782 4156 frequenter
1810 4084 1958 4152 ejus-

376 4186 521 4239 modi
551 4198 834 4243 occurrunt
865 4186 1233 4239 additamenta
1260 4182 1604 4245 interpretum
1632 4195 1743 4233 sum
1763 4177 1959 4248 lingua:

376 4281 673 4335 hominibus
700 4279 1146 4350 gratiﬁcantium.
1173 4274 1358 4344 Neque
1386 4273 1501 4328 hzec
1523 4273 1591 4327 de
1610 4271 1957 4342 Origenianis

377 4380 587 4425 tantum
619 4386 748 4426 vera
799 4377 947 4424 sunt.
991 4367 1147 4435 Apud
1196 4363 1455 4417 Latinum
1504 4362 1768 4420 Irenaeum
1822 4362 1957 4431 legi-

2072 1874 2240 1931 fuisse
2294 1892 2401 1932 non
2445 1877 2659 1933 credas.
2714 1878 2857 1933 Dicit
2887 1880 3105 1950 aliquos
3134 1896 3233 1951 per
3278 1881 3652 1936 inordinatam

2069 1968 2389 2023 charitatem
2434 1967 2616 2024 dicere
2645 1967 2875 2023 Paulum
2926 1972 3116 2027 sedere
3159 1990 3188 2025 a
3221 1972 3462 2041 dextris,
3510 1973 3652 2028 Maro

2068 2058 2283 2113 cionem
2336 2074 2366 2113 a
2398 2059 2640 2115 sinistris
2686 2059 2991 2115 Salvatoris
3014 2102 3031 2127 ,
3076 2069 3129 2116 et
3167 2078 3265 2131 per
3297 2064 3650 2131 advocatum,

2070 2148 2338 2219 Spiritum
2372 2151 2653 2214 veritatis,
2694 2151 2997 2221 intelligere
3033 2154 3346 2222 apostolum
3374 2154 3646 2211 Paulum:

2070 2242 2224 2307 Quod
2261 2244 2497 2312 quidem,
2526 2243 2722 2312 inquit,
2762 2245 2819 2296 in
2842 2242 3082 2298 Ecclesia
3112 2248 3373 2314 patimur.
3404 2246 3652 2319 Plerique

2065 2336 2206 2387 enim
2248 2334 2375 2386 dum
2418 2333 2539 2403 plus
2584 2350 2677 2387 nos
2725 2334 2952 2406 diligunt
2993 2352 3153 2406 quam
3203 2354 3491 2405 meremur,
3544 2340 3652 2394 han:

2057 2424 2269 2493 jactant
2298 2432 2348 2476 et
2378 2425 2687 2492 loquuntur,
2716 2441 2977 2479 sermones
3009 2437 3214 2480 nostros
3246 2427 3652 2498 doctrinamque

2065 2515 2367 2580 laudantes,
2397 2530 2519 2584 quas
2544 2517 2867 2569 conscientia
2898 2528 3081 2570 nostra
3121 2535 3228 2572 non
3272 2520 3490 2587 recipit.
3540 2521 3649 2575 Alii

2065 2624 2182 2660 vero
2241 2616 2501 2660 tractatus
2536 2617 2747 2660 ηοδιιόδ
2793 2607 3180 2664 calumniantes
3216 2626 3280 2664 ea
3311 2612 3515 2664 sentire
3556 2628 3646 2664 nos

2065 2698 2446 2759 criminantur,
2499 2714 2617 2767 qua:
2664 2715 2931 2769 nunquam
2980 2700 3202 2753 sensisse
3242 2716 3339 2753 nos
3386 2702 3647 2755 novimus.

2065 2789 2198 2854 Qum
2224 2790 2291 2843 de
2321 2789 2502 2858 seipso
2530 2789 2818 2860 Origenem
2850 2791 3142 2860 scripsisse
3169 2792 3298 2861 quis
3333 2808 3441 2846 non
3471 2794 3653 2849 videt?

2067 2882 2171 2937 Sed
2212 2883 2389 2938 obiter
2426 2885 2661 2954 appellat
2691 2883 2954 2952 Spiritum
2998 2883 3055 2937 S.
3106 2885 3323 2938 tertiam
3365 2902 3651 2954 personam

2064 2994 2094 3028 a
2122 2975 2283 3029 Patre
2322 2986 2373 3030 et
2392 2976 2569 3039 Filio;
2604 2994 2673 3031 an
2706 2985 2890 3031 autem
2928 2975 3193 3047 Origenes
3238 2977 3313 3031 ita
3355 2978 3510 3047 loqui
3542 2995 3650 3032 non

2065 3070 2280 3139 potuit?
2308 3068 2486 3124 Latini
2518 3069 2709 3124 Patres
2743 3067 3039 3121 ὑπόστασιν
3074 3084 3357 3136 personam
3406 3077 3650 3123 transtu-

2063 3163 2264 3217 lerunt.
2321 3162 2457 3218 Tres
2494 3172 2676 3217 autem
2722 3162 2778 3217 in
2817 3162 3017 3216 divinis
3062 3162 3396 3225 ὑποστάσεις
3433 3178 3651 3233 semper

2061 3255 2285 3323 agnovit
2313 3252 2596 3325 Origenes.
2646 3251 2766 3322 Ipse
2795 3252 3037 3308 secundo
3067 3261 3219 3307 tomo
3258 3254 3315 3307 in
3348 3254 3616 3309 Joannem
3637 3267 3655 3304 :

2074 3346 2261 3416 Ἡμεῖς
2298 3346 2479 3416 μέντοι
2511 3363 2575 3415 γε
2607 3347 2757 3415 τρεῖς
2790 3344 3119 3408 ὑποστάσεις
3159 3344 3483 3416 πειθόμενοι
3513 3363 3649 3416 τυγο

2063 3436 2266 3505 χάνειν,
2292 3438 2384 3490 τὸν
2406 3436 2647 3507 Πατέρα,
2665 3435 2758 3489 καὶ
2787 3434 2880 3487 τὸν
2911 3434 3056 3497 Υἰὸν,
3080 3434 3175 3489 καὶ
3200 3435 3263 3489 τὸ
3294 3436 3454 3505 ἅγιον
3479 3438 3652 3491 ΙΙνεύ-

2064 3547 2139 3600 μα
2187 3529 2287 3599 (ita
2328 3530 2431 3599 legi
2489 3530 2543 3583 in
2597 3543 2700 3583 ms.
2740 3538 2966 3594 nostro;
3012 3537 3069 3583 et
3111 3531 3364 3599 agnoscit
3416 3530 3651 3589 Huetius

2062 3619 2151 3672 illa
2183 3620 2349 3674 verba
2400 3618 2616 3673 καὶτὸν
2650 3618 2777 3672 Υἱόν
2828 3617 2880 3671 iu
2924 3618 3164 3672 editione
3216 3635 3318 3674 sua
3352 3635 3451 3690 per
3495 3632 3651 3693 typo-

2061 3713 2251 3780 graphi
2285 3712 2554 3765 incuriam
2575 3725 2697 3764 esse
2725 3710 3137 3779 prastermiSsa);
3160 3708 3454 3768 Ferrarius
3481 3714 3652 3768 inter-

2063 3816 2186 3869 pres
2214 3821 2226 3855 :
2262 3801 2376 3855 Nos
2412 3812 2588 3853 autem
2619 3800 2710 3868 qui
2744 3810 2849 3877 tres
2880 3815 3153 3868 personas,
3201 3798 3420 3855 Patrem
3464 3813 3514 3856 et
3546 3801 3647 3856 Fi-

2060 3893 2191 3946 lium
2244 3904 2399 3962 atque
2456 3893 2718 3962 Spiritum
2772 3890 2831 3946 S.
2872 3908 2983 3947 esse
3044 3891 3331 3948 credimus.
3399 3894 3649 3951 Plurima

2061 3998 2190 4041 sunt
2234 3989 2285 4041 in
2320 3985 2534 4042 Latinis
2569 3984 2819 4053 Origenis
2855 3986 2922 4041 de
2953 3985 3223 4041 Trinitate
3253 4002 3649 4057 personarum,

2060 4078 2155 4134 sed
2189 4088 2442 4147 suspecta
2472 4093 2535 4131 ea
2561 4075 2757 4131 Huetio
2790 4075 2921 4132 facit
2947 4076 3092 4131 ﬂuxa
3126 4076 3326 4130 Bullini
3366 4078 3648 4150 interpre-

2064 4173 2133 4225 tis
2167 4171 2321 4224 lides.
2360 4168 2425 4223 Et
2454 4167 2678 4239 quidem
2712 4168 2806 4223 ubi
2853 4169 2921 4222 de
2961 4169 3171 4223 unitate
3199 4166 3514 4234 Trinitatis,
3554 4180 3649 4225 aut

2058 4266 2372 4334 aequalitate
2416 4279 2778 4335 personarum
2811 4263 3009 4333 agitur,
3060 4264 3259 4318 merito
3284 4265 3645 4320 diuidendum

2058 4367 2143 4413 est
2192 4357 2509 4427 interpreti;
2576 4356 2643 4410 de
2683 4349 2967 4409 Trinitate’
3010 4364 3191 4409 autem
3254 4360 3647 4414 tantummodo

376 4479 499 4519 mus
546 4480 559 4517 :
599 4463 849 4521 Euadne.
876 4461 934 4517 id
981 4470 1057 4513 est
1110 4458 1442 4528 cogitationi.
1503 4456 1758 4522 Hermes,
1815 4456 1952 4509 sicut
1990 4469 2030 4523 υ
2060 4450 2336 4520 loquenti,
2377 4450 2520 4504 ratio
2558 4448 2711 4502 nulla
2748 4457 2833 4502 est
2875 4463 2976 4501 cur
3007 4446 3339 4503 dillidamus.
3383 4449 3442 4503 ln
3489 4461 3648 4507 sexto

377 4556 559 4612 Graeco
608 4570 844 4609 sermone
915 4552 1255 4620 exprimitur,
1303 4548 1595 4622 Αἰμυλίους
1650 4565 1711 4602 τε
1763 4548 1955 4617 λόγους

375 4651 469 4703 καὶ
503 4648 794 4702 ἐπίκλοπον
820 4640 948 4714 ἦθος
981 4643 1066 4696 ἐπ’
1101 4644 1299 4706 αὐτοὺς
1333 4643 1580 4709 κάτθετο,
1625 4651 1683 4695 ut
1713 4642 1808 4695 hoc
1837 4642 1953 4710 ipso

376 4740 574 4794 Latino
620 4751 858 4791 sermone
899 4734 1163 4801 dicamus,
1218 4733 1603 4790 fraudulentiaa
1633 4734 1740 4787 sive
1789 4732 1953 4786 sedu-

373 4832 573 4889 ctionis
595 4830 783 4891 verba,
813 4839 865 4883 et
895 4828 1307 4885 subinvolantes
1338 4843 1521 4884 mores
1546 4827 1745 4883 indidit
1768 4842 1951 4880 eorum

372 4925 611 4981 sensibus
654 4923 723 4977 ad
763 4922 1116 4975 seducendum
1159 4921 1350 4976 stultos
1395 4922 1692 4986 hominum,
1733 4926 1793 4972 ut
1833 4933 1948 4970 cre-

371 5025 502 5078 dant
551 5019 837 5089 ﬁgmentis.
888 5017 1064 5073 Mater
1108 5020 1267 5081 enim,
1308 5019 1405 5072 hoc
1448 5028 1522 5071 est
1551 5017 1704 5079 Leto,
1748 5011 1949 5066 occulte

369 5112 654 5167 commovit
693 5126 779 5163 eos
801 5126 819 5173 ;
864 5110 1001 5163 unde
1040 5120 1089 5164 et
1134 5110 1260 5169 Leto
1288 5117 1594 5177 nuncupata
1627 5112 1725 5169 est,
1764 5118 1950 5156 secun-

366 5204 499 5256 dum
545 5201 717 5257 Grteci
750 5204 1004 5257 sermonis
1046 5204 1485 5273 signiﬁcantium.
1540 5200 1755 5253 Rursus
1790 5213 1803 5248 :
1838 5193 1951 5247 Ilo-

370 5310 545 5348 merus
575 5303 729 5362 poeta
771 5294 907 5349 dixit
948 5313 967 5351 :
1007 5296 1070 5349 Οἱ
1102 5296 1159 5348 δὲ
1192 5294 1304 5348 θεοὶ
1338 5291 1453 5363 πὰρ
1487 5289 1619 5361 Ζηνὶ
1652 5286 1949 5356 καθήμενοι

367 5385 678 5457 ἠγορόωντο
706 5386 934 5459 Χρυσέῳ
980 5388 1038 5441 ἐν
1082 5387 1317 5457 δαπέδῳ.
1363 5382 1518 5448 Quod
1550 5379 1737 5434 Latine
1780 5378 1947 5430 inter-

370 5478 724 5547 pretabimur,
782 5481 860 5536 dii
909 5492 1091 5537 autem
1149 5479 1295 5550 apud
1345 5478 1533 5532 Jovem
1598 5471 1947 5528 consideutos

373 5569 681 5626 tractabant
725 5572 779 5625 iu
811 5589 977 5629 aureo
1016 5574 1158 5628 loco.
1210 5572 1390 5637 Atque
1421 5566 1616 5619 iterum
1645 5581 1660 5617 :
1685 5560 1948 5615 Similiter

370 5671 419 5715 et
445 5657 683 5715 Sabaoth
712 5679 803 5736 per
841 5665 883 5715 Ω
912 5663 1123 5733 quidem
1156 5660 1404 5713 Graecam
1450 5655 1504 5707 in
1536 5651 1743 5721 syllaba
1773 5653 1948 5705 novis-

372 5755 504 5812 sima
559 5757 852 5823 scribitur;
916 5773 1007 5826 per
1064 5758 1104 5810 0
1157 5762 1333 5808 autem
1402 5748 1640 5810 Graecam
1704 5755 1761 5804 ut
1817 5756 1945 5821 puta

2057 4551 2208 4598 tomo
2256 4545 2310 4598 in
2335 4542 2596 4599 Joannem
2639 4540 2940 4595 etiamnum
2992 4539 3223 4608 legimus
3254 4543 3647 4615 προσκυνητὴν

2058 4633 2287 4704 Τριάδα,
2324 4632 2657 4685 adorandum
2697 4630 3013 4684 Trinitatem
3037 4645 3057 4682 :
3096 4631 3260 4701 idque
3291 4643 3418 4688 ante
3446 4636 3645 4690 obser—

2057 4735 2278 4780 vaverat
2330 4723 2387 4778 S.
2426 4723 2662 4779 Basilius
2683 4721 2756 4773 l.|
2786 4719 2858 4772 De
2885 4720 3088 4789 Spiritu
3111 4720 3171 4776 S.
3197 4739 3319 4794 cap.
3344 4723 3440 4781 29.
3494 4726 3644 4783 Nihil

2054 4818 2199 4872 enim
2230 4817 2436 4871 certius
2466 4826 2550 4871 est
2579 4828 2742 4883 quam
2776 4812 3065 4882 Origenem
3113 4823 3224 4870 tres
3270 4832 3543 4886 personas
3588 4822 3642 4875 in

2053 4912 2256 4965 divinis
2301 4912 2627 4980 agnovisse,
2678 4915 2733 4961 et
2773 4916 2967 4959 contra
3018 4922 3117 4961 eos
3175 4909 3497 4979 disputasse
3545 4917 3642 4985 qui

2055 5022 2218 5062 unam
2252 5006 2550 5059 ὑπόστασιν
2575 5000 2924 5066 asserebant;
2953 5002 3097 5071 quod
3130 5003 3173 5057 si
3201 5019 3295 5057 eas
3325 5007 3640 5063 substantia

2052 5098 2342 5151 distinctas
2379 5106 2433 5148 et
2468 5094 2762 5163 inaequales
2791 5092 2997 5156 docuit,
3034 5109 3102 5147 eo
3149 5098 3267 5165 ipso
3305 5101 3485 5169 magis
3520 5116 3643 5155 cer-

2054 5200 2167 5243 tum
2194 5199 2298 5243 est.
2352 5186 2423 5241 Ut
2458 5199 2642 5241 autem
2674 5184 3077 5241 distinctionem
3110 5189 3181 5242 ita
3209 5192 3373 5245 etiam
3404 5203 3460 5247 et
3489 5195 3640 5249 ordi-

2053 5296 2176 5334 nem
2210 5278 2454 5343 tradidit,
2486 5277 2580 5347 qui
2619 5276 2656 5329 Ι.
2683 5292 2716 5329 v
2756 5277 3005 5336 adversus
3040 5283 3250 5337 Celsum
3288 5296 3399 5336 non
3424 5286 3637 5340 veritus

2050 5380 2134 5426 est
2158 5372 2341 5425 dicere
2360 5370 2641 5424 Christum
2666 5367 2918 5437 δεύτερον
2938 5370 3088 5431 Θεόν,
3119 5373 3409 5427 secundum
3427 5376 3635 5441 Deum;

2049 5472 2104 5518 et
2129 5478 2293 5535 quem
2330 5462 2497 5516 tradit
2524 5460 2888 5531 Hieronymus
2919 5461 2985 5515 ad
3012 5461 3258 5530 Avitum,
3289 5465 3343 5518 in
3378 5467 3416 5521 l.
3444 5482 3461 5519 ι
3496 5466 3635 5530 Περὶ

2042 5551 2248 5627 ἀρχῶν
2269 5555 2548 5619 docuisse,
2586 5551 2790 5607 Filium
2828 5569 3030 5625 quoque
3063 5557 3322 5610 minorem
3350 5557 3542 5625 Patre,
3575 5576 3636 5614 το

2049 5650 2187 5721 quod
2218 5650 2479 5703 secundus
2520 5648 2583 5703 ab
2620 5648 2713 5702 illo
2746 5649 2836 5713 sit,
2867 5658 2915 5701 et
2941 5647 3203 5717 Spiritum
3237 5650 3295 5705 S.
3324 5651 3636 5721 inferiorem

2057 5742 2200 5801 Filio
2267 5745 2321 5805 in
2379 5743 2578 5802 sanctis
2635 5742 2920 5813 quibusque
2971 5742 3187 5795 versari.
3264 5740 3379 5802 lmo
3439 5747 3632 5808 eadem
