3770 6340
160 282 239 338 131
868 284 919 341 Ι.
958 280 1323 341 PEARSONII
1361 282 1688 341 VINDICIE
1731 279 2150 338 IGNATIANAS.
2187 312 2258 320 —
2290 279 2470 334 PARS
2507 279 2547 333 l.

3307 274 3407 329 ne

155 405 363 474 epistola
391 402 775 475 Hieronymus,
821 404 887 457 de
918 403 1245 458 Adamantio
1291 422 1303 455 :
1343 403 1580 456 Tertium
1625 403 1710 455 di—
1741 403 1787 457 Α
1815 399 2189 462 lentissimus,
2254 398 2495 452 Joannes
2566 394 2843 466 Lightl'oot
2870 439 2882 461 ,
2954 395 3007 448 in
3072 394 3394 447 canonicam

155 502 336 567 gnitate
380 507 429 549 et
469 496 684 559 honore,
730 506 846 565 post
900 496 1115 549 Patrem
1163 506 1210 549 et
1257 495 1477 557 Filium,
1520 495 1709 546 asserit

154 592 394 657 Spiritum
418 588 474 643 S.
510 588 656 643 Satis
686 590 849 659 igitur
886 590 1169 660 principiis
1195 590 1442 657 Origenis
1476 603 1710 642 consen-

154 694 349 736 laneum
394 690 477 736 est
500 680 764 749 Spiritum
819 680 877 735 S.
913 698 1159 737 asserere
1198 684 1406 735 tertiam
1431 697 1711 751 personam

149 790 175 824 α
207 770 356 824 Patre
394 780 443 824 et
471 769 635 824 Filio.
678 769 931 825 Secundo
958 813 972 835 ,
1012 772 1202 841 objicit
1243 788 1491 841 personas
1528 772 1709 842 longos

148 879 389 915 sermones
436 863 575 915 inter
611 880 666 916 se
694 874 943 925 serentes,
973 875 1161 918 contra
1197 880 1405 918 morem
1432 862 1707 936 Origenis,

144 952 324 1024 qualis,
355 955 553 1023 inquit,
596 954 692 1008 illa
735 965 811 1008 est
839 954 1041 1009 Christi
1079 973 1194 1008 cum
1243 965 1501 1010 tentatore
1540 956 1706 1010 collo-

152 1048 313 1101 rutio:
342 1046 664 1116 Respondeo
696 1048 813 1110 tibi,
846 1063 878 1102 o
911 1049 1211 1117 versipellis
1240 1056 1291 1101 et
1324 1063 1581 1119 nequam,
1612 1050 1705 1119 qui

150 1154 223 1193 me
256 1148 460 1193 tentare
512 1155 620 1193 non
653 1140 874 1205 metuis,
920 1150 969 1191 et
1016 1149 1230 1194 cwtera.
1282 1141 1488 1195 Cretera
1523 1151 1704 1194 autem

148 1234 246 1286 haec
277 1235 652 1286 tantummodo
699 1245 847 1297 sunt,
892 1232 1033 1286 alius
1078 1244 1153 1286 est
1194 1235 1347 1303 panis
1388 1250 1561 1288 sermo
1588 1234 1703 1299 Dei,

143 1320 221 1388 qui
246 1321 465 1387 vivi/Scal
500 1321 788 1376 hominem.
824 1321 966 1375 Proh
1002 1324 1192 1393 longos
1219 1326 1533 1379 sermones!
1568 1326 1704 1394 proh

148 1413 394 1480 prolixam
439 1413 862 1468 collocationem
898 1416 910 1468 !
970 1415 1074 1469 Sed
1105 1416 1370 1485 prolixior
1405 1417 1579 1487 angeli
1607 1432 1704 1470 cu-

146 1507 292 1559 stodis
343 1508 410 1559 ad
458 1508 750 1576 principem
792 1509 1039 1577 angelum
1087 1509 1303 1573 oratio;
1354 1509 1467 1562 imo
1516 1509 1703 1563 infelix

148 1599 355 1653 [lallams
385 1601 481 1669 qui
514 1599 902 1665 adversarium,
956 1615 986 1653 a
1029 1600 1277 1671 principe
1314 1600 1478 1671 hujus
1514 1601 1704 1657 saeculi

150 1690 397 1754 missum,
450 1700 786 1761 quatrentem
845 1694 1199 1747 occasionem
1264 1692 1609 1758 insidiarum,
1653 1692 1698 1747 si

1818 488 2018 545 Eliensi
2067 492 2271 561 collega
2320 500 2525 553 noster,
2579 490 2644 544 ad
2681 488 3036 560 Evangelium
3085 484 3395 540 S..loannis

1814 600 1934 654 cap.
1959 600 2033 647 Iv,
2077 601 2221 639 vers.
2253 585 2341 645 15,
2388 586 2479 638 ubi
2532 584 2727 637 mulier
2758 582 3107 636 Samaritana
3141 579 3393 633 Messium

1814 679 2088 734 nominat.
2122 677 2389 733 Praeterea
2430 686 2484 732 et
2516 678 2756 747 juvenis,
2786 685 2838 730 et
2882 676 2947 729 ad
2979 675 3238 744 populum
3282 674 3396 726 inec

1813 750 2032 837 scripsit
2072 766 2368 838 Origenes;
2436 785 2540 822 non
2580 768 2744 839 igitur
2786 776 2914 838 tunc
2959 766 3192 820 fortasse
3232 775 3385 818 ιιοιειο

1811 870 2000 929 verat,
2049 870 2144 916 aut
2188 872 2336 917 certe
2386 876 2493 915 non
2545 876 2767 915 necesse
2816 861 3008 915 habuit
3064 861 3391 914 sententiam

1814 953 2240 1008 Sadduca‘orum
2286 953 2614 1024 peculiarem
2676 962 2904 1007 notare:
2939 954 3191 1007 observat
3245 952 3391 1005 enim

1813 1044 2141 1101 Sadducazos
2201 1055 2410 1101 tantum
2478 1047 2771 1116 portionem
2818 1044 3129 1099 Judworum
3199 1044 3390 1099 fuisse.

1811 1140 2103 1211 Utcunque
2139 1152 2286 1195 totus
2323 1141 2411 1194 hic
2461 1149 2728 1194 tractatus
2766 1140 2942 1209 ipsum
2983 1137 3268 1208 Origenem
3306 1153 3394 1191 sa-

1809 1236 1914 1305 pit;
1965 1249 2029 1287 ac
2062 1236 2332 1304 prateipue
2382 1234 2556 1302 prima
2603 1232 2693 1285 illa
2735 1231 3004 1286 sententia
3047 1248 3058 1283 :
3101 1230 3204 1296 Qui
3240 1238 3393 1283 erunt

1807 1328 1945 1380 sicut
1993 1324 2206 1395 angeli,
2260 1324 2440 1393 utique
2493 1321 2665 1392 angeli
2712 1330 2887 1375 erunt.
2953 1320 3067 1373 lmo
3114 1320 3229 1374 inec
3274 1320 3393 1389 ipsa

1806 1415 2060 1486 quaestio,
2116 1429 2282 1483 quam
2336 1412 2613 1467 molestam
2668 1396 2825 1467 vocat
2909 1411 3145 1465 homilias
3199 1420 3391 1465 auctor

1808 1508 2060 1580 (scilicet,
2112 1506 2199 1559 ubi
2255 1505 2511 1572 scriptum
2565 1516 2662 1569 est,
2721 1505 2844 1574 quia
2902 1522 2919 1554 ι
2958 1518 3133 1572 neque
3186 1504 3391 1556 nubent

1808 1613 1983 1668 neque
2000 1596 2273 1651 nubentur
2304 1594 2379 1646 ὀἳ
2408 1596 2480 1667 ι),
2506 1611 2612 1649 non
2631 1606 2714 1651 est
2740 1594 2965 1649 alterius
3006 1610 3170 1664 quam
3204 1593 3387 1665 Orige-

1806 1690 1912 1745 nis.
1956 1688 2217 1743 Eamdcm
2260 1688 2406 1741 enim
2450 1688 2565 1757 ipse
2595 1687 2851 1757 proponit
2894 1686 2948 1740 in
2982 1686 3392 1741 commentariis

144 1797 241 1852 quo
265 1782 419 1836 modo
451 1797 553 1837 nos
585 1783 905 1838 subvertere
931 1792 1116 1853 queat,
1143 1783 1387 1854 angelum
1432 1784 1702 1837 custodem
1734 1758 1777 1813 Β
1807 1782 1873 1837 ad
1905 1781 2217 1837 Matthaeum
2242 1824 2256 1847 ,
2303 1797 2537 1851 eamque
2582 1797 2814 1852 operose
2860 1782 3053 1847 solvit,
3097 1781 3393 1836 ostendens

144 1874 274 1927 facit.
314 1873 485 1928 Totus
519 1874 619 1929 iste
658 1877 812 1931 locus
843 1886 952 1930 tam
984 1891 1118 1945 pure
1153 1886 1236 1930 est
1264 1875 1607 1947 Origcnicus,
1643 1883 1703 1931 ut

144 1968 214 2020 his
240 1982 317 2019 me
344 1967 628 2021 immorari
661 1972 877 2037 pudeat.
913 1967 1116 2033 Tertio,
1148 1983 1273 2022 cum
1298 1966 1558 2038 Origenes
1587 1969 1703 2038 ipse

143 2060 269 2114 solos
321 2060 491 2115 libros
551 2061 687 2131 legis
739 2060 1029 2114 admisisse
1092 2059 1422 2114 Sadducazos
1482 2060 1696 2124 doceat,

143 2151 341 2205 homilia
364 2152 455 2217 '59,
494 2153 613 2206 loca
654 2170 718 2207 ex
748 2152 885 2209 Isaia
919 2164 973 2209 et
998 2154 1231 2210 Psalmis
1270 2154 1470 2218 citans,
1511 2153 1693 2207 addit:

143 2243 255 2307 Qua:
291 2246 470 2297 omnia
521 2247 874 2314 corporaliter
914 2248 1331 2319 intelligentibus
1385 2246 1695 2302 Sadducteis

140 2336 214 2402 qui
237 2347 377 2388 erant
402 2337 580 2404 portio
602 2335 935 2403 Jadworum,
961 2340 1092 2391 dicit
1116 2337 1367 2392 Salvator
1387 2353 1407 2391 :
1435 2336 1697 2393 «Nescitis

143 2427 448 2497 Scripturas,
499 2446 673 2499 neque
718 2432 972 2485 virtutem
1013 2432 1106 2486 Dei
1137 2434 1179 2486 ⁸.
1216 2452 1234 2484 ι
1292 2433 1396 2487 Sed
1430 2448 1535 2486 nou
1564 2432 1700 2487 dicit

148 2523 222 2577 hic
251 2523 509 2593 Origenes
543 2526 592 2578 id
618 2526 764 2594 quod
791 2526 1127 2579 contrarium
1159 2537 1242 2581 est
1266 2527 1501 2595 cuipiam
1547 2526 1697 2595 quod

140 2611 249 2665 alibi
292 2614 509 2680 docuit;
568 2631 674 2668 non
728 2616 873 2668 enim
918 2615 1153 2669 aﬂirmat
1189 2614 1519 2671 Sadducwos
1569 2631 1697 2685 pro-

141 2705 302 2772 phetas
346 2708 397 2760 in
454 2723 725 2761 eanonem
773 2709 1185 2778 Scripturarum
1234 2710 1525 2780 recepisse.
1581 2708 1695 2762 Hoc

141 2808 319 2851 tantum
345 2800 504 2865 dicit,
541 2798 871 2857 Sadducaaos
919 2802 1060 2856 male
1094 2803 1428 2858 intellexisse
1458 2802 1695 2873 prophe-

140 2901 230 2958 tas;
259 2902 552 2962 potuerunt
593 2903 774 2947 autem
808 2902 863 2948 et
891 2894 1212 2964 intelligere,
1246 2904 1299 2949 et
1333 2897 1498 2949 etiam
1530 2897 1689 2963 male,

138 2994 189 3031 ea
206 2996 314 3048 qua:
343 2997 437 3049 pro
470 2984 647 3035 sacris
672 2981 976 3053 Scripturis
1023 3000 1130 3038 non
1166 2986 1422 3039 habuere.
1472 2986 1691 3040 Saddu-

1807 1874 1949 1929 hanc
1976 1875 2299 1930 sententiam
2320 1876 2371 1928 in
2407 1874 2707 1945 Scripturis
2727 1891 2835 1929 non
2854 1875 3074 1944 quidem
3095 1874 3389 1940 αὐτολεξεὶ,

1805 1969 1931 2035 ipsis
1969 1968 2159 2032 verbis,
2205 1970 2299 2023 sed
2345 1970 2401 2020 ὲν
2435 1970 2798 2040 τροπολογίᾳ.
2852 1968 3174 2037 tropologice
3216 1969 3393 2021 conti-

1805 2062 1956 2127 neri,
2014 2071 2179 2131 atque
2230 2062 2361 2116 hinc
2410 2064 2548 2116 mire
2606 2062 2943 2117 contendens
2996 2061 3392 2131 tropologieam

1804 2152 2102 2222 Scriptura}
2133 2154 2534 2223 expositionem
2566 2169 2689 2209 esse
2724 2169 2947 2223 prorsus
2994 2154 3387 2219 necessariam,

1800 2250 1948 2319 quod
1978 2250 2050 2314 ei,
2079 2250 2174 2319 qui
2208 2251 2351 2305 hanc
2394 2266 2505 2304 non
2547 2251 2811 2314 admittit,
2840 2248 2923 2304 vel
2974 2249 3155 2304 locum
3198 2265 3390 2302 corru-

1799 2350 1951 2413 ptum
1997 2342 2391 2412 pronuntiare,
2435 2342 2519 2397 vel
2567 2341 2810 2405 Christo,
2856 2344 3015 2412 quasi
3052 2357 3243 2396 verum
3280 2358 3388 2398 non

1800 2438 2033 2505 dixerit,
2074 2438 2218 2493 haud
2257 2438 2518 2503 credere,
2570 2438 2656 2493 vel
2701 2439 2768 2493 ad
2818 2438 2991 2495 libros
3044 2438 3387 2510 apocryphos

1797 2528 2127 2600 confugere,
2160 2544 2381 2585 necesse
2413 2530 2504 2583 sit.
2560 2527 2813 2584 Ostendit
2854 2529 2994 2583 hanc
3026 2529 3385 2599 (ιυςεειίοιιειιι

1796 2638 1862 2677 ex
1891 2622 2073 2677 verbis
2091 2621 2295 2676 Christi
2312 2622 2455 2691 apud
2476 2620 2788 2676 Matthzeum
2809 2631 2973 2690 atque
2991 2620 3257 2685 Marcum,
3276 2636 3386 2674 non

1797 2722 1974 2767 autem
1994 2729 2059 2767 ex
2079 2713 2184 2767 illis
2201 2714 2344 2781 apud
2364 2711 2569 2765 Lucam
2590 2711 2741 2767 oriri.
2762 2710 2827 2765 Et
2844 2710 3065 2781 quidem
3086 2710 3139 2764 in
3161 2710 3383 2764 homilia

1798 2804 1849 2857 in
1869 2802 2098 2863 Lucam,
2117 2803 2320 2856 omittit
2339 2802 2503 2856 verba
2524 2800 2706 2864 Lucw,
2726 2815 3027 2870 eorumque
3045 2802 3166 2855 loco
3182 2801 3359 2855 substi

1797 2896 1900 2950 tuit
1934 2896 2104 2950 verba
2132 2891 2390 2957 Matthaei,
2413 2902 2471 2948 ut
2504 2894 2648 2948 banc
2670 2893 3032 2963 quaestionem
3050 2892 3381 2946 introducat.

1871 2989 2145 3045 Firmiora
2194 2990 2356 3044 nobis
2407 3002 2506 3058 pro
2540 2986 2777 3057 Origene
2823 2996 3143 3056 argumenta
3189 2994 3242 3038 et
3282 3001 3384 3055 pro

136 3071 214 3125 cati
240 3074 447 3143 quidem
489 3073 790 3130 Samaritas
820 3077 990 3131 secuti
1042 3085 1189 3141 sunt,
1219 3078 1379 3149 ὃμοια
1413 3080 1687 3151 Σαμαρεξο
1720 3097 1761 3155 C
1798 3083 2095 3152 interprete
2128 3080 2467 3153 Hieronymo
2501 3081 2769 3136 adversus
2799 3079 3055 3134 Latinum
3102 3089 3382 3135 auctorem

136 3180 233 3225 ταις
263 3166 617 3236 φρονοῦντες,
653 3177 706 3222 et
740 3167 808 3221 τὰ
838 3169 1016 3222 πάντα
1058 3170 1149 3224 ἶσα
1182 3172 1547 3243 Σαμαρείταις
1594 3192 1689 3244 φυ-

140 3257 430 3326 Maronem,
484 3271 545 3315 ut
598 3262 844 3332 loquitur
894 3261 1255 3333 Epiphanius.
1314 3264 1380 3318 Et
1441 3267 1693 3335 rejecisse

138 3348 320 3415 quidem
364 3367 460 3407 eos
493 3352 904 3409 Pharisaeorum
955 3355 1317 3427 δευτερώσεις
1357 3374 1421 3412 ex
1451 3357 1691 3429 Josepho

140 3450 275 3508 patet.
306 3443 407 3497 Sed
438 3454 638 3504 D’N’ZJ
674 3456 728 3500 et
756 3455 959 3507 minus:
985 3449 1267 3518 prophetas
1320 3460 1375 3503 et
1404 3450 1691 3521 lmgiogra-

136 3533 239 3596 piros
282 3535 330 3588 in
374 3537 703 3592 traditiones
731 3538 855 3607 quis
897 3537 1037 3593 ferat
1072 3541 1384 3594 numerari?
1421 3539 1691 3609 Interpres

140 3626 324 3693 quidem
377 3627 672 3697 Origenis,
720 3645 883 3698 quem
940 3630 1381 3696 all‘ertDallazus,
1414 3632 1546 3685 dicit
1595 3646 1690 3685 eos

139 3732 297 3777 sacras
324 3718 645 3790 Scripturas
670 3732 821 3776 extra
855 3722 1025 3777 libros
1056 3722 1330 3777 Mosaicos
1363 3739 1468 3776 nou
1499 3722 1686 3793 lugere,

139 3809 213 3862 sed
238 3809 411 3866 Graeca
446 3822 649 3884 negant
680 3824 892 3869 tantum
921 3815 1243 3887 προσίεσθαι
1273 3817 1357 3870 vel
1388 3816 1689 3888 παραδέχε-

141 3899 257 3964 σθαι,
303 3904 540 3969 scilicet,
588 3906 639 3959 in
671 3906 1065 3963 controversiis
1093 3908 1216 3963 ﬁdei
1256 3907 1689 3962 determinandis

138 3994 400 4049 adniittere.
460 3994 577 4050 Hoc
603 3999 748 4052 enim
781 3998 1137 4054 fundamento
1169 4000 1254 4055 usi
1282 4009 1432 4067 sunt,
1474 4000 1685 4053 nullum

140 4084 393 4142 articulum
438 4088 566 4143 fidei
602 4089 1000 4144 admittendum
1051 4104 1194 4153 esse,
1226 4089 1321 4158 qui
1360 4104 1470 4142 non
1506 4103 1571 4142 ex
1622 4086 1688 4139 li-

140 4176 230 4230 bris
253 4178 498 4237 Mosaicis
532 4182 748 4251 probari
782 4192 987 4251 posset.
1022 4180 1285 4252 Reliquos
1316 4191 1497 4236 autem
1535 4180 1686 4235 Scri-

139 4278 278 4336 ptura:
309 4275 473 4329 libros
519 4275 622 4343 ipsi
655 4275 926 4343 legebant,
962 4284 1016 4329 et
1048 4276 1123 4328 ita
1159 4276 1682 4345 interpretabantur,

141 4370 187 4413 ut
222 4362 564 4421 fundamento
612 4383 713 4423 suo
759 4368 1138 4422 contradicere
1188 4383 1295 4420 non
1342 4368 1680 4422 viderentur.

1796 3182 2119 3246 suppetunt.
2165 3173 2223 3228 S.
2252 3173 2620 3245 Hieronymus
2660 3173 2998 3242 inuatalogo
3042 3173 3182 3226 inter
3216 3187 3382 3243 Opera

1795 3284 1825 3323 ξι
1869 3284 1928 3324 se
1972 3268 2140 3332 edita,
2182 3268 2235 3321 in
2262 3266 2463 3321 Lucam
2506 3266 2758 3319 homilias
2807 3266 3026 3336 triginta
3068 3281 3248 3319 novem
3297 3281 3385 3319 re.

1794 3361 1963 3423 citat;
2013 3361 2271 3416 homilias
2314 3368 2496 3413 autem
2537 3359 2653 3428 ipse
2695 3373 2974 3427 nunquam
3026 3357 3267 3426 scripsit.
3323 3355 3381 3412 In

1795 3452 2019 3522 prologo
2050 3452 2117 3506 ad
2144 3451 2372 3506 Paulam
2417 3461 2471 3506 et
2500 3449 2861 3505 Eustochium
2908 3449 3151 3503 ostendit
3193 3464 3252 3503 se
3282 3464 3380 3503 eas

1792 3555 1859 3595 ex
1918 3540 2145 3611 Origene
2196 3543 2546 3598 transtulisse
2596 3542 2682 3596 his
2735 3541 2972 3594 verbis:
3020 3541 3377 3604 Quamobrem

1791 3634 2022 3703 petistis,
2048 3642 2128 3695 ut,
2161 3633 2474 3702 contemptis
2506 3632 2816 3685 istiusmodi
2847 3632 3021 3700 nugis,
3058 3630 3248 3685 saltem
3279 3633 3380 3685 tri-

1791 3725 1939 3795 ginta
1966 3733 2015 3778 et
2047 3739 2227 3777 novem
2250 3722 2563 3777 Adamantii
2593 3722 2764 3777 nostri
2800 3723 2856 3775 in
2877 3721 3079 3775 Lucam
3100 3722 3375 3788 homilias,

1790 3818 1929 3871 sicut
1962 3817 2016 3870 in
2043 3816 2228 3873 Gra'co
2258 3815 2542 3881 habentur,
2580 3816 2909 3885 interpreter.
2951 3816 3235 3871 Molestam
3268 3832 3378 3870 rem

1789 3921 1839 3965 et
1863 3920 2121 3965 tormento
2144 3910 2393 3977 similem,
2418 3910 2614 3977 alieno,
2640 3920 2695 3963 ut
2721 3912 2797 3963 ait
2826 3911 3054 3977 Tullius,
3080 3914 3375 3977 stomacho,

1788 4013 1837 4057 et
1866 4020 1971 4057 non
1998 4019 2095 4057 suo
2138 4003 2367 4057 scribere
2405 4018 2424 4057 :
2463 4021 2620 4074 quam
2660 4014 2833 4059 tanton
2872 4006 3073 4061 idcirco
3113 4023 3251 4060 nunc
3286 4007 3376 4076 fa-

1789 4096 1951 4161 ciant,
1995 4098 2125 4165 quia
2177 4095 2495 4149 sublimiora
2538 4112 2640 4149 non
2694 4099 2937 4166 poscitis.
2987 4096 3141 4153 Hunc
3192 4109 3374 4153 autem

1790 4188 1963 4257 ipsius
1998 4186 2318 4259 Hieronymi
2353 4188 2641 4259 prologum
2673 4188 2842 4243 fuisse
2873 4199 3083 4243 eertum
3117 4199 3221 4253 est,
3245 4190 3372 4259 quia

1788 4290 1966 4337 totum
2020 4283 2075 4336 in
2127 4297 2284 4337 suam
2338 4282 2668 4336 invectivam
2726 4284 3069 4353 transcripsit
3100 4282 3371 4348 Bullinus,

1788 4382 1843 4427 et
1867 4374 2002 4428 satis
2036 4388 2225 4428 severe
2255 4373 2574 4441 exagitavit.
2609 4372 2744 4439 lmo,
2773 4376 2919 4443 quod
2952 4376 3079 4428 huic
3104 4376 3180 4429 liti
3211 4380 3371 4429 tinem

140 4450 288 4509 Multae
314 4473 501 4512 eorum
546 4458 1024 4528 interpretationes
1072 4474 1100 4511 a
1130 4458 1394 4513 Rabbinis
1440 4459 1681 4513 all‘erun-
1714 4441 1760 4495 Ῐ)
1790 4463 2074 4533 imponere
2102 4463 2285 4528 debet,
2321 4479 2424 4517 nec
2463 4462 2570 4516 ulla
2605 4441 2805 4531 ingenii
2850 4463 2898 4515 vi
2929 4463 3123 4516 evitari
3168 4472 3367 4532 potest,

138 4553 226 4600 tur.
250 4546 311 4603 Ut
335 4550 616 4605 Abenezra
652 4553 719 4605 ad
751 4562 915 4620 caput
943 4550 1182 4605 Danielis
1228 4567 1324 4616 xu,
1359 4552 1449 4611 5i.
1500 4559 1682 4638 D’PW

137 4645 252 4701 itan
298 4645 557 4713 sapientes
608 4661 636 4698 e
683 4644 995 4699 Sudducieis
1059 4660 1235 4699 caecos
1282 4653 1482 4707 vocat,
1532 4646 1679 4714 quod

137 4740 314 4817 mpm
360 4738 673 4807 acciperent
708 4737 775 4792 de
797 4736 1001 4792 Mecca.
1037 4737 1269 4792 Eosdem
1302 4738 1506 4807 pariter
1534 4738 1679 4792 deri-

138 4822 233 4889 det,
259 4827 396 4895 quod
443 4829 626 4883 locum
661 4827 883 4882 Levitici
926 4829 1069 4884 male
1114 4839 1489 4900 exponerent,
1533 4841 1679 4894 N11”;

137 4920 273 4977 ἐἰὍ
297 4934 357 4973 ex
389 4920 532 4975 libro
556 4920 732 4977 Eme.
779 4921 925 4975 ldem
968 4923 1317 4991 reprehendit
1343 4921 1671 4992 Japhethum

140 5002 224 5059 Ben
254 5009 324 5063 liii
353 5011 739 5078 Sadtluczeum,
782 5025 840 5067 ut
877 5014 1114 5079 videtur,
1160 5014 1304 5083 quod
1346 5016 1536 5069 ultima
1571 5014 1675 5070 Da-

140 5099 265 5192 nielis
301 5108 457 5161 verba
504 5116 688 5166 εηεηπ
723 5086 841 5192 γρι)
882 5091 1295 5189 1513513311111,
1336 5118 1385 5163 et
1435 5127 1674 5181 resurges

138 5188 318 5249 inserte
361 5209 450 5253 tua
493 5202 545 5253 in
578 5202 685 5269 ﬁne
731 5188 938 5255 dierum
958 5201 1002 5266 ',
1059 5201 1298 5256 absurda
1353 5202 1676 5273 interpreta-

139 5282 256 5340 tione
285 5289 505 5347 illudere
548 5304 861 5359 conaretur,
906 5308 1131 5364 nempe,
1175 5295 1222 5351 si
1269 5294 1410 5351 forte
1452 5305 1583 5354 tunc
1614 5298 1669 5353 in

141 5378 251 5436 rivis
302 5384 485 5442 fueris.
541 5387 608 5443 Et
657 5388 1016 5446 Talmudistae
1063 5391 1461 5462 disputationes
1528 5407 1672 5463 saepe

142 5471 364 5539 relerunt,
398 5479 450 5532 in
486 5482 685 5549 quibus
711 5480 995 5539 Sadducaai
1032 5493 1085 5539 et
1112 5482 1400 5539 Samaritae
1440 5500 1671 5555 respon-

141 5559 243 5617 dent
268 5568 330 5622 ad
357 5569 470 5625 loca
500 5586 557 5625 ex
580 5573 861 5643 prophetis
893 5584 948 5629 et
984 5574 1376 5647 bagiographis
1409 5578 1668 5644 adducta,

145 5663 187 5706 et
217 5672 366 5732 nuper
407 5665 686 5720 adnotavit
728 5667 811 5721 vir
848 5682 1032 5723 rerum
1065 5668 1513 5725 Talmudicarum
1558 5672 1669 5726 cal-

1790 4555 1932 4610 idem
1963 4553 2249 4620 Bullinus,
2303 4556 2518 4609 vivente
2567 4555 2746 4609 adhuc
2772 4553 3103 4626 Hieronymo
3150 4571 3213 4609 ac
3278 4570 3367 4609 re-

1786 4662 1992 4717 sponsa
2021 4648 2338 4709 meditante,
2395 4647 2523 4715 quid
2581 4646 2635 4699 in
2686 4646 2789 4699 hoc
2835 4646 2955 4714 ipso
2998 4660 3163 4715 opere
3204 4646 3370 4700 inﬁde

1783 4739 2128 4793 transtulerit
2174 4738 2414 4792 ostendit
2458 4747 2553 4791 aut
2598 4738 2795 4790 innuit.
2831 4735 3007 4791 Verba
3041 4737 3161 4807 ejus
3192 4748 3319 4793 sunt
3350 4754 3363 4789 :

1786 4830 2011 4886 Secutus
2040 4845 2157 4884 sum
2187 4830 2326 4899 quod
2361 4838 2409 4882 te
2447 4829 2684 4883 videram
2721 4830 2776 4881 in
2812 4828 3045 4881 Itomiliis
3076 4829 3361 4881 secundum

1786 4923 1945 4977 Luca:
1968 4921 2318 4992 Evangelium
2347 4922 2557 4991 fecisse,
2594 4922 2684 4975 ubi
2713 4922 2775 4974 de
2804 4920 2948 4974 Filio
2978 4921 3069 4976 Dei
3108 4923 3163 4975 in
3182 4921 3365 4975 (ἐνιεεο

1785 5035 1886 5071 non
1904 5027 2040 5072 recte
2065 5017 2338 5070 inveneras
2368 5016 2712 5085 prwterieris,
2739 5016 2795 5068 in
2827 5015 2921 5068 illo
2945 5015 3060 5068 loco
3082 5015 3168 5068 ubi
3199 5014 3363 5067 dicit:

1789 5126 1808 5159 ‹
1833 5106 2143 5179 Magniﬁcat
2174 5107 2359 5161 anima
2394 5123 2512 5160 mea
2555 5104 2872 5169 Dominum,
2922 5105 3220 5161 exsultavit
3249 5106 3364 5175 spi-

1783 5201 1923 5253 ritus
1953 5214 2110 5252 meus
2146 5198 2200 5252 in
2231 5197 2343 5252 Deo
2374 5198 2605 5253 salutari
2647 5214 2770 5250 meo
2800 5199 2864 5263 “,
2901 5218 2920 5249 ι
2970 5197 3109 5249 nosti
3142 5198 3266 5265 quia
3299 5198 3363 5251 de

1781 5294 1993 5359 anima,
2036 5290 2204 5345 sicubi
2244 5289 2343 5344 illa
2378 5306 2496 5359 qua:
2533 5291 2701 5344 solent
2732 5290 2839 5342 dici
2876 5305 2979 5341 non
3004 5288 3360 5353 praeterieris;

1776 5383 1866 5436 sed
1889 5399 1951 5436 ea
1979 5383 2154 5435 adhuc
2181 5382 2344 5435 etiam
2377 5396 2442 5434 ea:
2466 5390 2515 5433 te
2535 5380 2739 5433 additis
2777 5379 2935 5430 etiam
2976 5377 3360 5430 assertionibus

1775 5477 2008 5532 lucidius
2039 5478 2339 5546 scripseris,
2383 5486 2440 5529 ut
2477 5475 2533 5528 in
2562 5474 2655 5527 illo
2698 5472 2856 5526 loco:
2908 5490 2927 5522 ι
2955 5469 3097 5525 Ecce
3126 5480 3187 5524 ut
3215 5470 3359 5525 facta

1775 5581 1860 5628 est
1880 5587 1987 5625 vox
2018 5569 2366 5625 salutationis
2393 5576 2500 5621 tua:
2531 5568 2584 5620 in
2616 5567 2845 5620 auribus
2875 5567 3033 5633 meis,
3059 5564 3358 5622 exsultavit

1775 5666 1958 5724 infans
2005 5663 2060 5717 in
2106 5672 2266 5717 utero
2312 5676 2434 5715 meo
2460 5662 2524 5726 η,
2557 5678 2577 5711 ι
2621 5659 2711 5711 ubi
2747 5660 2881 5715 dicis
2911 5659 3051 5730 quod
3087 5674 3201 5715 non
3238 5663 3357 5712 erat

199 5752 410 5814 ‘Matth.
440 5777 578 5830 χιιι,
617 5762 705 5819 '29.
783 5764 803 5796 ’
838 5762 972 5819 Dan.
1004 5780 1104 5833 xu,
1138 5765 1224 5821 15.
1304 5766 1346 5799 ¹⁰
1379 5765 1566 5822 Matth.
1603 5783 1691 5834 xu1

1907 5762 1945 5793 "
1983 5758 2116 5815 Luc.
2148 5775 2185 5825 ι,
2219 5756 2307 5812 46.
2389 5757 2430 5787 ¹¹
2460 5753 2593 5813 Luc.
2630 5771 2669 5822 i,
2696 5754 2782 5815 46.
2860 5780 2861 5783 η
