3770 6336
383 256 488 311 (83

1398 259 1457 315 S.
1503 258 1850 317 IGNATIUS.
1890 291 1960 300 —
1990 256 2518 325 PBOLEGOMENA.

3544 250 3642 305 18³

384 380 486 429 noc
520 373 851 446 principium
895 376 1222 433 substantia:
1267 379 1420 450 ejus,
1459 379 1523 434 de
1558 389 1648 434 tuo
1683 379 1965 447 addidisti,
1996 391 2042 448 Α
2138 379 2276 435 Cum
2335 379 2449 432 hinc
2497 387 2610 432 tum
2657 374 2727 431 de
2773 381 3023 435 auctore,
3079 379 3197 427 tum
3249 369 3317 425 de
3348 368 3641 438 interprete

382 476 547 537 atque
574 477 803 525 naturae.
830 469 960 527 Haec
980 482 1031 527 et
1060 472 1206 526 mille
1227 473 1340 529 alia
1361 474 1443 528 his
1474 474 1677 528 similia
1708 475 1764 527 in
1796 475 1963 528 inter-

381 563 765 628 pretationibus
796 565 934 629 tuis,
966 568 1073 620 sive
1102 567 1157 620 in
1186 566 1269 620 his
1305 566 1438 636 ipsis
1470 566 1728 630 bomiliis,
1768 567 1877 620 sive
1906 582 1963 619 tn

380 651 620 709 Ieremia
642 696 659 723 ,
689 656 769 711 vel
791 658 848 712 in
878 655 1064 725 Isaia,
1111 659 1350 713 maxima
1397 668 1574 713 autem
1611 660 1669 713 in
1690 656 1963 713 Ezechiele

380 746 720 803 subtraxisti.

469 837 732 904 Queritur
781 840 948 907 igitur
992 841 1243 898 Bullinus
1293 843 1346 898 in
1395 843 1484 898 his
1533 842 1669 914 ipsis
1720 842 1962 900 homiliis

380 930 627 999 quaedam
658 948 781 1002 quae
825 934 878 987 iu
904 933 1111 990 Graecis
1140 932 1623 1005 erantOrigenis,
1671 934 1738 989 ab
1756 932 1964 995 Hiero-

378 1036 543 1092 nymo
600 1021 772 1079 fuisse
815 1024 1120 1082 subtracta.
1149 1025 1400 1095 quaedam
1436 1034 1669 1091 mutata,
1706 1025 1959 1095 quaedam

377 1128 499 1182 quae
561 1113 615 1168 in
666 1114 874 1171 Graecis
934 1132 1039 1171 non
1115 1124 1274 1171 erant
1331 1117 1513 1171 addita
1563 1136 1577 1171 :
1662 1118 1781 1173 loca
1844 1117 1962 1186 ipsa

378 1206 589 1261 notavit
632 1217 714 1275 ut,
754 1224 878 1263 cum
911 1208 1099 1264 Gneca
1144 1220 1446 1278 exstarent,
1496 1211 1656 1267 facile
1687 1214 1954 1282 perspice.

377 1309 568 1353 rentur
607 1315 623 1353 :
669 1316 842 1356 unum
885 1302 1049 1357 etiam
1099 1302 1354 1357 recitavit
1403 1318 1471 1357 ex
1515 1303 1634 1373 ipsa
1682 1305 1959 1370 versione,

375 1391 468 1460 qui
517 1390 826 1447 etiamnum
873 1393 1098 1448 bomilia
1152 1402 1349 1463 quarta
1396 1403 1597 1461 exstat,
1635 1396 1727 1450 ubi
1779 1395 1962 1453 adhuc

377 1486 653 1555 legimus:
701 1486 842 1543 Ecce
883 1489 1044 1552 enim,
1067 1489 1145 1543 ait
1179 1488 1483 1558 Elizabeth,
1542 1511 1560 1545 ι
1599 1502 1660 1548 ut
1699 1493 1843 1550 facta
1874 1503 1960 1551 est

375 1578 637 1634 salutatio
676 1587 770 1635 tua
817 1581 873 1636 in
917 1598 1081 1638 aures
1123 1599 1296 1646 meas.
1330 1586 1629 1641 exsultavit
1674 1587 1729 1641 in
1760 1587 1962 1656 gaudio

377 1669 561 1727 infans
598 1672 652 1726 in
683 1681 841 1728 utero
867 1690 1009 1731 meo.
1045 1695 1062 1727 ι
1134 1676 1319 1731 Adhuc
1344 1679 1399 1731 in
1424 1680 1612 1733 matris
1645 1688 1795 1733 utero
1821 1690 1958 1746 erat,

2067 471 2206 526 adeo
2237 469 2525 540 perspicua
2556 468 2689 535 sint,
2731 465 3047 521 Hlondellus
3077 470 3260 517 tamen
3297 478 3403 516 non
3437 459 3647 514 veritus

2063 573 2166 626 est,
2194 562 2388 617 harum
2419 561 2472 614 in
2509 560 2712 617 Lucam
2749 560 3100 615 bomiliarum
3131 559 3486 625 interpretem
3511 549 3646 605 Buf-

2066 654 2234 709 linum
2265 653 2478 717 dicere;
2516 660 2572 707 et
2604 653 2658 706 in
2691 651 2987 706 levissimis
3021 650 3166 704 notis
3197 648 3315 704 suis
3339 645 3412 700 ad
3440 643 3644 713 episto-

2063 745 2171 801 lam
2209 744 2504 800 clarissimi
2538 741 2716 799 Vossii
2749 742 2953 799 asserit
2976 742 3091 813 ejus
3128 756 3241 797 esse
3262 737 3515 808 probare,
3554 734 3644 788 lto-

2063 837 2269 893 miliam
2317 845 2543 901 sextam,
2587 851 2656 891 ex
2701 851 2813 907 qua
2850 844 3102 891 nostrum
3139 832 3343 903 petitur
3394 828 3644 885 testimo-

2065 932 2238 996 nium,
2271 946 2374 984 non
2414 929 2627 1000 Bullini,
2654 929 2861 983 somnia
2904 945 3004 982 sua
3053 926 3270 997 Origeni
3298 921 3643 995 afﬁngeutis,

2063 1028 2155 1080 sed
2184 1024 2426 1096 Origenis
2449 1024 2618 1094 ipsius
2655 1039 2786 1077 esse.
2819 1023 2890 1076 At
2915 1036 3018 1078 nos
3045 1021 3153 1077 hoc
3177 1019 3358 1091 ipsum
3390 1016 3643 1073 cumula-

2062 1119 2274 1174 tissime
2303 1116 2678 1188 probavimus,
2705 1124 2765 1171 ut
2789 1123 3054 1186 appareat
3081 1115 3195 1170 hate
3216 1128 3338 1168 esse
3371 1126 3487 1166 non
3515 1108 3645 1163 Buf-

2065 1211 2156 1266 lini
2191 1210 2431 1277 somnia,
2479 1208 2574 1265 sed
2616 1207 2902 1262 Blondelli.
2935 1206 3078 1274 Quid
3113 1205 3293 1261 enim?
3320 1205 3410 1257 An
3446 1201 3643 1256 Bullini

2062 1303 2441 1373 interpretatio
2487 1317 2611 1358 esse
2657 1309 2855 1371 potest,
2882 1317 3050 1371 quam
3096 1298 3156 1354 S.
3190 1296 3572 1368 Hieronymus
3615 1311 3645 1350 a

2063 1396 2356 1465 semetipso
2387 1395 2586 1450 factam
2620 1408 2728 1448 non
2778 1393 2947 1449 semel
2979 1400 3231 1455 testatur,
3263 1400 3317 1444 et
3347 1404 3522 1460 quam
3555 1388 3644 1443 diu

2061 1488 2254 1553 edidit,
2297 1496 2590 1557 antequam
2624 1485 2869 1542 Bullinus
2908 1485 2994 1540 vel
3034 1500 3205 1539 unum
3234 1483 3531 1537 verbulum
3582 1495 3640 1533 ex

2062 1578 2296 1647 Origene
2341 1579 2397 1633 in
2441 1593 2753 1635 sermonem
2805 1577 3059 1632 Latinum
3111 1575 3521 1633 transtulerat?
3564 1575 3642 1628 An

2068 1672 2261 1733 Bullini
2296 1688 2418 1727 esse
2457 1680 2662 1743 potest,
2691 1688 2856 1742 quam
2886 1671 3136 1725 Bullinus
3163 1670 3282 1739 ipse
3307 1667 3644 1740 Hieronymo

375 1774 427 1817 et
460 1764 581 1833 jam
623 1763 888 1836 Spiritum
920 1764 1291 1836 S,acceperat,
1328 1767 1453 1823 Non
1481 1771 1618 1824 enim
1647 1768 1785 1825 illud
1810 1772 1959 1841 prin-
1991 1758 2031 1813 Β
2061 1765 2285 1831 tribuit,
2337 1773 2393 1820 et
2441 1765 2494 1819 in
2545 1762 2813 1819 Invertiva
2867 1778 2967 1817 sua
3016 1763 3152 1817 adeo
3201 1760 3489 1832 exagitat?
3543 1759 3645 1815 Fa-

376 1856 579 1925 cipium
634 1866 750 1913 erat
798 1857 1117 1914 substantia?
1164 1860 1279 1927 ejus
1333 1870 1490 1932 atque
1534 1871 1766 1920 naturae.
1830 1862 1956 1919 Haec

377 1949 540 2002 verba
599 1963 663 2003 ex
712 1946 1139 2020 Hieronymiana
1176 1951 1430 2023 Origenis
1460 1956 1712 2011 versione
1760 1957 1957 2012 recitat

374 2038 671 2111 σύγχρονος
723 2040 990 2107 Bullinus,
1044 2059 1167 2113 quae
1223 2061 1292 2100 ex
1352 2045 1587 2116 Origene
1651 2049 1952 2111 transtulit.

372 2148 494 2199 qua:
533 2148 561 2185 a
589 2133 770 2203 seipso
797 2134 1005 2191 addidit
1048 2135 1347 2207 interpres,
1387 2147 1566 2205 notat,
1602 2141 1829 2206 scilicet,
1861 2142 1954 2197 illa

373 2225 560 2289 verba,
591 2234 750 2296 atque
790 2236 1021 2283 naturtc.
1060 2226 1173 2284 Nos
1200 2239 1253 2286 et
1283 2246 1407 2301 qua:
1436 2231 1690 2302 Origenis
1718 2243 1869 2296 sunt,
1902 2243 1957 2289 et

371 2332 494 2385 qua:
538 2317 852 2387 interpretis
900 2319 1203 2376 etiamnum
1237 2322 1954 2381 habemus.‘Certissimum

372 2409 543 2477 igitur
589 2419 676 2463 est
707 2409 806 2465 bas
840 2412 1095 2468 homilias
1122 2429 1245 2471 esse
1285 2413 1559 2486 Origenis,
1590 2425 1642 2473 et
1668 2418 1739 2473 ab
1762 2417 1954 2474 Hiero—

375 2517 537 2572 nymo
561 2518 786 2563 versas:
829 2519 929 2559 nec
960 2513 1139 2574 potest
1186 2523 1310 2563 esse
1337 2510 1639 2580 quidquam
1692 2512 1745 2567 in
1789 2513 1955 2571 rebus

374 2593 691 2663 huiusmodi
724 2596 830 2650 hoc
864 2609 1190 2666 argumento
1216 2600 1514 2659 ellicacius.

441 2685 525 2739 Ad
555 2687 821 2755 majorem
853 2698 1035 2743 tamen
1067 2691 1543 2748 conﬁrmationem
1574 2695 1688 2751 inec
1722 2694 1953 2752 ulterius

373 2782 497 2838 addi
527 2794 777 2852 possunt,
811 2784 1201 2858 Hieronymum
1261 2789 1407 2843 ultra
1437 2789 1505 2844 70
1537 2791 1742 2846 libellos
1766 2791 1955 2863 Orige-

371 2876 476 2931 nis.
504 2892 633 2945 quos
663 2877 989 2932 homilitieos
1020 2878 1328 2949 appellavit,
1357 2882 1697 2938 transtulisse
1724 2886 1780 2938 in
1806 2884 1956 2941 Lati-

372 2983 519 3026 num.
575 2977 633 3022 ut
684 2966 854 3023 refert
896 2967 1153 3025 Bullinus
1205 2972 1260 3026 in
1307 2973 1629 3042 praefatione
1672 2977 1739 3030 ad
1781 2976 1951 3033 libros

364 3054 506 3124 Περὶ
524 3053 742 3163 ιῗρὲὧν.
772 3060 997 3119 Fatetur
1027 3065 1133 3120 hoc
1164 3064 1528 3137 Hieronymus
1560 3068 1675 3137 ipse
1703 3070 1952 3141 apologia
1978 3106 2022 3163 α

373 3151 570 3217 prima.
607 3150 958 3225 Septuaginta
998 3154 1163 3209 libros
1192 3158 1330 3227 ejus,
1358 3168 1415 3212 ut
1448 3175 1593 3214 meus
1624 3163 1951 3216 necessarius

370 3243 708 3310 criminatur,
733 3247 786 3300 in
806 3245 1060 3301 Latinum
1097 3260 1378 3313 verteram,
1408 3259 1459 3305 et
1491 3250 1661 3306 multa
1685 3251 1750 3307 de
1772 3254 1950 3308 tomis.

372 3332 659 3406 Nunquam
680 3338 745 3391 de
767 3354 918 3408 apere
941 3356 1053 3394 meo
1083 3341 1184 3410 fuit
1209 3343 1464 3413 quwstio;
1494 3360 1764 3415 nunquam
1785 3344 1955 3399 Roma

371 3437 638 3482 commota
660 3438 758 3523 est.
801 3429 966 3487 Notat
998 3431 1246 3490 Bullinus
1288 3435 1342 3489 in
1382 3436 1651 3491 invectiva
1698 3436 1955 3492 homilias

370 3520 426 3574 iu
458 3519 685 3587 Lucam,
708 3519 779 3579 'in
815 3525 1035 3592 Isaiam,
1062 3526 1356 3584 Jeremiam
1388 3539 1554 3600 atque
1586 3529 1950 3586 Ezechielem.

368 3612 739 3687 Hieronymus
788 3618 903 3688 ipse
940 3628 1171 3675 testatur
1200 3622 1270 3676 14
1309 3630 1523 3677 tantum
1568 3623 1621 3677 in
1656 3621 1951 3679 .leremiam

369 3716 423 3760 et
465 3708 691 3764 totidem
740 3710 794 3765 in
842 3710 1185 3767 Ezecliielem
1238 3729 1299 3768 se
1349 3715 1716 3770 transtulisse.
1773 3713 1952 3770 Verba

368 3800 493 3868 ejus
537 3810 669 3856 sunt
708 3803 763 3857 in
814 3805 1043 3875 prologo
1077 3806 1145 3860 ad
1182 3805 1518 3863 Ezechielem
1550 3824 1564 3859 :
1599 3797 1792 3878 Itaque
1836 3817 1954 3877 post

369 3894 772 3961 quatuordecim
814 3895 1061 3951 homilias
1112 3898 1169 3952 in
1195 3896 1505 3963 Jeremiam,
1546 3915 1678 3969 quas
1724 3900 1955 3969 jampri-

370 3980 489 4033 dem
533 3982 756 4049 confuso
786 3985 971 4038 ordine
1000 3986 1381 4055 interpretatus
1426 4005 1565 4053 sum,
1603 3999 1654 4043 et
1696 3989 1794 4044 has
1818 4007 1953 4060 qua-

369 4071 663 4126 tuordecim
692 4074 747 4126 in
772 4073 1094 4130 Ezechiele»:
1127 4094 1219 4146 per
1246 4079 1526 4133 intervalla
1554 4082 1752 4135 dictaui
1767 4097 1787 4145 ;
1816 4092 1871 4136 et
1896 4082 1950 4137 in

357 4162 654 4231 Catalogo:
689 4161 757 4215 In
776 4162 1065 4219 Jeremiam
1119 4177 1169 4221 et
1215 4170 1269 4222 in
1310 4167 1639 4224 Ezechielem
1701 4172 1949 4225 homilias

374 4250 618 4321 Origenis
677 4254 867 4324 viginti
918 4266 1054 4321 octo,
1106 4274 1239 4328 quas
1286 4258 1349 4313 de
1378 4257 1562 4314 Grrcco
1620 4261 1674 4313 in
1696 4259 1951 4316 Latinum

370 4346 524 4400 verti.
566 4343 817 4400 Homilies
850 4359 1037 4401 auem
1093 4351 1147 4403 in
1184 4348 1378 4405 Isaiam
1434 4354 1815 4407 tantummodo
1848 4369 1949 4409 no-

2062 1864 2178 1910 teor
2206 1856 2459 1925 equidem
2494 1854 2768 1910 Bullinum
2814 1854 2883 1909 ad
2911 1855 3074 1909 tinem
3101 1870 3237 1923 pene
3259 1852 3393 1908 vita:
3423 1868 3545 1908 sua:
3566 1853 3645 1906 in-

2059 1946 2482 2015 terpretationes
2511 1962 2643 2002 suas
2669 1946 2771 2001 sub
2798 1944 3110 2015 Hieronymi
3137 1945 3361 1998 nomine
3383 1941 3643 1998 edidisse.

2062 2039 2166 2095 Sed
2199 2040 2303 2096 hoc
2350 2039 2419 2095 de
2454 2040 2697 2095 bomiliis
2741 2040 2795 2092 in
2851 2037 3057 2093 Lucam
3102 2037 3208 2093 diei
3254 2052 3366 2092 non
3423 2044 3642 2107 potest,

2058 2132 2188 2202 quia
2223 2141 2278 2187 et
2333 2133 2450 2203 ipse
2484 2131 2852 2204 Hieronymus
2882 2148 2982 2187 eos
3006 2131 3279 2204 agnoscit,
3324 2139 3384 2185 et
3408 2130 3520 2186 sub
3548 2147 3644 2185 nu-

2061 2239 2215 2279 mero
2245 2224 2597 2295 septuaginta
2626 2223 2978 2279 bomiliarum
3008 2238 3037 2276 a
3067 2238 3128 2277 se
3156 2237 3449 2276 versat-um
3473 2221 3643 2291 ponit,
3743 2210 3746 2219 ’

2058 2324 2112 2369 et
2136 2316 2395 2387 prologus
2421 2314 2736 2387 Hieronymi
2762 2314 3043 2369 Invectira:
3067 2313 3263 2369 Bullini
3303 2313 3555 2369 insertus
3573 2312 3644 2367 le-

2056 2410 2232 2480 gitur,
2257 2426 2423 2479 quam
2451 2408 2697 2465 Bullinus
2723 2417 2836 2463 tum
2860 2407 3103 2479 scripsit,
3128 2421 3252 2462 cum
3280 2406 3490 2460 nullam
3524 2403 3644 2460 Ori-

2059 2503 2214 2573 genis
2246 2502 2531 2558 ltoutiliam
2575 2504 2879 2573 attigisset,
2910 2518 3036 2557 eum
3073 2495 3651 2566 librumﬂepldpzér

2060 2595 2444 2651 tantummodo
2471 2595 2861 2661 transtulisset,
2895 2594 3013 2664 ipso
3041 2591 3244 2649 latente
3284 2590 3641 2663 Hieronymo.

2058 2686 2134 2741 ita
2159 2688 2307 2743 enim
2334 2687 2425 2743 ille
2449 2687 2701 2758 apologia
2728 2686 2902 2756 prima
2932 2702 2947 2739 :
2982 2683 3096 2755 Ego
3117 2700 3211 2754 per
3238 2691 3315 2736 tot
3338 2698 3513 2739 annos
3538 2692 3643 2735 teut

2058 2778 2229 2832 multa
2271 2789 2575 2834 conuertens
2606 2794 2877 2848 nunquam
2906 2776 3160 2831 scandala
3189 2775 3271 2845 fui
3301 2790 3320 2827 :
3346 2784 3407 2829 tu
3433 2774 3505 2827 ad
3536 2776 3646 2844 pri-

2058 2851 2204 2925 mum
2236 2881 2286 2926 et
2319 2871 2492 2926 solum
2516 2888 2668 2942 opus,
2697 2872 2910 2941 ignotus
2934 2869 3106 2939 prius,
3149 2868 3451 2921 temeritate
3470 2866 3643 2937 factus

2055 2980 2110 3018 es
2144 2964 2358 3019 nobilis.
2395 2962 2457 3018 Et
2476 2980 2670 3020 rursus
2695 2964 2935 3019 secunda
2956 2952 2978 3016 ἐ
3017 2960 3106 3016 Vis
3139 2960 3424 3033 Origenem
3448 2966 3505 3016 in
3542 2960 3644 3016 La-

2057 3058 2228 3109 tinum
2253 3065 2447 3111 vertere
2463 3057 2488 3111 ?
2503 3056 2661 3110 habes
2684 3055 2881 3111 multas
2907 3054 3158 3109 homilias
3178 3055 3296 3124 ejus
3316 3065 3369 3108 et
3394 3061 3567 3109 tomos
3590 3056 3643 3109 in

2055 3152 2244 3221 quibus
2274 3152 2492 3206 moralis
2516 3160 2783 3207 tractatur
2803 3153 2973 3218 locus,
2999 3161 3051 3205 ct
3073 3148 3488 3220 Scripturarum
3512 3164 3645 3218 pan-

2056 3245 2257 3299 duntur
2296 3246 2520 3300 obscura
2544 3262 2563 3298 :
2603 3245 2715 3300 lucc
2755 3245 3130 3315 interpretare,
3176 3249 3289 3298 haec
3331 3241 3643 3314 rogantibus

2057 3337 2251 3391 tribue.
2284 3337 2428 3401 Quid
2456 3337 2661 3407 pr'imus
2698 3335 2853 3391 labor
2892 3346 3015 3391 tuus
3052 3335 3241 3403 incipit
3268 3334 3345 3389 ab
3367 3335 3645 3405 infamia!

2057 3430 2364 3500 Antequam
2419 3431 2585 3503 igitur
2629 3430 2931 3501 quidquam
2976 3428 3293 3498 scripsisset
3347 3426 3641 3493 Bullinus,

2057 3524 2218 3579 editae
2249 3533 2379 3579 sunt
2428 3524 2667 3580 bomilia:
2698 3521 2953 3594 Origenis
2982 3523 3037 3578 in
3086 3522 3292 3577 Lucam
3345 3523 3644 3593 interprete

2057 3611 2423 3686 Hieronymo;
2467 3616 2670 3670 eaedem
2726 3616 2781 3669 in
2826 3614 3095 3670 lnveetiva
3140 3613 3341 3669 Bullini
3374 3615 3641 3685 sugillata

2057 3717 2206 3776 sunt,
2232 3718 2526 3778 antequam
2555 3707 2804 3764 Bullinus
2827 3708 3129 3780 quidquam
3160 3706 3421 3780 Origenis
3452 3720 3644 3781 praeter

2057 3797 2258 3854 librum
2280 3796 2421 3865 Περὶ
2445 3797 2716 3868 ἀρχῶνίη
2751 3798 3005 3854 Latinum
3032 3801 3430 3857 transtulisset.

2129 3886 2195 3942 Et
2220 3897 2400 3944 tamen
2425 3887 2661 3944 Dallmus
2691 3889 2759 3944 ad
2785 3890 2891 3945 hoc
2913 3888 3177 3945 Blondelli
3203 3891 3489 3946 somnium
3513 3907 3642 3947 con-

2056 3979 2246 4050 fugere
2282 3980 2503 4037 tandem
2531 3992 2758 4036 coactus
2788 3989 2893 4036 est.
2917 3980 3055 4037 Nam
3084 3998 3207 4037 cum
3242 3981 3449 4053 liquere
3470 3985 3641 4038 dixis-

2056 4079 2140 4126 set
2191 4071 2382 4125 harum
2412 4070 2756 4126 bomiliarum
2785 4071 2954 4127 alium
2991 4071 3157 4140 fuisse
3176 4082 3455 4127 auctorem
3481 4091 3639 4145 quam

2060 4160 2364 4231 Origenem,
2393 4161 2444 4216 id
2472 4169 2653 4216 tamen
2686 4162 2820 4216 viris
2849 4162 3079 4217 eruditis
3111 4164 3433 4233 persuaderi
3478 4166 3641 4220 minio

2054 4254 2419 4323 me‘potuisse
2448 4262 2689 4323 putaret,
2723 4254 2907 4309 statim
2951 4254 3179 4320 addidit,
3232 4271 3299 4309 ne
3339 4256 3482 4310 hunc
3504 4257 3639 4311 illud

2054 4345 2298 4414 aﬂ‘eram,
2323 4344 2465 4416 quod
2495 4346 2627 4399 satis
2649 4355 2855 4400 constat
2890 4344 3135 4416 Origenis
3162 4363 3281 4417 quae
3308 4346 3509 4402 Latine
3525 4358 3640 4401 tan-2

370 4451 491 4490 rem
522 4444 680 4503 sunt;
714 4437 919 4506 quibus
949 4439 992 4493 si
1027 4439 1198 4494 addas
1225 4441 1363 4495 duas
1413 4441 1467 4496 in
1496 4439 1812 4503 Canticum,
1844 4443 1944 4496 ad-
1982 4456 2026 4511 ι)
2056 4448 2168 4493 tum
2196 4447 2432 4504 exstant,
2455 4456 2486 4509 ᾳ
2508 4438 2714 4509 Ruﬂino
2743 4448 2792 4493 et
2820 4439 2947 4493 aliis
2972 4440 3343 4510 interpretibus
3366 4441 3448 4494 ita
3476 4442 3641 4511 fuisse

371 4528 479 4583 huc
511 4538 723 4584 tantum
754 4539 882 4586 sunt
911 4532 1135 4603 triginta
1162 4548 1376 4588 novem.
1415 4532 1570 4587 Ultra
1605 4534 1772 4605 igitur
1796 4534 1951 4590 libel-

371 4618 450 4673 los
474 4618 542 4672 70
570 4621 640 4676 ab
665 4620 1000 4695 Hieronymo
1025 4639 1217 4679 versos
1256 4624 1503 4681 invenire
1544 4642 1827 4696 nunquam
1853 4642 1952 4697 po-

368 4710 523 4773 teris,
562 4711 669 4767 nisi
712 4713 823 4770 illis
852 4714 1076 4785 triginta
1120 4708 1313 4771 novem
1357 4716 1613 4773 homilias
1659 4719 1711 4772 in
1745 4718 1950 4774 Lucam

374 4797 590 4854 Bullan
628 4817 965 4860 memoratas
1003 4805 1358 4869 adnumeres,
1391 4816 1451 4863 ut
1475 4818 1531 4864 et
1565 4810 1655 4865 ille
1691 4826 1949 4866 numera-

365 4892 465 4946 vit.
484 4890 664 4959 Quare
687 4892 976 4950 Erasmum
1002 4914 1163 4952 suum
1192 4900 1332 4955 male
1357 4901 1446 4957 hic
1465 4902 1670 4957 deserit
1690 4902 1947 4969 Dallreus,

366 4982 461 5053 qui
502 4982 556 5036 in
588 4981 767 5038 indice
784 4990 1022 5052 Uperum
1052 4986 1367 5060 I-lieronymi
1413 4991 1511 5044 llas
1562 4994 1713 5062 ipsas
1766 4994 1947 5049 homi-

364 5074 469 5131 lias
509 5076 651 5132 inter
683 5094 904 5149 γνησια,
942 5081 997 5134 id
1033 5096 1110 5135 est
1143 5099 1239 5147 ea,
1286 5099 1402 5152 qua:
1445 5100 1560 5138 vere
1595 5094 1717 5139 sunt
1754 5084 1948 5140 Hiero-

364 5165 530 5235 ngmi,
570 5182 705 5235 seu,
757 5169 823 5223 de
865 5171 1055 5237 quibus
1104 5172 1253 5226 nulla
1299 5172 1569 5228 dubitatio
1604 5178 1696 5238 sit,
1723 5177 1851 5246 quin
1880 5176 1945 5230 ab

373 5256 694 5330 Hieronymo
723 5264 833 5317 sint
859 5263 1025 5329 edita,
1055 5273 1331 5331 numerat,
1368 5267 1453 5321 his
1498 5268 1714 5325 verbis:
1749 5268 1941 5323 Homi-

365 5351 453 5407 lite
505 5353 561 5405 in
585 5353 787 5409 Lucam
836 5356 1055 5426 triginta
1097 5366 1277 5412 no'vem
1314 5361 1378 5414 ab
1408 5359 1731 5432 Hieronymo
1771 5374 1945 5418 trans-

365 5443 510 5499 latat.
542 5444 610 5499 In
635 5450 950 5518 prte[atione
979 5468 1227 5507 numerus
1256 5462 1337 5507 est
1364 5456 1613 5512 omissus.
1642 5456 1732 5512 Sic
1765 5467 1941 5513 autem

316 5590 325 5608 ἱ
368 5534 596 5603 refertur
626 5535 710 5590 hic
740 5539 888 5594 locus
932 5558 964 5595 a
993 5541 1197 5613 lin/Iino
1241 5546 1508 5601 invectiva:
1536 5563 1647 5603 sua:
1680 5548 1818 5602 libro
1860 5566 1943 5603 sc-

367 5624 563 5689 cundo,
601 5627 796 5683 saltem
841 5634 1061 5703 triginta
1105 5651 1300 5711 novem
1333 5638 1643 5694 Adamantii
1678 5642 1850 5697 nostri
1884 5642 1941 5712 in

367 5714 568 5770 Lucam
582 5712 853 5777 homilias.
871 5723 1010 5781 sicut
1025 5727 1075 5780 in
1090 5726 1151 5782 Gr
1167 5744 1277 5793 meo
1296 5730 1935 5802 babentur,intcrprctor.

2054 4527 2400 4598 interpolata,
2440 4540 2497 4583 ut
2545 4546 2609 4583 ea:
2640 4531 2709 4583 iis
2740 4529 2829 4582 vix
2872 4538 3015 4583 certo
3055 4531 3223 4595 possit
3245 4530 3481 4603 intelligi
3514 4533 3640 4604 quid

2053 4637 2167 4675 vere
2188 4622 2260 4675 sit
2284 4620 2642 4693 Origenicum.
2675 4622 2813 4677 Cum
2842 4632 3051 4679 certum
3074 4622 3146 4678 sit
3197 4639 3309 4678 non
3336 4623 3637 4692 Bullinum,

2053 4715 2148 4769 sed
2182 4711 2572 4785 Hieronymum
2608 4714 2801 4768 barum
2839 4714 3189 4770 bomiliarum
3213 4731 3337 4772 esse
3366 4718 3641 4789 interpre-

2053 4817 2158 4858 tem
2183 4822 2197 4869 ;
2229 4804 2276 4859 si
2303 4819 2435 4860 vero
2466 4806 2858 4878 Hieronymum
2884 4807 3028 4862 inter
3056 4808 3190 4863 alios
3213 4809 3527 4879 interpretes
3547 4827 3641 4883 po-

2051 4905 2164 4958 nat.
2197 4897 2292 4967 qui
2324 4896 2614 4965 Origencm
2649 4908 2759 4951 tam
2795 4896 2938 4953 foede
2979 4897 3403 4969 interpolaruut,
3453 4904 3635 4958 mani-

2050 4989 2188 5042 festa
2222 4999 2309 5043 est
2331 4989 2630 5044 calumnia.
2661 4988 2939 5046 Habemus
2969 4991 3345 5047 novemdecim
3375 4992 3638 5050 homilias

2050 5081 2305 5152 Origenis
2327 5082 2382 5135 in
2407 5079 2707 5137 Jeremiam
2730 5082 2957 5151 Graece;
2985 5085 3252 5140 habemus
3279 5101 3476 5142 earum
3505 5089 3636 5143 duo-

2046 5176 2224 5231 decim
2272 5190 2340 5229 ex
2384 5174 2833 5245 interpretatione
2879 5175 3197 5250 Hieronymi
3245 5177 3473 5246 Latine;
3522 5181 3635 5237 hac

2046 5278 2233 5323 autem
2272 5269 2652 5339 interpretatio
2686 5279 2796 5324 tam
2832 5270 2970 5327 bene
2997 5270 3202 5327 Gnecis
3226 5274 3553 5342 respondet,
3578 5281 3633 5329 ut

2045 5362 2210 5416 aliam
2265 5361 2468 5417 addere
2525 5361 2755 5418 lluetius
2805 5365 3178 5421 necessarium
3226 5382 3333 5420 non
3380 5368 3633 5437 putarit,

2045 5456 2290 5526 adeoque
2319 5472 2412 5511 eas
2443 5456 2695 5520 ediderit,
2729 5458 3026 5526 interprete
3068 5457 3422 5530 Hieronymo.
3463 5461 3628 5528 Qua-

2047 5566 2172 5603 nam
2206 5560 2387 5606 autem
2432 5566 2498 5604 ex
2528 5550 2598 5604 iis
2632 5550 2703 5605 ita
2738 5551 3080 5621 interpolatae.
3124 5560 3272 5615 sunt,
3322 5559 3519 5625 utquid
3558 5556 3627 5608 sit

2048 5644 2383 5712 Origenicum
2408 5642 2634 5714 intelligi
2663 5660 2763 5697 non
2780 5644 2976 5713 possit?
2997 5643 3145 5697 Idem
3175 5644 3402 5697 omnino
3429 5645 3501 5699 de
3524 5645 3622 5699 ho-

2045 5736 2212 5792 miliis
2248 5736 2300 5790 in
2335 5733 2538 5790 Lucam
2576 5735 2940 5800 sentiendum,
2975 5735 3028 5788 in
3063 5743 3269 5805 quibus
3298 5734 3439 5789 nihil
3472 5735 3622 5792 addi—
