3770 6322
131 301 209 356 185
580 264 585 283 ’
810 302 858 357 ι.
903 301 1265 359 pmnsosu
1308 303 1626 364 VINDICLE
1667 309 2086 366 noxarum.
2130 344 2196 352 —
2228 309 2408 367 psus
2448 311 2489 365 t.

3225 302 3326 364 186

126 437 216 479 tum
243 424 535 481 observavit
565 422 812 478 Bullinus
845 434 1040 493 printer
1082 425 1186 478 ista
1235 435 1392 493 atque
1426 439 1653 483 natum.
1688 439 1732 495 Α
1763 428 2093 495 desumitur,
2137 445 2259 485 esse
2307 428 2710 499 apocryphum;
2760 425 3105 497 apocryphus
3143 435 3323 480 autem

126 519 306 573 Sartum
358 520 525 589 igitur
559 527 757 573 tectum
810 528 895 573 est
942 520 1073 574 illud
1107 536 1173 574 ex
1225 521 1447 576 humilia
1498 534 1650 578 sexta

125 613 452 666 testimonium
488 628 585 681 pro
614 612 842 682 lgnatio.

177 704 682 759 Commentariorum
715 706 768 757 in
805 705 1085 760 Canticum
1136 708 1475 764 canticorum
1512 708 1651 764 fate-

121 810 221 846 mur
268 795 614 864 interpretem
677 796 849 850 fuisse
898 795 1201 863 Bullinum;
1259 815 1435 868 neque
1469 809 1649 855 tamen

122 890 162 941 in
188 888 276 942 illis
294 889 642 944 concedimus
664 890 793 959 quid
825 890 895 943 sit
923 889 1260 960 Origenicum
1300 894 1525 964 intelligi
1548 909 1652 947 non

118 995 257 1047 posse.
287 977 459 1048 Ipsius
502 980 650 1033 enim
685 979 871 1035 Dallzei
903 982 1089 1051 regula
1139 992 1221 1038 cst
1253 986 1444 1039 ultimo
1472 987 1653 1056 capite

117 1072 366 1141 explicata,
412 1071 510 1125 illa
553 1074 607 1125 in
640 1072 936 1142 Origenicis
982 1092 1014 1127 a
1044 1075 1246 1145 Ru/ﬁno
1289 1078 1649 1146 interpretatis

116 1172 317 1230 suspecta
341 1178 455 1217 esse
484 1164 685 1231 debere,
719 1182 838 1234 qua:
864 1184 895 1220 a
917 1168 1055 1221 notis
1090 1169 1167 1222 vel
1194 1170 1426 1223 auctoris
1460 1171 1647 1239 ipsius,

116 1256 179 1307 vel
196 1254 292 1322 ejus
318 1270 420 1323 quo
454 1257 582 1308 vixit
605 1257 788 1310 swculi
814 1258 1027 1327 placitis
1056 1269 1213 1328 atque
1235 1261 1468 1314 moribus
1495 1261 1651 1314 ablu-

115 1346 255 1409 dunt;
281 1356 326 1397 et
369 1347 416 1398 si
450 1364 568 1415 qua:
604 1350 669 1401 iis
719 1366 1007 1419 congruere
1057 1351 1274 1405 aliunde
1317 1356 1554 1417 constet},
1587 1370 1650 1406 ea

114 1451 208 1487 vero
235 1434 307 1503 {ns
335 1451 447 1490 esse
479 1454 577 1505 pro
604 1440 839 1492 auctoris
881 1442 1120 1509 genuinis
1153 1458 1453 1510 agnoscere.
1488 1441 1552 1495 Et
1581 1458 1649 1496 ex

117 1529 198 1582 hac
225 1530 325 1599 ipsa
358 1532 542 1600 regula
583 1548 645 1585 ea
680 1549 803 1601 quze
830 1533 1092 1603 Origenes
1134 1534 1288 1587 aliert
1320 1550 1419 1604 pro
1446 1551 1645 1599 amore,

112 1620 155 1675 in
195 1624 587 1678 commentariis
641 1624 695 1678 in
741 1624 967 1680 Cantica
1020 1641 1120 1695 pro
1172 1626 1344 1695 ipsius
1397 1627 1649 1695 genuinis

112 1716 449 1783 agnoscimus.
482 1718 608 1786 quia
639 1718 709 1772 ab
743 1719 917 1787 ipsius
952 1718 1167 1787 placitis
1198 1734 1307 1771 non
1340 1719 1643 1773 abludunt:

1754 535 1878 575 eum
1913 521 2004 586 sit,
2047 536 2153 573 non
2190 529 2274 575 est
2318 522 2386 573 ab
2416 518 2653 573 Eusebio
2696 517 3063 587 conscriptus,
3096 516 3213 583 sed,
3245 520 3324 572 uti

1752 612 2034 683 disputare
2077 613 2254 678 solet,
2299 614 2544 682 spurius,
2596 620 2650 664 et
2693 612 2761 663 ab
2797 610 2981 679 aliquo
3027 611 3325 678 irnpostore

1753 706 2038 760 centietus.
2088 702 2180 758 Sic
2207 706 2352 758 enim
2397 704 2649 758 Gelasius
2681 704 2971 771 episcopus
3007 701 3324 767 Romanus,

1754 798 1808 852 in
1840 797 2093 861 concilio,
2120 796 2349 861 scilicet,
2387 795 2625 850 Historia
2653 795 2866 848 Eusebii
2898 794 3162 862 Pamphili
3197 811 3325 862 apo-

1751 890 1968 959 crypha.
2002 889 2108 943 Sed
2141 904 2306 957 quam
2344 888 2633 942 ridiculum
2670 889 2775 942 hoc
2809 896 3189 958 argumentum
3235 885 3324 938 hic

1752 981 1966 1047 fuisset,
1996 982 2130 1036 vidit
2156 983 2291 1053 ipse,
2321 994 2374 1037 et
2404 982 2688 1039 abstinuit.
2716 981 3012 1035 Videamus
3039 979 3224 1050 igitur,
3250 993 3321 1032 an

1753 1075 1859 1130 hoc
1892 1077 2037 1145 quod
2069 1086 2225 1145 urget
2255 1077 2322 1130 de
2353 1075 2571 1131 Eusebii
2604 1074 3050 1139 hallucinatione,
3074 1090 3140 1127 eo
3171 1069 3319 1142 quod

1751 1168 1938 1223 omisit
1987 1169 2055 1223 de
2086 1168 2487 1239 suppositione,
2532 1177 2626 1221 aut
2672 1165 2884 1220 felicius
2917 1175 3008 1219 aut
3052 1165 3321 1220 verisimi-

1751 1259 1858 1312 lius
1888 1260 1979 1315 sit.

1823 1351 1963 1417 Quid
2006 1352 2058 1405 in
2084 1352 2527 1422 historiographis
2550 1353 2777 1406 inveniri
2814 1350 3040 1405 Eusebio
3075 1348 3320 1403 laudabi-

1750 1444 1854 1497 lius
1886 1446 2102 1513 potest?
2145 1446 2325 1500 aiebat
2377 1446 2506 1499 olim
2546 1444 2795 1515 Pelagius
2843 1444 3115 1499 secundus
3160 1460 3315 1513 papa.

1750 1535 1843 1591 Ille
1859 1536 2075 1591 Gelasio
2092 1536 2362 1607 Cyziceno
2381 1537 2858 1607 φιλαληθέστατος,
2885 1537 3119 1589 veritatis
3135 1551 3290 1599 animi
3304 1563 3319 1573 -

1751 1630 2008 1693 tissimus,
2040 1640 2093 1682 et
2119 1629 2578 1694 ἀξιοπιστότατος,
2614 1630 2717 1696 [ide
2753 1629 3118 1698 dignissimus,
3145 1626 3316 1680 audit.

1751 1720 1846 1775 Ille
1889 1736 2084 1791 magno
2125 1720 2331 1775 Basilio
2358 1721 2559 1775 dicitur
2586 1719 2895 1785 ἀξιόπιστος
2932 1717 3018 1770 διὰ
3061 1716 3319 1769 πολυπει-

109 1814 150 1857 rt
186 1806 542 1861 testimonium
592 1808 782 1878 lgnatii
829 1811 1033 1878 pariter
1066 1810 1364 1877 genuinum
1404 1825 1648 1879 pronnn-
1681 1802 1721 1857 Π
1752 1816 1892 1886 ρίαν,
1924 1816 2045 1869 ideo
2080 1817 2317 1869 maxime
2345 1816 2449 1883 ﬁde
2479 1816 2692 1885 dignus,
2722 1815 2848 1882 quia
2880 1812 3135 1865 diuturna
3169 1826 3322 1881 expe—

111 1897 299 1959 tiamus,
332 1898 459 1966 quia
491 1915 557 1953 ex
590 1900 815 1953 homilia
870 1901 924 1954 in
971 1900 1174 1954 Lucam
1219 1916 1345 1955 eum
1393 1900 1644 1969 ejusdem

108 1990 328 2057 martyris
358 1992 734 2045 testimonium
765 1993 1083 2047 adhibuisse
1115 1994 1391 2050 novimus.

163 2078 219 2132 Et
247 2079 339 2133 fuit
367 2082 587 2151 quidem
621 2083 752 2136 olim
787 2100 911 2138 cum
951 2084 1184 2138 Dallaans
1216 2084 1329 2153 ipse
1371 2086 1483 2139 hate
1524 2082 1649 2137 011-

105 2173 231 2238 genis
261 2174 572 2228 testimonia
624 2192 725 2245 pro
756 2174 964 2244 lgnatio
1009 2176 1269 2245 reciperet
1321 2185 1484 2245 atque
1529 2192 1646 2230 am-

110 2265 421 2330 plecteretur,
469 2282 593 2320 cum
645 2271 762 2322 suis
805 2267 1108 2321 Catonibus
1149 2277 1440 2323 contentus
1467 2276 1644 2333 esset,

110 2369 191 2407 nec
215 2355 383 2411 adhuc
414 2357 471 2411 in
504 2358 632 2411 illud
661 2359 961 2423 somnium,
980 2359 1126 2428 quod
1153 2375 1324 2429 nuper
1351 2360 1642 2427 evnlgavit,

104 2446 369 2505 incidisset.
395 2449 534 2504 Nam
560 2451 634 2504 De
648 2451 874 2520 jejuniis
906 2462 953 2504 et
981 2450 1418 2519 Quadragesima,
1446 2451 1538 2504 lib.
1559 2466 1643 2515 tn,

100 2555 200 2610 cap.
228 2544 295 2597 ιε
328 2542 410 2596 Ex
448 2543 653 2615 Ignatii
675 2544 936 2613 epistolis,
968 2544 1168 2614 inquit,
1194 2543 1453 2597 nonnulla
1476 2545 1643 2596 citant

101 2644 263 2689 veteres
297 2638 442 2690 tertii
475 2639 758 2706 quartique
789 2638 973 2691 stcculi
1017 2639 1323 2706 scriptores,
1356 2636 1604 2705 Origenes
1626 2677 1640 2699 ,

102 2724 325 2782 Eusebius
348 2768 362 2789 ,
412 2729 774 2791 Athanasius,
821 2728 1174 2797 Hieronymus
1194 2769 1209 2793 ,
1251 2727 1603 2781 Theodoretus
1626 2769 1640 2793 ,

101 2816 312 2873 Getasius
346 2820 642 2875 Romanus.
676 2820 731 2874 Si
761 2820 1021 2890 Origenes
1045 2820 1187 2874 tertii
1214 2820 1420 2884 szeculi,
1446 2827 1501 2873 et
1521 2820 1646 2888 qui-

98 2908 197 2961 dem
242 2912 486 2966 nonlnm
528 2912 698 2967 adulti
750 2913 1002 2981 scriptor,
1048 2911 1306 2964 nonnulla
1338 2926 1405 2963 ex
1452 2909 1641 2979 lgnatii

98 3000 309 3065 epistolis
324 3004 535 3068 citavit,
568 3002 770 3057 fatente
801 3003 1020 3068 Dallzeo,
1043 3020 1207 3072 qualn
1235 3002 1503 3071 iniquum,
1534 3002 1643 3055 imo

97 3105 233 3157 quam
259 3093 555 3147 ridiculum
586 3102 700 3157 est,
741 3094 1100 3163 impostorem
1140 3106 1403 3162 qurerere,
1441 3094 1533 3157 qui
1573 3093 1639 3146 ad

99 3180 233 3235 tinem
259 3184 401 3238 tertii
435 3195 534 3238 aut
561 3182 778 3238 initium
806 3183 988 3253 quarti
1017 3199 1111 3238 eas
1153 3183 1389 3253 primum
1427 3183 1644 3239 tinxerit

99 3282 173 3325 aut
191 3274 565 3342 publicaverit.

656 3386 885 3443 CAPUT
926 3386 1062 3441 Vlll.

98 3474 281 3533 Eusebii
327 3481 631 3533 auctoritas
679 3481 1002 3549 defenditur.
1046 3480 1335 3545 Impostori
1365 3480 1643 3535 Dallwano

153 3566 240 3600 non
267 3553 647 3604 obstetricatus
688 3562 787 3604 est.
832 3552 988 3604 Recte
1034 3551 1315 3621 Polycarpi
1346 3561 1394 3604 et
1448 3550 1641 3605 Irena'i

154 3622 443 3674 testimonia
501 3622 809 3689 applicuvit.
872 3622 1116 3689 Origenis
1175 3622 1475 3674 testimonia
1537 3640 1639 3674 non

147 3694 407 3758 ignorarit.
443 3691 503 3745 S.
544 3693 866 3745 Athanasius
893 3693 956 3744 ab
990 3691 1218 3744 Eusebio
1254 3709 1358 3743 non
1386 3702 1463 3745 est
1493 3693 1642 3745 delu-

151 3778 243 3831 sus.
290 3761 479 3827 Neque
510 3760 781 3830 Ignotiunt
810 3780 868 3815 eo
911 3763 1085 3826 modo,
1112 3779 1212 3831 quo
1255 3761 1553 3815 Salmasius
1591 3770 1641 3815 et

152 3830 460 3895 Blondellus,
494 3834 699 3889 citavit.
740 3830 1345 3900 Hammomlusfrustra
1378 3842 1428 3885 et
1459 3834 1643 3885 imme-

150 3903 235 3953 rito
258 3902 606 3972 suggillatur.

154 4012 409 4072 Hactenus
433 4033 465 4071 a
499 4018 660 4069 nobis
688 4016 849 4070 allata
876 4016 1189 4070 testimonia
1215 4016 1297 4071 vel
1326 4016 1535 4085 spuria,
1557 4017 1640 4071 vel

94 4109 246 4164 minus
271 4120 419 4165 recte
452 4110 753 4173 intellecta,
786 4116 842 4162 et
861 4107 929 4161 ad
952 4108 1211 4176 epistolas
1232 4109 1639 4162 conﬁrmandos

94 4202 275 4254 detorta
322 4204 581 4271 queritur
622 4202 707 4255 vir
738 4201 1094 4256 doctissimus
1133 4220 1146 4255 :
1197 4201 1345 4272 quod
1392 4203 1642 4270 sequitur

96 4290 300 4362 Eusebii,
335 4298 439 4351 has
468 4297 856 4365 responsiones
886 4312 993 4349 non
1037 4294 1259 4364 patitur.
1297 4293 1436 4349 Sunt
1466 4296 1535 4349 ab
1574 4312 1641 4350 eo

95 4383 210 4438 dicta
243 4388 379 4441 adeo
410 4389 564 4441 clara
598 4397 760 4456 atque
790 4389 1098 4457 perspicua,
1126 4389 1262 4442 adeo
1291 4388 1358 4441 ab
1380 4388 1639 4441 omnibus

1748 1907 1939 1959 rientia
1971 1907 2024 1959 in
2054 1907 2284 1975 negotiis
2314 1906 2570 1961 Ecclesire
2595 1904 3086 1973 vetustissimisun
3124 1918 3319 1956 monu-

1748 1996 1946 2049 mentis
1976 1997 2384 2050 versatissimus
2417 1994 2536 2048 fuit.

1819 2086 1965 2141 Inter
2016 2088 2122 2141 alia
2178 2104 2299 2158 qua:
2348 2088 2401 2141 in
2460 2087 2701 2140 Historia
2755 2087 3116 2141 ecclesiastica
3165 2100 3320 2140 com»

1748 2179 1939 2248 plexus
1971 2188 2071 2243 est,
2101 2180 2437 2248 propositum
2467 2180 2515 2232 ei
2552 2179 2674 2243 fuit,
2711 2180 2801 2248 qui
2834 2178 2953 2231 libri
2986 2179 3053 2231 ab
3077 2176 3321 2243 antiquis

1746 2270 1930 2339 scripti
1960 2270 2175 2324 fuerant
2200 2286 2478 2337 enarrare,
2500 2270 2637 2333 ὅσοι,
2663 2280 2721 2323 ut
2745 2270 2860 2339 ipse
2887 2269 3154 2338 loquitur,
3180 2266 3321 2320 κατὰ

1744 2362 1935 2430 γενεὰν
1976 2362 2212 2432 ἑκάς-την
2245 2362 2333 2415 διὰ
2365 2361 2813 2434 συγγραμμάτων
2856 2360 2946 2413 τὸν
2981 2360 3122 2413 θεῖον
3156 2358 3321 2430 ὲπρέ·

1747 2452 1978 2505 σόευσαν
2023 2452 2199 2522 λόγον,
2248 2464 2578 2523 quotcunque
2629 2470 2831 2523 quoque
2872 2451 3065 2505 stcculo
3107 2450 3320 2519 scriptis

1744 2544 1855 2597 suis
1908 2543 2223 2613 theologiam
2266 2543 2629 2597 excoluerant.
2676 2546 2982 2613 Antequam
3034 2544 3140 2596 hnc
3185 2558 3321 2610 opus

1746 2634 2130 2705 aggrederetur
2172 2644 2291 2688 erat
2322 2636 2388 2689 ad
2440 2636 2591 2689 illum
2640 2636 3027 2704 perficiendum
3084 2634 3322 2688 maxime

1748 2726 1975 2781 idoneus
2008 2727 2523 2797 paratissimusque.
2565 2727 2802 2781 Plurima
2851 2727 2963 2796 jam
2999 2735 3125 2779 ante
3171 2724 3321 2779 voln-

1747 2818 1895 2871 mina
1929 2820 2351 2889 perscripserat,
2398 2820 2597 2889 quibus
2626 2820 2862 2873 ostendit
2895 2819 3101 2871 variant
3134 2818 3321 2872 lectio-

1747 2928 1895 2974 nem,
1926 2922 1981 2965 et
2011 2912 2063 2965 in
2107 2914 2259 2965 omni
2291 2913 2478 2966 Graeca
2518 2914 2823 2966 litteratura
2856 2914 3150 2965 maximam
3184 2912 3296 2981 peri

1747 3004 1900 3063 tiam.
1943 3013 2003 3057 ut
2029 3005 2121 3074 qui
2150 3005 2264 3074 jam
2300 3014 2461 3070 esset,
2495 3015 2630 3059 teste
2658 3006 2985 3069 Sozomeno,
3011 3003 3319 3074 πολυμαθέ-

1749 3115 1940 3160 στατος
1984 3098 2187 3169 ἴστωρ,
2224 3106 2370 3151 tanta
2424 3114 2607 3151 rerum
2657 3098 2903 3151 orttnium
2956 3097 3183 3152 scientia
3239 3098 3319 3151 in-

1747 3198 1992 3243 structus
2035 3188 2103 3243 ad
2141 3187 2425 3242 historiam
2461 3187 2912 3242 conscribendam
2950 3187 3193 3241 animum
3225 3203 3319 3256 ap-

1744 3281 1902 3351 pulit.
1957 3280 2059 3335 Diu
2104 3281 2334 3334 antehac
2382 3296 2505 3334 cum
2557 3278 2843 3349 Pamphilo
2889 3279 3320 3334 fatniliarissime

1742 3374 1974 3435 vixerat,
2028 3373 2121 3441 qui
2161 3374 2476 3441 praeclaram
2526 3371 3027 3441 ecclesiasticarum
3081 3372 3318 3440 scripto-
3384 3430 3385 3433 η

1744 3480 1864 3517 rum
1904 3464 2292 3517 bibliothecam
2326 3464 2661 3517 instruxerat
2688 3481 2700 3515 :
2730 3462 2856 3515 huic
2880 3462 3124 3530 quotidie
3152 3462 3321 3515 inter-

1746 3555 1868 3620 fuit,
1902 3556 2043 3611 hanc
2067 3556 2288 3609 assidue
2308 3554 2568 3620 versavit,
2595 3554 2758 3622 hujus
2783 3554 3045 3605 librorum
3072 3554 3318 3606 omnium

1745 3648 2043 3702 indiculum
2074 3646 2327 3700 confecit.
2363 3643 2507 3699 Usus
2542 3645 2804 3699 cstetiam
2839 3644 3163 3696 bibliotheca
3191 3643 3319 3697 Ilie-

1744 3738 2157 3810 rosolymitana,
2174 3754 2337 3808 quam
2364 3737 2509 3791 illius
2536 3736 2687 3790 urbis
2709 3736 3001 3805 episcopus
3017 3735 3318 3789 Alexander

1742 3832 1948 3885 exstrui
1980 3838 2297 3894 curaverat;
2329 3830 2381 3882 in
2409 3846 2516 3899 qua
2550 3839 2742 3898 praeter
2762 3829 3171 3896 rcliqna.ctiam
3197 3829 3317 3897 epi—

1743 3924 1919 3985 stolm,
1953 3940 2093 3993 quas
2125 3923 2225 3975 viri
2252 3922 2608 3977 ecclesiastici
2641 3921 2693 3974 in
2726 3922 3025 3975 tractandis
3063 3920 3319 3974 Ecclesia:

1745 4019 1982 4089 negotiis
2019 4018 2085 4071 ad
2138 4033 2197 4071 se
2233 4017 2464 4071 invicem
2498 4017 2783 4079 dederant,
2826 4019 3312 4072 conservabantur.

1742 4110 1817 4164 lta
1852 4111 2089 4180 denique
2118 4110 2275 4164 libris
2306 4109 2527 4179 scriptis
2553 4109 2767 4163 deditus
2798 4117 2936 4170 erat,
2963 4109 3210 4178 adeoque
3237 4110 3317 4164 le-

1740 4203 1915 4257 liciter
1961 4202 2013 4255 iu
2068 4202 2135 4256 iis
2168 4209 2436 4265 versatus,
2490 4210 2549 4253 ut
2582 4200 2874 4269 imperator
2920 4199 3318 4273 Constantinus

1740 4294 2210 4363 Constantinopoli
2247 4295 2551 4348 Cazsaream
2606 4293 2890 4356 scriberet,
2929 4294 3087 4362 eique
3140 4294 3314 4362 potis-

1741 4388 1941 4440 simum
1979 4387 2030 4439 in
2058 4386 2336 4440 mandatis
2354 4387 2529 4448 daret,
2565 4396 2623 4438 ut
2647 4386 3042 4456 quinquaginta
3074 4384 3131 4440 S.
3161 4385 3313 4440 Scri-

93 4488 306 4546 recepta;
347 4480 606 4548 epistola:
649 4495 789 4547 quas
829 4494 932 4533 nos
985 4482 1271 4543 habemus,
1318 4490 1426 4533 tam
1472 4479 1636 4533 certis
1669 4487 1713 4541 ι)
1744 4486 1914 4545 plura:
1942 4474 2160 4530 codices
2191 4475 2242 4527 in
2280 4476 2615 4530 membranis
2658 4477 3109 4531 artiﬁciosissime
3145 4475 3312 4531 scribi

95 4565 278 4625 indiciis
309 4580 584 4642 apparent
623 4572 822 4626 easdem
858 4572 1085 4626 omnino
1126 4588 1246 4626 esse
1274 4588 1412 4641 quas
1452 4572 1641 4625 habuit

95 4655 346 4727 Eusebius,
400 4674 467 4717 ut
521 4663 643 4731 ejus
690 4663 1064 4718 testimonium
1107 4665 1285 4732 (quod
1339 4664 1404 4717 ad
1456 4664 1637 4732 priora

94 4750 179 4805 duo
202 4753 482 4826 Polycarpi
517 4765 682 4826 atque
711 4754 898 4810 lreutei
948 4757 1113 4810 etiam
1155 4756 1504 4821 extenditur)
1540 4772 1641 4811 nec

94 4857 170 4908 pro
196 4848 401 4915 spurio,
448 4863 556 4901 nec
605 4863 703 4916 pro
736 4848 877 4902 male
908 4848 1179 4917 applicato
1225 4848 1414 4902 haberi
1445 4848 1636 4918 possit.

94 4935 189 4999 Quo
230 4941 392 5010 igitur
444 4957 596 4996 nunc
631 4956 691 4996 se
739 4942 901 4996 vertit
932 4941 1203 4997 Dallams?
1247 4943 1314 4996 ad
1366 4942 1443 5007 id,
1491 4942 1639 5011 quod

93 5043 232 5086 unum
268 5035 541 5103 restabat,
574 5034 823 5106 confugit
859 5054 877 5088 ς
916 5036 1151 5099 scilicet,
1198 5034 1493 5090 Eusebium
1544 5036 1640 5089 de-

93 5135 274 5191 ceptum
321 5126 539 5191 fuisse;
582 5128 728 5182 bono
776 5128 898 5182 viro
945 5128 1013 5181 ab
1059 5127 1359 5196 intpostore
1415 5129 1637 5182 illusum

91 5226 216 5281 esse;
271 5235 495 5273 errasse
542 5219 817 5273 hominem
870 5228 1063 5274 caetera
1125 5220 1637 5289 diligentissimum,

92 5307 207 5368 quod
238 5309 545 5364 humanum
579 5320 682 5375 est,
708 5318 764 5366 et
800 5312 854 5365 in
886 5312 1137 5366 eumdem
1171 5327 1411 5365 errorem
1446 5325 1637 5365 aucto-

94 5395 223 5452 ritate
243 5416 555 5473 sna,quam
584 5401 772 5455 habuit
804 5402 856 5455 in
888 5402 1082 5456 litteris
1115 5402 1435 5466 maximam,
1461 5402 1639 5471 primo

92 5480 438 5554 Athanasium,
467 5489 598 5544 dein
630 5498 801 5544 totum
834 5491 1017 5545 orbem
1050 5490 1350 5546 induxisse.

148 5574 292 5631 Miror
311 5580 573 5648 equidem
599 5580 648 5633 ei
674 5580 728 5633 in
766 5590 1000 5635 mentem
1043 5598 1147 5635 non
1181 5583 1430 5647 venisse,
1473 5585 1636 5638 etiam

94 5668 135 5718 in
160 5669 249 5724 hoc
276 5674 499 5740 negotio
525 5687 592 5726 eo
620 5685 942 5742 argumento
971 5677 1070 5743 uti,
1098 5676 1187 5730 cui
1222 5692 1363 5745 sape
1393 5677 1520 5732 alibi
1552 5679 1636 5731 in-

95 5759 235 5819 bcret
274 5778 287 5814 :
324 5779 528 5836 nempe
562 5765 758 5822 librum
804 5765 1048 5834 Eusebii,
1086 5768 1229 5824 unde
1261 5771 1635 5829 testimonium

1740 4574 1980 4631 curaret,
2011 4573 2065 4620 et
2091 4566 2157 4619 ad
2194 4564 2390 4620 Urbem
2426 4567 2629 4637 regiam
2660 4568 2784 4621 inde
2812 4568 3070 4623 mitteret.

1810 4655 1930 4709 Jam
1959 4671 2090 4710 vero
2134 4670 2203 4709 an
2242 4656 2539 4710 verisimile
2570 4665 2654 4711 est
2688 4667 3007 4711 veteranum
3046 4657 3312 4713 librorum

1740 4749 2074 4813 helluonem,
2107 4749 2244 4801 inter
2278 4748 2624 4801 membranas
2650 4749 2974 4819 chartasque
3004 4760 3211 4807 veteres
3232 4752 3314 4805 vi-

1741 4850 1851 4895 tam
1900 4848 2186 4904 terentem,
2225 4848 2306 4893 tot
2354 4839 2703 4908 antiquorum
2751 4841 3029 4896 volumina
3068 4844 3315 4913 quotidie

1741 4942 1835 4986 aut
1862 4931 2285 4996 describentem,
2317 4940 2412 4985 aut
2451 4931 2828 4997 deﬂorantem,
2860 4943 2969 4989 tam
3004 4934 3162 4989 facile
3205 4936 3311 4989 im-

1740 5027 1977 5097 postoris
2022 5028 2128 5081 arti
2160 5027 2471 5097 expositum
2523 5027 2714 5095 fuisse,
2760 5038 2815 5084 et
2843 5030 3149 5086 adulterino
3180 5031 3311 5086 fetui

1740 5121 2156 5176 obstetricatum
2187 5121 2341 5175 esse?
2385 5122 2467 5175 An
2501 5132 2715 5177 tantum
2749 5123 2926 5177 virum
2961 5134 3150 5193 putare
3187 5139 3313 5193 pos-

1740 5230 1935 5269 sumus
1971 5214 2199 5286 ἕρμαιον
2228 5214 2337 5267 τῶν
2364 5213 2435 5267 τὰ
2459 5216 2681 5269 τοιαῦτα
2722 5212 3157 5284 ἐπιψευδομένων
3199 5216 3313 5277 τοῖς

1742 5307 1985 5378 βιϐλίοις,
2021 5309 2113 5361 καὶ
2141 5307 2413 5380 θησαυρὸν
2438 5308 2546 5360 ἓτω
2555 5326 2653 5379 μον
2684 5310 2797 5370 τοῖς
2821 5308 3083 5376 καπήλοις
3108 5304 3310 5372 αὐτῶν,

1743 5402 1953 5453 lucrum
1996 5416 2178 5453 eorum
2214 5402 2304 5470 qui
2348 5400 2512 5469 falsos
2546 5400 2727 5453 titulos
2764 5399 2914 5452 libris
2936 5398 3222 5467 imponere,
3257 5406 3311 5455 ct

1742 5493 2045 5545 thesaurum
2082 5491 2193 5545 illis
2244 5501 2602 5561 pra'paratum
2649 5491 2740 5561 qui
2774 5489 2981 5543 eosdem
3011 5492 3310 5546 venundare

1740 5584 1988 5646 solerent,
2021 5592 2081 5637 ut
2120 5584 2187 5638 de
2220 5584 2439 5638 indocto
2470 5599 2570 5636 suo
2606 5581 2848 5651 loquitur
2880 5581 3188 5638 anianus?
3218 5582 3310 5638 Ni-

1741 5678 1886 5731 hilne
1910 5678 1963 5731 in
1997 5677 2351 5743 membranis,
2385 5676 2518 5728 nihil
2550 5675 2601 5728 in
2635 5675 2949 5745 scriptione,
2978 5676 3120 5745 quod
3147 5677 3307 5730 novi-

1742 5780 1901 5825 tatem
1934 5769 2117 5839 operis
2153 5769 2444 5838 detegeret,
2480 5769 2715 5840 reperire
2747 5769 2922 5848 potuit
2954 5770 3034 5824 vir
3058 5769 3112 5825 in
3141 5769 3303 5828 rebus
