3824 6198
418 193 523 253 187

1418 202 1475 256 S.
1522 200 1869 260 lGNATIbS.
1912 232 1978 243 -
2028 199 2567 258 PROLEGOMENA.

3594 200 3681 254 48η

409 319 738 391 Ἰιιιίυεηιοὰἰ
756 322 1249 377 exercitatissimus
1275 325 1814 396 sagacissimusque?
1835 326 1956 393 Quit

2107 328 2264 381 verit.
2301 324 2446 379 Libri
2475 324 2569 394 qui
2603 339 2749 379 nunc
2781 325 2835 378 in
2867 322 3094 379 dubium
3120 332 3410 389 vocantur,
3446 330 3545 378 aut
3566 322 3679 379 olim

415 412 470 464 ni
505 412 745 481 aliquam
772 415 1144 484 antiquitatem
1192 417 1551 485 epistularum
1586 432 1652 471 ex
1691 418 1811 486 ipso
1860 418 2004 471 libro

411 502 866 574 deprehenderit,
910 510 993 563 vel
1025 524 1091 563 eo
1137 512 1303 565 modo
1333 527 1445 580 quo
1476 511 1871 581 imperitissimi
1915 527 2008 567 so-

411 596 546 660 lent,
578 596 655 667 τῷ
674 598 1076 671 διαϐεϐρῶσθαι
1109 602 1203 655 καὶ
1225 602 1581 671 διακεκόφθαι
1612 604 1753 656 αὐτὰ
1775 621 2005 674 τεκμαι-

412 686 661 757 ρόμενος,
700 690 793 741 καὶ
834 690 1173 761 συμϐούλους
1199 694 1327 757 τοὺς
1362 694 1492 757 σέας
1526 695 1653 766 περὶ
1678 695 1777 765 τὴν
1820 694 2004 760 ἐξέτα-

410 796 496 831 σιν
544 781 1024 852 παραλαμϐάνων,
1060 785 1319 838 indicium
1358 802 1567 839 sumens
1608 788 1745 857 quod
1782 805 2004 845 comesa:

405 886 456 929 et
488 877 729 931 contrita:
757 888 1002 945 essent,et
1034 880 1202 933 tineas
1232 880 1300 932 ad
1331 896 1447 933 eam
1476 897 1586 934 rem
1616 884 1999 951 explorandam

405 970 460 1023 in
490 971 774 1024 consilium
808 972 1087 1025 adhibens.
1132 970 1393 1028 Ducentis
1422 983 1546 1043 post
1589 973 1854 1043 lgnatium
1900 991 2001 1030 an-

402 1061 495 1115 nis
526 1062 788 1131 epistolas
821 1064 1116 1133 prodiisse,
1168 1065 1279 1119 imo
1310 1081 1434 1119 cum
1476 1066 1592 1136 jam
1619 1067 1685 1122 de
1725 1068 1997 1123 Constan—

409 1153 509 1207 tini
554 1155 638 1207 vel
677 1156 849 1224 patris
879 1155 1000 1225 ejus
1031 1155 1462 1212 Christianismo
1496 1158 1639 1212 fama
1685 1175 1876 1230 sparsa
1907 1176 1997 1215 cs-

404 1260 507 1318 set,
548 1251 782 1320 scriptas
810 1252 1048 1321 primum
1084 1250 1255 1308 fuisse
1287 1254 1405 1308 vult
1438 1252 1694 1309 Dallaeus.
1732 1252 1864 1306 Erat
1894 1270 1995 1306 au-

403 1353 509 1396 tcm
563 1352 692 1397 tunc
745 1345 1005 1413 temporis
1050 1345 1233 1415 plures
1286 1361 1450 1416 quam
1492 1345 1563 1399 40
1605 1361 1778 1399 annos
1829 1355 1989 1399 natus

404 1434 696 1490 Eusebius.
727 1433 919 1490 Nonne
946 1436 1221 1491 credimus
1245 1452 1392 1503 eum,
1417 1452 1542 1491 cum
1578 1436 1716 1491 forte
1744 1436 1797 1489 in
1824 1436 1985 1489 talem

399 1527 753 1597 epistularum
802 1529 1045 1583 codicem
1080 1529 1365 1591 incideret,
1420 1529 1487 1583 ad
1521 1530 1761 1599 primum
1791 1544 1982 1583 earum

401 1622 685 1687 intuitum,
717 1622 1093 1688 cohorruisse,
1125 1638 1263 1693 quas
1294 1638 1395 1677 nec
1419 1622 1474 1678 in
1508 1621 1776 1691 Pamphili
1807 1621 1987 1676 Caesa—

2114 418 2291 470 vocati
2322 422 2474 481 sunt,
2510 415 2887 469 testimonium
2911 415 3031 485 ejus
3061 430 3170 469 non
3194 415 3420 469 habent.
3463 411 3707 469 Ostende.

2113 511 2244 565 mihi
2272 510 2486 579 lapsum
2521 508 2741 563 Eusebii
2770 510 2823 563 in
2854 509 3039 579 aliquo
3070 508 3177 563 alio
3205 522 3392 578 opere,
3419 516 3481 561 ut
3507 507 3573 562 de
3595 507 3680 562 hoc

2109 601 2328 657 credam
2350 606 2365 656 ι

2167 692 2513 763 Diligentiam
2532 701 2713 748 autem
2733 700 2787 747 et
2807 691 3145 746 attentionem
3164 689 3386 747 Eusebii
3405 691 3680 761 requirunt

2105 787 2402 843 adversarii
2436 786 2490 840 in
2524 784 2843 841 testimonio
2864 782 3048 839 lrenaai
3078 783 3393 850 all‘erendo;
3421 800 3529 856 ego
3562 800 3679 839 vero

2105 895 2225 933 eam
2258 878 2582 933 laudandam
2611 888 2764 947 puto,
2794 877 2939 946 quod
2977 891 3197 930 auream
3242 876 3596 943 sententiam,
3628 877 3676 931 in

2102 969 2293 1041 lgnatii
2323 971 2555 1042 epistola
2579 979 2907 1039 exstantem,
2932 970 3075 1040 apud
3101 968 3365 1026 lrenaaum
3390 971 3673 1037 invenerit,

2099 1063 2511 1125 observaverit,
2547 1062 2844 1128 notaverit,
2890 1062 3267 1131 applicaverit.
3320 1062 3430 1119 Sed
3473 1082 3607 1119 vana
3631 1074 3674 1121 et

2098 1155 2253 1207 inani
2282 1157 2454 1224 specie
2498 1155 2712 1208 delusus
2743 1154 2992 1224 epistolas
3045 1153 3312 1210 Irenwum
3355 1172 3566 1228 quoque
3605 1160 3674 1211 vi—

2095 1246 2254 1311 disse,
2289 1256 2337 1299 et
2367 1246 2577 1316 quidem
2608 1246 2769 1300 etiam
2795 1246 2956 1317 (quod
2987 1265 3115 1302 sane
3166 1249 3401 1302 crassius
3431 1259 3511 1303 est
3538 1263 3586 1305 et
3607 1253 3674 1304 iu-

2092 1338 2491 1407 excusabilius)
2524 1355 2841 1392 memorasse
2888 1340 3212 1410 imaginatus
3242 1352 3340 1396 est.
3374 1340 3536 1398 Unde
3580 1359 3671 1397 au-

2091 1442 2197 1487 tem
2226 1433 2332 1488 hoc
2382 1440 2606 1502 apparet
2636 1443 2836 1487 czetera
2862 1432 3343 1501 diligentissimum
3373 1437 3671 1493 oculatissi-

2088 1540 2351 1594 mumque
2381 1525 2455 1579 ita
2490 1524 2666 1580 fuisse
2699 1525 2993 1580 delusum?
3029 1523 3174 1578 Vidit
3204 1525 3483 1581 Eusebius
3511 1528 3671 1583 multa

2086 1617 2273 1672 lrenaei
2307 1618 2530 1687 scripta,
2556 1635 2678 1688 qua:
2698 1619 2810 1688 jam
2837 1620 3136 1688 perierunt,
3163 1635 3285 1689 qua:
3307 1632 3359 1674 et
3387 1621 3509 1691 ipse
3529 1637 3672 1676 com-

398 1727 526 1777 reaa,
558 1730 656 1768 nec
674 1684 978 1770 VAlcxandri
1008 1684 1407 1786 Hierosolymis
1438 1684 1772 1769 bibliotheca
1810 1714 1956 1768 vidis

2103 1718 2353 1763 nemorat
2373 1684 2467 1763 lib.
2497 1726 2551 1771 v,
2573 1684 2711 1780 cap:
2736 1684 2912 1775 26,—et
2944 1710 3037 1762 καὶ
3060 1710 3127 1762 τὰ
3160 1684 3261 1780 μξὲν
3283 1712 3364 1774 εἰς
3397 1684 3671 1783 ἡμετέραν

396 1817 501 1873 set,
529 1817 582 1863 ct
610 1807 676 1862 de
700 1808 903 1878 quibus
932 1824 999 1862 ne
1030 1807 1196 1862 fando
1220 1808 1442 1879 quidem
1476 1816 1602 1862 ante
1632 1808 1737 1862 hoc
1767 1817 1979 1877 tempus

393 1900 566 1955 fuisse
602 1916 697 1955 eas
727 1901 779 1955 in
814 1900 1046 1955 aliorum
1083 1901 1339 1957 manibus
1378 1900 1719 1955 audivisset?
1758 1898 1978 1969 Optime

392 2004 537 2049 certe
584 1994 671 2049 ille
716 1994 831 2063 jam
883 1995 1365 2065 quadragenarius
1422 1994 1594 2059 novit,
1640 2009 1805 2063 quam
1853 1993 1976 2047 libri

390 2088 578 2157 scripti
612 2096 828 2141 mtalem
874 2085 1107 2151 ferrent;
1144 2095 1282 2156 quot
1311 2087 1492 2141 modis
1535 2088 1749 2140 novitas
1777 2086 1974 2154 prode-

389 2188 566 2245 retur,
600 2195 708 2232 non
742 2179 1033 2249 ignoravit.
1086 2177 1246 2231 Nullo
1277 2180 1443 2247 igitur
1486 2178 1648 2232 modo
1678 2177 1975 2231 verisimile

382 2282 492 2339 est,
524 2272 759 2325 Eusebio
789 2271 1032 2341 vigilanti
1066 2280 1176 2324 tam
1216 2270 1378 2325 facile
1416 2270 1581 2339 simul
1610 2278 1662 2324 et
1696 2279 1804 2323 tam
1832 2269 1973 2323 finde

390 2363 711 2431 impositum
765 2360 959 2416 fuisse.
990 2361 1147 2428 Quod
1183 2364 1229 2415 si
1264 2361 1441 2430 prima
1490 2360 1628 2415 facie
1672 2361 1971 2430 impostura

385 2455 436 2509 ei
464 2472 569 2510 non
602 2455 960 2521 suboluisset,
1009 2465 1192 2509 tamen
1239 2471 1365 2510 cum
1396 2464 1506 2510 tam
1542 2456 1831 2527 diligenter
1855 2457 1973 2526 cpi-

384 2554 556 2604 stolas
588 2550 875 2615 evolverit,
907 2565 1033 2604 cum
1079 2549 1292 2620 singula
1324 2549 1709 2619 episcoporum
1746 2549 1969 2605 nomina

385 2641 779 2705 numeraverit,
832 2656 957 2695 cum
1013 2641 1284 2695 notaverit
1335 2641 1521 2695 omnia
1586 2641 1799 2697 itineris
1852 2658 1968 2697 mo-

386 2742 591 2798 menta,
625 2749 749 2787 cum
786 2733 1138 2788 traditionem
1194 2734 1512 2803 apostolica}
1561 2734 1827 2789 doctrinm
1869 2736 1969 2789 ob-

383 2827 710 2892 servaverit,
738 2842 863 2881 cum
910 2828 1147 2883 lnercses
1179 2827 1448 2883 refutatas
1483 2829 1963 2897 animadverterit,

380 2930 504 2970 cum
539 2926 617 2970 tot
641 2932 705 2970 ex
732 2916 839 2971 illis
863 2920 1160 2972 sententias
1183 2919 1555 2989 exscripserit,
1588 2936 1711 2975 cum
1739 2922 1791 2975 in
1814 2922 1965 2977 nullo

2084 1800 2309 1854 ἐλθόντα
2336 1800 2543 1869 γνῶσιν
2571 1801 2666 1853 τοῦ
2716 1802 3005 1873 Εἱρηναίου
3056 1801 3317 1865 τοσαῦτα,
3359 1816 3525 1873 atque
3569 1805 3673 1859 licet:

2081 1903 2203 1943 sunt
2252 1906 2368 1961 qua:
2416 1906 2481 1944 ea:
2533 1890 2724 1945 Ireuwi
2770 1892 2984 1959 scriptis
3020 1891 3089 1944 ad
3134 1901 3376 1945 nostram
3426 1895 3667 1947 notitiam

2080 1993 2445 2053 pervenerunt,
2485 1984 2685 2053 inquit.
2722 1982 2797 2036 Ex
2837 1984 2922 2037 his
2947 1982 3150 2037 vidisse
3176 1998 3300 2037 eum
3331 1983 3530 2054 lgnatii
3558 1987 3669 2054 epi-

2080 2076 2252 2130 stolas
2289 2075 2492 2129 certior
2509 2074 2623 2128 lieri
2656 2073 2864 2143 potuit;
2901 2074 3013 2127 imo
3030 2090 3095 2128 ex
3113 2074 3203 2127 illa
3231 2074 3349 2143 ipsa
3374 2076 3667 2140 sententia,

2078 2183 2246 2237 quam
2291 2167 2541 2232 adduxit,
2571 2166 2775 2220 vidisse
2805 2165 2977 2232 novit,
3000 2166 3129 2235 quia
3158 2180 3278 2221 eam
3308 2181 3377 2220 ex
3402 2166 3531 2236 ejus
3556 2165 3666 2236 epi-

2079 2262 2219 2316 stola
2265 2261 2692 2329 transcripserat
2721 2258 2979 2314 Irenzeus.
3008 2257 3143 2312 Nam
3184 2260 3332 2328 quod
3360 2261 3511 2329 apud
3545 2276 3666 2316 eum

2076 2352 2280 2405 dixisse
2310 2361 2523 2406 tantum
2556 2360 2877 2422 martyrem,
2905 2366 3015 2405 non
3047 2360 3231 2406 autem
3279 2352 3566 2421 scripsisse
3601 2353 3667 2407 le.

2075 2458 2291 2513 gamus,
2316 2443 2478 2512 plane
2508 2443 2665 2496 nihili
2690 2451 2774 2497 est
2806 2461 2818 2496 :
2859 2457 2961 2497 nos
2982 2442 3128 2496 cnim
3157 2450 3287 2496 ante
3319 2444 3667 2500 ostendimus

2075 2552 2354 2607 nunquam
2388 2536 2545 2591 aliter
2584 2536 2849 2590 [remeant
2883 2536 2951 2591 de
3000 2535 3288 2590 sententiis
3331 2536 3558 2605 scriptis
3592 2537 3667 2591 lo—

2072 2639 2258 2683 cutum
2288 2645 2429 2684 esse.
2471 2631 2539 2685 At
2570 2630 2762 2686 habuit
2789 2645 2854 2683 ea:
2896 2630 3043 2682 Actis
3075 2627 3352 2699 Ignatiani
3385 2632 3663 2700 martyris.

2069 2723 2147 2778 lla
2178 2732 2325 2779 certe
2346 2723 2620 2779 Parkerus
2645 2742 2660 2778 :
2689 2722 2987 2794 Collegerat
3016 2723 3134 2792 quis
3158 2722 3299 2792 forte
3326 2724 3482 2777 dicta
3505 2723 3667 2794 lgna.

2071 2816 2132 2868 tii
2171 2826 2292 2869 ante
2323 2825 2527 2887 tempus
2570 2815 2808 2887 Eusebii,
2840 2832 3004 2887 eaque
3044 2815 3100 2869 in
3130 2815 3371 2885 formam
3408 2818 3669 2887 epistola-

2068 2928 2186 2964 rum
2210 2912 2426 2982 redegit.
2454 2911 2559 2967 Sed
2588 2913 2978 2983 antiquissima
3006 2912 3139 2968 Acta
3172 2929 3296 2984 qua:
3326 2924 3465 2970 tunc
3492 2920 3663 2972 exsu-

380 3023 625 3076 uuquam
679 3018 905 3064 auctore
954 3009 1323 3064 examinando
1376 3027 1564 3081 parem
1632 3014 1963 3083 diligentiam
1994 3032 2040 3092 ρ
2073 3012 2280 3069 lerunt,
2307 3019 2408 3059 nec
2430 3019 2549 3059 eam
2577 3020 2761 3074 ηθφιθ
2789 3004 3025 3060 δίιιιίιθηι
3052 3005 3294 3074 aliquam
3326 3008 3661 3062 sententiam

380 3098 726 3165 adhibuerit;
769 3115 839 3153 au
881 3100 994 3154 fieri
1032 3116 1195 3169 posse
1236 3114 1514 3171 putamus,
1544 3112 1620 3170 ut,
1659 3105 1704 3159 si
1738 3116 1817 3160 tot
1852 3106 1963 3161 sint

379 3190 433 3244 in
469 3190 537 3245 iis
571 3192 773 3262 scripta
809 3208 933 3262 quae
965 3191 1125 3247 fidem
1160 3203 1467 3264 temporum
1513 3197 1801 3253 manifeste
1831 3214 1962 3253 con-

377 3284 605 3349 vellunt,
636 3286 759 3354 qua":
787 3301 817 3339 a
848 3297 1103 3339 sermone
1131 3288 1434 3355 apostolico
1466 3299 1518 3344 et
1553 3289 1797 3345 virorum
1828 3307 1960 3361 apo-

376 3377 695 3431 stolicorutu
729 3378 887 3447 plane
933 3379 1289 3446 dissentiunt,
1321 3397 1443 3451 quae
1474 3398 1504 3436 a
1537 3385 1824 3451 modestia,
1860 3385 1959 3439 do-

372 3472 571 3537 ctrina,
606 3472 921 3535 veracitate,
953 3473 1242 3543 prudentia
1276 3480 1532 3546 martyris
1561 3477 1720 3549 longe
1750 3479 1956 3534 abhor-

374 3571 515 3627 rent,
547 3579 671 3632 quae
714 3580 811 3634 per
851 3580 909 3619 se
950 3566 1211 3633 absurda,
1248 3567 1522 3636 aﬂ‘ectata,
1568 3570 1749 3641 inepta
1779 3583 1832 3628 et
1854 3589 1957 3643 pu-

375 3655 487 3710 tida
518 3655 649 3721 sint,
677 3657 793 3711 hac
822 3658 1007 3712 omnia
1039 3656 1309 3715 Eusebius
1339 3663 1525 3716 statim
1555 3675 1952 3734 concoqueret,

373 3761 474 3816 pro
524 3763 649 3802 vere
690 3746 988 3819 lgnatianis
1026 3750 1315 3821 arriperet,
1355 3763 1409 3808 et
1438 3755 1726 3810 aeternitati
1760 3773 1955 3813 conse-

371 3840 586 3893 craret?

798 3912 1169 3985 ‘Credat
1190 3912 1414 3985 {uda’us
1444 3915 1651 3985 Apella.

899 3982 1160 4055 (Housm,
1194 3983 1311 4040 Sat.
1352 4002 1390 4053 ι,
1426 3982 1662 4058 ν,’105.)

443 4093 547 4149 Sed
570 4096 654 4151 vir
680 4096 1038 4156 doctissimus
1062 4100 1316 4156 observat
1337 4102 1449 4156 alia
1479 4105 1621 4174 apud
1648 4104 1946 4161 Eusebium

367 4188 668 4258 sphalmata
694 4208 830 4257 esse,
861 4193 957 4246 hoc
994 4210 1324 4264 nequaquam
1344 4193 1560 4264 leviora,
1588 4214 1825 4268 quorum
1868 4214 1949 4257 ta-

366 4296 491 4335 men
532 4284 849 4339 meminisse
901 4286 1075 4352 nolit;
1120 4295 1180 4340 ut
1210 4287 1358 4352 hinc,
1392 4289 1621 4357 scilicet,
1655 4292 1945 4349 credamus

2071 3096 2331 3169 martyris
2362 3097 2641 3152 exhibent.
2678 3096 2990 3152 Posteriora
3028 3097 3211 3152 omnia
3257 3097 3351 3151 diu
3378 3107 3509 3169 post
3553 3098 3661 3153 Ire-

2066 3205 2267 3256 naeum,
2295 3189 2389 3244 diu
2422 3200 2547 3260 post
2576 3188 2872 3244 Eusebium
2906 3190 3219 3259 conscripta
3265 3198 3399 3244 sunt
3426 3210 3441 3246 :
3479 3200 3536 3246 et
3565 3206 3662 3245 eo—

2064 3301 2186 3339 rum
2220 3285 2640 3356 iuterpolatores
2672 3286 2973 3340 sententias
2997 3300 3132 3355 quas
3180 3280 3410 3353 habent,
3450 3302 3517 3341 ex
3545 3286 3662 3355 epi-

2062 3380 2221 3435 stolis
2251 3380 2737 3449 transcripserunt,
2767 3387 2827 3432 ut
2852 3393 2952 3432 nos
2981 3386 3107 3432 ante
3128 3378 3500 3437 ostendimus.
3532 3379 3663 3434 llazc

2062 3470 2232 3542 igitur
2256 3471 2455 3541 sacpius
2481 3471 2675 3524 iterata
2702 3469 2835 3523 nihil
2868 3468 3184 3538 proﬁciunt.

2132 3562 2387 3618 Secundo
2413 3561 2673 3628 objicitur
2699 3561 2894 3616 similis
2921 3562 3041 3632 ejus
3070 3562 3124 3614 in
3158 3560 3471 3633 Polyearpo
3499 3564 3651 3619 osci-

2060 3656 2229 3710 tantia
2253 3697 2267 3720 ,
2307 3655 2455 3724 quod
2486 3672 2589 3707 non
2632 3655 2920 3708 attenderit
2968 3654 3074 3707 duo
3117 3654 3239 3721 illa,
3279 3672 3401 3725 qua:
3435 3672 3502 3709 ex
3535 3657 3657 3726 ejus

2056 3745 2281 3815 epistola
2310 3747 2551 3800 recitavit
2578 3785 2593 3806 .
2631 3746 2748 3800 loca
2774 3756 2951 3815 aperte
2997 3747 3134 3800 inter
3154 3763 3209 3800 se
3235 3763 3497 3817 pugnare.
3516 3748 3653 3802 Pro-

2057 3838 2200 3893 fecto
2230 3838 2275 3891 si
2312 3838 2428 3891 haec
2456 3852 2583 3891 vera
2614 3848 2820 3904 essent,
2856 3838 2901 3893 si
2944 3837 3216 3893 Eusebius
3242 3840 3511 3896 recitaret
3534 3840 3648 3896 duo

2054 3932 2174 3986 loca
2204 3940 2391 4000 aperte
2435 3931 2576 3985 inter
2608 3946 2668 3986 se
2706 3931 3024 4001 pugnantia,
3057 3946 3293 4001 eamque
3324 3948 3647 4005 repugnan-

2053 4024 2211 4091 tiam,
2242 4040 2366 4096 quze
2422 4033 2529 4077 tam
2582 4035 2770 4094 aperta
2801 4033 2968 4088 esset,
3013 4023 3241 4078 minime
3287 4026 3650 4081 animadver-

2052 4125 2211 4184 teret,
2233 4117 2514 4187 quomodo
2536 4118 2791 4172 excusari
2815 4125 3003 4187 posset
3024 4132 3133 4171 non
3162 4116 3345 4173 video.
3372 4117 3443 4173 Et
3463 4129 3646 4175 tamen

2050 4210 2209 4265 venia
2234 4210 2545 4281 digniorem
2581 4211 2722 4265 hanc
2749 4211 2804 4265 in
2839 4209 3137 4281 Polycarpo
3162 4210 3520 4266 oscitantiam
3552 4212 3645 4267 illa

2049 4318 2170 4371 qua:
2198 4302 2248 4356 in
2277 4302 2479 4357 lrenzeo
2510 4302 2630 4368 fuit,
2661 4303 2859 4357 fatetur
2885 4302 3135 4356 Dallaeus.
3170 4301 3375 4371 Quare,
3409 4304 3644 4359 amabo?

363 4372 567 4427 bonum
604 4374 756 4429 illum
793 4375 968 4429 virum
1007 4385 1115 4469 tam
1150 4375 1307 4431 facile
1348 4392 1413 4433 ac
1444 4388 1553 4434 tam
1585 4382 1816 4451 turpiter
1842 4382 1940 4437 de-
1968 4402 2019 4462 ι)
2048 4410 2241 4463 nempe
2270 4396 2399 4469 qpia
2429 4395 2578 4448 novit
2616 4411 2679 4449 ea
2720 4409 2843 4465 qua;
2886 4394 3093 4463 objecit
3127 4409 3249 4448 esse
3293 4393 3639 4452 falsissima:

359 4466 467 4535 cipi
497 4482 563 4521 ac
594 4466 701 4521 labi
731 4468 991 4534 potuisse.
1029 4466 1231 4522 Verum
1262 4471 1524 4540 prudens.
1560 4474 1759 4543 Opinor
1785 4515 1800 4539 ,
1825 4476 1944 4530 haec

360 4557 659 4626 sphalmata
691 4559 909 4614 silentio
938 4561 1264 4629 suppressit,
1291 4565 1434 4632 quod
1464 4564 1533 4619 ad
1565 4582 1681 4620 rem
1713 4567 1943 4621 omnino

359 4666 464 4704 non
499 4648 761 4705 facerent.
791 4649 848 4704 Si
875 4662 1154 4708 auctorem
1189 4656 1359 4710 ullum
1387 4665 1627 4713 veterem
1656 4660 1943 4715 nominare

358 4752 557 4811 posset,
590 4758 754 4813 quem
798 4743 1073 4801 Eusebius
1105 4748 1348 4818 agnovit,
1395 4760 1448 4804 et
1492 4750 1653 4821 cujus
1697 4754 1941 4807 auctori-

357 4842 521 4889 tatem
571 4833 901 4890 testimoniis
950 4837 1188 4893 aliorum
1236 4842 1623 4897 conﬁrmatum
1669 4844 1789 4908 ivit,
1843 4843 1938 4913 qui

356 4938 543 4999 postea
577 4927 736 4984 fictor
764 4929 1011 4987 detectus
1040 4940 1145 5000 est,
1174 4941 1271 4987 aut
1313 4934 1398 4989 vel
1430 4935 1485 4990 in
1512 4934 1744 4991 dubium
1772 4951 1937 4991 voca-

353 5034 441 5078 tus
469 5041 483 5079 :
515 5023 723 5095 aliquid
746 5024 967 5094 quidem
996 5025 1226 5093 diceret,
1259 5026 1406 5096 quod
1438 5042 1565 5081 eum
1598 5045 1631 5081 a
1660 5030 1935 5082 temerita-

351 5118 416 5173 tis
440 5127 490 5172 et
515 5118 899 5173 inverecundia:
919 5119 1163 5182 crimine,
1190 5127 1252 5173 ut
1293 5120 1409 5189 ipse
1436 5120 1702 5187 loquitur,
1735 5120 1935 5176 libera-

350 5221 448 5267 ret.
491 5209 607 5282 Ego
640 5227 772 5267 vero
815 5210 1113 5267 Eusebium
1160 5220 1309 5266 tanta
1353 5212 1636 5283 diligentia
1670 5221 1933 5283 tantoque

344 5302 558 5372 judicio
609 5305 663 5359 in
716 5306 1104 5363 examinandis
1162 5307 1605 5362 Christianorum
1660 5306 1932 5375 primmvaa

348 5392 695 5463 antiquitatis
741 5396 983 5465 scriptis,
1015 5396 1069 5450 iu
1095 5398 1296 5466 quibus
1328 5396 1671 5450 traditionem
1706 5406 1929 5466 aposto-

349 5481 509 5536 licam
556 5484 830 5539 contineri
881 5487 1183 5541 arbitratus
1232 5494 1339 5551 est,
1378 5500 1539 5539 usum
1579 5485 1750 5541 fuisse
1791 5502 1925 5541 cons

350 5574 535 5641 tendo,
578 5585 639 5629 ut
674 5591 836 5631 nemo
866 5592 1110 5646 unquam
1153 5578 1219 5631 de
1259 5577 1380 5646 ejus
1410 5576 1516 5631 fide
1547 5586 1641 5632 aut
1684 5578 1751 5633 de
1785 5578 1923 5633 scri-

348 5666 476 5739 uis,
506 5683 630 5743 qua:
663 5668 752 5724 ille
775 5682 874 5740 pro
900 5668 1222 5728 indubitatis
1254 5671 1464 5741 habuit,
1491 5682 1679 5743 postea
1712 5672 1925 5731 dubita-

2051 4503 2228 4557 neque
2280 4486 2601 4553 Eusebium,
2637 4488 2731 4541 sed
2787 4502 2888 4543 nos
2936 4487 3171 4545 oscitare
3220 4491 3461 4558 putavit,
3510 4508 3638 4547 cum

2048 4578 2149 4631 ista
2194 4577 2479 4631 scriberet.
2533 4576 2799 4646 Quisquis
2835 4577 2925 4630 illa
2968 4578 3123 4643 loca,
3154 4594 3277 4646 quae
3305 4595 3376 4634 ex
3403 4582 3636 4651 epistola

2045 4666 2329 4739 Polycarpi
2380 4668 2629 4722 recitavit
2676 4666 2982 4732 Eusebius,
3035 4668 3361 4739 perlegerit,
3421 4674 3633 4728 nullam

2045 4761 2186 4814 inter
2217 4776 2279 4814 ea
2323 4776 2580 4831 pugnam,
2628 4762 2833 4814 trullam
2884 4762 2967 4815 vel
3020 4763 3487 4821 contradictionis
3512 4782 3639 4820 um-

2040 4852 2192 4906 bram
2241 4868 2365 4908 esse
2420 4854 2789 4907 conﬁtebitur.
2841 4853 2947 4909 Sed
2986 4855 3055 4907 ad
3084 4856 3279 4910 calcem
3309 4857 3419 4912 loci
3450 4868 3639 4929 poste-

2040 4945 2220 5008 rioris,
2252 4943 2449 5012 inquit,
2477 4942 2685 5011 aliquid
2717 4943 2825 4997 tale
2848 4944 3139 5014 reperitur.
3169 4943 3376 5001 Verum
3417 4964 3482 5003 ea
3505 4965 3641 5019 qua:

2038 5044 2169 5089 sunt
2201 5038 2269 5088 ad
2300 5037 2494 5088 calcent
2522 5051 2629 5089 non
2664 5035 2912 5090 recitavit
2943 5035 3248 5093 Eusebius:
3282 5037 3429 5094 falso
3458 5041 3643 5111 igitur

2037 5128 2325 5193 asseritur,
2356 5129 2473 5181 loca
2521 5142 2644 5197 quae
2674 5128 2927 5182 recitavit
2969 5129 3111 5183 inter
3143 5144 3203 5184 se
3234 5146 3485 5201 pugnare
3525 5151 3537 5186 :
3571 5142 3646 5192 et

2036 5220 2083 5274 si
2114 5220 2220 5274 ulla
2268 5235 2449 5290 pugna
2496 5228 2663 5286 esset,
2696 5230 2967 5291 pugnaret
3000 5222 3155 5276 locus
3177 5238 3342 5292 quem
3370 5225 3647 5283 recitavit

2034 5326 2159 5365 cum
2188 5325 2253 5365 eo
2284 5326 2447 5379 quem
2478 5327 2586 5366 non
2618 5311 2891 5379 recitavit,
2924 5323 2977 5367 et
3014 5313 3175 5382 cujus
3202 5314 3358 5369 solus
3389 5314 3645 5374 Photius

2033 5399 2305 5466 meminit,
2339 5400 2589 5469 pluribus
2619 5418 2784 5473 quam
2815 5402 3129 5474 quingentis
3160 5415 3286 5472 post
3316 5403 3639 5463 Eusebium

2032 5491 2226 5546 annis:
2261 5507 2435 5562 neque
2480 5501 2662 5549 tamen
2714 5496 2822 5549 ulla
2875 5496 3019 5549 inter
3046 5494 3356 5551 Eusebiana
3385 5508 3440 5552 et
3469 5497 3659 5551 Plio-

2033 5583 2178 5639 tiana
2208 5598 2388 5652 pugna
2426 5595 2528 5653 est,
2554 5595 2616 5641 ut
2666 5602 2768 5642 nos
2820 5586 2941 5641 fuse
2965 5587 3345 5657 probavimus.
3373 5588 3533 5645 Certe
3566 5608 3641 5648 ss

2033 5675 2135 5733 hic
2156 5675 2473 5734 oscitaverit
2509 5676 2803 5747 Eusebius,
2844 5679 3097 5741 oscitavit
3127 5687 3179 5738 et
3210 5688 3326 5739 tota
3364 5681 3641 5742 Ecclesia
