3770 6320
94 306 182 362 189

795 295 823 355 1
832 338 847 353 .
896 296 1262 354 ΡΕΛΠΞΟΝΙΙ
1318 295 1625 352 VINDICM

1728 294 2094 353 iNATIANiE.
2133 329 2201 339 —-—
2240 297 2419 355 PARS
2462 300 2503 356 1.

3212 308 3314 365 190

91 423 321 487 Asiatica,
348 433 467 491 qua:
496 426 664 474 totam
693 416 983 489 epistolam
1029 434 1194 488 quam
1232 418 1422 472 citavit
1461 415 1629 471 Euse-
1657 421 1705 478 Α
1805 414 1969 470 Levia
1998 416 2114 471 haec
2142 428 2271 472 sunt
2295 434 2405 487 pra:
2441 419 2510 473 iis
2540 434 2662 489 qua:
2683 429 3011 490 sequuntur.
3043 421 3141 477 llic
3163 425 3310 479 enim

99 517 223 579 bius,
249 528 337 583 per
360 521 437 567 tot
461 512 658 568 sarcula
690 510 907 581 publice
938 510 1169 579 legebat.

147 608 346 677 Optime
374 607 537 677 igitur
564 607 716 660 novit
741 602 1035 665 Eusebius,
1063 604 1180 656 loca
1207 603 1321 655 hinc
1345 600 1629 673 Polycarpi

89 710 133 754 et
160 698 329 752 ireniei
376 697 743 753 indubitatum
777 694 1072 766 lgnatiauis
1110 694 1356 763 epistolis
1386 694 1628 749 testimoa

91 796 219 848 nium
258 791 533 862 prabere:
575 805 752 859 neque
796 789 901 843 alia
951 788 1208 842 adhibere
1252 788 1448 852 voluit,
1505 786 1632 840 licet

91 885 190 939 sine
212 885 350 938 omni
392 881 560 937 dubio
585 881 741 951 plura
772 879 1065 950 potuisset.
1098 878 1231 933 Post
1259 879 1405 931 enim
1445 878 1630 932 animo

88 978 369 1039 conceptam
403 969 545 1023 hanc
572 968 887 1037 opinionem
912 1009 927 1033 ,
958 983 1223 1047 quorsum
1271 968 1410 1023 alios
1442 977 1628 1037 poste-

88 1062 235 1115 riores
266 1059 608 1113 nominaret?
636 1074 735 1113 cur
764 1068 956 1128 praeter
985 1059 1208 1113 solitum
1242 1074 1449 1113 morem
1485 1059 1539 1113 in
1570 1074 1630 1116 re

88 1152 281 1207 minime
300 1160 648 1206 controversa
676 1159 844 1206 testes
866 1160 1189 1221 congereret
1214 1159 1375 1220 atque
1398 1151 1631 1205 conden-

88 1245 244 1299 saret?
288 1242 563 1297 Inlirmum
612 1243 780 1313 igitur
831 1251 1215 1313 argumentum
1247 1243 1501 1312 estquod
1542 1244 1628 1298 hic

86 1339 315 1393 adversus
363 1336 616 1409 Origenis
662 1337 976 1393 testimonia
1028 1336 1196 1391 nectit
1246 1334 1499 1391 Dallaeus.
1554 1336 1629 1392 De

89 1432 279 1502 Origene
321 1430 527 1484 nullum
567 1429 778 1483 verbum
829 1429 979 1498 fecit.
1038 1428 1314 1495 Quorsum
1367 1429 1512 1483 enim
1560 1429 1629 1484 de

85 1523 285 1593 Origene
337 1524 500 1577 verba
556 1522 790 1586 faceret,
847 1536 972 1575 cum
1032 1520 1455 1589 antiquissimos
1507 1521 1628 1576 illos

82 1616 407 1687 Potycarpum
456 1625 511 1670 et
546 1614 810 1669 lrenmum
858 1613 1235 1668 nominasset?
1285 1611 1387 1667 Sed
1428 1613 1627 1682 siquid

83 1709 157 1761 ille
194 1708 256 1760 ad
306 1708 400 1759 hoc
450 1707 589 1777 quod
646 1708 754 1777 agit
802 1705 934 1758 utile
980 1704 1227 1770 dixisset,
1260 1704 1346 1757 hic
1383 1721 1487 1758 non
1515 1714 1626 1758 erat

1733 523 1890 563 error
1920 508 2083 562 unius
2113 506 2333 563 Eusebii
2382 520 2548 565 totam
2572 510 2877 567 Ecclesiam
2910 514 3115 570 Christi
3146 532 3290 572 occu

1732 601 1901 670 pavit,
1938 600 2159 655 infecit!
2215 599 2399 655 Primo
2450 604 2787 660 Athanasius
2823 622 2947 659 eum
2980 608 3185 676 hausit,
3218 611 3310 678 qui

1730 695 1993 763 egregium
2016 697 2295 764 quemdam
2327 695 2520 761 locum,
2553 709 2603 751 et
2629 715 2739 753 sua:
2762 716 2939 754 causa:
2962 701 3311 755 utilissimum

1732 786 1783 838 in
1814 785 2047 855 epistolis
2090 799 2275 841 nactus
2323 787 2523 859 Iguatii
2548 830 2564 853 ,
2614 808 2734 844 eum
2782 793 2990 847 nomine
3033 794 3306 859 laudavit,

1732 878 1825 932 sed
1873 879 1962 934 ille
2011 881 2254 947 deceptus
2297 892 2374 937 est
2390 899 2410 947 ;
2442 883 2578 936 nihil
2609 884 2828 953 quidem
2882 888 3114 955 peccavit
3160 887 3181 951 ί
3206 888 3309 943 hoc

1732 970 1962 1041 largitur
1992 972 2075 1026 vir
2102 974 2455 1028 doctissimus
2478 974 2519 1045 ).
2553 977 2645 1029 sed
2678 976 2742 1029 ab
2776 976 3004 1031 Eusebio
3044 986 3305 1032 ostentata

1731 1068 2048 1120 auctoritate
2076 1067 2292 1121 delusus
2322 1078 2419 1123 est.
2446 1067 2583 1122 Tum
2610 1084 2740 1123 vero
2765 1070 2887 1124 hinc
2914 1072 3307 1133 abAthanasio,

1731 1160 1881 1214 illinc
1904 1162 1969 1215 ab
1998 1161 2225 1215 Eusebio
2276 1162 2479 1217 factum
2519 1174 2603 1218 est
2634 1172 2689 1217 ut
2722 1167 2881 1234 pauci
2922 1167 3161 1235 deinceps
3188 1168 3291 1235 fue-

1730 1256 1836 1308 rint
1867 1256 1957 1325 qui
1992 1272 2052 1309 ea
2086 1256 2225 1324 falsa
2253 1273 2364 1310 esse
2404 1244 2794 1311 existimarent.
2843 1257 2978 1313 Tota
3031 1261 3144 1313 haec
3178 1275 3297 1314 cou-

1724 1346 2085 1417 jecturarum,
2102 1348 2594 1417 suspicionumque
2618 1349 2903 1417 congeries
2923 1350 3071 1403 nullo
3092 1351 3305 1418 negotio

1728 1437 1985 1493 dililatur.
2026 1437 2143 1504 Qua
2170 1439 2315 1494 enim
2362 1440 2558 1493 tiducia
2605 1441 2942 1496 Athanasius
2972 1441 3040 1494 ab
3074 1439 3312 1496 Eusebio

1729 1530 1955 1585 delusus
2001 1532 2171 1587 fuisse
2204 1532 2429 1598 dicitur,
2457 1534 2548 1602 qui
2580 1532 2940 1604 Polycarpuin
2968 1543 3022 1586 et
3048 1532 3306 1587 Irenaeum

1729 1638 1835 1676 non
1872 1623 2053 1677 minus
2084 1638 2246 1693 quam
2276 1622 2543 1679 Eusebius
2578 1624 2817 1693 legerat?
2851 1624 2962 1678 Cur
3003 1623 3307 1677 Athanasio

1735 1729 1842 1767 non
1870 1714 2051 1769 minus
2073 1731 2237 1785 quam
2270 1714 2530 1779 Eusebio,
2562 1716 2845 1785 imponere
2877 1724 3174 1785 potuerunt
3204 1713 3302 1767 Po-

84 1801 374 1865 omissurus,
414 1815 521 1868 quo
570 1815 718 1851 nemo
769 1813 1001 1867 unquam
1046 1796 1340 1849 studiosius
1382 1794 1625 1865 Origenis
1663 1771 1703 1827 Β
1732 1807 1984 1877 lycarpus
2028 1816 2081 1861 et
2135 1806 2395 1874 lrenteus,
2447 1808 2495 1863 si
2548 1808 2680 1862 illtld
2730 1824 2920 1863 revera
2969 1810 3149 1863 testati
3203 1823 3309 1861 nou

84 1894 220 1946 libros
242 1892 379 1961 legit.
410 1891 567 1962 Legit
592 1890 811 1960 quidem
836 1898 891 1942 et
914 1904 1177 1958 perquam
1210 1888 1454 1942 studiose
1482 1905 1498 1952 ;
1527 1904 1622 1942 sex

81 1987 216 2039 etiam
266 1986 432 2040 libros
492 1984 856 2055 apologcticos
912 1982 1101 2041 edidit.
1156 1997 1407 2051 magnam
1459 1982 1626 2035 etiam

85 2087 259 2145 partem
312 2078 436 2131 libri
494 2077 632 2133 sexti
692 2075 952 2129 Historia:
992 2074 1363 2128 ecclesiastica:
1396 2074 1450 2126 in
1481 2073 1631 2128 illius

81 2168 219 2221 rebus
253 2168 578 2223 enarrandis
615 2166 996 2235 consumpsit:
1029 2165 1149 2231 ejus
1192 2164 1360 2219 libros
1387 2180 1529 2233 saepe
1560 2164 1627 2218 ad

85 2260 330 2314 historiam
382 2260 562 2329 ipsius
609 2258 993 2315 illustrandam
1034 2256 1286 2323 advocat,
1319 2257 1531 2326 etquid
1562 2256 1631 2311 de

84 2352 209 2407 libris
259 2350 314 2408 S.
346 2352 646 2422 Scriptura:
703 2350 955 2412 senserit,
1014 2363 1180 2418 quam
1232 2348 1300 2401 de
1364 2348 1627 2418 apostolis

84 2444 390 2497 traditionem
446 2452 735 2512 acceperat
780 2453 1048 2497 enarrat.
1088 2458 1214 2498 eum
1268 2452 1450 2497 tamen
1487 2457 1631 2495 nun-

84 2552 217 2605 quam
265 2546 460 2590 testem
490 2535 741 2589 adhibuit
773 2536 839 2589 ad
872 2535 1043 2589 ullum
1083 2534 1510 2603 apostolicorum
1543 2531 1627 2584 vi-

87 2643 241 2681 rerum
290 2628 558 2697 scriptum
605 2627 1063 2682 coulirmandum.
1096 2625 1278 2693 Quare
1306 2634 1488 2679 autem
1521 2639 1626 2677 non

85 2718 128 2770 in
174 2717 365 2789 Ignatio
416 2734 547 2773 eum
600 2718 899 2784 omitteret,
931 2734 1092 2787 quem
1136 2718 1189 2770 in
1221 2716 1479 2770 omnibus
1506 2714 1630 2769 aliis

89 2810 261 2863 utuisit.
295 2809 469 2879 Leges
512 2825 651 2879 quas
701 2810 816 2879 ipse
860 2811 925 2863 ad
980 2808 1372 2863 discernendos
1422 2805 1628 2876 dijudi-

85 2900 361 2971 caudosque
395 2911 645 2956 veterum
699 2903 871 2957 libros
916 2903 1131 2968 lixcrat,
1168 2902 1256 2955 hic
1286 2901 1447 2970 plane
1472 2898 1629 2968 peni-

86 3001 251 3060 tusque
275 2994 618 3058 observavit;
654 2993 937 3065 ἀρχαίους,
974 2995 1203 3058 scilicet,
1232 2993 1625 3064 κεχρημένους,

85 3080 406 3154 Polycarpum
461 3094 515 3139 et
547 3084 808 3140 [venarum
868 3088 1189 3139 nominavit.
1244 3087 1403 3139 Sarta
1444 3086 1627 3154 itaque

88 3188 197 3231 tecta
240 3187 318 3233 est
363 3177 587 3232 Eusebii
621 3177 924 3246 diligentia,
953 3178 1102 3231 salva
1134 3176 1422 3246 prudentia
1463 3186 1628 3246 atque

85 3268 350 3335 judicium:
385 3269 575 3323 nullus
624 3269 713 3323 hic
758 3284 936 3335 error,
965 3270 1115 3324 nulla
1158 3270 1435 3337 oscitatio,
1479 3272 1628 3325 nulla

90 3359 428 3425 hallucinatio,
480 3376 623 3430 quas
676 3359 911 3415 Dallzeus
958 3362 1080 3415 sine
1117 3362 1227 3415 ullo
1271 3362 1629 3417 fundamento

88 3458 173 3503 tam
200 3452 487 3507 liberaliter
534 3450 795 3505 Historia:
840 3451 1215 3507 ecclesiastica:
1239 3452 1387 3507 Patri
1415 3454 1625 3508 tribuit.

88 3540 214 3597 Nullo
233 3544 462 3614 denique
488 3545 654 3598 modo
705 3545 1035 3599 testimoniis
1066 3562 1131 3600 ex
1163 3544 1396 3617 Origene
1425 3548 1630 3617 produc

88 3635 167 3689 (tis
206 3637 516 3706 praejudieat
567 3636 787 3691 Eusebii
830 3637 1127 3692 silentium.
1184 3639 1422 3695 Aliunde
1475 3642 1624 3695 enim

91 3730 198 3781 satis
218 3738 363 3784 certo
422 3730 684 3784 novimus
714 3740 1007 3799 utrumque
1052 3732 1156 3785 hoc
1190 3747 1329 3802 opus
1355 3747 1476 3788 esse
1503 3749 1629 3788 vere

91 3813 419 3887 Origenicum.
440 3818 882 3875 Commentarios
908 3821 959 3874 in
980 3820 1266 3877 Canticum
1286 3825 1627 3878 canticorum

88 3907 332 3976 scripsiSSe
359 3918 594 3963 testatur
627 3908 685 3963 S.
719 3910 1016 3980 Gregorius
1057 3910 1337 3982 Nysseuus
1371 3914 1423 3967 in
1460 3932 1628 3981 protr-

88 3997 209 4047 nn'o:
241 3999 297 4052 Ei
326 3999 405 4061 δὲ,
442 3999 538 4052 τοῦ
585 4000 895 4071 Ὠριγένους
940 4002 1243 4071 φιλοπόνως
1277 4004 1403 4075 περὶ
1455 4005 1514 4057 τὸ
1548 4006 1629 4075 βι-

88 4086 204 4140 ϐλίον
230 4089 380 4144 τοῦτο
415 4091 839 4156 σπουδάσαντος,
878 4093 972 4145 καὶ
1017 4094 1179 4163 ἡμεῖς
1212 4096 1396 4165 γραφῇ
1450 4112 1628 4167 παρα-

89 4176 235 4232 Solvat
264 4183 349 4235 τὸν
398 4185 565 4236 πόνον
595 4183 753 4254 ἡμῶν
787 4184 1246 4256 προεθυμήοημεν
1268 4226 1282 4249 ,
1330 4186 1629 4254 ὲγκαλείτω

92 4272 261 4340 μηδείς.
296 4275 449 4340 Quod
479 4281 525 4329 si
556 4293 673 4328 cum
715 4274 968 4345 Origenes
1015 4275 1302 4345 plurimum
1340 4276 1537 4329 laboris
1576 4286 1629 4331 et

91 4366 225 4417 studii
274 4368 326 4420 in
365 4370 507 4421 hunc
536 4368 770 4421 libellum
794 4368 1096 4432 contulerit,
1127 4385 1221 4421 uos
1252 4386 1454 4439 quoque
1488 4370 1627 4441 quod

1728 1894 1839 1948 sint
1875 1894 2019 1959 quod
2072 1896 2246 1951 nostri
2291 1912 2387 1951 eos
2438 1907 2664 1953 testatos
2692 1913 2814 1952 esse
2845 1897 3077 1953 dicunt?
3104 1896 3185 1951 An
3219 1897 3308 1952 ille

1731 1985 1968 2041 Eusebio
1997 1988 2308 2051 diligentior
2339 1997 2435 2041 aut
2464 1989 2518 2043 in
2555 1991 2718 2043 rebus
2744 1989 3065 2058 hujusmodi
3095 1990 3308 2058 perspi-

1728 2076 1913 2131 cacior
1962 2075 2097 2130 fuit?
2146 2075 2260 2130 lmo
2309 2079 2585 2146 quomodo
2618 2077 2887 2132 Eusebius
2932 2077 3210 2149 lguatiana
3241 2094 3306 2131 ex

1734 2168 1974 2222 tenebris
2012 2168 2065 2221 in
2099 2168 2275 2222 lucem
2310 2168 2612 2222 Athanasio
2640 2168 2949 2233 induxerat,
2982 2168 3075 2237 qui
3114 2166 3306 2220 eadem

1730 2260 1782 2314 in
1828 2258 2061 2329 Origene
2112 2268 2239 2313 ante
2296 2260 2534 2323 legerat?
2587 2259 2865 2313 Asseritur
2914 2258 2981 2313 ab
3026 2257 3311 2312 Albertino

1730 2362 1914 2428 atque,
1938 2352 2101 2405 etiam
2157 2352 2387 2416 Dallaeo,
2431 2349 2987 2421 pseudo-Dionysium
3020 2348 3301 2419 lgnatiana

1732 2460 1831 2497 sua
1882 2444 1951 2497 ab
1997 2441 2229 2513 Origene
2276 2443 2558 2508 hausisse;
2590 2457 2691 2496 cur
2724 2458 2832 2495 non
2862 2443 2931 2496 ab
2966 2444 3157 2497 eodem
3188 2443 3273 2511 epi
3294 2474 3308 2481 -

1732 2535 1902 2589 Stolas
1960 2533 2059 2585 has
2116 2534 2186 2586 ab
2234 2532 2442 2601 lgnatio
2509 2534 2743 2602 scriptas
2809 2534 2981 2589 fuisse
3044 2533 3311 2588 didicerat

1732 2623 2102 2677 Athanasius?
2132 2639 2232 2677 cur
2258 2638 2367 2675 uon
2397 2623 2467 2677 ab
2500 2623 2593 2676 illo
2622 2633 2799 2678 vetere
2828 2624 3118 2695 scriptore,
3144 2640 3174 2678 a
3197 2641 3309 2694 quo

1732 2729 1832 2767 sua
1871 2712 2147 2782 lgnatiana
2200 2721 2511 2780 sumpserat
2550 2711 2801 2779 Basilius,
2844 2714 3143 2767 Athanasio
3173 2728 3273 2782 syn

1731 2806 2009 2861 chronus?
2042 2805 2163 2860 "330
2188 2806 2370 2859 omnia
2400 2806 2598 2874 legisse
2622 2805 2984 2859 Athanasium
3014 2821 3176 2860 nemo
3206 2806 3309 2860 du-

1732 2897 1903 2951 bitat:
1953 2897 2176 2951 Eusebii
2219 2907 2399 2951 autem
2438 2897 2733 2951 Historiam
2763 2899 3180 2951 ecclesiasticam
3216 2908 3310 2953 aut

1732 2989 2019 3059 diligenter
2047 2989 2338 3055 evolvisse,
2375 2998 2469 3042 aut
2502 2992 2751 3053 omnino,
2783 3005 2906 3042 cum
2954 2989 3057 3043 ista
3104 2990 3310 3044 scribe-

1733 3091 1835 3146 ret,
1869 3082 2072 3136 vidisse
2104 3098 2210 3135 non
2242 3092 2478 3136 constat.
2519 3081 2789 3152 Scriptaui
2826 3096 2945 3136 eam
2992 3081 3161 3137 fuisse
3202 3098 3311 3151 po-s

1735 3175 1953 3229 stremis
1979 3174 2197 3229 Eusebii
2232 3175 2573 3245 temporibus
2595 3216 2610 3241 ,
2644 3174 2787 3229 circa
2830 3190 3035 3227 annum
3063 3174 3167 3228 550
3194 3174 3311 3227 vult

1734 3266 1987 3321 Dallreus.
2036 3265 2174 3320 Ante
2222 3282 2347 3319 eum
2394 3282 2597 3320 annum
2651 3282 2681 3320 a
2730 3265 3031 3320 Meletianis
3057 3265 3309 3319 ctEuse-

1730 3360 1910 3415 bianis
1939 3360 2080 3429 apud
2104 3360 2527 3414 Constantinum
2559 3360 2961 3424 vexatus,etab
2982 3357 3309 3413 Alexandria

1730 3453 2516 3522 Constantinopolinevocatus
2544 3460 2645 3506 est.
2666 3451 2794 3506 Post
2815 3467 2939 3504 eum
2968 3466 3171 3504 annum
3199 3458 3309 3504 sta-

1732 3544 1827 3597 tim
1876 3542 1943 3597 de
1989 3543 2158 3597 calice
2203 3542 2376 3596 fracto
2408 3550 2461 3594 et
2484 3540 2714 3595 Arscuio
2750 3540 2935 3594 occiso
2976 3548 3307 3593 accusatur:

1730 3633 2006 3705 proximo,
2042 3632 2330 3698 Dalmatio,
2369 3633 2461 3702 qui
2510 3631 2559 3685 ei
2591 3630 2896 3684 Antiochia:
2934 3629 3103 3699 judex
3146 3629 3309 3683 datus

1729 3738 1831 3791 est,
1862 3742 2085 3782 causam
2136 3741 2292 3779 suam
2344 3726 2576 3796 probare
2607 3734 2853 3789 coactus,
2884 3724 2936 3777 in
2968 3722 3309 3792 exquirendo

1730 3818 1965 3873 Arscnio
2002 3828 2304 3887 occupatus
2354 3826 2456 3871 est.
2514 3816 2653 3870 Tum
2699 3830 2832 3870 vero
2866 3815 3159 3869 concilium
3187 3812 3310 3867 Cre-

1729 3927 1899 3965 sarca:
1954 3910 2261 3975 indictum,
2318 3925 2426 3978 quo
2491 3908 2772 3979 pervenire
2826 3907 2949 3962 ideo
3007 3906 3306 3973 recusavit,

1729 4004 1857 4073 quia
1905 4004 2049 4057 idem
2095 4002 2389 4069 Eusebius,
2420 4002 2514 4072 qui
2565 4017 2673 4055 non
2706 4000 2799 4055 diu
2830 4010 2956 4054 ante
3005 3998 3307 4053 Historiam

1727 4095 1995 4161 ediderat,
2042 4095 2162 4165 ejus
2212 4095 2313 4150 loci
2367 4097 2660 4165 episcopus
2703 4103 2881 4149 esset:
2924 4108 3052 4147 mox
3081 4091 3206 4163 Tyri
3250 4092 3306 4145 in

1729 4185 1961 4239 concilio
1984 4186 2176 4241 adesse
2196 4197 2440 4251 coactus,
2466 4186 2569 4240 sub
2593 4185 2777 4255 judice
2806 4185 2947 4238 inter
2978 4184 3117 4236 alios
3138 4181 3303 4236 etiam

1729 4276 1966 4331 Eusebio
1999 4287 2207 4345 nostro,
2244 4279 2557 4348 ibidemque
2590 4280 3011 4342 condemnatus,
3042 4276 3167 4329 inde
3192 4276 3305 4329 ela-

1730 4384 1885 4437 psus,
1916 4370 2160 4439 confugit
2177 4368 2733 4440 Constautinopolim,
2753 4369 2843 4421 ubi
2866 4369 3049 4422 statim
3083 4378 3302 4421 senten-

90 4471 113 4503 α
132 4458 255 4511 nobis
282 4470 354 4512 est
384 4459 721 4513 elaboratum
743 4458 937 4514 litteris
962 4458 1216 4513 mandare
1250 4461 1484 4514 lubenter
1509 4471 1623 4515 sta-
1653 4463 1698 4519 D
1727 4460 1856 4512 tiam
1889 4460 2232 4529 relegationis
2270 4461 2500 4529 accepit,
2531 4468 2584 4513 et
2616 4459 2670 4511 in
2692 4458 2895 4513 Gallias
2916 4458 3068 4512 exsul
3099 4458 3303 4512 missus

92 4550 320 4616 tuerimus,
359 4567 512 4604 nemo
552 4568 643 4603 nos
679 4560 904 4604 accuset.
952 4549 1067 4605 Hoc
1096 4567 1235 4621 opus
1265 4553 1412 4621 quod
1450 4552 1621 4609 habe-

92 4654 204 4706 mus,
234 4659 414 4698 eoruui
464 4654 674 4713 partem
706 4660 825 4699 esse
861 4654 1012 4698 extra
1052 4660 1269 4699 omnem
1303 4654 1620 4699 controver-

93 4728 199 4783 siam
227 4742 449 4801 ponunt,
476 4742 531 4786 et
574 4731 803 4803 Nysseni
858 4734 1129 4803 expositio
1153 4749 1418 4798 consona,
1449 4744 1503 4788 et
1535 4750 1621 4789 res

95 4817 201 4885 ipsa,
230 4833 280 4878 et
321 4824 693 4894 fragmentum
735 4822 921 4878 Grzece
950 4824 1004 4877 in
1052 4822 1354 4877 Pliilocalia
1399 4839 1623 4879 conser-

95 4918 260 4978 Vatum,
305 4926 357 4969 et
403 4914 723 4969 Cassiodori
758 4914 825 4968 de
874 4914 1089 4969 Rullino
1129 4916 1428 4984 interprete
1464 4915 1621 4970 testi-

95 5004 312 5061 monium.
344 5006 564 5063 Pariter
610 5007 866 5062 homilias
907 5008 959 5061 in
996 5007 1055 5063 S.
1090 5007 1293 5062 Lucam
1326 5008 1615 5078 scripsisse

94 5087 333 5161 Origenem
388 5109 600 5153 certum
654 5105 772 5162 est,
825 5098 970 5167 quod
1025 5106 1079 5152 et
1125 5114 1219 5153 eas
1268 5098 1385 5169 ipse
1437 5100 1621 5153 laudet

95 5187 224 5241 tomis
247 5192 293 5244 in
330 5192 647 5249 Matt/rarum
686 5202 735 5247 et
769 5188 1056 5249 Joannem.
1091 5200 1144 5245 et
1177 5199 1404 5246 testetur
1430 5189 1621 5245 lliero-

94 5289 250 5344 nymus
275 5284 339 5336 ad
363 5283 594 5338 Paulum
618 5294 671 5340 et
698 5284 1075 5340 Eustochium.
1111 5284 1461 5350 Quamobrem
1493 5284 1622 5353 peti-

93 5371 185 5436 αἱς,
206 5391 275 5439 tu,
306 5380 618 5439 contemptis
652 5378 956 5432 istiusmodi
986 5380 1160 5447 nugis,
1185 5377 1374 5431 saltem
1395 5378 1619 5447 triginta

94 5470 130 5509 et
153 5480 301 5518 nomn
325 5468 635 5521 Adnmantii
662 5469 830 5522 nostri
862 5469 915 5521 in
947 5467 1145 5522 Lucam
1174 5468 1445 5535 homilias,
1480 5469 1617 5521 sicut

96 5548 136 5600 in
155 5549 308 5609 Greco
325 5558 949 5627 habentur,interpreter.
974 5560 1090 5629 Ipse
1121 5572 1303 5615 autem
1323 5561 1429 5615 hoc
1460 5576 1519 5615 se
1540 5560 1617 5614 i‘e-

94 5640 431 5715 Cisseasserit;
478 5650 745 5707 habemus
777 5650 1027 5721 Origenis
1053 5651 1307 5707 homilias
1343 5667 1409 5707 ex
1442 5652 1612 5706 inter-

96 5736 350 5803 Pretatione
379 5739 717 5819 Hieronymi,
742 5743 884 5811 sicut
922 5743 975 5797 in
1013 5742 1203 5800 erco
1248 5743 1607 5807 habebantur.

1724 4559 1827 4603 est.
1881 4548 2189 4605 Restitutus
2241 4552 2462 4621 quidem
2509 4550 2896 4605 Alexandriam
2952 4549 3149 4620 pergit,
3208 4547 3301 4603 ubi

1725 4649 1905 4695 tamen
1932 4642 2022 4695 diu
2048 4657 2277 4696 securus
2306 4658 2415 4695 non
2440 4640 2569 4707 fuit;
2597 4642 2691 4695 sed
2731 4641 3117 4695 luereticorum
3149 4640 3299 4695 domi

1722 4742 1855 4787 testu
1888 4734 2123 4804 agitatus
2152 4736 2462 4804 poutiticem
2492 4733 2802 4787 Romanum
2830 4734 3088 4804 appellat,
3115 4744 3168 4788 et
3200 4749 3295 4787 no-

1722 4825 1803 4879 vis
1853 4826 2328 4880 criminationibus
2364 4837 2597 4880 ouustus
2628 4824 2856 4879 Romam
2904 4826 3296 4896 proﬁciscitur.

1722 4915 1843 4971 Mox
1898 4917 1951 4970 in
2009 4917 2218 4988 synodo
2271 4916 2609 4971 Antiochena
2660 4917 2945 4985 depositus
2992 4928 3094 4982 est,
3140 4917 3300 4985 eique

1722 5010 1981 5065 sutIeCtus
2013 5008 2332 5081 Gregorius.
2379 5007 2437 5062 In
2496 5007 2791 5063 Occidente
2826 5010 2993 5080 igitur
3024 5023 3119 5077 per
3147 5022 3296 5061 com-

1722 5101 1904 5169 plures
1933 5117 2107 5156 annos
2137 5101 2414 5164 subsistit,
2448 5101 2538 5154 ubi
2570 5099 3004 5155 Eusebianorum
3036 5108 3129 5151 aut
3150 5096 3296 5150 lania

1721 5200 1814 5244 aut
1830 5207 1959 5245 cura
1982 5191 2148 5244 nulla.
2169 5190 2473 5245 Serdiceusi
2499 5191 2706 5262 synodo
2721 5188 2985 5255 interfuit,
3002 5204 3031 5241 a
3055 5202 3161 5257 qua
3183 5203 3298 5241 suae

1721 5284 1834 5337 sedi
1886 5284 2208 5347 restitutus,
2269 5284 2657 5337 Alexandriam
2713 5291 2895 5334 tamen
2955 5274 3153 5332 reverii
3205 5278 3291 5332 vix

1718 5375 1809 5429 diu
1842 5385 2027 5445 postea
2066 5391 2236 5429 ausus
2272 5384 2387 5429 est:
2433 5376 2613 5445 primo
2644 5371 2920 5435 Naissum,
2953 5370 3079 5424 dein
3117 5369 3291 5440 Aqui-

1720 5466 1877 5521 leiam
1897 5510 1911 5533 ,
1940 5484 2159 5523 rursum
2213 5466 2436 5533 Gallias,
2464 5476 2648 5535 postea
2681 5462 3028 5517 Antiochiam
3077 5463 3289 5531 petivit.

1718 5556 2015 5628 P0stquam
2066 5559 2195 5613 illuc
2244 5565 2584 5628 pervenerat,
2618 5554 2915 5623 omniaque
2954 5554 3009 5608 iu
3043 5553 3287 5609 Ecclesia

1718 5652 1979 5721 praeclare
2007 5651 2375 5721 disposuerat,
2406 5650 2643 5704 edictum
2671 5663 2769 5718 pro
2791 5646 3144 5702 damnatione
3168 5646 3287 5717 ejus

1717 5760 1747 5811 ξι
1774 5742 2098 5811 Constantio
2141 5742 2307 5798 exiit:
2356 5751 2409 5799 et
2451 5756 2574 5797 mox
2619 5737 2835 5812 Syriaai
2886 5740 3125 5797 exercitu
3158 5738 3254 5794 Alc
