3770 6316
452 283 549 339 i9!

1474 287 1532 346 8.
1576 287 1921 345 IGNATIUS.
1956 321 2024 330 —
2062 288 2595 347 PROLEGOMENA.

3606 302 3688 356 132

451 400 696 457 xandrue
743 417 1041 474 oppressus
1098 403 1227 476 fuga
1268 406 1490 477 elapsus
1520 419 1623 469 est.
1643 416 1699 463 et
1727 408 2040 464 introducto
2067 412 2114 471 Α
2144 422 2280 464 recte
2330 411 2624 480 scripsisse,
2687 419 2802 466 tum
2859 412 3025 467 etiam
3055 421 3110 468 et
3139 413 3297 481 alios,
3323 414 3419 485 qui
3450 415 3554 485 ipsi
3581 432 3688 472 eon-

449 494 709 565 Georgio,
744 495 797 549 in
824 511 1066 551 ereumm
1098 501 1355 554 secessit:
1382 500 1589 555 ubidiu
1609 511 1857 557 versatus
1884 512 1937 557 et
1971 503 2040 557 ab
2137 502 2305 557 traria
2360 504 2618 558 statuisse
2662 504 2990 559 vcrhotenus
3040 507 3357 574 videamur,
3424 508 3607 578 quidni
3647 520 3688 565 et

449 585 692 641 hostium
730 588 905 642 oculis
950 590 1167 658 penitus
1208 600 1461 660 ereptus,
1492 593 1662 647 multa
1691 595 2037 664 conscripsit,

449 676 541 732 illa
567 680 889 745 praesertim,
924 682 975 734 in
1001 683 1203 751 quibus
1231 682 1287 737 S.
1319 682 1584 753 lgnatinm
1614 686 1868 741 laudavit.
1903 686 2036 754 Quis

450 768 562 836 iam
603 770 876 825 dubitabit
918 772 1283 829 Athanasium
1314 785 1410 830 aut
1452 777 1505 831 in
1539 775 1786 831 Historia
1812 777 2035 833 Eusebii

450 862 680 916 multum
716 862 888 919 fuisse
936 876 1239 933 versatum,
1273 877 1565 939 antequam
1612 872 1715 925 ista
1748 872 2033 938 scriberet,

446 963 623 1009 aute:
653 955 801 1011 illius
831 958 1158 1013 auctoritate
1187 961 1399 1016 dilectis
1424 962 1539 1016 suis
1583 961 1845 1018 fratribus
1879 961 2035 1033 lgna-

445 1045 581 1100 tium
618 1051 1005 1105 commendare
1050 1053 1332 1108 voluisse?
1378 1054 1493 1126 Ego
1527 1056 1747 1126 quidem
1787 1075 1892 1112 non
1930 1060 2033 1113 du-

445 1133 577 1199 bito,
602 1138 755 1206 quin,
785 1155 912 1195 cum
951 1141 1009 1197 S.
1044 1143 1308 1212 lgnatium
1339 1146 1550 1212 citavit,
1588 1164 1695 1202 non
1734 1164 1798 1203 ex
1838 1160 2032 1206 aucto-

441 1230 602 1287 ritate
632 1232 876 1299 Eusebii,
910 1253 1033 1306 qum
1083 1239 1260 1293 sentio
1310 1256 1475 1309 quam
1525 1240 1690 1296 fuerit
1719 1245 1860 1312 apud
1903 1260 2036 1298 eum

441 1330 658 1400 exigua,
721 1332 816 1387 sed
853 1350 949 1401 pro
979 1351 1076 1386 sua
1128 1334 1388 1403 singulari
1446 1338 1746 1405 sapientia,
1796 1339 1852 1391 id
1904 1355 2030 1407 pro-

440 1425 789 1490 nuntiarerit,
825 1425 964 1494 quod
1015 1426 1132 1494 ipsa
1180 1439 1302 1481 tunc
1350 1429 1691 1497 apertissima
1727 1446 1807 1483 res
1853 1431 2028 1500 reique

441 1518 583 1570 ratio
614 1517 698 1571 illi
724 1521 1013 1586 persuasit.

514 1608 755 1664 Tandem
806 1626 935 1665 vero
987 1613 1367 1682 persentisco,
1399 1629 1571 1684 quare
1628 1630 1732 1667 non
1786 1631 2026 1683 peccasse

440 1700 806 1756 Athanasium
836 1702 1105 1774 largiatur
1138 1704 1404 1761 Dallazus:
1436 1715 1688 1760 autumat
1718 1707 1865 1760 enim
1896 1722 2019 1760 eum

2138 592 2413 649 Nicaenam
2467 595 2758 665 synodum,
2790 606 2845 650 et
2896 596 3043 651 illam
3078 614 3201 667 qua:
3237 598 3470 654 Paulum
3515 601 3688 655 conde.

2138 687 2365 749 mnavit,
2415 687 2812 743 admittamus?
2863 687 2930 743 Ut
2977 690 3053 744 illi
3101 692 3259 745 aliter
3288 693 3603 763 ἀγέννητον,
3629 694 3683 747 ita

2139 780 2220 834 has
2267 780 2425 834 aliter
2449 780 2731 850 ὁμοούσιον
2763 793 3114 850 acceperunt.
3146 781 3289 837 Nihil
3335 801 3577 853 unquam
3600 787 3683 839 dici

2136 872 2315 941 potuit
2361 880 2458 925 aut
2488 872 2556 926 de
2594 888 2722 927 vero
2754 882 2808 927 et
2842 873 3149 929 indubitato
3200 884 3426 930 auctore
3466 877 3686 945 epistola:

2133 963 2533 1028 conﬁdentius,
2568 973 2670 1035 aut
2694 965 2762 1018 de
2795 965 2916 1034 ipso
2967 964 3178 1035 Ignatio
3224 968 3683 1025 honoriﬁcentius:

2132 1054 2269 1107 nihil
2305 1055 2452 1124 quod
2485 1065 2782 1126 susceptam
2832 1075 2893 1111 ac
2946 1060 3214 1129 defensam
3243 1076 3273 1114 a
3303 1062 3508 1117 nostris
3550 1060 3687 1131 Igna-

2133 1147 2399 1199 tianorunt
2430 1158 2615 1201 contra
2662 1149 3026 1203 dissentientes
3067 1154 3441 1206 auctoritatem
3498 1154 3687 1209 ﬁrmius

2132 1237 2378 1294 stabilire
2407 1238 2613 1307 possit;
2649 1242 2787 1310 quod
2815 1242 2913 1296 illa
2941 1243 3240 1296 doctissimi
3272 1242 3613 1309 Ilammondi,
3640 1260 3685 1300 ut

2132 1330 2333 1384 Dallzeo
2360 1331 2599 1396 videtur,
2639 1349 2768 1385 sane
2798 1335 3102 1403 magniﬁca,
3137 1344 3193 1388 ut
3230 1337 3383 1399 mihi,
3418 1346 3473 1390 et
3506 1354 3622 1391 vera
3643 1350 3685 1392 et

2130 1425 2400 1489 modesta,
2431 1423 2590 1493 plane
2637 1425 2966 1495 signiﬁcant.
3003 1428 3134 1482 Post
3166 1426 3475 1491 Eusebium,
3508 1430 3682 1500 inquit,

2127 1515 2452 1569 Athanasius
2484 1515 2713 1586 Magnus
2748 1534 2903 1571 suum
2942 1519 3105 1572 etiam
3140 1517 3350 1588 Ignatio
3380 1534 3565 1575 nostro
3594 1525 3684 1593 cly-

2127 1622 2279 1675 peum
2308 1605 2568 1659 obtendit.
2620 1604 2733 1676 Ego
2774 1606 2911 1660 nihil
2943 1607 2999 1660 in
3034 1607 3123 1663 his
3154 1610 3332 1664 verbis
3362 1610 3691 1679 magniﬁcum

2128 1696 2361 1766 reperio,
2397 1695 2505 1750 nisi
2548 1694 2687 1751 forte
2725 1696 2874 1766 quod
2908 1697 3265 1753 Athanasium
3300 1708 3495 1754 testem
3530 1702 3685 1756 citans

442 1794 826 1849 tantummodo
875 1771 1060 1850 nomen
1102 1798 1240 1867 quod
1284 1798 1522 1866 epistola:
1570 1798 1925 1866 pra’ferebant
1971 1809 2023 1854 et
2054 1771 2098 1826 Β
2126 1803 2250 1843 eum
2304 1787 2558 1858 Magnum
2594 1796 2776 1855 Vocat.
2811 1789 2903 1859 (ιυὶ
2943 1791 3135 1845 “Ullus
3166 1791 3239 1844 illi
3270 1807 3489 1860 δεηιρεν
3537 1795 3688 1847 απτίο

440 1882 583 1950 apud
612 1884 942 1939 adversarios
988 1898 1253 1955 receptum
1281 1896 1419 1951 erat,
1451 1888 1772 1943 retinuisse:
1802 1905 1868 1944 eo
1911 1892 2019 1945 sci-

440 1972 567 2027 licet
621 1976 821 2041 modo,
868 1993 979 2047 quo
1037 1977 1345 2033 Salmasius
1392 1988 1446 2033 et
1484 1979 1797 2035 BIoudcllus
1829 1982 2019 2051 lgnatii

446 2067 668 2122 nomine
698 2068 783 2122 usi
812 2078 961 2136 sunt,
997 2078 1048 2124 et
1078 2070 1339 2140 epistolas
1373 2071 1641 2136 citat-unt;
1673 2089 1811 2141 quas
1840 2084 2017 2128 tamen

436 2156 611 2219 fictas,
657 2158 896 2225 spurias,
944 2160 1321 2229 supposititias
1368 2170 1423 2215 et
1470 2161 1689 2232 ineptas
1725 2166 2017 2232 putabant:

432 2246 661 2317 proinde
710 2248 919 2320 lgnatio
975 2260 1165 2306 nostro
1215 2254 1467 2325 clypeum
1522 2271 1631 2310 non
1681 2257 2018 2324 obtendisse,

437 2340 641 2393 nullam
688 2342 937 2410 epistulis
976 2343 1097 2412 ejus
1139 2346 1520 2400 auctoritatem
1553 2348 1853 2404 tribuisse.
1887 2350 2019 2405 Mira

433 2431 655 2500 quidem
706 2434 823 2488 hazc
872 2444 1023 2500 sunt,
1069 2446 1123 2491 et
1175 2454 1298 2506 (pne
1344 2454 1374 2492 a
1416 2438 1654 2506 nemine,
1694 2450 1754 2495 ut
1803 2443 2017 2511 opinor,

436 2522 730 2594 lgnatianis
755 2528 833 2581 vel
864 2528 1272 2595 infensissimo,
1299 2530 1429 2584 ferri
1459 2542 1711 2602 possunt.
1743 2533 2020 2605 Quidquid

437 2617 526 2671 ille
567 2618 635 2674 de
681 2616 781 2675 SS.
815 2620 1067 2677 Patribus
1109 2625 1363 2689 senserit,
1405 2641 1512 2678 non
1559 2634 1701 2681 certe
1746 2628 1797 2681 in
1831 2629 1932 2683 hac
1962 2644 2021 2684 re

436 2711 495 2767 S.
530 2713 864 2769 Athanasius
913 2715 980 2769 ad
1020 2731 1143 2771 eum
1198 2718 1451 2784 modum,
1484 2735 1594 2788 quo
1629 2718 1936 2777 Salmasius
1967 2731 2022 2776 et

436 2804 772 2871 Blondellus,
810 2807 1073 2878 loquitur.
1108 2808 1285 2863 Verba
1338 2827 1403 2865 ex
1453 2815 1684 2882 epistola
1718 2814 1839 2884 ejus
1886 2831 2020 2884 pro-

432 2897 699 2954 ducturus
725 2938 741 2963 ,
773 2900 847 2954 ita
893 2900 1182 2970 prazfatur:
1228 2903 1488 2971 Ἰγνάτιος
1522 2901 1613 2958 οὖν
1647 2906 1676 2956 ὁ
1710 2907 1852 2960 κατὰ
1894 2908 2020 2971 τοὺς

428 2989 761 3055 ἀποστόλους
820 2994 878 3046 ὲν
953 2994 1254 3066 Ἀντιοχείᾳ
1308 2997 1668 3061 κατασταθεὶς
1702 3000 2020 3064 ἐπίσκοπος,

430 3082 522 3134 καὶ
574 3084 785 3154 μάρτυς
835 3084 928 3138 τοῦ
975 3086 1214 3158 Χριστοῦ
1247 3088 1537 3159 γενόμενος
1564 3130 1578 3153 ,
1630 3090 1857 3161 γράφων
1891 3091 2017 3162 περὶ

430 3174 523 3227 τοῦ
558 3176 764 3247 Κυρίου
799 3177 1040 3249 εἴρηκεν.
1085 3177 1331 3250 Ignatius
1372 3181 1538 3250 igitur
1577 3193 1692 3251 post
1745 3185 2012 3253 apostolos

432 3268 729 3322 Antiochia:
775 3272 1095 3324 constitutus
1149 3275 1443 3342 episcopus,
1474 3284 1523 3327 et
1574 3284 1778 3345 martyr
1809 3273 2017 3331 Christi

430 3358 625 3428 factus,
659 3363 891 3415 scribens
917 3363 982 3417 de
1016 3363 1240 3417 Domino
1273 3365 1434 3419 dixit.

483 3454 695 3509 Asserit
723 3455 885 3525 igitur
904 3473 1029 3510 enm
1058 3457 1220 3527 cujus
1251 3459 1575 3513 sententiam
1593 3459 1852 3516 fratribus
1870 3476 2017 3514 com-

429 3547 809 3602 municaturus
836 3558 1002 3615 esset,
1037 3566 1143 3602 non
1174 3550 1525 3620 impostorem
1545 3592 1561 3617 ,
1598 3569 1704 3605 non
1734 3553 2010 3621 vulgarem

428 3638 686 3708 aliquem,
715 3650 809 3693 aut
840 3660 868 3693 e
894 3641 1053 3695 trivio
1077 3642 1426 3713 scriptorem,
1455 3644 1549 3698 sed
1580 3644 1761 3697 virum
1793 3656 2013 3713 aposto-

431 3732 617 3797 licum,
648 3745 702 3787 et
732 3734 875 3797 quod
905 3735 1085 3802 majus
1112 3736 1317 3805 aliquid
1344 3746 1462 3801 est,
1496 3736 1873 3802 Antiochenze,
1910 3737 2015 3791 hoc

428 3837 531 3890 est,
571 3827 924 3895 amplissima:
959 3827 1215 3883 Ecclesia:
1242 3831 1590 3898 episcopum,
1626 3838 1683 3883 et
1716 3830 1864 3897 quod
1896 3846 2013 3883 ma-

430 3917 637 3970 ximam
686 3926 788 3981 est,
820 3928 1114 3988 martyrem
1157 3919 1360 3974 Christi
1391 3920 1580 3974 fuisse.
1632 3919 1689 3973 ln
1724 3921 1813 3974 illa
1845 3938 2009 3991 quam

429 4024 499 4062 ex
548 4007 757 4078 lgnatio
812 4010 1036 4063 adducit
1102 4013 1417 4073 sententia,
1479 4010 1737 4065 Christus
1806 4013 2011 4067 dicitur

429 4100 745 4172 ἀγέννητος.
779 4103 871 4155 sed
925 4103 1065 4156 alios
1113 4112 1236 4171 post
1285 4101 1553 4174 lgnatium
1605 4105 1764 4158 aliter
1792 4106 2010 4162 locutos

428 4208 553 4247 esse
591 4194 850 4258 ostendit,
898 4193 956 4247 ἓν
990 4195 1049 4248 τὸ
1084 4195 1381 4266 ἀγέννητον
1415 4199 1442 4249 ὁ
1475 4198 1687 4269 Πατήρ.
1714 4196 1853 4252 Tum
1884 4214 2014 4253 vero

430 4292 650 4355 quanta:
676 4285 1022 4340 auctoritatis
1051 4286 1295 4355 lgnatius
1320 4287 1460 4356 apud
1487 4304 1546 4343 se
1580 4289 1766 4354 fuerit,
1795 4299 2013 4360 quantae

430 4376 572 4446 apud
603 4374 800 4431 fratres
829 4391 961 4430 suos
998 4387 1053 4430 ct
1090 4377 1320 4431 dilectos
1346 4394 1467 4432 esse
1507 4378 1758 4433 debuerit
1782 4381 2011 4449 apertis-

2126 1887 2252 1948 plus
2306 1893 2453 1932 nunc
2503 1878 2670 1933 nimis
2728 1880 3066 1936 honoriﬁcus
3120 1880 3363 1947 videtur;
3416 1892 3514 1937 aut
3560 1886 3685 1953 quod

2125 1972 2391 2042 lgnatium
2443 1982 2684 2026 nostrum
2714 1975 2982 2043 appellat,
3011 1991 3172 2045 quem
3223 1984 3404 2030 tamen
3435 1977 3513 2031 illi
3545 1993 3686 2033 suum

2124 2080 2246 2119 esse
2277 2064 2490 2120 nolunt.
2525 2062 2661 2119 Nam
2693 2066 2841 2135 quod
2882 2067 3251 2134 Athanasius,
3286 2068 3332 2123 si
3362 2084 3558 2123 revera
3584 2085 3679 2122 ma-

2125 2173 2265 2229 gnus
2298 2157 2388 2223 sit,
2422 2156 2633 2229 lgnatio
2665 2166 2874 2224 nostro,
2910 2159 2954 2213 si
2985 2167 3166 2213 noster
3200 2159 3306 2213 dici
3336 2163 3513 2229 possit
3540 2177 3684 2231 quem

2124 2266 2225 2305 nos
2252 2250 2621 2318 defendimus,
2653 2251 3029 2307 testimonium
3056 2268 3219 2307 suum
3253 2252 3449 2308 oderat
3468 2262 3525 2309 et
3546 2256 3685 2324 quasi

2124 2344 2361 2413 clypeum
2387 2343 2639 2397 obtendat
2662 2344 2925 2398 adversus
2954 2345 3244 2399 hodiernus
3271 2343 3465 2414 lgnatii
3498 2347 3687 2411 hostes,

2124 2439 2311 2509 negari
2365 2454 2473 2491 non
2531 2446 2729 2508 potest.
2761 2437 3015 2507 Clypettm
3042 2454 3198 2490 suum
3242 2439 3561 2494 obtendisse
3587 2442 3686 2493 vult

2122 2531 2286 2586 etiam
2334 2531 2420 2586 vir
2461 2531 2838 2597 doctissimus,
2884 2531 2977 2585 sed
3029 2532 3262 2597 veritati,
3303 2546 3413 2585 non
3457 2532 3686 2603 lgnatio;

2123 2626 2218 2681 sed
2245 2635 2436 2682 contra
2467 2626 2788 2680 Arianorum
2817 2626 2942 2688 tela,
2977 2641 3084 2680 non
3111 2635 3298 2680 contra
3333 2627 3522 2681 hostes
3549 2627 3688 2698 lgna-

2122 2720 2203 2775 tii.
2254 2719 2325 2774 At
2374 2720 2650 2790 quomodo
2692 2720 2909 2773 veritati
2936 2727 3066 2774 tunc
3094 2718 3396 2774 obtendere
3420 2720 3617 2788 potuit,
3648 2718 3685 2771 si

2122 2826 2270 2865 nunc
2300 2810 2618 2881 lgnatianis,
2653 2809 2875 2877 quando
2914 2808 2968 2861 in
3007 2808 3233 2862 dubium
3269 2817 3561 2872 vocantur,
3592 2822 3687 2860 non

2121 2903 2415 2958 ohtendat?
2441 2900 2655 2956 Veritas
2685 2900 2900 2955 Christi
2936 2901 3305 2970 impostorum
3338 2915 3445 2969 ope
3476 2916 3583 2953 non
3613 2900 3689 2953 in-

2121 2994 2316 3065 diget:
2369 3009 2545 3063 neque
2589 2992 2912 3062 epistolicus
2964 2992 3212 3059 lgnatius
3255 2997 3305 3046 el
3355 3007 3459 3062 pro
3513 2992 3690 3061 clypeo

2123 3102 2245 3142 esse
2275 3086 2472 3156 potuit,
2498 3085 2601 3140 nisi
2632 3094 2687 3138 et
2721 3084 2812 3139 ille
2838 3100 3002 3139 verus
3031 3094 3198 3148 esset,
3222 3085 3559 3153 apostolicus
3589 3084 3689 3138 sei-

2121 3181 2271 3245 licet,
2314 3187 2369 3233 et
2413 3179 2724 3247 episcopus,
2768 3186 2822 3232 et
2860 3186 3085 3248 martyr,
3115 3186 3173 3230 ut
3210 3192 3333 3231 eum
3365 3178 3691 3233 Athanasius

2116 3273 2398 3330 describit.
2418 3271 2575 3339 Quod
2604 3281 2787 3326 autem
2813 3272 3005 3341 clypeo
3030 3272 3134 3325 hoc
3169 3286 3328 3324 usum
3367 3275 3487 3325 vult
3512 3282 3688 3327 contra

2114 3366 2440 3420 Arianorum
2477 3364 2603 3428 tela,
2638 3363 2795 3432 plane
2820 3360 3017 3415 falsum
3047 3369 3155 3416 est.
3190 3361 3403 3432 Saepius
3434 3362 3692 3418 adversus

2115 3456 2352 3511 Arianos
2390 3456 2633 3525 disputat
2656 3456 2724 3509 de
2762 3469 2897 3509 voce
2929 3453 3246 3524 ἀγέννητος,
3278 3470 3560 3524 nunquam
3592 3471 3688 3508 au-

2117 3560 2223 3605 tem
2271 3549 2322 3603 in
2368 3564 2430 3602 ea
2466 3564 2522 3603 re
2554 3547 2875 3602 testimonio
2901 3546 3094 3616 lgnatii
3136 3547 3326 3599 utitur.
3357 3544 3427 3600 Et
3454 3546 3694 3601 oratione

2115 3648 2303 3694 contra
2334 3638 2570 3692 Arianos
2608 3638 2873 3701 secunda,
2909 3637 3067 3690 docet
3098 3650 3194 3690 eos
3226 3651 3347 3690 eam
3406 3652 3594 3691 vocem
3626 3637 3691 3690 ab

2114 3731 2349 3786 ethnicis
2398 3730 2674 3792 hausisse.
2715 3738 2770 3783 et
2802 3730 3031 3799 opponit
3060 3722 3171 3781 illis
3200 3727 3479 3782 Asterium
3518 3743 3691 3793 suum,

2119 3821 2343 3875 Arianw
2369 3820 2641 3875 hwreseos
2665 3820 3009 3873 defensorem
3040 3819 3169 3886 (non
3195 3825 3381 3871 autem
3410 3817 3691 3888 lgnatium;

2117 3913 2215 3982 qui
2263 3911 2454 3981 σοφίαν
2494 3911 2587 3963 τοῦ
2642 3909 2778 3962 Θεοῦ
2833 3909 3125 3980 ἀγέννητον
3153 3909 3410 3974 dixerat,
3449 3910 3694 3978 quamvis

2118 4004 2260 4058 idem
2288 4005 2452 4058 etiam
2485 4003 2542 4055 ἓν
2577 3998 2719 4055 εἶναι
2754 4001 2814 4054 τὸ
2850 4001 3143 4071 ἀγέννητον
3173 4001 3521 4055 asseruisset.
3555 4000 3613 4054 Et
3640 4002 3692 4053 in

2118 4098 2346 4166 epistola
2368 4096 2436 4150 de
2466 4095 2658 4164 synodi
2699 4092 2929 4147 Nicaeus:
2964 4094 3207 4157 decreto,
3237 4101 3426 4147 contra
3455 4094 3561 4146 alia
3583 4092 3693 4145 Arii

2115 4189 2369 4259 dogmata
2406 4184 2720 4257 Origenem,
2751 4193 3047 4253 utrumque
3076 4183 3397 4253 Dionysium
3428 4192 3483 4237 et
3514 4182 3691 4237 Theo-

2116 4287 2373 4349 gncstum
2424 4278 2590 4343 citat;
2624 4273 2892 4345 lgnatium
2941 4289 3121 4343 neque
3149 4275 3414 4329 adversus
3447 4275 3575 4340 ista,
3601 4290 3695 4328 ne-

2114 4386 2222 4441 que
2248 4371 2303 4424 in
2332 4369 2705 4454 disputatione
2732 4368 2799 4420 de
2828 4381 2962 4420 voce
2993 4365 3312 4436 ἀγέννητος,
3342 4366 3413 4421 de
3436 4383 3549 4436 qua
3580 4367 3695 4421 fuse

431 4469 568 4523 sime
599 4467 957 4522 demonstrat.
993 4468 1053 4519 Εἰ
1092 4468 1190 4538 μὲν
1223 4464 1335 4532 οὖν,
1373 4468 1566 4537 inquit,
1597 4469 1689 4522 καὶ
1724 4470 1859 4539 πρὸς
1880 4470 2006 4523 τού-

2129 4464 2246 4533 igit,
2267 4461 2492 4516 omnino
2516 4461 2779 4514 nominat.
2808 4459 2889 4515 Ad
2919 4459 3118 4515 fratres
3141 4469 3351 4513 tantum
3370 4468 3426 4513 et
3444 4460 3692 4525 dilectos,

430 4577 556 4624 τους
590 4558 848 4623 ἐναντίως
880 4559 1224 4630 διακείμεθα,
1262 4559 1404 4612 ἔστω
1436 4560 1529 4613 καὶ
1575 4561 1713 4631 πρὸς
1766 4560 2016 4625 συνόδους

432 4651 564 4721 ἡμῖν
609 4652 643 4721 ἡ
681 4652 848 4723 μάχη.
888 4651 949 4706 Si
978 4653 1144 4723 igitur
1177 4661 1226 4704 et
1268 4652 1348 4704 his
1374 4652 1739 4716 adversemur,
1769 4653 1838 4705 sit
1872 4651 2015 4708 nobis

432 4743 592 4796 etiam
623 4743 871 4798 adversus
911 4745 1137 4814 synodos
1170 4761 1367 4814 pugna.
1400 4743 1455 4798 Si
1490 4745 1682 4797 horum
1713 4743 2014 4798 sententias

435 4851 544 4889 non
584 4835 934 4906 recipiamus,
974 4837 1019 4890 si
1064 4838 1130 4890 de
1170 4852 1358 4891 earum
1385 4836 1710 4891 auctoritate
1743 4845 1837 4889 aut
1869 4835 2015 4889 veri-

435 4937 548 4983 tate
594 4926 950 4989 dubitemus,
1006 4928 1051 4981 si
1114 4929 1279 4982 tantis
1332 4929 1584 4982 l‘atrihus
1634 4927 2012 4997 refragemur,

431 5019 699 5076 adversus
738 5017 902 5072 etiam
950 5020 1193 5088 synodos
1224 5035 1375 5073 arma
1414 5035 1720 5083 sumamus,
1754 5020 1834 5073 vel
1864 5019 2013 5073 illam

433 5129 556 5183 (μεριξ
591 5110 823 5165 Paulum
876 5108 1326 5175 Samosatenum,
1355 5111 1438 5163 vel
1489 5110 1631 5163 hanc
1673 5108 1863 5173 etiam,
1891 5124 2015 5178 quae

435 5204 624 5259 Arium
695 5201 1122 5266 condemnavit,
1178 5215 1543 5269 respuamus,
1600 5199 2010 5253 conculcemus.

437 5295 589 5351 llaud
619 5296 764 5351 enim
798 5310 1004 5349 renuo:
1039 5309 1217 5363 neque
1243 5294 1420 5363 major
1447 5292 1581 5346 mihi
1608 5302 1710 5357 est,
1743 5300 1837 5346 aut
1860 5291 2014 5349 vobis

437 5403 559 5441 esse
580 5386 763 5454 debet,
791 5388 987 5441 harum
1016 5386 1350 5458 synodorum
1374 5400 1538 5453 quam
1565 5400 1756 5439 eomlm
1787 5383 2012 5439 Patrum

436 5482 756 5535 auctoritas.
804 5482 869 5534 Ei
915 5481 970 5534 δὲ
1017 5482 1116 5551 τὴν
1151 5481 1210 5533 ὲν
1242 5476 1464 5549 Χριστῷ
1498 5477 1684 5531 πίστιν
1716 5477 1894 5531 αὐτῶν
1925 5494 2014 5546 γι-

438 5569 735 5635 νώσκοντες
758 5573 1099 5643 πεπείσμεθα
1139 5573 1223 5625 ὅτι
1266 5571 1362 5625 καὶ
1394 5572 1423 5623 ὁ
1448 5571 1715 5642 μακάριος
1760 5571 2015 5639 Ἰγνάτιος

410 5662 615 5734 ιόρθῶς
666 5663 889 5735 ἔγραψε.
928 5664 987 5719 Si
1015 5675 1192 5718 autem
1213 5680 1395 5718 eorum
1419 5663 1475 5717 in
1503 5662 1713 5717 Christo
1741 5663 1899 5728 [idem
1922 5681 2011 5716 co-

443 5764 766 5826 gnoscentes,
784 5771 1090 5826 persuasum
1116 5756 1361 5812 trahemus
1386 5764 1497 5810 tum
1519 5754 1722 5810 beatum
1745 5752 2013 5825 lgnatium

2117 4564 2173 4610 ct
2200 4554 2377 4609 eidem
2412 4569 2539 4608 cum
2568 4553 2687 4623 ipso
2711 4553 2976 4607 doctrina:
2999 4552 3067 4606 de
3102 4560 3302 4605 natura
3326 4550 3535 4606 Christi
3564 4567 3695 4606 con-

2118 4648 2440 4712 sentientes,
2469 4646 2795 4701 auctoritate
2844 4644 3033 4715 lgnatii
3085 4644 3298 4699 utitur:
3352 4660 3535 4715 neque
3576 4653 3695 4697 tan-

2117 4755 2284 4811 quam
2330 4740 2606 4808 scriptoris
2647 4738 2850 4805 alioqui
2896 4737 3067 4800 dubii,
3093 4736 3188 4790 sed
3221 4744 3278 4790 et
3315 4738 3457 4805 apud
3484 4753 3597 4801 eos,
3622 4737 3696 4791 ad

2116 4849 2257 4904 quos
2300 4831 2616 4902 scripserat,
2654 4830 2878 4900 recepti,
2917 4837 2969 4884 et
3001 4829 3070 4883 ab
3100 4828 3218 4897 ipso
3241 4828 3420 4882 modis
3442 4830 3696 4882 omnibus

2117 4924 2321 4988 ornati,
2354 4938 2530 4993 neque
2578 4937 2703 4977 cum
2755 4923 2859 4977 ista
2911 4921 3200 4986 scriberet,
3247 4936 3277 4973 a
3327 4922 3588 4990 quapiam
3636 4923 3692 4974 in

2118 5017 2346 5072 dubium
2378 5014 2578 5070 vocati.
2616 5012 2891 5080 Quorsum
2925 5013 3090 5084 igitur
3139 5012 3230 5067 hic
3267 5012 3600 5067 Salmasium
3638 5022 3691 5066 et

2119 5109 2458 5164 Blondellum
2510 5110 2778 5173 advocat,
2816 5110 2975 5178 quasi
3030 5109 3146 5178 pari
3206 5107 3371 5162 modo
3430 5108 3692 5178 lgnatium

2116 5201 2461 5271 epistolicum
2502 5202 2789 5264 citassent,
2821 5216 2982 5269 quem
3027 5199 3279 5268 spurium
3304 5208 3358 5253 et
3394 5200 3693 5267 suppositi-

2119 5293 2254 5346 tium
2301 5291 2685 5346 crediderunt?
2733 5290 2842 5345 lmo
2891 5306 3063 5361 quare
3115 5290 3279 5345 etiam
3332 5291 3502 5345 simul
3533 5289 3696 5343 llam-

2117 5386 2403 5451 monduzn,
2434 5395 2692 5455 tanquam
2740 5387 2949 5439 tristem
2996 5394 3047 5438 et
3094 5400 3352 5449 severum,
3384 5394 3433 5437 et
3468 5382 3693 5450 ioculari

2117 5476 2591 5539 animadversione,
2622 5476 2732 5529 imo
2755 5476 2879 5545 joco
2913 5486 3020 5527 tam
3044 5474 3218 5528 diluto
3249 5485 3407 5543 atque
3432 5473 3583 5543 longe
3602 5487 3694 5540 pe-

2118 5569 2216 5620 tito
2243 5577 2479 5621 utentem
2497 5568 2747 5636 suggillat
2763 5568 2785 5620 ?
2799 5567 2937 5632 Quid
2954 5582 3083 5621 vero
3108 5573 3192 5621 est
3212 5565 3361 5634 quod
3392 5563 3693 5619 Hammon-

2117 5658 2271 5723 dum,
2296 5659 2473 5728 virum
2522 5673 2655 5712 sane
2711 5659 2977 5728 Optimum
3028 5655 3541 5725 doetissimumque,
3581 5665 3689 5709 tam

2121 5751 2325 5805 tristem
2357 5724 2410 5803 εἴ
2445 5766 2676 5803 severum
2719 5748 2887 5805 fuisse
2908 5749 3125 5819 arguit?
3170 5748 3296 5819 quis
3334 5747 3445 5816 ille,
3472 5748 3688 5809 amabo,
