3770 6318
94 352 174 407 illi;

790 342 839 397 εἰ.
880 339 1245 396 PEARSONII
1285 339 1605 395 VlNDlClE
1643 338 2066 396 ΙΟΝΑΤΙΛΝᾸΞ.
2106 370 2173 380 --
2208 338 2393 395 PARS
2428 343 2466 395 Ι.

3212 343 3309 397 194

79 473 212 543 jocas
266 472 369 515 tam
416 460 615 513 dilutas
666 468 888 528 tamque
952 457 1104 527 longe
1142 457 1378 526 petitus?
1418 456 1622 526 Nempe
1651 476 1695 533 Α
1727 457 2002 528 ἁμαρτίαν
2031 456 2235 527 ἐφησεε
2276 454 2370 508 Vir
2396 455 2615 525 quidam
2641 464 2853 510 sanctus
2883 458 2937 511 id
2974 456 3133 525 dixit,
3163 461 3313 529 quod

89 556 267 627 putavit
292 553 640 615 Salmasium,
680 550 775 619 qui
816 560 926 603 tam
962 549 1109 603 varie
1134 550 1200 603 de
1233 547 1437 616 lguatio
1469 548 1623 601 locu~

88 662 161 704 nis
205 659 301 713 est,
352 656 585 700 trientem
639 654 915 706 mutasse;
950 642 1094 711 quod
1146 643 1238 711 qui
1292 640 1623 694 Salmasiam

88 743 207 795 norit
227 757 321 794 non
354 738 510 808 facile
532 738 726 791 credet.
750 734 891 801 Quid
924 734 1129 803 igitur?
1153 749 1334 788 annon
1359 733 1624 788 Claudius

88 833 341 889 Sarrsvius
374 839 595 886 senator
639 827 986 895 Parisiensis,
1039 827 1191 882 novit
1250 824 1627 880 Salmasium?

87 942 239 981 nonne
257 925 371 993 ejus
399 922 585 977 omnia
622 921 926 977 admiratus
971 930 1075 986 est,
1101 930 1159 975 et
1188 920 1463 989 praecipue
1490 917 1625 973 illud

88 1032 204 1082 opus
232 1015 295 1067 de
315 1012 549 1081 primatu
582 1026 757 1081 papae.
790 1011 878 1064 cui
906 1010 1012 1064 hoc
1038 1010 1277 1079 elogium
1306 1008 1619 1078 inscripsit:

90 1108 140 1163 Si
180 1122 349 1175 pergas
402 1105 519 1157 istis
586 1102 845 1156 machinis
908 1102 1099 1157 Urbem
1148 1111 1444 1167 concutere,
1485 1102 1624 1155 breri

86 1216 204 1253 ιιιτετ
229 1212 358 1250 Διτο
384 1214 413 1248 Α
444 1211 675 1249 ειτωιικε
704 1196 888 1249 Μιιηῖ
935 1193 999 1249 Ει
1032 1205 1215 1249 tamen
1250 1209 1500 1247 summus
1538 1194 1625 1247 hic

86 1290 305 1345 Salinasii
327 1289 538 1342 amicus
565 1297 727 1356 atque
759 1285 964 1351 fautor,
992 1302 1098 1340 non
1128 1286 1340 1339 veritus
1364 1294 1447 1339 est
1469 1287 1623 1338 istius

92 1383 273 1437 Veneris
301 1398 514 1449 carpere
536 1380 862 1433 sandalium.
895 1378 1017 1432 Non
1046 1378 1239 1447 placet,
1258 1377 1457 1447 inquit.
1483 1378 1623 1447 quod

81 1474 203 1526 eain
223 1483 477 1541 apparatu
509 1473 707 1541 culpes,
738 1489 855 1539 qua:
888 1473 942 1524 in
972 1472 1087 1539 ipso
1116 1487 1266 1539 opere
1298 1470 1509 1523 laudas.
1551 1469 1624 1522 De

82 1563 349 1633 lgnatianis
386 1563 625 1631 epistolis
658 1563 895 1631 intelligo
915 1603 929 1627 ,
957 1579 1089 1631 quas
1128 1563 1182 1614 in
1210 1572 1471 1630 apparatu
1491 1602 1504 1621 .
1534 1562 1624 1631 qui

79 1654 201 1721 prior
227 1656 433 1725 legitur,
481 1656 666 1709 nterito
712 1657 809 1725 τῆς
842 1655 1053 1718 νοθείας
1085 1656 1326 1721 revincis,
1357 1664 1405 1709 et
1447 1666 1622 1708 tamen

79 1764 231 1799 carum
262 1748 580 1800 auctoritate
611 1748 928 1815 sa’piuscule
947 1749 1133 1811 uteris,
1169 1749 1321 1816 quasi
1346 1761 1513 1800 essent
1546 1749 1622 1801 le-

1726 551 1932 603 videtur
1958 550 2139 602 audax
2172 565 2312 611 esse;
2348 559 2521 604 tamen
2542 551 2747 605 locutus
2763 561 2842 605 est
2870 569 2888 605 :
2915 552 3042 621 quid
3062 554 3181 622 jam
3220 553 3317 606 hoc

1724 643 1842 695 est?
1872 658 1932 694 ne
1976 643 2221 710 martyrii
2259 644 2469 712 quidem
2512 646 2824 713 sanguinem
2879 656 3153 713 peccatum
3222 646 3319 700 hoc

1726 735 2045 790 schismatis
2095 736 2267 789 eluere
2307 754 2457 806 posse
2483 738 2650 791 dixit.
2688 737 2954 804 Quamvis
2983 749 3169 795 autem
3216 754 3316 792 ne-

1728 829 1928 883 minem
1954 829 2217 894 nominet,
2238 830 2490 899 quamvis
2514 841 2597 885 ter
2626 831 2826 885 dixisse
2855 847 3243 903 eum.nunqua
3266 848 3316 884 m

1725 931 1908 977 autem
1932 921 2203 990 scripsisse
2226 922 2328 976 ista
2353 932 2584 989 asserat,
2604 934 2910 980 nontamen
2935 925 3301 982 dubitandum

1726 1028 1847 1068 esse
1870 1014 2065 1078 sentio,
2091 1014 2223 1083 quin
2247 1013 2303 1069 S.
2332 1014 2664 1085 Cyprianum
2696 1016 3045 1085 intellexerit,
3075 1028 3127 1073 et
3148 1019 3302 1074 libel-

1726 1103 1838 1157 lum
1869 1102 1937 1157 de
1965 1104 2175 1157 unitate
2201 1102 2457 1160 Ecclesia:
2492 1108 2824 1175 respexerit,
2862 1108 2914 1161 in
2947 1125 3056 1178 quo
3090 1108 3192 1165 ista
3234 1112 3304 1166 do

1726 1194 2095 1249 schismaticis
2128 1195 2361 1264 legimus
2389 1214 2402 1250 :
2447 1196 2599 1250 Tales
2626 1200 2787 1252 etiam
2817 1201 2862 1253 si
2895 1202 3055 1253 occisi
3091 1202 3146 1255 in
3178 1220 3304 1256 con—

1727 1284 1953 1352 fessione
1994 1285 2224 1338 nominis
2272 1286 2488 1353 fuerint,
2522 1291 2731 1342 macula
2773 1289 2881 1343 ista
2926 1308 3019 1344 nec
3048 1293 3301 1361 sanguine

1725 1376 1945 1431 eluitur.
1991 1373 2339 1445 lnexpiabilis
2380 1390 2428 1431 et
2471 1382 2644 1448 gravis
2695 1381 2853 1450 culpa
2886 1382 3163 1438 discordia:
3209 1402 3301 1439 nec

1725 1468 1967 1535 passione
2016 1479 2296 1537 purgatur.
2354 1468 2468 1525 lloc
2531 1481 2610 1525 est
2677 1480 2819 1541 quod
2872 1472 3301 1543 Cbrysostnmus

1723 1557 1993 1628 τολμηρὸν
2032 1562 2287 1628 appellat.
2318 1563 2463 1632 quod
2500 1562 2806 1633 Cyprianus
2838 1566 3086 1634 pluribus
3120 1578 3298 1622 tamen

1725 1651 1941 1717 probat,
1972 1661 2027 1704 et
2065 1653 2129 1704 ad
2158 1652 2280 1721 ejus
2302 1656 2607 1724 exeiuplum
2643 1657 2807 1708 etiam
2840 1656 3035 1710 ibidem
3058 1659 3303 1729 Chryso-

1726 1749 1938 1795 stomus
1964 1742 2079 1809 ipse
2111 1741 2288 1798 fusius
2321 1746 2691 1814 persequitur.

80 1840 280 1906 gitimte,
320 1855 410 1891 nec
444 1838 634 1890 titulus
667 1848 935 1890 auctorem
967 1840 1293 1892 mentiretur.
1328 1837 1528 1892 Saltem
1559 1840 1621 1892 de
1656 1822 1696 1876 Β
1796 1830 1900 1887 Sed
1922 1850 1986 1886 ea:
2015 1834 2390 1903 Chrysostomo
2426 1839 2552 1889 certi
2593 1856 2795 1903 sumus,
2839 1839 3014 1910 inquit
3048 1842 3300 1911 Dallu-us,

80 1932 163 1983 ista
205 1944 288 1984 tua
328 1930 605 1985 sententia:
650 1932 944 1981 mutatione
996 1930 1203 1999 aliquid
1236 1931 1617 2000 signiﬁcasses.

76 2022 296 2077 iudicent
320 2024 431 2092 jam
466 2022 665 2077 eruditi
700 2038 769 2075 an
805 2020 1200 2085 llammoudus,
1232 2038 1300 2074 an
1334 2023 1623 2077 Sarravius

80 2114 265 2168 mollius
306 2114 577 2181 carpserit
619 2112 780 2167 istius
809 2109 1035 2165 Veneris
1085 2112 1434 2167 sandalium:
1480 2114 1621 2167 inte-

77 2208 159 2257 run
196 2202 593 2258 llammondum
646 2205 935 2259 absolvunt
983 2205 1321 2258 Athanasius
1347 2215 1399 2257 ct
1430 2204 1622 2258 Sarra-

76 2297 191 2349 vius.
212 2294 396 2351 Nullus
429 2296 701 2364 impostor
724 2295 1022 2351 Eusebium
1050 2295 1275 2361 delusit,
1305 2296 1487 2349 nullus
1516 2294 1623 2349 Eu-

77 2390 232 2444 sebius
257 2390 645 2444 Athanasium.

652 2522 883 2579 CAPUT
923 2522 1014 2578 IX.

81 2632 363 2689 Testimonia
389 2635 450 2690 S.
482 2635 842 2705 Chrysostomi
869 2638 933 2689 ab
959 2635 1335 2705 objectionibus
1356 2636 1623 2690 uindican-

135 2716 225 2759 tur.
271 2708 510 2759 I’rimum
547 2708 599 2757 in
632 2710 946 2775 panegyrico
975 2722 1040 2758 ea:
1073 2708 1297 2774 epistola
1333 2708 1402 2758 ad
1428 2706 1623 2759 Iloma-

133 2793 229 2828 nas.
254 2776 662 2844 Chrysostomas
686 2777 939 2842 epistolas
974 2776 1174 2846 lgnatii
1210 2794 1302 2829 nec.
1331 2778 1617 2846 ignoravit,

134 2863 210 2896 nec
237 2849 569 2915 contempsit.
615 2847 941 2899 Sententiam
980 2865 1082 2900 non
1123 2865 1189 2900 ex
1216 2852 1385 2909 Actis.
1436 2850 1527 2904 sed
1556 2864 1621 2902 ea:

130 2916 328 2983 epistola
354 2918 641 2986 excerpsit.
662 2916 959 2985 Cyprianus
988 2935 1019 2969 a
1045 2919 1621 2986 (Ihrysostomolauda-

132 2997 219 3037 tus.
248 2986 635 3057 Secundamiea:
654 2988 876 3057 epistola
907 2988 975 3039 ad
1006 2987 1381 3057 Polgcurpum.
1406 2988 1618 3055 Oratio,

131 3058 249 3123 quod
279 3074 410 3110 unus
443 3058 517 3109 sit
562 3056 621 3109 V.
648 3068 696 3109 et
735 3056 806 3128 Ν.
854 3057 1176 3128 Testamenti
1208 3069 1416 3124 aitctor,
1444 3059 1618 3128 Chry-

131 3137 338 3180 soslomo
363 3128 679 3181 ascribitar.
715 3127 1046 3196 Conjecturis
1080 3127 1273 3182 Savilii
1312 3138 1361 3182 et
1417 3127 1619 3183 Usserii

132 3199 474 3265 respondetur.

134 3308 231 3365 Duo
260 3312 577 3366 testimonia
600 3327 631 3365 e
652 3311 690 3365 S
730 3311 1131 3381 Cbrysostomo
1154 3313 1466 3377 eduximus,
1494 3312 1623 3367 licet

80 3397 274 3456 bullatus
315 3402 727 3457 llammondum
775 3404 983 3469 laudet,
1031 3404 1177 3473 quod
1226 3405 1374 3458 hunc
1427 3413 1618 3458 testem

79 3492 319 3559 omiserit;
349 3505 404 3549 et
437 3496 493 3548 in
520 3511 589 3550 eo
621 3496 858 3549 maxime
878 3497 1200 3564 triumphet,
1225 3494 1371 3565 quod
1404 3496 1458 3549 in
1484 3512 1624 3565 pra:-

80 3584 195 3638 ilara
214 3588 479 3655 oratione,
514 3604 681 3658 quam
713 3588 780 3642 de
813 3589 1078 3658 martyrio
1106 3585 1164 3642 S.
1198 3586 1618 3656 lguatiibabuit,

79 3679 390 3745 epistolarum
433 3683 559 3751 ejus
593 3682 800 3735 nullam
846 3683 1181 3735 mentionem
1215 3680 1437 3746 fecerit;
1470 3681 1621 3734 inde-

83 3787 164 3836 que
194 3775 422 3844 colligat,
465 3783 565 3829 aut
597 3791 723 3828 eum
750 3775 872 3828 illas
909 3775 1214 3845 ignorasse,
1245 3775 1390 3842 quod
1421 3774 1619 3829 verisi-

84 3862 182 3915 mile
204 3880 302 3918 non
332 3876 449 3933 est;
468 3876 566 3919 aut
587 3866 1005 3935 contempsisse,
1033 3866 1177 3933 quod
1209 3865 1389 3934 potius
1412 3866 1619 3934 ample-

83 3956 234 4018 ctitur,
263 3960 512 4026 adeoque
542 3956 735 4027 lgnatii
772 3974 899 4011 vere
929 3974 1051 4012 esse
1086 3974 1192 4010 non
1228 3967 1467 4027 putasse.
1510 3957 1622 4013 Nos

83 4052 226 4098 autem
254 4048 678 4103 disertissimam
722 4051 1049 4103 sententiam
1077 4050 1427 4116 adduximus,
1452 4066 1618 4119 quam

82 4137 471 4208 tilirysostomus
521 4143 576 4197 in
629 4144 720 4197 illa
754 4142 871 4213 ipsa
916 4144 1166 4198 oratione
1196 4158 1262 4197 ex
1294 4144 1520 4213 epistola
1552 4146 1619 4198 ad

85 4225 317 4290 Romanos
345 4220 727 4306 transcripsit;
757 4252 935 4305 neque
967 4237 1132 4306 igitur
1171 4252 1291 4291 eam
1325 4237 1617 4307 ignoravit,

85 4336 224 4389 neque
244 4329 603 4395 contempsit;
638 4329 749 4382 imo
782 4343 880 4397 pro
921 4344 1045 4382 vere
1086 4327 1369 4398 lgnatiaua
1403 4329 1615 4393 habuit,

86 4415 205 4470 aliter
246 4435 529 4491 nunquam
594 4422 647 4474 in
715 4421 970 4491 panegyri
1024 4422 1185 4474 verba
1239 4421 1357 4489 ejus
1393 4423 1621 4476 recitas-

1667 3223 1693 3244 δ

1724 1926 1834 1978 lucc
1865 1926 2045 1981 Roma:
2075 1927 2344 1998 Ignatium
2375 1930 2442 1981 ad
2470 1930 2732 1985 Romanos
2757 1946 3039 2001 prwsentes
3080 1936 3297 1991 dixisse.

1726 2016 1928 2071 Parum
1966 2036 2087 2089 ergo
2114 2030 2190 2073 est
2238 2022 2511 2089 probabile
2543 2024 2724 2075 eadem
2750 2024 2867 2093 jam
2901 2037 3023 2078 ante
3064 2028 3302 2079 emndem

1727 2106 1971 2179 Smyrna:
2003 2113 2369 2165 consisrentem
2401 2115 2468 2166 ad
2503 2113 2764 2168 Romanos
2805 2118 3099 2185 scripsisse.
3148 2116 3302 2173 Unde

1723 2212 1907 2256 autent
1964 2218 2029 2257 ex
2081 2202 2477 2276 Chrysostomo
2520 2208 2648 2259 certi
2694 2208 2859 2261 simus
2912 2207 3178 2278 lgnatium
3238 2226 3301 2264 ea

1723 2296 1888 2350 verba
1914 2296 2117 2365 Romen,
2147 2307 2240 2350 aut
2272 2302 2339 2350 ad
2372 2298 2633 2351 Romanos
2660 2312 2944 2367 prcesentes
2980 2302 3301 2369 protulisse,

1721 2401 1824 2455 ego
1869 2403 1976 2441 non
2021 2388 2279 2458 intelligo.
2312 2387 2429 2442 Non
2463 2391 2608 2443 enim
2645 2390 2777 2444 dicit
2821 2406 2945 2444 eum
2985 2392 3163 2446 Romw
3189 2404 3301 2446 tum

1724 2478 1916 2544 fuisse,
1979 2495 2087 2533 non
2137 2481 2315 2533 innuit
2347 2479 2625 2535 llomanos
2656 2494 2938 2551 pra'sentes
2983 2500 3125 2549 esse,
3175 2500 3302 2540 cum

1722 2569 1828 2624 ista
1852 2571 2119 2640 proferret
2137 2573 2521 2627 sanctissimus
2541 2585 2765 2645 martyr.
2787 2573 2839 2627 1‹Ι
2860 2586 3067 2630 tantum
3087 2577 3302 2643 asserit,

1721 2677 1846 2716 eum
1884 2680 2126 2732 generose
2170 2673 2218 2716 et
2263 2680 2381 2717 cum
2424 2665 2691 2733 voluptate
2720 2676 2949 2721 mortem
2981 2668 3301 2738 oppetiisse.

1721 2764 1772 2808 et
1812 2755 2081 2825 ἀσμένως,
2114 2772 2239 2810 cum
2276 2757 2517 2811 labentia
2548 2760 2785 2826 quadam
2820 2760 3021 2815 vidisse
3072 2762 3300 2818 bestias.

1726 2847 1833 2903 Sed
1868 2848 2035 2902 πόθεν
2058 2850 2215 2903 τοῦτο
2239 2848 2438 2919 δῆλον;
2477 2851 2613 2903 unde
2638 2851 2755 2915 hoc,
2793 2852 2990 2920 inquit,
3043 2854 3307 2921 apparet?

1722 2939 1801 2994 Ac
1835 2941 1881 2994 si
1907 2941 2136 3006 diceret,
2161 2942 2303 2994 unde
2332 2943 2435 2995 hoc
2460 2936 2818 3012 cognovimus
2847 2945 2869 2996 ?
2909 2960 2974 2997 ex
3001 2944 3153 2998 Actis
3183 2945 3305 3014 ejus

1724 3031 1858 3085 nihil
1888 3031 1994 3085 tale
2033 3032 2287 3101 colligere
2320 3048 2614 3101 possumus
2638 3052 2649 3087 :
2672 3034 2746 3087 illi
2779 3035 2871 3104 qui
2899 3050 3025 3088 eum
3054 3035 3299 3089 comitati

1727 3134 1856 3180 sunt
1882 3125 2117 3194 qualiter
2159 3141 2217 3179 se
2261 3126 2491 3194 gesserit
2525 3126 2576 3179 in
2611 3127 2826 3181 theatro
2860 3142 2967 3181 non
2999 3142 3295 3180 enarrave—

1725 3228 1875 3280 runt.
1904 3234 1935 3272 a
1967 3233 2204 3287 quorum
2235 3220 2516 3273 consortio
2570 3219 2864 3272 subductus
2890 3229 2969 3273 est
2992 3235 3111 3272 cum
3155 3219 3308 3288 {esti-

1723 3309 1936 3362 uatione
1968 3310 2021 3361 in
2044 3310 2508 3377 amphitheatrum,
2533 3312 2721 3364 deinde
2743 3314 3019 3380 conjestim
3039 3311 3303 3381 projectus

1724 3400 1925 3455 bestiis.
1966 3399 2113 3453 Unde
2144 3400 2307 3469 igitur
2338 3401 2433 3453 hoc
2469 3404 2734 3469 apparet?
2760 3403 2867 3455 ἀπὸ
2901 3402 3010 3454 τῶν
3042 3403 3305 3473 ῥημάτων

1722 3484 1797 3542 ὧν
1822 3490 2186 3561 ἀποθνήσκειν
2211 3491 2417 3562 μέλλων
2443 3492 2761 3561 ἐφθέγξατο,
2779 3494 2842 3546 ab
2866 3493 2975 3547 illis
2996 3495 3161 3547 verbis
3188 3510 3304 3563 qua:

1723 3598 1841 3634 cum
1879 3582 2118 3650 futurum
2139 3594 2269 3638 esset
2294 3593 2350 3636 at
2380 3596 2689 3649 moreretur,
2721 3586 2928 3639 locutas
2950 3594 3047 3639 est.
3072 3585 3305 3651 Quando

1723 3682 1903 3727 autem
1938 3675 2068 3729 illud
2107 3677 2271 3730 erat?
2303 3677 2394 3729 diu
2434 3678 2578 3730 enim
2619 3687 2735 3732 erat
2774 3678 3138 3749 ἀποθνήσκειν
3174 3678 3303 3748 μέλ-

1722 3765 1851 3819 λων.
1884 3766 2187 3823 Audiamus
2201 3784 2369 3838 porro
2384 3768 2871 3839 Chrysostomum:
2904 3769 3167 3833 Ἀκούσας
3194 3768 3304 3842 γὰρ

1721 3857 1803 3909 ὅτι
1831 3852 1983 3922 οὗτος
2016 3858 2177 3912 αὐτὸν
2209 3860 2310 3929 τῆς
2333 3861 2600 3930 τιμωρίας
2622 3863 2649 3913 ὁ
2669 3865 2870 3931 τρόπος
2906 3862 3075 3932 μένει,
3108 3880 3126 3913 t
3162 3862 3304 3931 Ἐγὼ

1720 3949 1829 4001 τῶν
1850 3950 2053 4022 θηρίων
2078 3952 2299 4004 ἐκείνων
2312 3953 2568 4023 ὀναίμην,
2601 3972 2620 4004 ι
2640 3952 2810 4021 ἔλεγε.
2830 3954 2961 4007 Cum
2974 3954 3261 4009 audivisset
3282 3993 3299 4019 ,

1721 4042 1859 4110 quod
1885 4043 1969 4094 hic
2008 4043 2255 4112 supplicii
2299 4044 2483 4097 modus
2544 4062 2661 4097 eum
2709 4056 2989 4100 maneret:
3028 4065 3045 4095 I
3083 4043 3299 4099 Utinam

1721 4148 1822 4201 ego
1880 4133 1993 4189 illis
2045 4134 2235 4188 bestiis
2296 4134 2481 4199 fruar,
2520 4155 2538 4187 ι
2582 4136 2871 4205 inquiebat.
2918 4137 3000 4189 An
3062 4138 3298 4206 primum

1722 4224 1902 4279 Romae
1928 4226 2137 4280 audivit
2165 4242 2224 4281 se
2254 4227 2442 4288 bestiis
2468 4228 2740 4297 objectum
2791 4228 2892 4283 iri?
2935 4243 3001 4282 an
3046 4228 3299 4284 Romanis

1720 4316 2065 4385 prementibus
2121 4318 2235 4373 hazc
2276 4323 2594 4374 necessario
2650 4321 2870 4376 locutus
2925 4322 3047 4376 est?
3076 4322 3236 4375 Certe
3265 4337 3299 4377 a

1722 4406 1961 4476 Trajano
1991 4408 2295 4464 Antiochia:
2322 4411 2388 4465 ad
2421 4412 2623 4467 bestias
2650 4414 3046 4468 condemnatus
3070 4422 3187 4479 cst;
3228 4415 3298 4469 ab

86 4516 162 4559 set.
217 4507 377 4581 Negat
417 4514 504 4566 vir
548 4513 905 4567 doctissimus
949 4512 1365 4581 trauscripsisse
1404 4528 1466 4566 ex
1499 4514 1575 4581 epi

1805 4514 1817 4550 ι
1846 4507 2087 4568 tempore
2115 4502 2270 4556 novit
2299 4504 2442 4571 quod
2483 4504 2677 4558 mortis
2707 4520 2879 4572 genus
2911 4504 3012 4574 ipsi
3046 4504 3294 4559 subeun-

86 4598 212 4663 stola,
242 4616 300 4655 ex
330 4603 487 4659 Actis
510 4612 663 4672 putat
689 4603 966 4656 habuisse.
996 4602 1175 4672 Cogor
1201 4603 1383 4671 itaque
1421 4602 1618 4670 saepius

86 4700 326 4758 reponere,
368 4695 507 4748 Acta
540 4710 662 4763 qua:
705 4695 998 4748 exstabant
1028 4702 1185 4747 aelate
1215 4693 1616 4763 Chrysostomi,

88 4773 200 4829 illam
229 4782 557 4835 sententiam
610 4782 840 4836 minime
887 4797 1271 4837 memorasse:
1315 4782 1616 4852 posteriora

88 4878 256 4936 autem,
290 4884 412 4943 post
453 4874 577 4943 ejus
609 4882 841 4927 mortem
888 4874 1216 4942 composita,
1251 4871 1441 4942 lguatii
1472 4871 1615 4926 dicta

86 4974 134 5011 ex
158 4965 379 5029 epistolis
412 4966 689 5019 hausisse.
729 4965 963 5020 Aliunde
1017 4966 1183 5034 igitur
1213 4980 1378 5033 quam
1406 4980 1471 5016 ex
1502 4964 1619 5032 epi-

87 5057 211 5122 stola,
233 5076 389 5127 quam
420 5072 554 5114 tunc
580 5059 857 5113 exstitisse
890 5068 1001 5112 tum
1029 5059 1180 5122 alibi,
1208 5067 1318 5111 tum
1351 5057 1621 5126 praecipue

89 5146 345 5205 Antiochiae
363 5167 564 5206 omnes
580 5151 841 5217 fatentur,
859 5152 974 5205 hare
988 5150 1155 5204 verba
1179 5149 1430 5202 hausisse
1445 5148 1617 5217 Chry-

88 5249 365 5308 tmstomum,
401 5243 686 5309 hariolari,
723 5244 971 5311 frivolum
1014 5251 1063 5294 et
1090 5242 1323 5310 ineptum
1352 5248 1449 5293 est.
1498 5237 1616 5291 Non

90 5327 191 5383 dicit
230 5335 441 5402 quidem
476 5346 663 5390 orator
694 5336 782 5390 ille
830 5349 1082 5389 summus
1111 5348 1237 5387 eum
1276 5331 1566 5401 scripsisse
1603 5348 1614 5383 :

90 5427 260 5481 tantum
292 5429 596 5498 ἐφθέγξατο
617 5470 632 5495 ,
671 5429 879 5482 locutus
908 5438 1011 5493 est,
1046 5428 1123 5481 ait
1158 5445 1170 5481 :
1211 5429 1371 5495 plane
1394 5434 1454 5478 ut
1484 5424 1619 5479 alias

93 5514 210 5568 silet
234 5517 303 5571 Ita
332 5522 555 5575 bomilia
588 5522 873 5576 undecima
904 5522 959 5573 in
999 5519 1287 5588 epistolam
1318 5516 1387 5570 ad
1438 5515 1619 5585 Ephe-

92 5604 203 5660 sios:
226 5609 376 5683 Ἀνὴρ
395 5612 453 5665 δέ
477 5630 561 5676 τις
584 5615 736 5681 ἆγιος
761 5610 1148 5668 εἷπέτιδοκοῦν
1172 5606 1307 5662 εἶναι
1322 5608 1615 5679 τολμηρὸν,

94 5698 202 5770 πλὴν
226 5702 325 5756 ἀλλ’
360 5708 513 5777 ὅμως
539 5706 863 5776 ἐφθέγξατο
904 5706 957 5759 τί
994 5705 1058 5775 δὴ
1083 5703 1241 5757 τοῦτὸ
1278 5705 1459 5769 estw;
1496 5699 1616 5755 οὐδὲ

98 5796 349 5865 βιρςυρίου
399 5792 543 5869 αἷμα
576 5800 778 5871 ταύτην
835 5797 1094 5853 δύνασθαι
1144 5795 1450 5865 ἐξαλείφειν
1516 5796 1616 5865 τὴν

1722 4590 1852 4644 dum
1877 4606 2023 4647 esset
2058 4612 2070 4646 :
2109 4605 2233 4664 post
2258 4595 2392 4649 illud
2427 4605 2641 4664 tempus
2670 4596 2810 4650 dixit
2838 4612 2850 4648 :
2892 4614 2910 4647 ι
2944 4594 3163 4651 Utinam
3195 4612 3299 4669 ego

1722 4682 1830 4737 illis
1854 4684 2065 4745 bestiis.
2093 4687 2160 4740 ad
2201 4702 2340 4756 quas
2369 4688 2767 4743 condemnatus
2794 4704 2939 4753 sum,
2969 4688 3152 4754 fruar;
3190 4708 3211 4742 ι
3242 4690 3295 4745 id

1721 4790 1824 4830 nos
1849 4792 1972 4829 eum
2004 4776 2253 4848 Smyrna:
2281 4779 2488 4832 dixisse
2525 4788 2580 4833 et
2601 4780 2897 4849 scripsisse
2922 4782 3197 4837 credimus
3227 4782 3295 4837 ad

1721 4865 1999 4923 Romanos
2022 4871 2263 4939 quidem.
2290 4871 2382 4925 sed
2398 4872 2681 4939 absentes;
2699 4872 2883 4928 Romae
2901 4884 3082 4930 autem
3106 4878 3295 4931 eadem

1720 4960 1884 5014 verba
1914 4963 2303 5029 pronuntiasse
2336 4964 2615 5033 (quamvis
2668 4966 2718 5019 id
2770 4982 2994 5037 quoque
3025 4969 3141 5022 ﬁeri
3191 4986 3294 5039 po—

1724 5052 1896 5107 tuisse
1952 5068 2115 5107 nemo
2151 5054 2509 5119 diffitebitur)
2561 5072 2660 5111 nec
2693 5057 3143 5129 Cbrysostomus,
3196 5074 3297 5112 nec

1721 5153 1847 5198 ante
1874 5160 1998 5199 eum
2032 5147 2324 5216 quisquam
2365 5148 2524 5202 dixit.
2561 5148 2627 5203 Et
2673 5150 2716 5203 si
2755 5151 3011 5220 cuiquam
3062 5161 3193 5205 tunc
3231 5164 3295 5205 ea

1720 5239 1886 5292 verba
1935 5240 2215 5306 recitavit,
2268 5250 2414 5295 certe
2446 5240 2697 5297 fidelibus
2740 5241 2926 5296 Romae
2954 5258 3021 5296 ex
3062 5240 3293 5310 cpistola

1721 5346 1885 5400 quam
1914 5332 1981 5385 ad
2013 5348 2109 5387 eos
2143 5333 2465 5402 scripserat,
2491 5336 2681 5390 eadem
2729 5336 2925 5389 iterum
2982 5334 3035 5387 in
3085 5348 3287 5387 memo-

1722 5426 1859 5478 riam
1894 5426 2202 5491 revocavit;
2256 5427 2328 5480 ita
2375 5428 2520 5481 enim
2551 5426 2931 5496 antiquissima
2968 5425 3087 5495 ejus
3108 5426 3238 5479 Acta
3274 5441 3288 5476 :

1725 5516 2055 5581 Quibusdam
2078 5530 2253 5572 autem
2277 5529 2326 5572 et
2351 5521 2680 5573 auuuntiavit
2699 5519 2870 5581 silere.
2901 5517 3219 5586 [ementibus
3242 5528 3291 5572 et

1722 5609 2015 5663 dicentibus
2051 5610 2289 5679 quietare
2314 5612 2514 5680 plebem
2553 5628 2615 5663 ac
2657 5626 2760 5664 non
2806 5622 3046 5680 expetere
3075 5612 3291 5679 perdere

1713 5700 1940 5769 justum.
1972 5699 2116 5765 Quos
2145 5702 2421 5770 confestim
2449 5702 2641 5770 spiritu
2668 5719 3005 5773 cognoscens,
3031 5712 3078 5755 et
3112 5718 3287 5755 omnes

1722 5794 1986 5861 salutans,
2010 5804 2286 5865 petensque
2316 5795 2379 5850 ab
2411 5796 2538 5865 ipsis
2576 5812 2748 5851 veram
2786 5796 3118 5862 charitatem,
3169 5796 3287 5863 plu-
