3824 6198
383 285 488 341 I95

1382 289 1437 344 S.
1480 286 1825 346 lGNATlUS.
1865 318 1934 329 -—
1972 286 2502 345 PROLEGOMENA.

3538 286 3638 345 ωδ

382 426 540 478 raque
572 410 638 464 iis
671 426 787 481 qua:
815 412 869 465 in
904 411 1133 480 epistola
1169 411 1474 479 disputans,
1504 422 1553 464 et
1590 411 1815 465 suadens
1850 427 1953 463 non
1982 416 2030 472 Α
2058 411 2125 465 ad
2155 410 2431 465 auditores
2484 410 2744 466 facerent.
2776 409 2965 474 Itaque
2994 410 3374 479 apostolorum
3406 425 3638 465 consor-

379 504 611 556 inuidere
641 504 917 572 festinanti
948 503 1017 555 ad
1049 501 1355 555 Dominum.
1396 501 1562 556 Forte
1602 502 1768 572 igitur
1813 502 1955 555 inter

379 595 593 663 reliqua
617 610 739 664 quae
775 593 1005 647 Romam
1032 592 1265 664 Smyrna
1293 592 1586 661 scripserat
1617 593 1780 646 etiam
1814 593 1954 649 hanc

378 689 706 743 sententiam
735 688 981 753 iteravit;
1010 686 1082 741 ita
1111 686 1246 740 nihil
1274 684 1474 738 Dallaeo
1506 685 1592 738 vel
1617 701 1682 739 ex
1709 684 1951 757 Chryso-

378 788 559 834 stomo
589 788 821 845 certum,
846 779 931 834 vel
954 776 1173 832 aliunde
1196 776 1475 846 probabile
1497 786 1599 830 est.

447 865 558 922 Nos
608 878 787 922 autem
838 868 1014 923 multo
1066 867 1332 924 certiores
1380 882 1573 920 sumus
1622 866 1951 921 sententiam

379 960 523 1014 illam
572 960 761 1031 lgnatii
795 978 860 1015 ex
891 960 1012 1029 ejus
1065 960 1296 1028 epistola
1345 975 1374 1014 a
1422 958 1816 1029 Chrysostomo
1854 960 1952 1014 de-

377 1062 649 1121 sumptam
674 1069 818 1109 esse.
849 1051 905 1107 ld
941 1053 1087 1106 enim
1124 1066 1191 1105 ex
1214 1051 1395 1105 verbis
1426 1052 1782 1120 sequentibus
1819 1051 1952 1106 satis

376 1144 583 1214 liquido
610 1154 833 1214 apparet
860 1161 873 1197 :
917 1141 1063 1211 Ἐγὼ
1082 1142 1199 1196 τῶν
1221 1143 1459 1210 θηρίων,
1494 1142 1689 1212 inquit,
1708 1142 1954 1195 ἐκείνων

377 1238 649 1307 ὀναίμην,
668 1237 839 1305 ἔλεγε.
863 1235 1104 1289 Τοιοῦτοι
1126 1234 1233 1306 γὰρ
1255 1238 1301 1287 οἱ
1324 1234 1554 1306 ἐρῶντες
1597 1236 1734 1305 ὅπερ
1759 1234 1825 1288 ἂν
1844 1236 1950 1288 πά-

378 1346 586 1399 σχωσιν
610 1330 750 1401 ὑπὲρ
773 1328 879 1381 τῶν
894 1328 1181 1398 ἐρωμένων
1200 1327 1317 1399 μεθ’
1333 1327 1526 1398 ἡδονῆς
1546 1329 1809 1397 δέχονται.
1836 1327 1952 1382 Uti-

377 1438 500 1475 nam
531 1439 623 1491 ego
657 1421 767 1474 illis
805 1421 982 1474 bestiis
1008 1420 1181 1488 fruar,
1221 1419 1318 1473 ait.
1350 1417 1502 1472 Tales
1523 1420 1663 1473 enim
1689 1431 1949 1473 amatores

378 1514 636 1583 quidquid
669 1513 949 1580 patiuntur
986 1528 1080 1581 pro
1106 1511 1299 1564 amatis
1335 1528 1452 1565 cum
1492 1512 1755 1581 voluptate
1784 1512 1952 1565 susci-

371 1606 547 1674 piunt.
570 1604 776 1659 Alludit
811 1604 957 1659 enim
993 1603 1282 1658 manifeste
1306 1603 1373 1657 ad
1399 1605 1657 1674 praeclara
1683 1605 1769 1657 illa
1786 1605 1947 1659 verba

374 1697 427 1749 in
464 1696 652 1750 cadem
668 1696 829 1767 epist.
859 1696 929 1750 ab
954 1696 1212 1750 omnibus
1233 1697 1539 1762 decantata,
1568 1695 1676 1760 ζῶν
1695 1695 1802 1767 γὰρ
1823 1697 1949 1766 ὑμῖν

2056 510 2217 569 tium,
2266 511 2319 556 et
2366 503 2739 571 episcopatum
2774 511 3192 567 commemorat,
3227 502 3639 570 utamplitudi-

2055 604 2179 643 nem
2218 591 2391 655 urbis,
2444 598 2498 645 et
2540 591 2920 661 antiquitatem
2971 590 3227 647 Ecclesia:
3278 591 3642 645 Autiochena:

2054 681 2371 745 extolleret;
2396 682 2718 753 martyrium
2751 690 2935 736 autem
2960 683 3234 753 eleganter
3258 681 3555 745 describit,
3582 692 3641 734 ut

2054 772 2431 827 vehementius
2452 774 2710 842 populum
2738 773 2807 827 ad
2832 774 3187 843 reliquiarum
3220 773 3639 827 venerationem

2055 862 2397 917 accenderet.
2446 861 2749 931 Epistolas,
2784 871 2842 917 ut
2882 878 2996 917 rem
3026 862 3286 917 omnibus
3317 861 3634 932 c0gnitam,

2055 969 2155 1007 nec
2180 955 2508 1024 panegyrico
2532 954 2747 1009 dicendi
2766 955 2949 1024 generi
2966 955 3386 1010 convenientem
3409 954 3634 1009 omittit.

2054 1043 2353 1115 Gregorius
2384 1045 2832 1115 Thaumaturgus
2867 1047 3255 1117 panegyricum
3288 1030 3485 1101 coram
3517 1046 3638 1101 Ori-

2055 1152 2191 1206 gene
2234 1137 2452 1206 habuit;
2494 1140 2697 1209 scripta
2727 1140 2849 1209 ejus
2877 1156 2985 1211 non
3016 1140 3221 1206 laudat,
3248 1156 3319 1195 ne
3386 1139 3639 1194 nominat

2054 1228 2310 1295 quidem;
2343 1228 2455 1282 imo
2478 1244 2545 1283 ne
2579 1230 2871 1296 scripsisse
2899 1247 3028 1284 cum
3069 1232 3374 1301 quidquam
3408 1231 3634 1286 indicat.

2052 1320 2309 1391 Epistola:
2331 1321 2388 1377 S.
2419 1323 2677 1394 Cypriani
2702 1340 2916 1395 semper
2948 1325 3098 1379 fuere
3114 1325 3521 1392 celeberrimae;
3545 1342 3638 1381 eas

2053 1414 2350 1483 aliquoties
2387 1415 2574 1469 laudat
2615 1416 2671 1470 S.
2702 1416 3041 1488 Augustinus
3073 1433 3087 1469 :
3122 1427 3181 1471 at
3208 1433 3336 1472 cum
3370 1420 3426 1473 in
3456 1417 3637 1473 Natali

2053 1508 2173 1578 ejus
2222 1523 2507 1563 sermones
2557 1508 2766 1579 aliquot
2822 1510 3154 1579 institueret,
3213 1527 3508 1581 nunquam
3542 1527 3637 1567 eas

2052 1602 2536 1668 commemoravit;
2593 1602 2783 1657 laudat
2832 1603 2924 1657 ubi
2968 1604 3231 1673 disputat,
3268 1621 3337 1659 ne
3383 1604 3640 1660 meminit

2053 1690 2272 1761 quidem
2305 1691 2395 1745 ubi
2428 1695 2811 1765 panegyristen
2848 1695 2982 1763 agit,
3015 1696 3106 1748 ubi
3131 1708 3396 1766 tanquam
3431 1699 3636 1765 episco-

369 1789 567 1859 γράφω
601 1787 742 1859 ὲρῶν
771 1787 863 1841 τοῦ
890 1788 1199 1851 ἀποθανεῖν,
1220 1787 1391 1859 όὲμὺς
1421 1788 1557 1859 ἔρως
1588 1788 1938 1859 ἐσταύρωται.

2055 1800 2174 1852 pum
2225 1786 2777 1839 misericordissimum
2827 1797 2875 1839 et
2922 1799 3205 1857 martyrem
3234 1789 3634 1858 ﬁdelissimum,

371 1879 486 1934 lmo
511 1894 640 1933 vero
665 1893 761 1947 per
785 1887 952 1932 totam
968 1894 1089 1933 eam
1114 1880 1418 1932 orationem
1437 1878 1526 1932 ubi
1551 1878 1617 1932 de
1645 1878 1948 1946 Ignatiolo-

367 1969 574 2038 quitur,
590 1968 655 2021 ad
672 1968 813 2023 hanc
838 1968 1239 2038 przccipue,sed
1263 1980 1316 2022 et
1340 1971 1405 2021 ad
1433 1969 1567 2022 alias
1604 1969 1941 2023 collincavit.

367 2062 506 2116 Cum
524 2061 760 2114 animant
777 2060 895 2129 ejus
917 2061 1051 2114 adeo
1070 2060 1255 2113 laudat
1277 2070 1533 2129 tanquam
1548 2059 1653 2112 τῶν
1666 2059 1948 2130 παρόντων

369 2154 724 2227 ὑπερορῶσαν
737 2154 1011 2219 ἁπάντων,
1032 2154 1126 2206 καὶ
1148 2153 1225 2223 τῷ
1252 2152 1383 2223 θείῳ
1397 2152 1621 2216 ζέουσαν
1647 2152 1829 2222 ἔρωτι,
1858 2151 1949 2203 καὶ

365 2246 433 2300 τὰ
450 2247 523 2318 μὴ
541 2246 847 2317 βλεπόμενα
858 2244 970 2298 τῶν
981 2244 1273 2316 ὁρωμένων
1287 2246 1524 2315 προτιμή
1532 2260 1720 2305 σασαν,
1728 2258 1949 2311 praesen-

369 2341 443 2392 tia
467 2339 645 2393 omnia
668 2347 1098 2400 contemnentem,
1125 2346 1172 2388 et
1198 2335 1376 2388 divino
1404 2351 1583 2388 amore
1597 2334 1911 2403 ﬂagrantem
1928 2370 1944 2394 ,

287 2441 293 2446 ‘
367 2442 416 2485 et
448 2450 509 2486 ea
531 2448 648 2502 quae
673 2431 938 2496 videntur,
958 2432 1022 2483 iis
1037 2446 1154 2500 quin
1187 2446 1288 2482 non
1304 2428 1542 2482 uidentur
1564 2428 1943 2497 prrcferentem,

365 2526 570 2580 diserte
599 2525 821 2595 respicit
851 2525 1141 2594 epistolam
1178 2523 1245 2577 ad
1284 2522 1582 2586 Romanos,
1611 2522 1665 2573 in
1692 2537 1801 2589 qua
1831 2521 1947 2575 bare

365 2619 472 2673 tria
496 2616 673 2687 capita
702 2615 994 2686 praecipue,
1014 2614 1362 2680 etardenter,
1390 2622 1443 2668 et
1470 2611 1588 2666 fuse
1619 2622 1944 2667 tractantur.

362 2710 502 2765 Cum
537 2726 661 2763 eum
687 2708 791 2763 soli
830 2716 1113 2777 comparat
1153 2706 1424 2776 (καθάπερ
1455 2705 1602 2776 ἥλιός
1631 2721 1714 2767 τις
1733 2703 1792 2768 ἐξ
1815 2705 1947 2757 ἁνα-

360 2800 523 2870 τολῆς
544 2797 777 2868 ἀνίσχων
812 2798 906 2850 καλ⁸
937 2798 1081 2869 πρὸς
1114 2798 1212 2868 τὴν
1240 2796 1390 2849 δύσιν
1421 2796 1649 2867 τρέχων,
1687 2805 1942 2866 tanquam

362 2889 445 2943 sol
474 2888 670 2958 aliquis
708 2887 771 2940 ab
808 2889 1007 2941 oriente
1050 2904 1269 2957 surgens
1302 2897 1349 2939 et
1389 2887 1457 2939 ad
1484 2888 1817 2955 occidentem
1854 2887 1945 2940 de-

363 2980 626 3048 currens),
670 2978 789 3033 sine
826 2977 995 3031 dubio
1025 2978 1141 3031 haec
1178 2978 1419 3046 epistolae
1457 2979 1620 3031 verba
1668 2979 1719 3031 in
1760 2977 1945 3031 animo

364 3071 574 3137 habuit,
629 3070 720 3123 τὸν
766 3069 1061 3124 ἐπίσκοπον
1107 3070 1303 3140 Συρίας
1352 3069 1686 3141 κατηξίωσεν
1737 3073 1765 3123 ὁ
1812 3070 1944 3134 Θεὸς

362 3162 651 3233 εὑρεθῆναι
691 3161 795 3232 (vel
823 3160 1176 3231 πορευθῆναι)
1216 3162 1295 3223 εἰς
1321 3160 1502 3223 δύσιν,
1538 3160 1646 3213 ἀπὸ
1676 3160 1942 3230 ἀνατολῆς

368 3250 882 3321 μεταπεμψάμενος,
913 3251 1211 3320 episcopum
1230 3248 1401 3318 Syria:
1418 3250 1667 3319 dignatus
1684 3260 1761 3302 est
1774 3248 1938 3314 Deus,

364 3353 421 3396 at
452 3346 506 3397 in
534 3344 855 3396 occidentem
883 3351 1137 3411 pergeret,
1165 3342 1228 3393 ab
1258 3344 1457 3395 oriente
1479 3358 1596 3394 eum
1632 3358 1938 3404 accersens;

361 3447 570 3492 etcum
617 3437 707 3490 illa
748 3435 910 3505 paulo
949 3444 1067 3503 post
1104 3435 1254 3488 addit
1286 3452 1299 3488 :
1333 3428 1498 3496 Οὗτος
1539 3434 1595 3487 δὲ
1635 3436 1714 3497 εἰς
1741 3435 1809 3488 τὰ
1839 3434 1939 3504 τῆς

358 3527 561 3589 δύσεως
586 3525 834 3579 ἀπελθὼν
867 3524 1027 3597 μέρη,
1059 3524 1409 3596 φαιδρότερον
1439 3523 1648 3576 ἐκεῖθεν
1676 3522 1936 3587 ἀνέτειλε,

362 3621 534 3675 multo
564 3619 743 3673 adhuc
773 3619 1015 3686 apertius
1060 3617 1126 3671 ad
1159 3618 1248 3671 illa
1297 3632 1418 3686 qua:
1471 3615 1615 3684 apud
1666 3614 1934 3684 lgnatium

361 3721 691 3780 sequuntur,
716 3711 922 3775 allusit,
950 3709 1111 3763 καλὸν
1144 3710 1204 3762 τὸ
1240 3710 1393 3765 δῦναι
1425 3708 1532 3762 ἀπὸ
1572 3707 1777 3778 κόσμου
1803 3707 1938 3778 πρὸς

358 3800 515 3864 Θεὸν,
536 3801 625 3854 ἵνα
647 3802 726 3863 εἰς
758 3800 919 3853 αὐτὸν
952 3799 1235 3852 ἁνατείλω.
1258 3798 1395 3852 Cum
1420 3813 1544 3852 eum
1570 3812 1693 3851 cum
1719 3806 1937 3864 aposto-

360 3893 428 3947 lis
454 3901 729 3946 versatum
756 3907 877 3946 esse
902 3893 1118 3958 asserit,
1157 3892 1250 3944 καὶ
1278 3889 1457 3961 ῥητῶν
1492 3889 1584 3942 καὶ
1609 3888 1935 3959 ἀπορρήτων

358 3986 541 4047 αὐτοῖς
576 3983 995 4051 κοινωνήσαντα,
1030 3998 1135 4036 non
1180 3993 1385 4035 tantum
1413 3978 1709 4048 eﬂ'abilium
1754 3979 1842 4030 sed
1885 3986 1934 4030 et

357 4090 673 4129 arcanorum
698 4075 1031 4143 participem,
1063 4090 1169 4126 non
1201 4080 1381 4142 potest
1409 4086 1515 4124 non
1560 4069 1832 4138 respicere
1871 4086 1935 4124 ea

356 4177 479 4231 quaa
508 4162 573 4215 ad
611 4160 925 4217 Trallenses
970 4160 1164 4215 scribit
1207 4159 1448 4229 lgnatins
1482 4158 1549 4212 de
1589 4158 1930 4224 coelestibus,

354 4255 423 4309 de
461 4254 667 4323 angelis
710 4265 765 4308 et
811 4253 1231 4323 principatibus,
1286 4265 1409 4320 qua:
1452 4264 1601 4302 nunc
1652 4257 1933 4318 tant0perc

353 4344 660 4415 displicent.
720 4343 858 4398 Cum
912 4344 1151 4411 denique
1200 4341 1303 4393 iter
1346 4338 1466 4407 ejus
1503 4338 1648 4407 quod
1700 4338 1933 4393 confecit

351 4446 591 4497 enarrat,
635 4436 1011 4507 μακροτέρους
1051 4432 1301 4494 διαύλους
1332 4430 1427 4483 τοῦ
1459 4430 1686 4502 δρόμου,
1721 4440 1792 4491 et,
1822 4430 1931 4482 τῶν

349 4528 654 4600 ἐκκλησιῶν
688 4528 1073 4598 συγκρότησιν,
1102 4525 1465 4592 civitatesque
1501 4522 1643 4575 κατὰ
1673 4523 1772 4593 τὴν
1805 4522 1922 4576 ὁδὸν

352 4621 749 4694 συντρεχούσας
777 4633 1115 4679 memorans,
1136 4616 1351 4689 illudex
1368 4615 1617 4685 epistolis
1636 4616 1795 4684 plane
1808 4632 1931 4685 per-

350 4716 619 4785 sequitur,
658 4712 802 4784 quod
830 4708 1386 4780 Magdeburgensibus
1418 4709 1555 4763 adeo
1583 4709 1925 4779 displicebat.

354 4805 446 4861 Vel
473 4822 538 4861 ex
572 4807 690 4874 ipsa
723 4803 890 4872 igitur
927 4798 1119 4870 lgnatii
1153 4800 1480 4869 panegyrico
1514 4809 1723 4856 certum
1754 4811 1837 4856 est
1863 4802 1924 4855 S.

348 4898 801 4969 Chrysostomum
826 4891 1088 4963 epistolas
1123 4891 1244 4960 ejus
1285 4893 1491 4961 Optime
1521 4895 1763 4960 novisse,
1806 4910 1927 4948 ma~

346 4993 550 5062 gnique
578 4988 917 5048 aestimasse,
959 4994 1013 5038 et
1044 5000 1110 5039 ex
1137 5000 1324 5038 earum
1365 5001 1470 5039 una
1496 4986 1769 5041 celebrem
1798 5004 1927 5042 sen—

349 5085 575 5137 tentiam
600 5081 962 5147 cxcerpsisse.

421 5174 524 5230 Sed
576 5172 837 5241 epistolas
885 5187 994 5225 non
1040 5170 1366 5239 nominavit,
1415 5187 1539 5226 cum
1581 5174 1923 5242 propriarum

346 5268 600 5337 martyris
640 5265 859 5318 laudum
883 5265 1063 5333 inopia
1097 5263 1383 5319 laboraret.
1418 5264 1532 5318 lmo
1566 5281 1698 5320 vero
1736 5276 1926 5319 orator

345 5363 435 5416 ille
464 5358 1040 5413 consummatissimus
1072 5356 1278 5427 optime
1307 5358 1457 5412 novit
1485 5373 1607 5427 qua:
1629 5358 1917 5427 panegyri-

344 5470 464 5508 cam
502 5455 808 5507 orationem
842 5452 1081 5506 maxime
1109 5461 1392 5516 ornarent,
1431 5450 1613 5520 itaque
1657 5450 1920 5519 epistolas

343 5545 554 5607 omisit,
587 5556 781 5598 czetera
812 5553 1147 5612 prosecutus
1177 5552 1281 5598 est.
1320 5541 1642 5597 Orationem
1677 5542 1920 5595 instituit

343 5634 472 5705 περὶ
493 5633 602 5687 τῶν
631 5635 1091 5706 κατορθωμάτων,
1107 5637 1169 5688 de
1186 5636 1335 5688 rebus
1361 5634 1616 5703 prwclare
1629 5635 1698 5687 ab
1715 5632 1921 5702 lgnatio

343 5729 523 5801 gestis,
558 5738 614 5784 ut
643 5744 751 5785 non
784 5730 950 5785 semel
988 5730 1306 5801 proﬁtetur;
1333 5727 1399 5782 de
1426 5726 1495 5780 iis
1521 5742 1641 5797 qua:
1672 5728 1911 5783 maxime

2052 1892 2161 1930 non
2194 1886 2455 1947 tanquam
2486 1879 2809 1947 scriptorem
2840 1880 3309 1949 elegantissimum
3331 1898 3636 1953 repraesen-

2050 1977 2149 2022 tat.
2186 1967 2310 2023 llaec
2348 1970 2483 2024 satis
2514 1970 2725 2039 putavit
2758 1970 2829 2022 ad
2864 1975 3173 2025 memoriam
3199 1976 3486 2043 prwsentis
3508 1976 3636 2039 loci,

2051 2060 2387 2129 festivitatem
2419 2062 2791 2116 solemnissimi
2814 2064 2937 2128 diei,
2960 2068 3370 2135 propositionem
3392 2069 3641 2124 saluber-

2051 2152 2175 2206 rimi
2200 2154 2444 2219 exempli.
2466 2154 2677 2209 Pariter
2705 2155 3205 2228 S.Chrysostomus
3223 2159 3274 2211 in
3301 2161 3639 2232 panegyrico

2049 2245 2310 2313 epistolas
2341 2261 2450 2299 non
2482 2257 2898 2313 commemorat,
2930 2250 3182 2318 quamvis
3226 2250 3293 2305 iis
3328 2261 3544 2315 utatur,
3568 2255 3635 2307 ad

2048 2351 2255 2405 easque
2285 2335 2601 2407 frequenter
2630 2340 2915 2408 respiciat;
2937 2339 2989 2392 in
3015 2340 3118 2393 alia
3142 2349 3323 2394 tamen
3356 2344 3634 2411 oratiooe,

2050 2428 2335 2497 epistolam
2386 2428 2455 2482 ad
2507 2431 2851 2485 sacerdotem
2904 2433 3218 2501 quemdam,
3260 2432 3634 2505 Polycarpum

2050 2520 2261 2574 scilicet
2284 2561 2299 2583 ,
2334 2521 2485 2576 citat.
2545 2522 2734 2577 Exstat
2776 2533 2957 2577 autem
2988 2541 3051 2579 ea
3080 2526 3257 2578 oratio
3291 2526 3346 2580 in
3379 2536 3534 2581 tomo
3565 2527 3636 2581 Vl

2049 2612 2208 2679 cujus
2288 2613 2478 2668 titulus
2527 2625 2653 2668 est:
2730 2616 2883 2679 Quod
2932 2634 3065 2670 unus
3124 2617 3324 2671 Veteris
3365 2632 3417 2674 et
3494 2620 3635 2675 Noui

2053 2700 2373 2756 Testamenti
2398 2703 2673 2773 legislator
2695 2706 2797 2770 sit,
2822 2722 2887 2759 ex
2919 2722 3027 2776 qua
3053 2709 3430 2762 testimonium
3452 2711 3603 2782 Chry
3622 2742 3636 2751 ο

2049 2796 2278 2850 sostomi
2304 2797 2605 2850 secundum
2638 2799 3020 2867 produximus.

2118 2886 2260 2953 Quid
2310 2888 2377 2942 de
2431 2888 2521 2941 illa
2579 2890 2830 2944 oratione
2884 2893 3121 2947 senserit
3154 2892 3237 2946 vir
3265 2895 3637 2950 doctissimus

2046 2978 2192 3032 haud
2231 2980 2368 3033 satis
2412 2990 2564 3034 certo
2606 2980 2756 3047 scio;
2801 2997 2904 3034 non
2942 2983 3137 3039 dubito
3164 2995 3344 3038 tamen
3370 2987 3511 3056 quin
3540 2989 3636 3041 illa

2048 3070 2208 3123 nobis
2235 3070 2583 3139 repositurus
2614 3082 2779 3137 esset,
2808 3072 2852 3127 si
2883 3072 3111 3135 viveret,
3138 3091 3260 3144 qua:
3284 3078 3514 3146 scripsit
3541 3096 3638 3135 vc—

2045 3161 2325 3216 norandus
2359 3176 2527 3216 senex
2561 3160 2854 3230 Usserius;
2888 3180 3013 3218 cum
3040 3164 3357 3223 Usserianis
3388 3172 3640 3240 saepissi-

2046 3265 2131 3304 me
2162 3267 2296 3306 usus
2333 3253 2423 3306 sit.
2451 3251 2544 3307 Ille
2592 3264 2774 3309 autem
2807 3258 3113 3311 orationem
3144 3274 3262 3311 eam
3292 3258 3349 3313 S.
3378 3260 3619 3332 Chryso-

2042 3349 2224 3397 stomo
2256 3344 2556 3413 abjudicat,
2614 3358 2676 3401 ut
2721 3348 3009 3417 epistolam
3042 3348 3229 3419 lgnatii
3264 3352 3333 3405 ad
3367 3351 3642 3425 Polycar-

2040 3446 2171 3500 pum
2202 3432 2344 3486 inter
2377 3434 2598 3489 lictitias
2631 3452 2924 3491 numerare
2954 3448 3155 3507 posset.
3192 3438 3298 3493 Sed
3334 3443 3489 3497 illius
3514 3445 3642 3513 opi-

2040 3524 2190 3580 nioni
2220 3527 2274 3580 in
2304 3527 2406 3581 hac
2441 3545 2499 3583 re
2523 3544 2631 3583 non
2663 3532 2884 3586 accedo.
2938 3530 3125 3587 Potior
3157 3534 3290 3587 mihi
3320 3538 3640 3593 auctoritas

2040 3617 2236 3684 Photii,
2265 3620 2332 3675 de
2365 3631 2612 3676 veterum
2646 3625 2873 3692 scriptis
2911 3626 3101 3695 optimi
3140 3626 3370 3695 judicis,
3409 3631 3509 3699 qui
3541 3631 3640 3685 Bi—

2040 3710 2326 3766 bliothecze
2353 3726 2467 3766 sua:
2498 3713 2688 3768 codice
2708 3714 2835 3781 277,
2866 3731 2991 3771 cum
3030 3732 3096 3771 ex
3125 3718 3248 3773 aliis
3284 3730 3404 3774 tum
3428 3738 3499 3776 ex
3526 3723 3641 3779 hac

2038 3801 2284 3856 oratione
2306 3802 2538 3871 plurima
2560 3806 2847 3874 excerpsit.
2868 3807 2962 3859 Ἐκ
2978 3807 3267 3877 τοῦλόγου,
3290 3810 3374 3863 ὅτι
3391 3812 3642 3877 παλαιᾶς

2037 3892 2131 3945 καί
2157 3892 2284 3956 νέας
2306 3891 2581 3965 Διαθήκης
2614 3889 2694 3958 εἷς
2718 3897 2747 3947 ὁ
2776 3899 3090 3969 νομοθέτης.
3115 3900 3223 3952 Καὶ
3244 3901 3325 3964 εἰς
3340 3902 3405 3955 τὸ
3424 3903 3547 3957 ἐνδυ
3557 3924 3640 3975 μα.

2035 3982 2129 4035 τοῦ
2159 3983 2348 4054 ἱερέως
2381 3986 2476 4038 καὶ
2519 3987 2648 4057 περὶ
2703 3990 3009 4059 μετανοίας.
3048 3989 3151 4055 Qui
3206 3993 3404 4049 titulus
3456 3996 3637 4067 hujus

2036 4076 2304 4132 orationis
2329 4078 2554 4133 totidem
2584 4081 2767 4136 verbis
2787 4098 2931 4135 nttnc
2962 4092 3160 4137 exstat.
3193 4084 3259 4139 Et
3299 4089 3470 4143 verba
3504 4108 3638 4161 quae

2034 4169 2254 4240 quidem
2307 4171 2545 4241 plurima
2588 4172 2713 4226 inde
2765 4174 3006 4245 collegit,
3056 4175 3362 4231 etiamnum
3403 4180 3461 4234 in
3521 4184 3637 4239 hac

2033 4263 2305 4330 oratione,
2353 4264 2605 4334 quamvis
2630 4264 2773 4318 haud
2811 4267 2945 4321 satis
2969 4281 3125 4331 sana,
3161 4282 3457 4337 apparent.
3488 4274 3633 4329 Cer-

2033 4355 2304 4409 tissitnum
2331 4355 2495 4425 igitur
2518 4365 2602 4411 est
2630 4372 2749 4411 eam
2780 4355 3033 4411 Pbotium
3061 4360 3267 4417 vidisse
3289 4373 3344 4417 et
3366 4380 3469 4434 pro
3498 4384 3633 4423 vere

1964 4467 2007 4520 ι)
2034 4445 2519 4513 Chrysostomiana
2544 4448 2823 4504 habuisse.
2846 4450 2948 4505 Sed
2972 4452 3032 4505 Ι).
3062 4451 3301 4509 Savilius
3323 4456 3633 4518 Etonensis

2034 4539 2248 4608 collegii
2284 4539 2392 4610 (cui
2417 4556 2518 4611 ego
2548 4540 2850 4595 litterarum
2884 4545 3155 4612 primitias
3192 4548 3415 4620 debeo),
3442 4564 3499 4605 et
3525 4569 3633 4623 pa-

2034 4633 2150 4687 tria:
2183 4642 2387 4687 nostra:
2416 4632 2605 4697 decus,
2639 4634 2801 4702 paulo
2835 4636 2995 4691 aliter
3042 4639 3236 4693 sensit.
3275 4639 3461 4711 Neque
3496 4662 3629 4701 vero

2030 4724 2168 4777 tanti
2189 4732 2264 4776 est
2297 4725 2439 4794 apud
2470 4740 2548 4777 me
2573 4728 2869 4780 auctoritas
2908 4727 3106 4791 Photii,
3143 4730 3345 4800 inquit.
3380 4738 3475 4805 qui
3505 4740 3630 4793 alia

2030 4815 2272 4885 quaedam
2302 4833 2406 4870 non
2435 4818 2649 4886 optima:
2690 4829 2829 4873 ποια·
2857 4822 3069 4889 recepit,
3115 4832 3171 4876 ut
3214 4825 3353 4878 inter
3384 4832 3627 4899 γνησίας

2029 4911 2419 4981 ἀναμφιϐόλως
2464 4902 2917 4969 adnumerandam
2959 4919 3099 4973 hanc
3135 4921 3445 4977 orationem
3496 4942 3629 4978 cen-

2029 5021 2194 5057 seam.
2250 5003 2397 5058 Satis
2427 5005 2543 5060 haec
2582 5006 2803 5075 quidem
2850 5019 3038 5076 caute;
3089 5014 3396 5068 auctoritas
3428 5014 3627 5072 Photii

2028 5110 2152 5149 eum
2173 5096 2442 5163 permovit
2457 5097 2827 5152 utorationem
2848 5116 2914 5153 ne
2937 5102 3155 5170 quidem
3176 5104 3319 5157 inter
3341 5106 3628 5176 ἀμφιϐαλ-

2026 5183 2226 5253 λόμενα
2249 5184 2471 5251 locaret,
2503 5201 2612 5239 non
2643 5196 2823 5241 tamen
2854 5190 2902 5243 ei
2951 5194 3224 5260 persuasit
3254 5204 3314 5247 ut
3342 5196 3487 5251 inter
3526 5218 3634 5273 ge.

2028 5276 2228 5330 nuinas
2277 5276 2394 5330 sine
2447 5280 2823 5334 controversia
2885 5284 3290 5339 adnumeraret.
3350 5287 3517 5355 Quod
3583 5296 3632 5351 si

2027 5367 2314 5421 habuisset
2359 5368 2670 5424 testimonia
2722 5371 2814 5426 illo
2858 5372 3037 5427 Photii
3078 5378 3413 5446 antiquiora,
3467 5381 3633 5443 forte

2030 5458 2196 5511 etiam
2254 5458 2394 5512 inter
2442 5461 2710 5529 genuinas
2764 5474 3132 5519 numerasset.
3190 5467 3333 5523 Ante
3381 5485 3629 5530 centum

2025 5554 2207 5600 autem
2244 5546 2356 5603 fere
2388 5564 2563 5605 annos
2593 5552 2870 5610 Adrianus
2893 5570 3031 5625 papa
3060 5555 3245 5613 lhanc
3274 5560 3456 5630 ipsam
3488 5582 3629 5622 ora-

2023 5640 2224 5693 tionem
2274 5641 2327 5694 in
2370 5644 2599 5713 epistola
2640 5646 2706 5699 ad
2736 5645 2993 5701 Carolum
3023 5666 3202 5720 regem
3243 5655 3350 5709 sub
3381 5662 3625 5720 nomine

2027 5728 2083 5783 S.
2123 5728 2351 5787 Joannis
2386 5733 2766 5801 Chrysostomi
2821 5736 3038 5797 citavit;
3068 5747 3121 5795 ct
3150 5750 3277 5797 ante
3306 5758 3438 5799 eum
3472 5747 3618 5820 Epi~
