3770 6318
97 331 183 386 i9"!
813 328 864 382 Ι.
906 326 1271 383 PEAltSONIl
1312 326 1631 383 VINDICIA'S
1672 325 2091 385 IGNATIANJE.
2141 358 2186 370 -
2245 326 2428 382 PARS
2466 325 2507 381 Ι.

3230 326 3252 379 1
3265 327 3333 381 98

96 446 310 517 phanius
350 445 613 501 diaconus
642 445 907 502 adversus
941 445 1266 517 Gregorium
1318 446 1635 516 episcopum
1666 450 1710 507 Λ
1738 445 1858 499 ceni
1896 444 2235 503 defecerunt.
2260 445 2303 497 si
2340 460 2465 498 vera
2515 452 2741 499 narrent
2785 442 3042 500 Soerates
3075 452 3127 497 ct
3162 441 3336 497 δηιο-

95 534 453 591 Νοοςαιεει-εεῐξ.
485 536 625 591 Ante
668 538 835 602 hunc,
865 545 925 589 ut
956 536 1011 590 in
1056 538 1294 593 secunda
1320 538 1527 608 synodo
1553 536 1647 591 Ni-

94 645 222 685 cena
249 630 473 699 legimus
500 668 516 696 ,
552 628 873 683 Theodosius
898 630 1209 699 venerabilis
1238 647 1429 700 prwses
1448 630 1507 684 S.
1533 630 1646 683 An-

94 723 216 775 drec
273 721 410 789 apud
461 720 709 785 Nesium,
769 722 1009 774 libellum
1065 722 1300 793 ejusdem
1343 723 1408 778 Β.
1462 722 1643 777 Patris

93 810 292 864 Joannis
318 810 681 881 Chrysostomi
711 811 917 877 attulit,
950 828 1103 882 quem
1131 814 1186 865 in
1223 812 1469 866 manibus
1500 827 1647 865 acce-

94 915 219 973 ptum
247 905 504 958 Antonius
545 902 833 957 monachus
885 902 1033 973 legit.
1087 903 1271 959 Beata:
1312 906 1644 958 recordatio—

94 997 163 1050 nis
186 995 354 1049 Patris
399 997 570 1049 nostri
597 994 823 1049 Joannis
859 996 1218 1066 Chrysostomi
1240 996 1456 1051 oratio:
1489 994 1645 1063 Quod

96 1088 281 1144 Veteris
305 1097 358 1144 et
382 1086 517 1142 Novi
550 1087 886 1144 Testamenti
917 1105 1060 1142 unus
1092 1090 1164 1143 sit
1191 1089 1493 1159 legislator,
1516 1068 1644 1143 etin

94 1182 444 1238 vestimentum
463 1183 763 1252 pontiticis;
786 1182 937 1251 cujus
956 1184 1275 1249 initiumest,
1294 1182 1644 1251 Evangelium

94 1274 225 1345 regni
275 1273 474 1328 Christi
505 1274 788 1344 propheta:
822 1274 1044 1344 quidem
1096 1273 1431 1329 annuntiant
1464 1274 1647 1344 (plane

94 1376 144 1419 ut
167 1381 299 1421 nunc
324 1364 514 1421 Graeca
557 1375 755 1421 sonant
788 1384 801 1419 :
835 1365 948 1435 Τῆς
985 1361 1222 1436 Χριστοῦ
1269 1364 1543 1434 βασιλείας
1587 1364 1648 1417 τὸ

94 1458 401 1527 Εὑαγγὲλιον
466 1456 793 1528 κηρύττουσι
839 1456 989 1528 [μὲν]
1026 1457 1344 1528 προφῆται),
1392 1467 1441 1510 et
1488 1456 1647 1527 paulo

94 1560 193 1618 post
223 1565 241 1604 :
270 1548 380 1619 Ego
420 1558 477 1603 et
503 1568 568 1604 ex
600 1567 722 1604 cera
757 1552 973 1606 lusilem
1008 1553 1280 1622 picturam
1312 1552 1513 1622 pietate
1538 1553 1649 1620 ple-

95 1652 199 1689 nam
227 1637 425 1691 amavi.
463 1636 583 1691 Vidi
620 1640 765 1693 enim
791 1640 1046 1715 angelum
1090 1641 1143 1695 in
1177 1641 1414 1710 imagine
1445 1643 1648 1697 barba-

96 1744 259 1783 rorum
312 1729 488 1784 nubes
522 1732 965 1801 pr0pulsantem;
1002 1733 1111 1787 vidi
1162 1734 1525 1789 barbarorum
1556 1751 1648 1789 co-

95 1821 256 1875 hortes
303 1823 677 1887 conculcatas,
731 1833 786 1878 et
838 1824 1095 1880 Davidem
1144 1841 1273 1880 vere
1328 1825 1642 1881 dicentem:

96 1911 311 1978 Domine,
344 1914 396 1967 in
423 1916 641 1969 civitate
689 1927 781 1970 tua
806 1918 1090 1989 imaginem
1113 1936 1295 1973 eorum
1325 1920 1394 1973 ad
1424 1920 1650 1973 nihilum

95 2008 267 2075 rediges
297 2006 357 2060 ’³.
403 2005 540 2073 Qua:
570 2024 670 2063 nos
724 2010 776 2063 in
829 2011 1017 2064 eadem
1054 2013 1303 2067 oratione
1338 2014 1412 2067 ita
1465 2012 1650 2067 Graece

94 2098 329 2166 legimus:
376 2098 521 2167 Ἐγὼ
546 2102 639 2153 καὶ
667 2102 764 2172 τὴν
793 2102 1095 2173 κηρόχυτον
1125 2103 1343 2175 γραφὴν
1385 2104 1651 2175 ἠγάπησα

94 2190 343 2253 εὐσεϐείας
394 2192 838 2263 πεπληρωμένην
866 2209 880 2223 ’
932 2189 1072 2247 εἶδον
1113 2196 1170 2247 ὲν
1210 2196 1379 2248 εἰκόνι
1422 2196 1651 2264 ἄγγελον

95 2283 349 2336 ἐλαύνοντα
386 2285 525 2355 νέφη
567 2286 877 2356 βαρϐαρων,
926 2282 1064 2339 εἶδον
1091 2288 1407 2360 πατούμενα
1443 2289 1650 2361 βαρϐά-

94 2392 184 2443 ρων
224 2376 377 2444 φῦλα,
418 2379 517 2431 καὶ
554 2377 643 2431 τὸν
684 2378 849 2431 Δαϐὶδ
881 2378 1234 2449 ἀληθεύοντα,
1270 2380 1443 2452 Κύριε
1483 2383 1540 2433 ὲν
1580 2383 1647 2452 τῇ

95 2468 221 2519 πόλει
254 2485 342 2521 σου
381 2471 487 2541 τὴν
520 2472 702 2523 εἰκόνα
737 2470 901 2524 αὑτοῦ
933 2470 1329 2535 ὲξουδενὼσεις.
1367 2473 1649 2527 Paucissi~

95 2575 178 2613 ma:
202 2576 324 2615 sane
370 2561 429 2615 S.
465 2562 843 2633 Cbrysostomi
876 2565 1153 2619 orationes
1200 2574 1348 2631 sunt,
1386 2580 1485 2635 pro
1520 2565 1648 2634 qui-

96 2649 178 2702 bus
198 2660 357 2705 totae
392 2660 506 2705 tam
540 2662 755 2706 vetusta
776 2653 1091 2707 testimonia
1111 2653 1291 2707 alferri
1319 2663 1575 2725 possunt.

150 2745 286 2808 Quod
314 2745 378 2798 ad
416 2745 623 2817 stylum
657 2746 869 2812 attinet,
901 2757 955 2801 et
997 2747 1215 2802 dicendi
1248 2748 1646 2815 characterem,

97 2848 183 2886 non
214 2835 363 2893 facile
384 2837 479 2891 hic
509 2837 713 2907 aliquid
744 2847 796 2892 et
830 2838 994 2892 simul
1018 2849 1170 2895 certo
1198 2840 1410 2894 deliniri
1436 2850 1645 2911 potest;

94 2928 321 2994 quoniam
344 2929 531 2983 oratio
567 2930 681 2999 ipsa
710 2947 817 2984 non
853 2940 935 2985 est
967 2932 1105 2986 satis
1134 2934 1366 3003 integra,
1406 2936 1499 2989 sed
1529 2934 1647 3002 plu-

99 3019 225 3074 ribus
252 3021 301 3073 in
335 3023 478 3077 locis
498 3033 776 3093 corrupta,
831 3040 1007 3095 neque
1033 3027 1182 3081 enim
1218 3028 1441 3082 aliunde
1476 3044 1648 3081 venu-

1750 554 1983 593 Inenus:
2018 539 2203 591 Πάντα
2257 534 2353 591 οὖν
2387 538 2457 591 τὰ
2487 536 2596 592 ὑπὸ
2626 538 2725 609 τὴν
2752 537 3016 608 ἀνατολὴν
3069 536 3177 590 ὑπὸ
3224 535 3335 589 τῶν

1747 629 2078 701 Σαρακηνῶν
2105 630 2246 684 κατὰ
2278 630 2367 682 τὸν
2390 629 2550 683 αὐτὸν
2574 630 2858 702 ἐπορθεῖτο
2891 629 3103 701 χρόνον.
3129 626 3335 682 Cuncta

1747 722 1913 791 igitur
1940 737 2118 774 versus
2145 722 2401 774 orientem
2436 720 2552 774 loca
2582 737 2616 774 a
2669 720 2953 775 Saracenis
2993 719 3171 773 eodem
3201 728 3333 773 tem-

1748 831 1874 884 pore
1902 813 2267 868 vastabantur.
2286 811 2475 867 Nonne
2496 813 2613 867 bare
2632 821 2938 883 opportuna
2963 812 3095 867 satis
3111 820 3163 865 et
3181 810 3333 880 justa

1748 907 1953 961 oratori
1982 921 2147 960 causa
2172 904 2293 969 fuit,
2324 913 2383 959 ut
2408 907 2667 975 populum
2695 905 2761 959 ad
2792 904 3170 975 pmnitentiam
3202 903 3333 956 hor-

1749 1008 1979 1066 tacetur,
2034 1014 2208 1069 eaque
2254 997 2423 1052 Deum
2476 1007 2878 1069 permoverent,
2942 998 3029 1049 ἵνα
3064 994 3332 1066 πολέμους

1750 1092 2010 1165 ἀφανίσῃ,
2046 1093 2140 1145 καὶ
2181 1090 2491 1163 βαρϐάρους
2550 1090 2740 1161 σϐέσῃ.
2791 1088 2897 1145 Sed
2955 1099 3009 1143 et
3056 1104 3179 1143 cum
3216 1088 3329 1155 jam

1748 1185 2302 1254 Constantinopoleos
2322 1185 2615 1254 episcopus
2645 1194 2863 1237 creatus
2897 1181 3114 1247 fuisset,
3144 1176 3333 1236 Gaina:

1750 1278 1968 1335 barbari
2001 1276 2253 1347 tyrannis
2285 1276 2483 1344 erupit,
2528 1276 2621 1345 qui
2672 1274 2976 1329 Gothorum
3018 1273 3329 1329 universam

1751 1381 1965 1442 gentem
1998 1386 2028 1425 e
2059 1369 2278 1425 sedibus
2309 1368 2427 1423 suis
2452 1368 2673 1432 accivit,
2718 1376 2772 1421 ct
2819 1364 3099 1419 Romanos
3139 1380 3331 1420 omnes

1752 1463 2100 1518 multitudine
2124 1462 2483 1516 barbarorum
2510 1460 2879 1529 terruit,quos
2895 1458 3057 1511 etiam
3080 1457 3132 1510 in
3157 1457 3330 1525 ipsam

1752 1557 1943 1612 urbem
1972 1554 2511 1623 Constantinopolim
2546 1552 2783 1615 induxit,
2816 1551 2909 1604 καὶ
2944 1548 3332 1621 βεϐαρϐάρωτο

1753 1647 1960 1717 ἡπόλις
1998 1644 2103 1700 ὑπὸ
2130 1646 2237 1698 τῶν
2274 1644 2490 1699 πολλῶν
2519 1644 2815 1717 μυριάδων,
2855 1651 2913 1697 ιιι
2948 1642 3190 1712 loquitur
3226 1640 3331 1695 So-

1753 1748 1952 1794 crates.
1984 1737 2137 1793 Tunc
2167 1737 2339 1793 fuisse
2388 1738 2620 1791 traditur
2653 1737 2742 1791 illa
2803 1736 3123 1805 angelorum
3167 1733 3329 1797 visio,

1749 1850 1874 1903 quae
1908 1834 2269 1888 barbarorum
2299 1840 2528 1887 conatus
2573 1827 2836 1899 repressit
2866 1844 2880 1880 :
2917 1827 3062 1881 unde
3094 1825 3334 1881 fortasse

1748 1926 1946 1997 exponi
1976 1934 2154 1997 potest
2181 1924 2367 1995 γραφὴ
2393 1921 2713 1994 κηρόχυτος,
2744 1935 2866 1990 quae
2906 1919 3010 1973 hac
3056 1918 3171 1988 ipsa
3202 1932 3332 1971 ora-

1751 2022 1902 2075 tione
1949 2018 2293 2087 proponitur.
2325 2014 2444 2069 Non
2495 2022 2613 2068 erat
2648 2012 2834 2083 igitur,
2870 2027 2969 2066 cur
2993 2010 3135 2064 hanc
3163 2024 3331 2063 unam

1752 2111 2155 2167 Savilianarum
2188 2108 2466 2164 rationum
2499 2107 2755 2160 recitaret
2781 2103 3185 2157 Armaehanus.

1822 2204 1960 2258 Cum
2006 2212 2189 2258 autem
2240 2199 2573 2255 reverendus
2622 2213 2788 2252 senex
2842 2193 3102 2249 Usserius
3151 2192 3333 2247 adhuc

1748 2296 1912 2351 etiam
1943 2294 2279 2364 conjecturis
2313 2292 2431 2347 suis
2460 2289 2785 2354 indulserit,
2819 2297 2875 2342 et
2898 2287 3230 2342 dubitaverit
3260 2301 3330 2339 an

1749 2387 1819 2442 ab
1862 2396 2086 2442 auctore
2118 2384 2419 2448 orationis,
2460 2398 2528 2436 an
2569 2382 2638 2435 ab
2679 2380 3069 2449 interpolatore
3107 2394 3171 2433 ea
3210 2392 3335 2447 quae

1750 2479 2080 2550 protulimus
2108 2478 2253 2532 dicta
2281 2478 2393 2532 sint
2415 2518 2428 2542 ,
2467 2476 2583 2529 haec
2611 2490 2642 2527 a
2690 2472 2851 2527 nobis
2878 2456 3051 2525 multo
3082 2470 3333 2525 severius

1749 2568 2113 2625 examinanda
2151 2578 2300 2623 sunt.
2349 2566 2415 2620 In
2460 2566 2737 2631 Romana,
2785 2563 2996 2633 inquit,
3042 2560 3332 2616 cardinalis

1751 2661 1937 2718 Sirleti
1967 2672 2016 2715 et
2048 2661 2338 2716 Basiliensi
2363 2658 2454 2716 Jo.
2485 2659 2674 2712 Jacobi
2702 2657 2925 2711 Beureri
2967 2656 3196 2709 editione
3227 2654 3334 2708 ista

1751 2770 1854 2808 non
1887 2753 2165 2808 habentur.
2202 2750 2328 2807 llazc
2350 2751 2497 2806 enim
2538 2765 2646 2803 non
2676 2755 2804 2803 sunt
2831 2747 2940 2801 duo
2976 2743 3331 2814 exemplaria,

1750 2849 1846 2904 sed
1878 2864 2046 2903 unum
2083 2856 2334 2911 tantum;
2364 2843 2546 2899 Sirleti
2573 2841 2718 2897 enim
2748 2840 2935 2894 Graeca
2970 2854 3093 2892 cum
3122 2836 3335 2891 Latinis

1750 2941 1975 2997 Beureri
2026 2940 2253 2994 Basileae
2297 2938 2441 2993 edita
2472 2946 2602 2991 sunt
2630 2935 2748 2989 sine
2778 2949 2881 3003 ope
2915 2931 3144 2986 alterius
3182 2930 3335 2985 codi-

1750 3036 1833 3091 cis
1865 3054 1878 3089 :
1915 3043 1970 3089 et
2000 3033 2275 3088 Beurerus
2316 3033 2433 3101 ipse
2476 3028 2835 3099 conqueritur
2876 3024 3159 3094 exemplar
3198 3022 3331 3077 illud

96 3120 186 3164 stas
214 3110 699 3184 Chrysostomiana
731 3115 866 3169 mihi
895 3115 1086 3172 deesse
1118 3118 1352 3172 videtur.
1401 3118 1473 3172 De
1509 3120 1644 3174 alle-
1673 3145 1716 3202 ρ
1752 3130 2059 3187 Romanum
2088 3128 2258 3183 fuisse
2276 3126 2535 3181 mendose
2563 3132 2616 3178 et
2637 3122 2971 3193 negligﬂﬂlei‘
2999 3117 3332 3187 descriptum

96 3204 235 3270 goriis
282 3223 379 3259 cur
420 3217 729 3276 querantur
764 3225 873 3264 non
923 3210 1149 3275 habent,
1186 3212 1296 3266 illis
1325 3212 1471 3266 enim
1529 3222 1642 3266 tum

99 3305 274 3351 tantum
304 3300 444 3355 adeo
464 3299 780 3369 frequenter
810 3302 1001 3366 utitur,
1030 3319 1154 3358 cum
1184 3304 1237 3358 id
1261 3314 1645 3375 argumentum

99 3390 320 3456 postulat,
374 3392 608 3455 scilicet,
654 3407 779 3447 cum
812 3392 879 3446 de
910 3394 1248 3450 vestimentis
1299 3396 1644 3449 sacerdotum

98 3480 202 3548 agit.
238 3480 384 3549 Quod
418 3484 691 3554 objiciant
732 3486 874 3541 idem
918 3484 985 3539 de
1019 3488 1185 3540 unico
1218 3487 1529 3553 legislatorc
1558 3504 1649 3543 ar-

100 3586 383 3637 gumentum
418 3578 473 3629 in
498 3578 778 3645 germanis
807 3580 929 3648 ejus
959 3581 1178 3649 scriptis
1201 3581 1401 3649 swpius
1431 3582 1648 3651 egregie

100 3665 393 3732 γυμνασθὲν,
427 3667 521 3722 hic
547 3680 730 3723 autem
761 3668 849 3723 vix
885 3670 1049 3741 idque
1099 3670 1295 3739 frigide
1326 3672 1550 3742 attingi;
1593 3672 1647 3726 id

101 3760 250 3823 potius
277 3763 586 3816 orationem
618 3762 1015 3833 Chrysostomo
1054 3764 1316 3831 vindicat,
1356 3780 1522 3833 quam
1552 3764 1649 3818 ab-

100 3851 305 3921 judicat;
357 3871 469 3911 una
507 3856 658 3909 enim
691 3864 903 3910 tantum
935 3871 1002 3910 ex
1032 3855 1211 3910 tribus
1242 3856 1493 3925 partibus
1517 3855 1649 3911 huic

101 3958 386 4015 argumento
418 3948 474 4002 in
509 3947 617 4003 hoc
636 3948 819 4003 libello
842 3948 1198 4019 impenditur,
1223 3957 1277 4003 et
1309 3958 1504 4004 auctor
1531 3948 1649 4019 ipse

102 4048 254 4093 monet
273 4040 337 4095 de
371 4040 480 4094 hac
532 4056 591 4094 re
629 4055 689 4095 se
728 4041 880 4110 prius
921 4040 1271 4106 disseruisse,
1309 4050 1363 4095 et
1407 4055 1473 4095 ea
1525 4055 1649 4110 qua:

102 4130 226 4195 prius
266 4131 405 4186 dicta
451 4141 613 4186 erant
644 4133 1027 4187 tantummodo
1062 4133 1116 4185 in
1147 4132 1470 4187 memoriam
1500 4148 1646 4187 nunc

104 4235 361 4279 revocare:
392 4220 550 4288 Οἶδα,
587 4224 784 4293 inquit,
805 4224 993 4278 τοῦτον
1026 4222 1219 4296 πρώην
1241 4224 1524 4294 γυμνάσας
1555 4224 1647 4278 τὸν

102 4310 246 4379 λόγον,
294 4316 407 4369 ἀλλ’
444 4316 885 4387 ὲπαναλαμϐἀνω
940 4316 1077 4387 πρὸς
1111 4316 1437 4388 ὑπόμνησιν.
1490 4315 1647 4383 Quod

104 4404 302 4477 denique
327 4409 592 4478 scriptam
622 4410 789 4465 velint
820 4410 1127 4464 orationem
1156 4408 1299 4463 hanc
1320 4409 1646 4463 imminenti-

1750 3229 1805 3277 et
1842 3220 2045 3277 alicubi
2087 3218 2300 3274 lacunis
2339 3216 2520 3271 hians.
2558 3213 2810 3268 Lacunas
2842 3210 2964 3264 illas
2996 3207 3062 3261 D.
3094 3206 3335 3261 Savilius

1750 3331 1817 3371 ex
1839 3314 2093 3369 Caesareo
2113 3309 2303 3366 codice
2330 3307 2621 3379 supplevit.
2647 3304 2804 3359 Nulla
2830 3302 3017 3372 itaque
3042 3300 3133 3355 hic
3153 3300 3219 3354 de
3246 3299 3331 3352 in-

1751 3407 2080 3477 terpolatore
2108 3403 2258 3472 justa
2279 3400 2541 3463 suspicio.
2576 3397 2632 3451 In
2658 3396 2906 3451 Bouiano
2920 3393 3107 3449 codice
3127 3392 3337 3461 aliquot.

1751 3498 1992 3570 pagellas
2023 3498 2214 3551 deesse
2243 3493 2453 3548 notavit
2480 3490 2543 3545 D.
2578 3490 2848 3551 Savilius;
2893 3486 3056 3557 idque
3096 3483 3330 3539 manife-

1752 3599 1839 3644 sto
1864 3604 1933 3644 ex
1960 3588 2079 3658 ipso
2106 3587 2228 3640 loco
2259 3581 2709 3653 deprehenditur.
2745 3579 2820 3634 lta
2837 3574 2981 3630 enim
3006 3574 3146 3643 apud
3170 3573 3337 3627 Sirle~

1752 3690 1867 3736 tum
1896 3688 1950 3733 et
1975 3677 2275 3731 Beurerum
2305 3673 2589 3740 legebatur
2622 3666 2891 3723 εΚελεύει
2916 3661 3008 3718 οὖν
3042 3666 3140 3735 τὴν
3172 3679 3335 3730 κεφα-

1750 3772 1847 3843 λὴν
1876 3770 1950 3843 μὴ
1974 3765 2112 3823 εἶναι
2142 3765 2375 3838 γυμνὴν,
2400 3762 2534 3819 ἀλλὰ
2566 3758 2983 3830 κεκαλυμμένην
3002 3796 3017 3819 ,
3040 3756 3127 3809 ἴνα
3155 3754 3333 3827 μάθῃς

1748 3862 1802 3915 τί
1840 3861 1933 3916 καὶ
1970 3856 2171 3931 μεταξὺ
2205 3857 2410 3911 τούτων
2435 3856 2482 3909 οἱ
2505 3851 2771 3915 κώδωνες,
2802 3850 2855 3903 id
2882 3858 2966 3902 est
2989 3845 3139 3918 jubet
3175 3855 3332 3914 caput

1752 3955 1967 4008 minime
2009 3968 2120 4007 esse
2161 3951 2361 4005 nudum
2402 3948 2492 4002 sed
2539 3954 2876 4014 coopertum,
2910 3951 2964 3996 ut
3012 3938 3152 3994 scias
3201 3935 3332 4007 quid

1748 4048 1907 4101 etiam
1936 4046 2075 4098 inter
2102 4044 2213 4099 hwc
2246 4038 2625 4095 tintinnabula.
2664 4036 2800 4103 Quis
2830 4044 3013 4089 autem
3052 4048 3161 4086 non
3188 4029 3336 4084 videt

1750 4138 2056 4209 posteriora
2084 4136 2251 4204 hujus
2275 4132 2559 4188 sententiae
2582 4146 2610 4183 a
2640 4126 2913 4198 prioribus
2940 4133 3057 4178 toto
3087 4122 3225 4176 cmlo
3251 4121 3335 4174 di-

1750 4230 1934 4285 stare?
1963 4228 2098 4294 Quis
2128 4242 2238 4281 non
2263 4225 2449 4280 statim
2480 4219 2827 4292 persentiscit
2851 4217 3063 4287 aliquot
3090 4215 3335 4286 pagellas

1749 4323 1940 4377 deesse
1974 4322 2120 4375 inter
2158 4320 2246 4372 ἴνα
2302 4316 2481 4389 μάθῃς
2518 4324 2574 4370 et
2616 4315 2669 4367 τί
2708 4313 2834 4367 καίῖ
2876 4312 3022 4381 quod
3058 4309 3335 4363 veteribus

1749 4430 1886 4469 mss.
1925 4427 2188 4483 perquam
2216 4410 2485 4465 familiare
2509 4415 2612 4462 est.
2660 4404 2765 4460 Ubi
2793 4404 2939 4488 enim
2965 4402 3223 4455 librarius
3249 4399 3341 4452 ii.-

106 4494 339 4554 busexitio
355 4502 636 4556 orientalis
666 4503 875 4573 imperii
897 4503 1140 4556 barbaris
1165 4503 1488 4568 nationibus,
1511 4503 1649 4574 quod
1682 4514 1725 4568 ι)
1754 4506 1890 4562 cidit
1926 4507 1981 4560 in
2010 4506 2253 4561 codicem
2280 4519 2345 4558 ex
2382 4518 2495 4571 quo
2525 4516 2631 4555 una
2663 4499 2748 4554 vel
2772 4499 2958 4569 plures
2989 4495 3201 4567 pagina:
3228 4493 3334 4548 [ιιι-ι

107 4589 149 4641 in
172 4599 386 4662 tempora
416 4594 783 4664 Cltrysostomi
808 4597 893 4649 vix
918 4596 1183 4665 quadrare
1203 4604 1370 4664 potest
1397 4613 1417 4651 :
1450 4596 1501 4649 id
1532 4612 1655 4652 om-

111 4682 215 4737 nino
236 4686 336 4739 vim
369 4688 582 4740 nullam
618 4688 801 4743 habet.
846 4686 962 4740 Non
992 4701 1167 4756 pauca
1194 4702 1224 4740 a
1254 4687 1652 4758 Chrysostomo

110 4772 305 4831 diacono
332 4779 538 4848 scripta
559 4788 707 4845 sunt,
728 4780 990 4833 nonnulla
1021 4780 1187 4833 etiam
1216 4780 1287 4834 ab
1312 4779 1647 4850 Anagnoste.

110 4864 233 4923 Tunc
257 4881 433 4927 autem
467 4870 665 4927 Valens
694 4873 992 4939 imperator
1021 4871 1125 4931 fuit
1155 4872 1477 4938 Antiochiae,
1509 4873 1653 4928 unde

112 4966 375 5020 accersitus
436 4965 975 5036 Constantinopolim
1008 4966 1205 5036 pergit,
1261 4966 1351 5020 ubi
1385 4966 1649 5035 populum

110 5065 481 5112 consternatum
532 5058 753 5128 reperit,
806 5059 856 5111 oi
902 5056 1010 5129 γὰρ
1061 5056 1327 5127 βάρϐαροι
1378 5058 1654 5129 καταδρα-

114 5144 267 5211 μόντες
293 5150 391 5220 τὴν
424 5150 649 5221 Θρᾴκην
682 5149 784 5222 ήδη
820 5150 1008 5203 καὶτὰ
1038 5149 1338 5220 προάστεια
1388 5149 1653 5221 ἐπόρθουν

113 5237 189 5305 τῆς
213 5240 617 5295 Κωνσταντίνου
666 5241 874 5306 πόλεως
910 5261 923 5296 :
966 5259 1089 5295 nam
1136 5242 1374 5306 barbari,
1404 5243 1496 5312 qui
1534 5242 1653 5311 jam

116 5325 356 5386 Thraciam
383 5335 691 5403 depopulati
714 5335 944 5404 fuerant,
979 5336 1093 5404 ipsa
1114 5352 1316 5405 quoque
1346 5333 1657 5390 Constanti-

115 5422 317 5487 aopsleos
346 5426 652 5479 suburbana
680 5428 958 5481 vastabant
982 5444 999 5492 ;
1031 5443 1266 5497 cumque
1292 5428 1361 5482 iis
1389 5442 1655 5499 congres-

116 5526 190 5566 sus
215 5514 398 5573 Valens
428 5521 614 5589 periit,
645 5518 901 5574 Socrates
932 5519 1025 5573 lib.
1061 5536 1133 5586 ιν,
1170 5535 1221 5575 c.
1246 5519 1336 5575 38.
1374 5518 1505 5574 Post
1537 5518 1655 5575 dis-

116 5617 292 5663 mum
345 5612 514 5666 etiam
547 5609 791 5668 Valentis
829 5611 900 5667 ab
931 5611 1221 5668 Antiochia
1266 5612 1448 5670 statim
1491 5612 1656 5668 Sara-

174 5784 213 5820 "
234 5784 549 5857 Psaluxn,
580 5788 669 5845 20.

1754 4610 1807 4654 te
1838 4599 2039 4654 excisae
2085 4606 2214 4653 sunt
2237 4638 2253 4663 ,
2285 4605 2381 4651 aut
2418 4609 2526 4649 non
2559 4590 3026 4653 animadvertens,
3070 4596 3165 4641 aut
3196 4586 3339 4641 nihil

1753 4706 1976 4754 curans,
2007 4688 2191 4743 omnia
2220 4686 2413 4741 eodem
2450 4693 2638 4737 tenore
2676 4681 2817 4736 solet
2859 4677 3213 4734 describere:
3247 4676 3335 4731 id-

1753 4799 1860 4855 que
1894 4798 2003 4837 non
2032 4782 2084 4836 in
2107 4781 2299 4835 eodem
2325 4792 2490 4847 opere
2517 4772 2922 4839 tantummodo,
2957 4770 3052 4827 sed
3078 4770 3245 4825 etiam
3278 4768 3333 4823 in

1753 4876 1987 4933 diversis
2009 4873 2200 4929 eodem
2228 4870 2501 4925 volumine
2527 4866 2942 4938 comprehensis
2958 4879 3100 4934 saepe
3127 4861 3341 4930 factum

1753 4980 1870 5035 est,
1907 4967 1997 5022 ubi
2039 4967 2166 5021 linis
2214 4964 2424 5030 unius,
2480 4960 2695 5015 initium
2748 4967 2932 5013 autem
2985 4955 3209 5012 alterius
3266 4953 3335 5009 ab

1754 5058 2054 5129 exemplari
2100 5056 2463 5112 describendo
2510 5053 2666 5125 prius
2694 5052 2944 5107 excisum
2976 5059 3081 5104 est.
3128 5045 3242 5100 lloc
3278 5045 3334 5099 in

1754 5152 2000 5222 epistolis
2023 5150 2305 5221 Polycarpi
2331 5157 2387 5203 et
2417 5147 2682 5203 Barnaba:
2711 5146 2815 5200 viri
2837 5143 2983 5199 docti
3006 5138 3333 5210 jampridem

1755 5243 2275 5315 deprehenderunt:
2316 5241 2422 5296 hoc
2469 5239 2586 5309 ipse
2622 5238 2676 5292 in
2718 5252 2851 5291 mss.
2893 5233 3118 5287 Thema:
3161 5230 3335 5300 magi-

1758 5340 1879 5403 stri,
1903 5346 1956 5391 et
1978 5334 2255 5390 Theodori
2290 5332 2682 5403 pmoitentialis
2710 5324 3024 5390 observavi,
3067 5323 3159 5392 qui
3191 5322 3336 5393 apud

1758 5438 1978 5485 nostros
2025 5426 2512 5496 Cantabrigienses
2562 5428 2937 5478 asservantur.
2974 5416 3113 5471 Cum
3168 5415 3338 5486 igitur

1756 5522 1925 5577 editio
1965 5521 2029 5575 υ.
2071 5518 2263 5573 Savilii
2294 5527 2404 5573 tam
2433 5516 2580 5572 clare
2618 5523 2783 5582 atque
2817 5510 3106 5582 perspicue
3148 5508 3333 5564 omnia

1758 5610 2027 5683 suppleat,
2060 5617 2121 5665 ut
2150 5608 2299 5679 prior
2325 5620 2455 5679 pars
2484 5602 2769 5662 sentcntiae
2798 5610 2909 5659 tam
2944 5602 3240 5659 incondita
3266 5599 3337 5657 iis
