3770 6300
377 318 484 379 199

1358 311 1414 367 S.
1460 311 1805 368 lGNATlUS.
1847 340 1915 351 -
1954 310 2493 370 PROLEGOMENA.

3542 302 3639 355 200

374 436 657 508 jungatur,
690 450 813 506 quae
843 432 1059 505 proprie
1090 437 1433 502 sequuntur,
1478 430 1686 484 κελεύει
1733 426 1826 483 οὖν
1862 432 1960 502 τὴν
1990 440 2035 494 Α
2065 433 2348 488 sententiae
2383 448 2547 502 quam
2582 430 2803 486 refutat.
2837 425 2941 484 Sed
2967 437 3027 483 ut
3054 427 3400 483 verissimam
3430 433 3641 481 senten-

380 524 623 597 κεφαλὴν
654 525 729 596 μὴ
765 520 904 577 εἶναι
937 524 1180 594 γυμνὴν,
1220 520 1354 575 ἀλλὰ
1397 520 1840 592 κεκαλυμμένην,
1877 521 1964 575 ἵνα

384 618 529 691 μάθῃ
575 619 610 690 ή
660 616 868 688 κεφαλὴ
898 615 991 669 τοῦ
1024 614 1174 679 λαοῦ,
1207 615 1290 668 ὅτι
1335 613 1577 685 κεφαλὴν
1610 613 1743 683 ἔχει,
1778 623 1830 667 et
1860 628 1962 682 po-

380 713 579 768 sterior
601 726 727 781 pars
752 709 994 779 ejusdem
1028 708 1309 763 sententia:
1338 708 1405 763 iis
1438 707 1966 776 suhjungatur,qua3

382 803 601 873 proprie
640 802 991 871 praecedunt,
1040 799 1177 869 ἄνθη
1209 798 1266 852 δέ
1294 800 1431 851 εἰσιν
1474 798 1658 869 ἱερέως
1681 798 1962 868 συντυχία,

378 897 595 968 ὁμιλία,
628 893 759 968 ἦθος
790 894 1027 964 ἀγαθὸν,
1061 893 1218 961 λόγος
1261 891 1531 964 χρηστὸς,
1566 889 1778 955 πίστις,
1816 891 1962 956 δόξα,

380 988 626 1061 ἀλήθεια,
652 985 987 1056 δικαιοσύνη,
1024 986 1117 1039 καὶ
1150 984 1353 1057 μεταξὺ
1384 982 1591 1037 τούτων
1625 984 1674 1035 οἰ
1697 982 1963 1047 κώδωνες,

379 1087 413 1157 ἡ
441 1083 729 1156 συμφωνία
745 1082 855 1136 τῶν
880 1080 1061 1135 καλῶν
1094 1079 1292 1153 ἔργων,
1317 1079 1496 1147 quivis
1520 1079 1834 1147 perspiciat,
1857 1095 1964 1132 non

383 1178 624 1249 aliquam
662 1176 1143 1247 iuterpolationem
1180 1172 1433 1226 infultam
1460 1213 1475 1236 ,
1515 1171 1608 1226 sed
1640 1172 1843 1238 justam
1877 1180 1965 1225 at-

380 1286 488 1341 que
518 1267 887 1323 necessariam
918 1265 1320 1335 suppletionem
1355 1264 1554 1317 factam
1583 1261 1755 1317 fuisse
1786 1278 1853 1316 ex
1880 1277 1969 1316 co-

380 1363 502 1417 dice
539 1361 811 1415 Caesareo.
842 1358 974 1425 Quae
1009 1357 1229 1426 quidem
1276 1355 1439 1410 etiam
1465 1363 1645 1410 exstat
1680 1354 1734 1408 in
1776 1354 1965 1408 codice

382 1452 719 1508 Barocciano
738 1451 831 1505 l3l
846 1493 861 1515 ,
879 1467 932 1519 p.
960 1449 1061 1502 178
1076 1447 1296 1513 Oxonii,
1316 1447 1420 1500 sub
1446 1447 1666 1500 nomine
1685 1447 1847 1500 etiam
1871 1444 1965 1498 τοῦ

383 1541 774 1615 Χρυσοστόμου
795 1582 810 1605 ,
842 1550 893 1594 et
922 1555 950 1594 a
988 1537 1185 1591 Photio
1215 1536 1573 1591 confirmatur
1595 1575 1613 1599 ,
1643 1535 1737 1604 qui
1784 1535 1837 1588 in
1872 1549 1969 1588 ex-

383 1635 588 1704 cerptis
624 1633 871 1704 agnoscit
904 1648 967 1686 ea
1005 1646 1128 1701 qua:
1167 1645 1313 1683 nunc
1354 1628 1706 1696 reperiuntur
1734 1627 1787 1680 in
1831 1642 1965 1696 sup-

385 1727 680 1797 plemento.
716 1724 982 1779 Prmterea
1008 1731 1189 1776 exstat
1210 1722 1323 1775 haec
1349 1720 1526 1773 oratio
1553 1719 1605 1772 in
1644 1719 1753 1772 alio
1776 1719 1966 1773 codice

2067 525 2196 578 tiam
2243 538 2366 578 esse
2409 521 2608 587 fateor,
2637 537 2805 590 quam
2835 522 2904 574 de
2938 520 3199 591 Dionysio
3243 515 3642 589 ltypobolimmr-

2064 615 2339 682 defendit;
2375 630 2626 686 negoque
2658 614 2770 668 ullo
2801 622 2964 683 pacto
2990 612 3109 667 ﬁeri
3136 610 3408 681 potuisse,
3432 615 3498 661 ut
3517 605 3644 659 Dio-

2066 709 2260 779 nysius
2299 708 2631 778 Areopagita
2673 722 2738 760 ea
2777 703 3087 774 scripserit,
3126 718 3250 772 qua:
3274 699 3381 755 sub
3407 698 3647 766 ejusno—

2065 800 2216 855 mine
2247 797 2501 855 feruntur
2532 820 2546 852 :
2581 799 2654 853 ita
2688 813 2813 869 qua:
2851 798 2919 852 de
2956 795 3169 865 origine
3194 791 3479 864 opinionis
3522 804 3651 844 oon-

2067 897 2252 951 traria:
2296 904 2349 950 et
2392 902 2552 948 aetate
2592 892 2800 947 lictoris
2826 889 3025 946 asserit
3061 888 3318 953 Dallaaus,
3353 886 3450 940 illa
3495 899 3648 954 pror-

2065 1006 2161 1052 sus
2220 1004 2251 1044 a
2298 987 2529 1043 veritate
2584 987 2887 1041 abhorrere
2946 983 3145 1038 sentio.
3208 979 3341 1048 Quae
3404 977 3476 1032 ab
3532 975 3649 1031 aliis

2066 1083 2279 1151 accepit
2304 1088 2625 1150 argumenta
2656 1088 2803 1133 recte
2831 1086 2885 1131 et
2909 1093 3009 1147 pro
3032 1091 3136 1130 suo
3157 1088 3309 1129 more
3328 1088 3439 1127 non
3470 1070 3648 1126 minus

2066 1172 2283 1227 fortiter
2327 1189 2495 1243 quam
2545 1172 2667 1227 fuse
2725 1171 3010 1240 explicat:
3061 1184 3125 1223 ea
3170 1181 3301 1221 vero
3345 1165 3407 1220 in
3452 1162 3649 1235 quibus

2066 1264 2408 1319 Blondellum
2445 1280 2606 1318 suum
2634 1273 2857 1318 secutus
2883 1271 2987 1327 est,
3021 1270 3114 1314 aut
3137 1275 3259 1329 qua:
3284 1258 3403 1327 ipse
3431 1255 3649 1326 excogi-

2066 1356 2220 1420 tavit,
2259 1356 2392 1410 nihil
2428 1358 2588 1412 solidi
2635 1357 2921 1411 continere
2965 1353 3242 1409 existimo.
3285 1349 3483 1405 Tradit
3510 1350 3647 1403 enim

2067 1450 2342 1505 neminem
2393 1466 2460 1504 ex
2499 1449 2800 1507 Catholieis
2850 1458 2977 1503 ante
3025 1463 3229 1501 annum
3268 1444 3495 1499 Domini
3527 1444 3647 1501 630.

2068 1541 2579 1611 Areopagiticorum
2631 1549 2911 1594 auctorem
2939 1553 3129 1592 verum
3163 1551 3285 1590 esse
3327 1534 3649 1605 Dionysium

2069 1645 2164 1687 aut
2196 1632 2496 1688 affirmasse
2539 1642 2636 1687 aut
2683 1631 2986 1687 credidisse
3025 1648 3038 1685 :
3084 1630 3187 1684 hoc
3225 1629 3498 1699 primum.
3535 1626 3650 1679 Vult

2067 1725 2230 1778 etiam
2262 1734 2580 1790 auctorem,
2610 1724 2865 1794 quisquis
2897 1724 3000 1786 sit,
3033 1723 3116 1776 vel
3143 1722 3341 1791 quinto
3384 1720 3650 1791 praecipiti

385 1811 723 1867 Barocciaao
747 1853 762 1878 ,
801 1827 998 1881 nempe
1038 1810 1161 1875 l86,
1192 1807 1288 1861 fol.
1319 1808 1389 1861 26
1409 1851 1423 1875 ,
1456 1808 1546 1862 ubi
1582 1810 1754 1861 multo
1786 1808 1963 1876 major

2142 1817 2288 1882 culo,
2325 1817 2409 1869 vel
2441 1817 2604 1871 etiam
2633 1816 2856 1871 ineunte
2883 1826 3037 1870 sexto
3061 1816 3292 1880 vixisse;
3325 1829 3513 1883 neque
3534 1822 3652 1867 ante

384 1912 468 1959 est
498 1905 716 1967 lacuna,
748 1919 912 1972 quam
942 1903 1031 1957 illa
1060 1918 1183 1972 qua:
1210 1899 1316 1954 fuit
1343 1900 1395 1953 in
1421 1900 1663 1954 editione
1694 1900 1964 1953 Romana.

384 1995 461 2051 ita
489 1997 635 2051 enim
661 1996 731 2050 ibi
759 1996 1012 2065 legimus,
1043 1993 1250 2047 κελεύει
1274 1993 1367 2046 καὶ
1402 1992 1499 2063 τὴν
1533 1992 1776 2064 κεφαλὴν
1804 2010 1969 2065 προσ-

382 2088 556 2161 φορὰν
614 2088 707 2141 καὶ
758 2088 888 2159 περὶ
925 2084 1201 2157 magna;
1228 2126 1242 2148 ,
1281 2083 1419 2138 adeo
1463 2094 1524 2137 ut
1585 2084 1969 2139 desiderentur

383 2180 566 2233 omnia
591 2195 619 2233 a
638 2180 835 2250 pagina
868 2178 993 2243 645,
1019 2178 1113 2231 liti.
1141 2176 1227 2241 ll,
1257 2191 1432 2246 usque
1461 2176 1529 2231 ad
1559 2176 1813 2246 paginam
1836 2175 1964 2240 646,

383 2268 482 2323 lin.
513 2270 583 2324 '55
628 2269 886 2323 editionis
916 2266 1231 2322 Savilianaa.
1287 2265 1440 2320 Vana
1472 2277 1557 2320 est
1601 2266 1769 2337 igitur
1794 2265 1862 2319 de
1886 2265 1970 2318 in-

384 2362 714 2433 terpolatore
745 2360 1094 2429 conjectura;
1138 2360 1519 2415 testimonium
1567 2366 1818 2413 nostrum
1843 2397 1860 2423 ,
1899 2358 1989 2411 ab-

387 2453 509 2523 ipso
540 2452 703 2522 hujus
732 2453 1002 2507 orationis
1029 2460 1256 2506 auctore
1286 2451 1560 2521 prolatum
1592 2459 1709 2515 est;
1761 2449 1969 2519 episto-

387 2545 437 2599 la
468 2544 536 2599 ad
566 2543 926 2616 Polycarpum
956 2558 1063 2598 non
1093 2543 1163 2597 ab
1188 2543 1503 2612 impostore,
1533 2541 1625 2597 sed
1662 2537 1720 2595 S.
1760 2538 1970 2610 lgnatio

388 2637 592 2707 scripta
621 2645 729 2691 est.

1006 2742 1237 2800 CAPUT
1266 2743 1336 2799 Χ.

391 2839 876 2909 Pseudo-Dionysii
907 2849 1037 2893 attas
1067 2840 1297 2909 eruitur.
1329 2838 1525 2893 Dallwi
1558 2836 1822 2909 sententia
1844 2852 1968 2905 pro-

457 2921 675 2982 ponitur
742 2908 791 2965 et
851 2912 1141 2982 refutatur.
1204 2908 1437 2982 Plurimi
1484 2908 1735 2961 catholici
1788 2923 1968 2982 verunt

458 2976 835 3051 'Areopagitam
876 2976 995 3035 eum
1044 2981 1206 3047 fuisse
1253 2981 1588 3051 crediderunt
1636 2988 1758 3051 ante
1787 2995 1844 3051 ᾳ.

457 3048 606 3107 65οί
630 3048 853 3115 Αὶιειον,
885 3052 1126 3121 quisquis
1158 3060 1233 3105 est
1256 3092 1270 3113 ,
1317 3050 1481 3103 libros
1523 3066 1646 3102 suos
1674 3049 1841 3101 edidit
1873 3048 1966 3099 diu

461 3068 585 3107 υῦυ.
630 3068 853 3115 auctor,
885 3068 1005 3121 quis
1043 3068 1126 3103 uts
1158 3068 1233 3105 est
1256 3092 1270 3113 ,
1317 3068 1481 3103 ttoros
1523 3068 1646 3102 suos
1674 3068 1841 3101 eatatt
1873 3068 1966 3099 atu

461 3134 582 3177 ante
615 3141 667 3176 a.
717 3122 786 3176 Β.
818 3122 942 3176 520.
984 3068 1166 3174 ὃῖιιιιίδ
1198 3122 1454 3189 probatur
1484 3136 1603 3173 eunt
1644 3129 1834 3189 quarto
1874 3134 1969 3171 ste—

460 3195 581 3247 culo
615 3195 828 3247 vixisse.
865 3192 1098 3261 Denique
1129 3190 1398 3257 probabile
1425 3200 1502 3245 est
1545 3206 1664 3244 eum
1693 3190 1968 3259 scripsisse

459 3264 737 3335 postrentis
772 3262 988 3317 Eusebii
1013 3263 1352 3331 temporibus.

462 3377 740 3433 Hactenus
760 3391 951 3431 eorum
991 3373 1216 3429 Patrum
1248 3373 1564 3430 testimonia
1596 3371 1969 3437 defendimus,

391 3476 595 3545 quibus
645 3473 795 3528 lilent
848 3473 1024 3527 movit
1062 3470 1415 3525 adversarius
1442 3510 1457 3535 ,
1490 3483 1744 3538 quosque
1793 3468 1877 3522 vel
1916 3468 1970 3522 id

390 3567 539 3638 quod
587 3567 843 3621 volumus
886 3565 1109 3619 minime
1153 3571 1381 3619 testatos
1422 3577 1576 3625 esse,
1626 3561 1748 3625 vel,
1782 3560 1827 3614 si
1867 3561 1973 3614 hoc

391 3660 501 3715 dici
533 3659 684 3716 nullo
728 3659 891 3713 modo
928 3665 1156 3727 posset,
1204 3656 1461 3724 deceptos
1489 3662 1545 3707 et
1579 3652 1805 3708 delusos
1850 3667 1974 3707 esse

393 3751 792 3822 pronuntiavit.
825 3750 1097 3815 Quoniam
1128 3762 1262 3801 vero
1295 3745 1620 3817 Dionysium
1656 3746 1820 3800 etiam
1851 3754 1974 3798 tan-

394 3857 560 3912 quam
594 3850 785 3896 testem
816 3840 1127 3902 citavimus,
1158 3854 1320 3907 quem
1352 3837 1589 3892 Dallreus
1612 3837 1727 3907 ipse
1754 3847 1977 3891 senten-

396 3935 529 3987 tiam
566 3931 635 3986 ab
667 3930 876 4001 lgnatio
908 3930 962 3983 in
994 3929 1225 4000 epistola
1273 3929 1340 3982 ad
1388 3928 1669 3983 Romanos
1712 3928 1974 3997 scriptam

395 4037 864 4079 commemorasse
901 4036 1011 4075 non
1053 4029 1263 4074 tantum
1305 4019 1534 4085 fatetur,
1578 4020 1673 4074 sed
1714 4028 1771 4073 et
1812 4018 1975 4072 vehe-

398 4126 609 4171 menter
645 4114 773 4168 alibi
814 4113 1134 4176 contendit,
1184 4112 1235 4165 id
1269 4127 1438 4164 unum
1483 4127 1632 4165 nunc
1678 4118 1878 4176 restat,
1920 4118 1979 4163 ut

396 4219 612 4265 aetatem
663 4223 694 4263 a
750 4207 909 4261 nobis
946 4206 1020 4258 illi
1048 4205 1382 4275 assignatam
1420 4213 1711 4270 tueamur,
1738 4210 1793 4256 et
1836 4203 1979 4256 inter

399 4311 566 4357 testes
593 4298 832 4354 Eusebio
862 4313 1096 4362 eoa3vos,
1137 4297 1184 4350 si
1227 4312 1314 4351 res
1349 4296 1465 4365 ipsa
1490 4295 1749 4364 patiatur,
1780 4309 1978 4348 nume--

399 4409 605 4450 remus.
662 4390 957 4453 Historiam
998 4390 1414 4444 ecclesiasticam
1457 4388 1752 4457 postremis
1806 4385 1979 4441 Euse-

399 4487 473 4541 hii
506 4484 845 4557 temporibus
876 4483 1138 4554 scriptam
1168 4482 1358 4536 volunt
1390 4501 1402 4535 :
1445 4481 1637 4536 iisdem
1669 4489 1725 4535 et
1775 4479 1979 4551 Diony-

401 4580 556 4633 siana
582 4594 683 4649 ego
710 4578 856 4632 edita
887 4576 1166 4643 existimo,
1196 4574 1491 4646 postremis
1534 4574 1979 4644 nempeEusebii

405 4669 759 4737 temporibus.

473 4760 650 4829 Quam
712 4764 819 4816 alte
868 4761 1249 4832 superioribus
1311 4760 1532 4816 saeculis
1585 4758 1867 4815 inhaeserit
1915 4758 1984 4814 de

404 4855 803 4927 Areopagiticis
834 4872 1030 4927 magna
1075 4854 1448 4919 existimatio,
1480 4863 1800 4923 quantoque
1846 4867 1985 4907 con-

405 4966 573 5007 sensu
622 4959 788 5020 atque
834 4950 1185 5003 veneratione
1239 4950 1441 5018 scripta
1508 4948 1771 5018 Dionysio
1819 4946 1985 5016 vulgo

405 5045 711 5110 attributa,
760 5052 1022 5112 tanquam
1085 5042 1360 5112 genuinus
1412 5040 1787 5110 antiquissimi
1837 5039 1986 5093 illius

407 5138 784 5208 apostolorum
812 5135 1064 5205 discipuli
1096 5134 1261 5199 fetus,
1292 5143 1509 5204 recepta
1538 5133 1671 5197 sint,
1698 5146 1862 5186 nemo
1887 5146 1987 5185 ne-

411 5233 533 5285 scit.
563 5230 670 5286 Sed
701 5231 803 5285 hos
830 5229 1001 5284 libros
1028 5244 1151 5283 eam
1180 5237 1399 5282 aetatem
1436 5242 1542 5280 non
1574 5225 1739 5291 ferre,
1767 5237 1821 5280 et
1854 5224 1985 5279 Dio-

414 5325 571 5395 nysio
601 5325 939 5396 Areopagitze
965 5323 1129 5379 tribui
1168 5338 1273 5378 non
1310 5336 1491 5391 posse,
1521 5320 1704 5375 sciunt
1726 5320 1841 5389 jam
1868 5328 1990 5372 tan-

413 5415 559 5482 dem,
578 5427 631 5471 et
651 5417 906 5485 fatentur,
928 5417 1144 5488 opinor,
1168 5433 1232 5471 ex
1255 5416 1404 5469 omni
1427 5422 1579 5484 parte
1595 5413 1811 5469 eruditi.
1836 5412 1987 5467 illam

414 5509 693 5563 enimvero
738 5511 1085 5575 sententiam,
1129 5525 1159 5563 a
1207 5507 1341 5562 viris
1392 5505 1814 5576 quamplurimis
1864 5515 1991 5561 ante

415 5601 719 5672 explosam,
766 5618 938 5672 nuper
982 5602 1216 5657 Dallieus
1245 5600 1461 5672 penitus
1484 5599 1781 5669 prostravit
1824 5607 1991 5667 atque

416 5693 705 5761 mntrivit;
735 5704 877 5748 etne
902 5702 1084 5748 actum
1114 5703 1325 5748 tantum
1349 5700 1553 5764 ageret,
1589 5692 1761 5746 multa
1795 5691 1862 5746 de
1886 5706 1988 5745 suo

419 5802 562 5860 penu
586 5785 814 5861 addidit,
846 5789 1117 5859 prazcipue
1147 5788 1213 5843 do
1241 5788 1657 5854 :etate’iictoris,
1691 5795 1745 5843 et
1775 5785 1985 5856 origine

1994 3159 2037 3217 C

2070 1923 2274 1961 annum
2322 1906 2537 1962 Domini
2566 1910 2785 1964 circiter
2823 1908 2949 1976 520,
2983 1908 3127 1963 fetus
3160 1908 3262 1961 hos
3289 1922 3426 1960 suos
3454 1903 3654 1974 Diony-

2070 1997 2155 2051 sio
2183 1998 2407 2052 immani
2442 1998 2635 2054 fraude
2671 2001 2987 2070 suppositos
3014 1998 3253 2055 edidisse
3284 2019 3296 2054 :
3330 2001 3437 2055 hoc
3464 2014 3649 2054 secun-

2070 2088 2224 2143 dum.
2256 2088 2521 2144 Neutrum
2548 2102 2728 2146 autem
2757 2093 2954 2145 horum
2987 2108 3113 2146 cum
3150 2092 3258 2145 ulla
3288 2094 3545 2146 veritatis
3567 2100 3654 2146 aut

2070 2184 2477 2253 probabilitatis
2508 2187 2689 2255 specie
2716 2188 3006 2243 asseritur.
3042 2187 3112 2242 Ut
3132 2189 3246 2242 lure
3272 2188 3542 2243 omnibus
3567 2203 3655 2256 ap-

2071 2286 2319 2346 pareant.
2344 2287 2398 2332 ct
2420 2278 2681 2335 methodo
2706 2280 2941 2350 quadam
2974 2290 3123 2335 certa
3160 2281 3226 2335 ad
3256 2295 3444 2333 veram
3494 2295 3646 2348 pseu-

2070 2366 2428 2439 do-Dionysii
2470 2379 2684 2424 aetatem
2731 2371 3029 2425 eruendam
3077 2371 3407 2441 procedam,
3449 2371 3657 2424 abillis

2072 2459 2445 2530 incipiendum
2490 2470 2657 2532 puto,
2689 2478 2812 2533 qua:
2844 2472 2974 2518 sunt
3009 2464 3331 2529 novissima,
3358 2463 3655 2518 ostenden-

2070 2554 2332 2622 dumque,
2351 2553 2852 2624 quinamCatholici
2879 2566 3005 2610 ante
3028 2572 3076 2611 a.
3112 2555 3173 2608 D.
3199 2555 3305 2609 650
3330 2554 3655 2627 Dionysium

2069 2644 2456 2715 Areopagitam
2503 2662 2693 2701 verum
2730 2657 3012 2702 auctorem
3044 2662 3235 2701 eorum
3269 2664 3396 2718 qum
3440 2649 3523 2703 illi
3566 2649 3658 2703 tri-

2068 2738 2399 2805 buebantur,
2432 2738 2604 2796 fuisse
2626 2750 2681 2795 et
2709 2742 3005 2813 credebant
3032 2752 3087 2797 et
3109 2742 3478 2797 affirmabant.

2142 2828 2328 2885 Primo
2366 2832 2553 2903 itaque
2592 2831 2876 2899 Leontius,
2908 2833 3051 2889 libro
3090 2832 3168 2887 De
3199 2835 3375 2896 sectis,
3405 2833 3658 2904 agnOscit

2070 2921 2392 2995 Dionysium
2416 2925 2829 2996 Areopagitam,
2858 2941 3094 2997 eumque
3116 2926 3259 2981 inter
3286 2925 3483 2982 Patres
3516 2927 3657 2981 auti-

2070 3015 2373 3085 quissimos
2405 3019 2673 3083 nominat,
2703 3017 2946 3088 alibique
2988 3032 3115 3073 eum
3161 3020 3340 3074 wtatis
3379 3020 3653 3089 apostolo-

2071 3127 2191 3165 rum
2220 3111 2390 3167 fuisse
2437 3121 2623 3178 notat,
2659 3123 2711 3168 et
2757 3113 2955 3167 librum
2989 3112 3065 3166 De
3109 3113 3303 3167 divinis
3352 3116 3658 3168 nominibus

2071 3206 2225 3270 citat,
2251 3214 2309 3259 ut
2332 3206 2567 3260 Dallaaus
2588 3206 2703 3275 ipse
2734 3205 2957 3259 fatetur.
2992 3202 3290 3275 lltrobique
3314 3206 3486 3276 igitur
3509 3224 3661 3263 eum-

2069 3296 2194 3350 dem
2228 3296 2611 3367 Areopagitam
2655 3306 2915 3365 tanquam
2952 3311 3139 3349 verum
3176 3307 3230 3351 et
3258 3312 3367 3351 non
3404 3299 3659 3355 lictitium

2030 3412 2033 3417 -
2071 3386 2312 3455 agnovit.
2347 3385 2416 3438 At
2452 3395 2657 3438 constat
2682 3426 2696 3451 ,
2732 3384 2910 3453 inquit
2931 3424 2946 3447 ,
2976 3400 3094 3435 eum
3125 3384 3189 3437 de
3218 3386 3376 3439 sectis
3410 3403 3518 3442 non
3545 3399 3663 3442 ante

2070 3496 2122 3534 a.
2160 3479 2222 3537 D.
2253 3478 2350 3532 591
2388 3478 2682 3547 scripsisse.
2708 3475 2952 3542 Quidni?
2980 3476 3110 3545 quia
3140 3474 3350 3547 Eulogii
3383 3484 3661 3545 meminit.

2072 3568 2228 3637 quasi
2271 3577 2403 3622 tunc.
2459 3569 2724 3637 temporis
2774 3568 3131 3622 Alexandrini
3166 3570 3440 3639 episcopi.
3481 3571 3663 3627 Recte.

2074 3660 2334 3731 Eulogius
2374 3671 2552 3715 autem
2594 3672 2836 3714 mortuus
2880 3671 2955 3714 est
2983 3678 3034 3713 a.
3067 3659 3133 3713 Β.
3170 3661 3296 3715 608.
3333 3662 3529 3731 Neque
3564 3663 3663 3715 hoc

2074 3767 2231 3819 nego.
2261 3751 2549 3821 Eulogiani
2573 3762 2748 3804 autent
2776 3752 3110 3820 episcopatus
3135 3767 3302 3803 annos
3322 3750 3662 3819 Niccpltorus

2079 3841 2187 3899 UP.
2217 3853 2368 3912 putat
2393 3861 2496 3897 non
2518 3844 2587 3897 27
2621 3846 2779 3913 (quod
2801 3858 3072 3911 perperam
3103 3840 3297 3912 legitur
3314 3842 3456 3911 apud
3485 3844 3663 3897 Baro-

2075 3935 2268 4003 nium),
2289 3937 2381 3989 sed
2416 3936 2504 3990 l7.
2537 3934 2679 4004 Ergo
2703 3944 2826 3987 ante
2850 3949 2904 3986 a.
2937 3931 3004 3989 ι).
3027 3935 3125 3989 591
3171 3951 3274 3988 non
3303 3934 3408 4004 fuit
3450 3940 3663 4003 cpisco-

2075 4048 2193 4101 pus.
2230 4031 2306 4085 lta
2337 4033 2554 4101 quidem
2585 4030 2929 4101 Nieephorus
2960 4030 3190 4087 Parisiis
3221 4048 3251 4087 a
3288 4032 3435 4087 Goar
3455 4034 3663 4098 editus;

2078 4124 2172 4178 sed
2215 4124 2483 4178 Baronius
2512 4124 2865 4178 Anastasium
2893 4136 3117 4179 secutus
3137 4134 3241 4191 est,
3272 4126 3364 4196 qui
3388 4124 3668 4197 Nicepho-

2079 4233 2201 4270 rum
2251 4217 2554 4283 transtulit,
2590 4228 2885 4287 antequam
2924 4219 3096 4273 codex
3139 4219 3229 4273 ille
3269 4220 3515 4289 scriptus
3562 4230 3665 4283 est,

2079 4325 2241 4378 quem
2276 4309 2422 4363 Goar
2459 4320 2835 4380 repraesentat.
2880 4311 3243 4365 Consentium
3290 4313 3468 4369 codici
3519 4312 3666 4367 Ana-

2082 4402 2323 4456 stasiano
2356 4402 2573 4457 codices
2595 4403 2704 4456 duo
2737 4402 2910 4457 Graeci
2948 4403 3182 4473 antiqui,
3211 4402 3552 4460 Oxoniensis
3590 4416 3671 4460 at-

2015 4496 2054 4550 D
2084 4503 2202 4563 que‘
2234 4494 2631 4559 Londinensis,
2681 4496 2857 4565 iisque
2902 4495 3233 4565 suffragatur
3273 4496 3667 4567 Theophanes.

2082 4587 2408 4641 Anastasius
2449 4601 2515 4640 ex
2558 4586 2912 4657 TheOphane,
2942 4591 3172 4643 secundo
3212 4591 3422 4659 imperii
3465 4589 3671 4646 Tiberii

2084 4696 2222 4731 anno
2249 4679 2584 4734 Alexandria:
2609 4683 2831 4735 antistes
2853 4682 3073 4736 habetur
3101 4681 3353 4736 Ecclesia:
3383 4682 3669 4754 Eulogius.

2087 4771 2188 4826 Diu
2219 4773 2401 4843 itaque
2431 4784 2559 4829 ante
2589 4791 2641 4829 a.
2684 4773 2747 4827 D.
2786 4775 2884 4829 59l
2930 4780 3108 4845 potuit
3150 4777 3347 4830 librum
3388 4777 3549 4830 illum
3598 4777 3672 4831 De

2086 4866 2244 4918 sectis
2276 4865 2519 4919 scribere
2548 4863 2833 4920 Leontius.
2880 4863 2947 4919 Et
2980 4881 3205 4920 necesse
3234 4876 3317 4920 est
3350 4876 3411 4920 ut
3450 4866 3672 4922 fatean-

2087 4966 2178 5010 tur
2206 4972 2418 5021 omnes,
2446 4966 2573 5012 ante
2595 4972 2799 5025 annum
2831 4956 2936 5011 608
2956 4998 2971 5023 ,
3006 4972 3118 5027 quo
3152 4969 3404 5013 mortuus
3432 4970 3520 5013 est
3561 4959 3670 5013 Eu-

2089 5050 2286 5119 logius,
2318 5065 2441 5105 eum
2479 5048 2651 5105 fuisse
2682 5051 2970 5120 scriptum,
3002 5051 3103 5105 hoc
3117 5059 3200 5105 est
3230 5051 3483 5120 pluribus
3506 5068 3672 5121 quam

2088 5141 2159 5196 9.0
2189 5143 2347 5197 annis
2398 5154 2524 5197 ante
2573 5157 2777 5196 annum
2806 5142 2930 5209 650,
2965 5152 3022 5197 ut
3049 5160 3149 5213 ego
3179 5155 3360 5197 autem
3409 5146 3674 5205 arbitror,

2089 5233 2340 5301 pluribus
2356 5249 2519 5303 quam
2539 5233 2924 5303 quadraginta.
2954 5232 3151 5287 Eadem
3178 5241 3325 5288 certe
3346 5244 3675 5302 tempestate

2089 5323 2328 5379 Joannes
2366 5325 2675 5393 patriarcha
2715 5325 3361 5397 Constantinopolitanus
3398 5325 3451 5378 in
3490 5325 3675 5379 homi-

2091 5417 2161 5472 lia
2192 5418 2258 5473 de
2305 5419 2828 5487 pseudo-prophetis
2860 5419 3241 5489 Areopagitam
3270 5418 3521 5488 agnoscit
3541 5458 3560 5484 ,
3592 5418 3676 5471 his

2090 5512 2272 5565 verbis
2303 5528 2315 5564 :
2361 5510 2471 5563 Ποῦ
2508 5511 2756 5575 Εὐόδιος,
2810 5513 2843 5582 ἡ
2891 5511 3071 5564 εὐοδία
3096 5510 3195 5578 τῆς
3225 5511 3555 5581 Ἐκκλησὲας
3585 5510 3676 5562 καὶ

2091 5600 2199 5654 τῶν
2220 5601 2389 5668 ἁγίων
2413 5601 2724 5655 ἀποστόλων
2748 5601 2987 5670 διάδοχος
3007 5617 3021 5665 ;
3053 5599 3155 5653 ποῦ
3189 5600 3470 5669 Ἰγνάτιος,
3496 5598 3559 5651 τὸ
3582 5598 3675 5651 τοῦ

2091 5691 2227 5745 Θεοῦ
2258 5693 2602 5764 οὶκητήριον;
2630 5691 2733 5744 ποῦ
2771 5694 2800 5744 ὁ
2836 5690 3142 5755 Διονύσιος,
3187 5692 3247 5745 τὸ
3286 5691 3533 5744 πετεινὸν
3580 5689 3676 5742 τοι]

2093 5784 2356 5855 οὐρανοῦ;
2400 5783 2523 5840 llaec
2567 5785 2787 5855 quidem
2831 5784 3055 5839 homilia
3088 5784 3230 5839 male
3275 5786 3345 5839 ab
3394 5781 3680 5855 aliquibus
