3824 6198
391 365 499 421 ωδ

1440 362 1504 418 8.
1555 362 1903 420 IGNATIUS.
1946 396 2006 405 -—
2042 364 2576 421 PROLEGOMENA.

3580 368 3681 421 2M

392 505 504 558 ipse
542 486 641 553 ait,
673 488 1011 543 Antiocheam
1042 485 1320 551 Ecclesiw,
1354 503 1457 558 quo
1488 498 1717 557 tempore
1758 486 1982 541 Floria-
2016 498 2060 551 Α
2092 489 2517 542 Alexandrinum
2558 490 2838 545 rhetorem.
2873 497 2929 539 ut
2987 488 3306 541 Anastasius
3346 497 3399 541 et
3451 485 3682 541 Chonia~

393 598 492 633 nus
519 580 591 633 ibi
618 594 731 634 erat
755 579 1063 649 patriarcha
1095 590 1143 632 et
1174 580 1495 632 Anastasius
1539 578 1718 632 Roma:
1752 580 1981 648 impera-

394 684 499 739 tor,
559 684 616 727 ut
657 672 827 728 refert
856 670 1091 726 Photius
1134 671 1326 725 codice
1360 670 1484 723 107.
1527 669 1759 739 Scripsit
1800 673 1985 740 itaque

388 762 628 818 Basilius
681 765 771 818 ille
832 764 1099 818 adversus
1146 761 1414 816 Joannem
1470 762 1979 834 Scytbopolitanum

391 863 518 909 ante
543 870 747 908 annum
779 853 993 923 imperii
1037 852 1389 908 Anastasiani
1420 854 1512 920 21,
1552 870 1662 924 quo
1689 869 1836 908 anno
1858 854 1982 908 Fla-

388 944 586 998 vianus
626 944 879 998 exsilium
930 958 1128 1014 passus
1160 952 1264 1005 est,
1318 952 1455 999 teste
1488 944 1841 1015 Theophane.
1882 943 1979 999 Vel

390 1037 558 1105 igitur
610 1046 738 1090 ante
788 1045 1005 1091 sextum
1058 1036 1343 1102 saeculum,
1395 1036 1479 1090 vel
1517 1053 1583 1091 eo
1608 1039 1721 1106 jam
1756 1038 1978 1091 ineunte

387 1127 610 1197 scripsit
636 1126 881 1184 Joannes
908 1126 1413 1198 Scythopolitanus.
1451 1126 1556 1194 Qui
1588 1137 1773 1182 autem
1808 1130 1974 1183 scho-

384 1219 461 1274 lia
495 1221 549 1274 in
591 1229 873 1275 auctorem
918 1220 1187 1288 scribunt,
1245 1236 1371 1275 eum
1418 1237 1517 1290 pro
1570 1221 1740 1275 veteri
1793 1220 1977 1290 aliquo

384 1314 593 1369 habent
613 1356 627 1377 .
657 1314 751 1369 diu
785 1315 970 1386 itaque
1001 1322 1129 1369 ante
1153 1323 1370 1369 sextum
1398 1315 1657 1369 saeculum
1689 1314 1810 1367 libri
1844 1313 1973 1368 Dio-

383 1407 531 1477 nysii
563 1406 694 1462 editi
720 1414 871 1461 sunt.

458 1499 731 1554 Maximus
759 1498 925 1554 etiam
959 1498 1165 1553 indicat
1190 1499 1377 1569 plures
1399 1507 1525 1552 ante
1564 1514 1621 1553 se
1664 1498 1716 1551 in
1770 1496 1974 1569 Diony-

382 1593 531 1648 sium
564 1590 993 1648 commentarios
1019 1591 1331 1662 scripsisse,
1383 1607 1449 1646 ac
1493 1592 1661 1646 variis
1706 1592 1973 1661 interpre-

380 1684 685 1739 tationibus
718 1684 1060 1751 illustrasse;
1089 1693 1150 1739 ut
1173 1685 1241 1739 ad
1275 1695 1442 1755 caput
1468 1686 1819 1741 undecimum
1849 1685 1973 1739 libri

382 1778 463 1831 De
494 1776 702 1830 Divinis
755 1776 1058 1830 nominibus
1095 1791 1115 1829 :
1168 1777 1336 1848 Ὅλην
1368 1778 1597 1848 ἑνότητα
1630 1780 1679 1831 ot
1718 1779 1815 1849 μὲν
1848 1776 1971 1831 ἐλα-

2090 589 2186 646 tes,
2232 584 2345 647 sed,
2389 597 2646 650 magnum
2686 580 3009 649 Dionysium
3059 580 3211 632 illum
3239 577 3591 632 Alexandriae
3618 595 3683 636 ex

2088 670 2405 726 rhetoribus
2430 673 2747 741 episcopum
2771 671 2973 723 dixisse
3004 686 3132 723 eum
3158 670 3295 723 vult.
3332 667 3432 724 llis
3468 669 3682 739 probris

2086 770 2251 831 atque
2299 762 2577 826 convitiis,
2623 773 2682 814 ut
2735 761 2895 826 solet,
2955 759 3369 814 sanctissimum
3424 758 3682 813 doctissi-

2084 867 2344 922 mumquc
2371 850 2667 906 Maximum
2701 854 2922 915 lacerat,
2966 849 3266 905 Maximum
3304 852 3489 915 illum,
3522 866 3679 921 quem

2081 943 2137 995 in
2164 961 2354 1013 magna
2385 946 2549 1013 fuisse
2589 946 2728 1013 apud
2757 945 3046 1000 catholicos
3097 946 3415 999 eruditionis
3461 955 3511 996 et
3560 960 3684 996 sun-

2082 1036 2287 1088 ctitatis
2313 1037 2558 1105 opinione
2584 1036 2698 1104 ipse
2724 1035 3013 1092 confessus
3052 1046 3135 1091 est
3166 1055 3179 1090 :
3219 1036 3419 1107 Ἐχρῆν
3462 1031 3558 1091 οὖν
3590 1032 3680 1088 εὖ-

2077 1126 2259 1191 λαὸὧς
2293 1131 2404 1191 τοῖς
2438 1127 2545 1181 τῶν
2581 1129 2835 1199 πατέρων
2870 1130 3056 1194 πόνοις
3092 1130 3403 1203 προσέχεινο
3444 1128 3583 1183 ἀλλὰ
3608 1131 3681 1201 μὴ

2077 1219 2213 1289 πρὸς
2245 1218 2497 1291 διαϐολὴν
2537 1220 2657 1272 ἀντὶ
2702 1221 2794 1273 τοῦ
2830 1222 3193 1292 εὐγνωμονεῖν
3228 1222 3483 1292 ἑτοίμους
3519 1217 3679 1277 εἶναι.

2081 1308 2299 1378 Oportet
2336 1319 2513 1377 autem
2558 1310 2783 1364 Patrum
2836 1312 3109 1366 laboribus
3160 1325 3454 1368 reverenter
3504 1324 3678 1368 atten‘

2079 1402 2222 1465 dere,
2262 1418 2423 1471 neque
2452 1403 2521 1455 ad
2560 1403 2999 1458 calumniantium
3030 1408 3229 1477 potius,
3260 1424 3422 1475 quam
3451 1408 3523 1460 ad
3556 1407 3682 1461 bene

2076 1493 2140 1546 de
2163 1492 2272 1545 illis
2301 1494 2630 1547 sentiendum
2674 1506 2944 1565 promptos
2968 1514 3102 1563 esse,
3135 1505 3197 1551 ut
3228 1499 3509 1567 sapienter
3544 1498 3685 1552 dixit

2075 1581 2339 1653 Eulogius
2400 1583 2715 1652 patriarcha
2765 1587 3193 1643 Alexandrinus.
3228 1588 3300 1642 At
3346 1597 3498 1643 certe
3534 1589 3684 1644 Cho-

2076 1676 2281 1731 niatem
2317 1688 2626 1746 pervertere
2667 1677 2941 1737 Maximus
2964 1697 3074 1737 non
3109 1682 3306 1751 potuit,
3336 1684 3433 1753 qui
3464 1692 3547 1738 tot
3574 1700 3685 1739 sa:-

2076 1769 2217 1825 culis
2247 1780 2373 1839 post
2406 1771 2583 1840 ipsum
2615 1772 2771 1838 vixit,
2806 1782 2861 1853 et
2888 1775 3251 1830 vetustiorum
3285 1777 3455 1831 verba
3497 1788 3687 1832 muta-

372 1868 477 1920 60‘)
509 1868 606 1939 τὴν
641 1866 816 1940 ἁπλῆν
850 1866 942 1920 καὶ
976 1867 1161 1938 ἀμερῆ
1212 1844 1319 1922 τῶν
1370 1844 1542 1922 ὄντων
1585 1844 1785 1933 αἰτίαν,
1836 1886 1882 1932 π

2197 1861 2564 1917 Anastasium
2588 1846 2941 1920 vetustiorem
2972 1867 3093 1936 ipso
3121 1884 3227 1923 non
3260 1870 3552 1939 pervertit,
3585 1871 3685 1925 sed

381 1960 463 2029 ἢν
497 1958 565 2013 τὰ
598 1962 776 2013 πάντα
819 1961 1199 2033 ἀπέστραπται
1244 1961 1321 2024 ὼς
1354 1964 1411 2014 ὲν
1457 1962 1596 2033 αὐτῇ
1645 1961 1973 2032 συνιστάμε-

368 2068 468 2107 ναι
521 2055 570 2106 oi
621 2054 698 2118 δὲ,
742 2054 839 2126 τὴν
886 2055 979 2109 τοῦ
1022 2057 1223 2121 παντὸς
1257 2056 1521 2129 ἁρμονίαν
1564 2056 1624 2121 ἐξ
1667 2054 1973 2128 ἑτεροφυῶν

376 2145 490 2199 τῶν
525 2146 810 2216 στοιχείων
846 2149 1325 2219 συγκεκραμένην.
1357 2146 1459 2201 Per
1498 2155 1668 2202 totam
1707 2149 1972 2203 unitatem

378 2238 480 2291 alii
526 2239 741 2307 quidem
787 2240 1161 2293 intellexerunt
1206 2239 1502 2308 simplicem
1549 2250 1599 2293 et
1638 2240 1973 2294 individuam

378 2351 556 2389 rerum
584 2352 823 2401 causam,
860 2336 929 2388 ad
961 2353 1123 2405 quam
1164 2336 1347 2389 omnia
1391 2350 1640 2388 conversa
1696 2344 1839 2399 sunt,
1887 2346 1974 2389 ut-

378 2437 498 2497 pote
537 2429 593 2481 in
626 2429 743 2498 ipsa
778 2430 1160 2493 consistentia;
1209 2429 1309 2482 alii
1344 2443 1463 2482 vero
1493 2428 1827 2482 harmoniam
1854 2430 1973 2484 uni-

378 2520 514 2573 versi
546 2534 610 2572 ex
633 2519 902 2573 elementis
934 2521 1157 2575 diversa:
1191 2530 1401 2574 natura:
1432 2520 1784 2573 commistam.
1819 2519 1885 2574 Et
1916 2521 1970 2575 in

378 2611 515 2680 ipsis
551 2611 774 2666 Maximi
818 2613 1237 2681 commentariis
1282 2613 1514 2667 diversa:
1556 2627 1699 2681 saepe
1754 2615 1971 2684 exposi-

376 2704 557 2758 tiones
594 2712 745 2769 sunt,
778 2720 809 2759 a
845 2704 1078 2761 diversis
1117 2705 1240 2760 sine
1282 2705 1452 2759 dubio
1496 2703 1809 2760 scholiastis
1858 2706 1971 2776 pri-

378 2812 531 2850 mum
562 2795 855 2866 profectaa;
892 2797 1037 2851 inter
1084 2798 1185 2853 bos
1211 2806 1393 2852 autem
1423 2798 1605 2852 varios
1639 2798 1970 2855 scholiastas

377 2903 547 2942 unum
580 2890 851 2959 praecipue
878 2888 1293 2943 honoriscausa
1320 2889 1589 2957 nominat,
1610 2891 1730 2945 sine
1749 2898 1971 2946 contro-

376 2980 553 3034 versia
579 2989 878 3046 vetustum,
912 2981 978 3035 ad
1029 2988 1193 3050 caput
1233 2981 1487 3050 quintum
1529 2980 1770 3037 Caelestis
1834 2984 1975 3037 hier-

375 3072 574 3127 archiaa
608 3088 626 3125 :
668 3072 726 3126 Ὀ
781 3072 911 3142 γοῦν
959 3073 1131 3143 μέγας
1162 3074 1457 3137 Διονύσιος,
1489 3074 1517 3125 ὁ
1563 3074 1969 3148 Ἀλεξανδρείας

388 3170 735 3234 Ἐπίσκοπος,
779 3170 806 3221 ὁ
857 3170 964 3239 ἀπὸ
1012 3170 1278 3242 ρητόρων,
1332 3172 1390 3224 ὲν
1434 3172 1548 3234 τοῖς
1596 3170 1828 3241 σχολίοις
1886 3165 1969 3235 οἷς
1994 3199 2037 3257 c

373 3262 675 3333 πεποίηκεν
726 3263 808 3326 είς
855 3262 946 3316 τὸν
999 3263 1270 3335 μακάριον
1304 3262 1575 3317 Διονύσιον
1608 3262 1697 3317 τὸν
1732 3262 1969 3318 συνώνυ-

378 3374 497 3427 μον,
534 3355 678 3409 οὖτω
709 3355 882 3424 λέγει.
920 3355 1148 3427 Magnus
1187 3356 1353 3427 igitur
1386 3356 1699 3428 Dionysius,
1731 3356 1968 3410 Alexan-

373 3449 509 3503 dria:
540 3449 834 3517 episcopus,
857 3465 885 3502 e
920 3449 1241 3518 rhetoribus,
1271 3450 1326 3503 in
1357 3449 1574 3505 scholiis
1602 3465 1719 3515 qua:
1758 3450 1814 3502 in
1844 3450 1967 3503 bea-

375 3548 486 3593 tum
524 3540 837 3611 Dionysium
871 3542 973 3595 sibi
1018 3543 1380 3612 cognominem
1419 3544 1566 3613 fecit,
1610 3544 1687 3597 ita
1719 3542 1873 3597 dicit.
1901 3540 1968 3597 Et

372 3626 614 3689 J'oannes
654 3634 1086 3705 (lyparissiotus,
1136 3636 1341 3691 decade
1374 3635 1426 3699 1,
1453 3651 1573 3705 cap.
1603 3637 1657 3701 1,
1687 3651 1815 3690 cum
1842 3650 1968 3689 seu-

367 3727 600 3780 tentiam
652 3726 1039 3797 Dionysianam
1105 3744 1171 3783 ex
1222 3729 1455 3795 epistola
1517 3729 1584 3782 ad
1640 3728 1826 3781 Titum
1872 3728 1965 3783 ad-

374 3817 646 3881 duxisset,
680 3818 835 3871 addit
868 3836 882 3871 :
918 3817 1033 3871 Hoc
1076 3819 1283 3872 dictum
1334 3818 1393 3872 S.
1433 3819 1727 3885 Maximus,
1752 3828 1801 3872 et
1835 3819 1967 3873 Dio-

374 3912 557 3979 nysius
590 3898 987 3965 Alexandrinus
1012 3913 1357 3967 adnotarunt.
1394 3912 1457 3967 Et
1491 3930 1615 3968 cum
1651 3914 1814 3968 aliam
1842 3930 1967 3969 sen-

372 4004 599 4057 tentiam
633 4019 701 4057 ex
738 4003 928 4058 eadem
958 4004 1214 4074 epistola,
1244 4006 1449 4061 decade
1475 4006 1530 4070 2,
1558 4021 1680 4077 cap.
1706 4006 1763 4072 2,
1800 4007 1967 4063 citas-

374 4102 505 4150 set:
539 4094 688 4148 Alter
718 4110 860 4159 vero,
912 4096 1126 4165 inquit,
1180 4096 1463 4167 Dionysius
1516 4097 1627 4151 haec
1676 4098 1964 4153 edisserens

374 4181 474 4246 ait,
506 4197 592 4234 eos
615 4182 708 4251 qui
743 4191 982 4250 apertam
1016 4183 1334 4254 theologiam
1369 4195 1419 4239 et
1453 4185 1579 4240 velis
1633 4186 1835 4240 nudam
1869 4204 1967 4240 au—

373 4272 627 4335 dierunt;
669 4283 817 4342 typos
866 4273 1187 4343 cogitatione
1220 4292 1319 4330 sua
1360 4276 1616 4346 formare,
1654 4279 1744 4347 qui
1779 4278 1848 4330 ad
1881 4279 1965 4332 in-

375 4364 723 4434 telligentiam
756 4366 1024 4420 auditores
1062 4368 1333 4436 adjuvent.
1376 4366 1532 4425 Unde
1574 4370 1709 4425 satis
1752 4379 1962 4427 certum

371 4465 477 4523 est,
513 4456 833 4527 Dionysium
854 4458 1286 4513 Alexandrinum
1310 4459 1364 4514 in
1389 4459 1771 4533 Areopagitam
1804 4464 1964 4519 scho-

372 4550 447 4603 lia
491 4550 804 4619 scripsisse,
864 4565 975 4604 non
1029 4550 1084 4606 in
1141 4552 1557 4608 Corinthiorum
1617 4555 1959 4625 episcopum,
1995 4546 2454 4618 DArcopagitam
2514 4546 2746 4615 dictum,
2799 4546 3089 4617 scripsisse
3138 4566 3151 4600 :

370 4639 519 4708 quod
548 4648 653 4692 tam
683 4638 896 4693 inficete
925 4651 1326 4695 commentatus
1352 4640 1781 4697 estHalloixius.
1804 4642 1963 4698 Hunc

370 4731 595 4800 quidem
644 4729 1007 4800 Dionysium,
1067 4749 1229 4801 quem
1293 4734 1361 4787 ὲκ
1413 4735 1659 4807 ῥητόρων
1713 4736 1964 4806 indigitat

370 4821 666 4886 Maximus,
708 4822 853 4875 haud
882 4823 1046 4877 credo
1080 4822 1253 4879 fuisse
1294 4824 1726 4879 Alexandrinum
1752 4826 1963 4894 episco-

368 4930 523 4987 pum,
563 4914 695 4984 quia
727 4914 782 4967 in
808 4914 958 4969 illius
986 4915 1134 4969 sedis
1165 4917 1551 4986 episcoporum
1590 4918 1833 4973 indiculo
1864 4932 1963 4972 ne—

365 5008 575 5064 minem
609 5015 737 5061 ante
758 5005 1057 5062 Maximum
1091 5009 1306 5076 reperio
1338 5008 1444 5065 isto
1468 5011 1693 5065 nomine
1729 5009 1962 5079 insigni-

364 5110 510 5167 tum,
551 5105 749 5169 preter
801 5113 972 5152 unum
1018 5098 1179 5151 illum
1216 5099 1364 5153 tertii
1392 5102 1598 5166 saculi,
1624 5115 1787 5170 quem
1822 5100 1965 5169 opti-

364 5207 521 5247 mum
550 5200 828 5247 oratorem
853 5189 1072 5261 quidem
1106 5189 1279 5245 fuisse
1302 5208 1561 5262 agnosco,
1590 5195 1684 5248 sed
1712 5194 1767 5247 in
1798 5195 1965 5248 Areo-

366 5284 629 5355 pagitica,
684 5297 807 5352 quae
861 5290 995 5336 tunc
1041 5283 1303 5352 temporis
1361 5293 1578 5339 exstare
1626 5300 1736 5340 non
1769 5296 1963 5354 potue-

370 5384 523 5439 runt,
557 5377 766 5432 scholia
792 5376 1083 5447 scripsisse
1113 5392 1222 5431 non
1247 5386 1401 5446 puto.
1427 5376 1539 5433 Nec
1566 5387 1750 5433 tamen
1774 5378 1960 5435 Dallaei

371 5466 533 5520 solita
572 5467 795 5525 libertas
836 5470 927 5524 hic
982 5470 1180 5541 placet,
1236 5471 1327 5540 qui
1370 5469 1669 5525 Maximum
1707 5472 1961 5526 volentem

314 5556 317 5561 ’
368 5557 645 5627 deceptum
673 5576 794 5616 esse
814 5562 967 5629 dicit,
992 5580 1129 5619 cwco
1159 5563 1327 5616 animi
1358 5564 1444 5617 sui
1478 5563 1656 5617 studio
1687 5563 1962 5635 obsequen-

372 5658 517 5715 tem;
573 5652 667 5721 qui
719 5656 1008 5708 versutiam
1057 5657 1178 5726 ejus
1222 5663 1407 5722 notat;
1465 5655 1560 5725 qui
1612 5656 1960 5713 vetustiorum

370 5751 595 5796 mentem
643 5756 932 5813 pervertere
976 5763 1101 5802 eum
1152 5748 1386 5815 asserit;
1431 5748 1662 5819 quiquo
1693 5753 1958 5807 somnium

368 5850 523 5888 suum
571 5834 693 5890 aliis
729 5839 1085 5909 persuaderet,
1141 5856 1242 5901 non
1291 5840 1604 5914 simpliciter
1640 5840 1951 5913 Dionysium

2076 1954 2199 2024 ejus
2222 1956 2387 2009 verba
2427 1955 2657 2010 ﬁdeliter
2698 1958 2967 2013 recitavit.
3002 1957 3121 2029 Ipse
3156 1962 3302 2015 enim
3346 1962 3688 2018 Anastasius

2078 2042 2401 2116 Dionysium
2442 2048 2593 2101 illum
2626 2063 2735 2103 non
2768 2050 3084 2120 simpliciter
3130 2052 3453 2125 Dionysium
3501 2057 3687 2110 rheto-

2077 2153 2189 2189 rem
2215 2137 2662 2207 Alexandrinum,
2704 2154 2763 2197 ut
2788 2142 2923 2198 falso
2952 2145 3110 2199 docet
3144 2143 3403 2211 Dallmus,
3440 2148 3540 2200 sed
3568 2165 3690 2200 mu-

2074 2244 2233 2297 gnum
2265 2228 2579 2299 Dionysium
2610 2234 3031 2289 Alexandrinum
3051 2252 3116 2290 ea:
3139 2237 3439 2291 rhetoribus
3471 2241 3690 2308 episco-

2073 2334 2199 2388 pum
2232 2321 2557 2389 appellavit.
2603 2324 2778 2379 Verba
2816 2326 2937 2396 ejus
2976 2337 3106 2382 sunt
3135 2328 3188 2382 in
3218 2343 3386 2397 opere
3419 2333 3567 2399 quod
3600 2334 3693 2385 in-

2074 2412 2334 2468 scribitur
2417 2415 2679 2489 Ὃδητόςο
2718 2418 2773 2471 '0
2790 2418 2917 2487 γοῦν
2943 2420 3112 2489 μέγας
3129 2422 3425 2487 Δεονύσιος,
3450 2425 3478 2476 ὁ
3496 2423 3689 2489 Ἀλεξ-

2073 2503 2324 2577 ανδρείας
2371 2508 2731 2575 Ἐπίσκοπος,
2769 2512 2797 2563 ὁ
2841 2512 2948 2565 ἀπὸ
2983 2513 3248 2584 ρητόρων,
3287 2518 3346 2567 ἐν
3394 2518 3511 2578 τοῖς
3555 2532 3695 2585 σχο-

2073 2592 2207 2658 λίοις
2259 2592 2339 2661 οἷς
2397 2599 2700 2672 πεποίηκεν
2754 2604 2835 2666 εἰς
2887 2601 2976 2656 τὸν
3021 2604 3291 2675 μακάριον
3357 2605 3695 2676 συνώνυμον

2073 2687 2238 2741 αὐτοῦ
2272 2689 2569 2756 Διονύσιον,
2605 2692 2748 2745 οὕτω
2784 2692 2952 2763 λέγει.
3003 2694 3128 2750 1|th
3160 2695 3483 2751 ﬁdelissime
3527 2706 3696 2751 trau-

2074 2778 2297 2848 scripsit
2342 2780 2638 2848 Maximus,
2685 2799 2753 2838 ne
2797 2785 3025 2840 verbulo
3065 2786 3287 2855 quidem
3332 2786 3548 2855 addito,
3589 2800 3697 2841 aut

2072 2872 2341 2942 detracto,
2370 2885 2465 2930 aut
2500 2878 2826 2946 immutate;
2857 2888 2915 2933 ut
2936 2895 3003 2934 ex
3027 2888 3261 2949 utroque
3288 2880 3415 2934 loco
3452 2896 3486 2934 a
3518 2880 3697 2937 nubis

2072 2967 2305 3025 ﬁdeliter
2337 2987 2404 3026 ex
2442 2973 2578 3043 ipsis
2615 2976 2936 3030 auctoribus
2974 2976 3274 3045 descripto,
3318 2978 3536 3046 liquido
3588 2994 3698 3047 ap-

2072 3071 2245 3131 paret.
2281 3061 2437 3120 Unde
2469 3066 2635 3121 simul
2670 3076 2723 3121 et
2762 3066 3033 3124 Maximus
3064 3084 3095 3122 a
3136 3068 3439 3124 calumniis
3487 3068 3693 3124 Dallasi

2072 3152 2359 3222 liberatur,
2390 3166 2445 3211 et
2482 3156 2776 3231 Dionysius
2803 3160 3129 3216 scholiastes
3158 3161 3696 3231 Areopagiticorum

2070 3248 2334 3304 adversus
2363 3249 2622 3305 Halloixii
2659 3252 3004 3323 conjecturas
3040 3254 3370 3308 ostenditur.
3417 3252 3476 3307 Si
3502 3256 3694 3322 enini,

2070 3343 2250 3415 inquit
2282 3345 2393 3411 ille,
2428 3346 2804 3416 Areopagitam
2828 3346 3199 3412 intellexisset,
3234 3348 3438 3416 potius,
3476 3360 3535 3402 ut
3578 3349 3697 3418 fert

2070 3440 2391 3510 scriptorum
2419 3443 2767 3505 consuetudo,
2805 3443 2883 3495 sic
2930 3443 3139 3495 locutus
3182 3442 3395 3511 (uisset,
3428 3442 3487 3496 in
3529 3446 3701 3500 notis

2069 3547 2207 3600 quas
2267 3533 2492 3602 scripsit
2541 3532 2596 3585 in
2638 3531 2788 3586 hunc
2829 3532 3010 3601 ipsum
3058 3530 3419 3602 Dionysium;
3486 3535 3702 3603 agebat

2068 3624 2207 3676 enim
2236 3632 2346 3676 tum
2376 3624 2441 3677 de
2478 3623 2734 3694 Dionysio
2765 3622 3110 3693 Areopagita.
3142 3621 3213 3676 At
3248 3621 3530 3678 Maximus
3569 3641 3700 3679 non

2068 3716 2186 3769 suis
2237 3715 2419 3770 verbis
2467 3715 2734 3784 loquitur,
2807 3715 2901 3771 sed
2959 3714 3154 3769 alienis
3184 3724 3239 3768 et
3271 3730 3339 3768 ex
3371 3716 3703 3771 Anastasio

2068 3808 2415 3877 transcriptis
2450 3808 2800 3879 (Anastasius
2823 3817 3003 3863 autem
3025 3807 3091 3861 de
3123 3806 3391 3878 Dionysio
3421 3802 3703 3879 Areopa-

2069 3900 2180 3969 gita
2232 3913 2344 3955 non
2394 3899 2633 3972 agebat),
2678 3900 2917 3972 ideoque
2949 3898 3191 3955 Joannes
3224 3899 3703 3971 Cyparissiotus,

2068 3990 2189 4047 dec.
2217 3990 2271 4056 8,
2312 4007 2434 4062 cap.
2468 3990 2561 4061 10,
2604 3992 2947 4064 Areopagitae
2982 3992 3167 4046 locum
3205 3992 3409 4057 citans,
3449 3993 3547 4047 ubi
3582 4008 3707 4048 vo-

2069 4098 2187 4138 cem
2230 4084 2525 4156 ἀγέννητος
2568 4095 2819 4156 usurpat,
2868 4084 3114 4150 Maximi,
3155 4092 3215 4137 ut
3243 4083 3407 4150 solet,
3439 4100 3703 4155 exposr-

2071 4177 2274 4232 tionem
2306 4178 2650 4246 transcribit,
2683 4180 2776 4235 illa
2826 4194 2957 4234 vero
3001 4175 3248 4247 Dionysii
3301 4176 3709 4235 Alexandrini

2068 4286 2179 4324 non
2208 4286 2276 4325 ex
2316 4269 2579 4339 Maximo,
2612 4272 2706 4326 sed
2741 4286 2809 4326 ex
2847 4271 3009 4325 beato
3047 4269 3344 4324 Anastasio
3377 4270 3565 4327 all‘ert.
3618 4273 3711 4329 Et.

2067 4361 2395 4417 Anastasius
2426 4362 2591 4431 igitur
2620 4370 2674 4417 et
2701 4362 2977 4418 Maximus
3008 4369 3303 4429 testantur,
3338 4361 3713 4435 Dionysium

2068 4453 2365 4523 quemdam
2416 4454 2694 4510 rhetorem
2736 4455 2947 4511 scholia
2992 4456 3047 4508 in
3095 4454 3447 4526 Dionysium,
3502 4458 3715 4531 vulgo

3202 4548 3367 4601 verba
3414 4548 3718 4619 ejusdem

2067 4642 2331 4697 nonnulla
2363 4659 2429 4696 ex
2460 4656 2526 4696 eo
2557 4642 2727 4697 citant
2760 4642 2887 4712 ipsi,
2928 4642 3087 4712 plura
3125 4640 3371 4696 Joannes
3396 4642 3719 4715 Cyparis-

2067 4732 2273 4800 siotus;
2318 4733 2393 4787 illi
2420 4734 2584 4789 etiam
2614 4734 2777 4789 ambo
2814 4748 2941 4788 eum
2974 4735 3294 4804 episcopum
3327 4736 3722 4796 Alexandri-

2068 4842 2199 4880 num
2232 4836 2430 4882 vocant
2464 4846 2478 4882 :
2508 4827 2623 4897 qui,
2652 4826 2907 4897 quamvis
2944 4826 3144 4882 nobilis
3171 4827 3262 4881 ille
3289 4830 3441 4882 tertii
3474 4837 3721 4892 saeculi

2067 4918 2360 4988 episcopus
2385 4933 2509 4973 esse
2532 4934 2643 4973 non
2674 4917 2871 4988 potuit,
2897 4914 3004 4971 fuit
3032 4925 3215 4972 tamen
3243 4920 3383 4974 satis
3412 4930 3730 4983 vetustus

2067 5020 2281 5077 auctor,
2344 5020 2397 5064 et
2440 5011 2826 5079 antiquitatem
2874 5008 3117 5081 Dionysii
3173 5010 3364 5080 hujus,
3400 5012 3454 5066 in
3498 5032 3729 5085 quem

2068 5102 2281 5155 scholia
2318 5110 2577 5171 tanquam
2608 5103 2662 5156 in
2700 5110 2939 5156 veterem
2965 5110 3249 5157 auctorem
3286 5105 3543 5174 scripsit,
3593 5127 3731 5168 sa-

2066 5194 2138 5248 tis
2172 5194 2533 5249 demonstrat.

2137 5284 2405 5341 Praeterea
2438 5284 2637 5341 Suidas
2674 5286 2730 5340 in
2759 5286 3109 5343 collectaneis
3151 5302 3219 5342 ex
3257 5288 3431 5343 veteri
3477 5290 3742 5366 aliquo

2064 5380 2331 5449 scriptore
2357 5380 2472 5433 haec
2499 5379 2662 5434 tradit
2712 5396 2727 5434 :
2786 5380 2983 5433 Ἰστέον
3032 5379 3089 5433 δὲ
3119 5379 3197 5444 ὣς
3231 5398 3380 5445 τινες
3414 5381 3537 5437 τῶν
3586 5390 3742 5457 ἔξω

2064 5474 2263 5544 σοφῶν,
2300 5472 2392 5525 καὶ
2430 5471 2664 5542 μάλιστα
2712 5472 2976 5545 Πρόκλος,
3024 5472 3346 5544 θεωρήμασι
3400 5476 3743 5555 πολλάκις

2061 5563 2154 5617 τοῦ
2209 5561 2481 5635 μαγαρίου
2533 5565 2811 5617 Διονυσίου
2860 5565 3148 5635 κέχρηται,
3202 5565 3297 5617 καὶ
3344 5567 3568 5635 αὑταῖς
3662 5580 3741 5634 δὲ

2061 5653 2250 5728 ξηραῖς
2286 5657 2407 5719 ταῖς
2460 5654 2637 5719 λέξεσι
2700 5674 2714 5710 :
2766 5653 3054 5710 Sciendum
3104 5665 3281 5709 autem
3331 5656 3582 5727 aliquos
3656 5692 3743 5731 ea

2059 5749 2333 5819 gentilium
2354 5748 2700 5817 sapientibus,
2727 5764 2790 5801 ac
2814 5749 3110 5816 prazsertim
3136 5747 3397 5803 Proclum
3427 5749 3504 5808 Β.
3554 5757 3737 5818 Dio.

2058 5844 2196 5914 nysii
2234 5841 2661 5919 theorematibus_
2692 5858 2871 5912 usum,
2905 5851 3062 5913 atque
3102 5842 3233 5897 adeo
3285 5845 3450 5898 etiam
3511 5864 3747 5921 sueris
