3824 6198
132 341 226 397 205
894 348 941 404 J.
983 344 1347 402 PEARSONII
1387 345 1717 403 VINDICIE
1761 339 2183 403 IGNATIANAE.
2225 380 2296 391 -—
2332 349 2519 406 PARS
2553 352 2593 404 I.

3320 357 3432 413 Ξοθ

130 468 243 534 ipsis
292 467 651 521 dictionibus.
715 466 858 532 Quae
901 467 1060 522 verba
1109 469 1274 520 etiam
1327 467 1381 520 in
1444 466 1728 520 Prooemiis
1763 478 1808 531 Α
1834 485 1954 522 rus.
2004 467 2102 523 Est
2143 479 2325 524 autem
2365 472 2521 543 σορός
2551 473 2687 527 nihil
2716 474 2862 528 aliud
2901 490 3066 543 quam
3099 477 3303 530 loculus
3351 471 3442 531 vel

132 559 330 614 Maximi
368 569 422 613 et
467 558 709 628 Georgii
761 558 1112 630 Pachymcra:
1157 559 1533 612 inveniuntur.
1575 557 1730 612 Scri-

130 652 223 719 psit
259 661 438 703 autem
489 649 744 704 Proclus
797 652 900 705 sub
936 649 1117 704 Leone
1139 649 1376 713 Thrace,
1422 650 1572 704 circa
1616 665 1734 703 me-

129 742 257 793 dium
281 740 457 807 quinti
485 741 714 795 saeculi.
748 740 832 793 Eo
865 741 1027 810 igitur
1055 741 1334 809 antiquior
1363 738 1468 795 fuit
1490 739 1737 794 Pseudo-

130 833 422 903 Dionysius.
455 833 526 887 Et
565 832 830 888 Joannes
860 833 1106 889 Morinos
1139 834 1214 887 De
1239 835 1407 888 sacris
1431 834 1735 888 ordinatio-

127 923 260 975 nibus
295 938 313 975 :
345 921 561 976 Saltem
587 926 794 994 igitur,
820 927 1014 996 inquit,
1044 927 1303 980 librorum
1336 929 1561 980 istorum
1599 929 1734 981 scri-

126 1016 218 1080 ptio
244 1015 393 1066 initio
430 1015 622 1084 quinti
678 1018 898 1083 sarculi,
941 1029 987 1072 et
1024 1030 1143 1071 ante
1177 1019 1392 1072 concilii
1439 1018 1734 1073 Chalcedo-

128 1107 277 1159 nensis
299 1107 729 1163 celebrationem
762 1112 1086 1181 assignanda
1115 1123 1230 1174 est;
1257 1129 1346 1166 nec
1370 1111 1485 1165 ulla
1526 1114 1734 1165 ratione

126 1199 363 1264 probabili
419 1201 492 1252 ad
538 1201 792 1270 inferius
837 1219 1001 1257 azvum
1061 1205 1262 1258 devolvi
1313 1214 1503 1274 potest.
1562 1205 1633 1260 Ut
1681 1217 1734 1259 et

125 1289 340 1346 Joannes
378 1291 684 1348 Launoius
738 1315 753 1348 :
815 1293 883 1347 Ut
936 1313 1024 1364 ego
1075 1297 1252 1350 dicunt
1307 1299 1533 1353 breviter
1593 1302 1732 1369 quod

123 1387 288 1447 sentio,
334 1404 366 1438 a
420 1397 675 1455 tempore
731 1387 1018 1456 Ephesiute
1067 1392 1257 1459 synodi
1302 1393 1491 1460 prima:
1537 1397 1733 1450 vixisse

124 1479 235 1530 mihi
255 1479 481 1532 videtur.
516 1476 640 1535 Nec
671 1481 748 1535 ab
785 1481 872 1536 his
906 1482 1154 1537 dissentit
1186 1482 1416 1539 Vossius
1449 1484 1595 1556 Hist.
1624 1488 1730 1542 Pe-

122 1570 343 1640 lagianae,
377 1573 418 1626 1.
452 1589 558 1639 vu,
597 1574 754 1628 thesi
784 1575 815 1627 4
843 1593 856 1627 :
890 1573 1176 1644 Dionysius
1205 1589 1549 1645 cognomento
1574 1581 1736 1635 Areo-

127 1664 316 1732 pagita,
347 1681 507 1733 quem
558 1674 624 1717 ut
671 1665 896 1718 credam
939 1665 1214 1720 Theodosii
1248 1666 1492 1723 Junioris
1530 1679 1733 1738 tempo~

122 1754 246 1807 ribus
281 1757 502 1821 vixisse,
539 1755 946 1811 verisimilibus
979 1759 1214 1813 adducor
1243 1761 1580 1830 conjecturis.
1613 1763 1733 1817 Huc

125 1862 278 1916 usque
305 1857 570 1902 veterum
608 1851 987 1916 testimoniis,
1024 1860 1076 1905 et
1108 1851 1560 1909 doctissimorum
1589 1855 1734 1908 viro-
1768 1835 1807 1888 Β

119 1957 222 1994 rum
263 1940 556 2012 suﬂ‘ragiis
619 1942 699 1996 ad
758 1941 983 1996 initium‘
1025 1945 1202 2012 quinti
1252 1947 1438 2000 saeculi
1484 1948 1730 2017 provecti

121 2051 311 2103 sumus,
336 2053 452 2107 quo
489 2040 563 2094 ad
599 2047 884 2108 quartum
910 2038 1020 2108 jam
1049 2038 1268 2096 facilius
1295 2042 1380 2096 via
1410 2044 1694 2098 sternitur.

173 2127 393 2182 Michael
428 2129 652 2203 Glyeas
701 2131 762 2184 in
813 2130 1055 2186 Historia
1086 2147 1492 2190 commemorat
1520 2152 1582 2190 ea
1611 2154 1734 2207 quae

116 2214 235 2270 facta
262 2226 391 2272 sunt
422 2221 497 2274 ab
532 2219 826 2290 apostolis
857 2223 912 2275 in
957 2222 1364 2280 obdormitione
1401 2227 1460 2282 S.
1502 2227 1733 2298 virginis

112 2307 294 2374 Maria,
319 2329 386 2366 ex
435 2311 739 2384 Dionysio
786 2315 894 2369 hoc
934 2317 1205 2386 praecipue
1261 2329 1427 2388 atque
1472 2316 1734 2376 Juvenale

115 2400 616 2475 Hierosolymitano
646 2408 998 2474 patriarcha.
1025 2407 1364 2480 Nicephorus
1402 2423 1583 2467 autem
1615 2413 1736 2468 Cal-

112 2494 252 2551 listus
310 2497 452 2554 illud
514 2499 594 2554 de
647 2497 928 2554 Juvenale
976 2501 1141 2557 latius
1185 2505 1536 2572 persequitur
1564 2505 1600 2559 l.
1641 2522 1731 2569 xv,

114 2604 153 2640 r.
185 2588 262 2641 li.
300 2587 478 2646 Docet
518 2591 902 2646 Pulcheriam
951 2594 1254 2665 Augustam
1287 2595 1465 2662 illum,
1509 2613 1632 2653 cum
1666 2601 1732 2655 ad

110 2683 479 2739 celebrandam
519 2685 827 2757 synodum
873 2685 1271 2743 Chalcedonem
1315 2691 1575 2757 venisset,
1611 2706 1736 2761 per-

113 2785 367 2830 contatam
401 2793 562 2844 esse,
595 2792 679 2830 an
715 2774 779 2830 S.
815 2774 1060 2847 Virginis
1083 2793 1287 2849 corpus
1312 2781 1455 2850 apud
1486 2777 1736 2836 Palaesti-

111 2884 198 2922 nos
235 2869 654 2925 inveniretur?
701 2866 1014 2938 Respondit
1049 2870 1138 2924 ille
1171 2880 1286 2925 tum
1319 2887 1384 2926 ex
1418 2873 1732 2938 traditione,

112 2967 208 3011 tum
241 2975 306 3013 ex
337 2959 658 3031 Dionysio,
692 2959 834 3029 quid
874 2958 942 3013 de
989 2961 1269 3030 sepultura
1302 2961 1544 3033 Virginis
1571 2980 1737 3019 nove-

111 3049 188 3103 rit.
214 3048 343 3106 Erat
366 3051 556 3121 igitur
601 3050 876 3121 Dionysii
901 3050 1038 3105 liber
1080 3051 1159 3106 De
1203 3052 1395 3107 divinis
1437 3055 1735 3108 nominibus

111 3142 226 3195 satis
249 3152 439 3209 notus,
473 3140 646 3197 unde
694 3156 804 3195 sua
843 3139 1028 3196 hausit
1067 3139 1373 3198 Iuvenalis.
1417 3143 1734 3214 Respondet
1761 3181 1804 3238 Ο

111 3233 323 3291 vallatis
354 3236 556 3305 primo
594 3251 611 3288 :
663 3231 848 3286 Verba
895 3249 960 3286 ex
1002 3235 1199 3288 nostris
1253 3234 1600 3305 Dionysianis
1648 3237 1734 3290 de-

108 3325 284 3394 scripta
319 3324 695 3398 Nicephorus
729 3324 948 3377 videtur
977 3327 1086 3395 ipse
1116 3329 1294 3397 potius
1343 3328 1406 3381 de
1447 3344 1544 3381 suo
1585 3329 1734 3398 adje-

108 3415 221 3472 cisse
250 3421 320 3472 ad
348 3415 664 3473 Iuvenalis
693 3417 1068 3471 narrationem
1097 3419 1541 3488 conﬁrmandam,
1572 3435 1734 3489 quam

108 3526 159 3560 ea
183 3507 432 3565 Juvenali
472 3509 780 3564 tribuisse.
829 3506 947 3561 lmo
990 3524 1117 3564 vero
1166 3508 1510 3580 Nicephorus
1551 3519 1737 3580 aperte

110 3609 338 3671 testatur,
373 3601 747 3659 Iuvenalem
783 3599 968 3670 ipsum
1000 3602 1107 3657 hoc
1141 3601 1389 3674 Dionysii
1417 3603 1736 3659 testimonio

109 3712 253 3752 usum
295 3714 452 3766 esse,
513 3710 790 3766 eumque
849 3693 968 3749 haec
1016 3697 1272 3752 citantem
1324 3697 1554 3752 inducit.
1607 3693 1739 3751 Post

109 3790 232 3844 enim
262 3793 590 3847 verborum
626 3787 894 3858 Dionysii
919 3789 1297 3843 recitationem
1328 3790 1511 3844 statim
1542 3789 1733 3845 addit:

108 3880 271 3936 Ταῦτα
302 3883 709 3950 διεξελθόντος
762 3877 1139 3946 Ἰουὸεναλίου,
1176 3883 1223 3934 οἱ
1276 3881 1604 3952 κρατοῦντες
1637 3879 1736 3953 τὴν

107 3971 246 4039 ἁγίαν
279 3975 510 4046 ἐκείνην
551 3973 787 4027 ἐδέοντο
823 3971 1061 4042 πέμπειν
1109 3973 1269 4045 σορὸν
1324 3975 1463 4045 μετὰ
1514 3975 1624 4028 τῶν
1662 3976 1737 4028 ἱε-

107 4065 200 4133 ρῶν
233 4068 466 4122 ἐκείνων
507 4065 781 4138 ἀμφίων.
825 4062 958 4116 Htec
995 4080 1112 4118 cum
1166 4064 1439 4120 Juvenalis
1485 4083 1736 4136 peroras-

107 4165 171 4208 set
195 4159 466 4230 principes
499 4175 641 4213 eum
676 4165 966 4225 rogarunt,
996 4168 1052 4210 ut
1077 4168 1321 4211 sanctum
1350 4175 1469 4213 eum
1497 4159 1736 4213 loculum

107 4265 196 4302 una
224 4266 342 4306 cum
375 4252 575 4307 sacris
609 4248 860 4303 vestibus
886 4248 1131 4304 mitteret.
1170 4248 1302 4314 Qth
1327 4251 1548 4320 quidem
1569 4250 1736 4306 verba

107 4343 248 4409 paulo
277 4344 630 4400 accuratius
659 4341 1017 4412 observanda
1043 4349 1195 4408 sunt,
1221 4343 1367 4413 quod
1391 4343 1479 4399 hic
1505 4344 1736 4415 ﬁgmen-

107 4443 204 4487 tum
239 4435 542 4490 notaverit
607 4429 984 4495 Albertinus,
1037 4433 1185 4501 quod
1241 4433 1405 4488 etiam
1459 4433 1735 4492 Baronius

1841 559 2010 624 theca,
2047 567 2103 612 et
2135 562 2442 631 σοροπηγὰς
2474 577 2584 616 non
2634 572 2720 618 est
2764 563 3017 635 λατόμος,
3056 568 3151 636 qui
3183 568 3436 636 sepulcra

1837 648 2154 704 Judzeorum
2195 652 2304 704 ritu
2341 666 2407 705 ex
2445 653 2615 721 petris
2647 655 2871 719 excidit,
2905 657 2999 710 sed
3045 658 3145 726 qui
3176 659 3312 713 tales
3344 674 3436 711 ar-

1837 744 1991 798 culas
2030 744 2332 813 compingit
2373 753 2428 797 et
2464 747 2704 800 coniicit.
2759 745 2930 802 Vetus
2971 748 3313 804 Glossarium
3346 753 3438 804 Σοι

1845 836 1961 908 pag,
2003 852 2130 889 arca
2173 836 2428 905 funebris.
2469 835 2648 892 Julius
2678 837 2868 894 Pollux
2901 841 2993 895 lib.
3034 857 3133 908 vn,
3163 858 3281 913 cap.
3317 846 3388 898 55
3418 864 3433 899 :

1839 931 2150 1000 Σοροποιός,
2205 931 2531 1000 σοροπηγός,
2587 935 2937 1004 σοροπήγιον,
2985 935 3162 1005 σορόςο
3220 937 3438 991 καλοῖτο

1836 1019 1879 1071 δ’
1915 1019 1981 1072 ἂν
2017 1019 2156 1088 αὕτη
2191 1020 2284 1072 καὶ
2318 1019 2535 1084 πύελος,
2571 1022 2664 1074 καὶ
2700 1023 2950 1088 κιϐωτδς,
2988 1025 3080 1078 καὶ
3113 1025 3291 1095 ληνός.
3327 1027 3404 1080 Ar
3425 1058 3436 1068 -

1840 1125 1959 1163 cam
2009 1111 2177 1180 igitur
2223 1109 2536 1178 funebrem,
2583 1121 2636 1165 et
2679 1112 2881 1168 fascias
2912 1125 3006 1170 aut
3041 1128 3222 1172 vestes
3254 1122 3437 1189 sepul-

1845 1202 2023 1256 crales
2051 1201 2585 1271 ConstantinOpolim
2613 1202 3008 1277 Hierosolymis
3035 1207 3186 1263 misit
3211 1212 3438 1278 patriar»-

1838 1294 1940 1346 cha
1973 1292 2278 1359 Juvenalis,
2323 1309 2612 1364 poSIquam
2656 1295 2961 1352 Pulchcria:
3005 1308 3118 1353 tum
3153 1317 3219 1354 ex
3261 1303 3437 1355 tratli-
3503 1323 3509 1328 ·

1838 1386 2009 1450 tione,
2040 1394 2154 1439 tum
2187 1402 2253 1439 ex
2296 1387 2615 1442 testimonio
2654 1388 2902 1461 Dionysii
2932 1406 3026 1445 eas
3057 1392 3124 1446 ad
3158 1391 3216 1445 S.
3255 1391 3435 1461 Virgh

1837 1492 1962 1530 nem
1997 1478 2333 1546 pertinuisse
2357 1479 2748 1547 persuasisset.
2779 1479 2907 1536 Haec
2935 1481 3103 1550 igitur
3137 1497 3261 1536 cum
3298 1484 3437 1537 nihil

1837 1570 2075 1624 valitura
2119 1572 2454 1639 perspiceret
2508 1571 2762 1640 Dallaaus,
2814 1575 3098 1644 respondit
3147 1577 3436 1630 secundo;

1839 1660 2144 1716 Historicos
2195 1663 2366 1717 solere
2393 1664 2631 1718 homines
2675 1682 2737 1719 ea
2770 1667 3003 1721 dicentes
3036 1668 3305 1733 inducere,
3333 1684 3439 1722 non

1837 1771 1956 1825 qua:
1981 1771 2096 1810 vere
2122 1773 2184 1808 ac
2215 1766 2358 1809 certo
2385 1758 2662 1823 dixerunt,
2706 1759 2797 1811 sed
2834 1776 2954 1828 quae
2981 1760 3101 1812 illos
3129 1761 3232 1829 ipsi
3263 1762 3439 1814 dicere

1837 1849 2072 1916 potuisse
2113 1859 2328 1917 putant.
2373 1848 2506 1914 Quae
2535 1851 2755 1918 quidem
2788 1853 3079 1921 responsio
3109 1854 3156 1907 si
3189 1854 3244 1906 in
3274 1856 3441 1911 rebus

1838 1939 2158 2010 hujusmodi
2191 1941 2535 2000 admittatur.
2574 1943 2789 1997 tollitur
2819 1944 3000 1998 omnis
3031 1943 3144 1998 fere
3176 1947 3316 2000 ratio
3345 1964 3440 2000 γει

1839 2042 2018 2086 terum
2052 2035 2370 2089 testimonia
2411 2035 2763 2089 admittendi.
2797 2036 3026 2099 Quoties
3060 2037 3208 2092 enim
3245 2050 3443 2093 auctor

1838 2121 2039 2192 aliquis
2065 2124 2390 2192 scriptorem
2420 2125 2590 2179 alium
2629 2125 2842 2180 inducit
2865 2126 3093 2180 alterius
3125 2128 3332 2195 scripta
3363 2129 3442 2182 ci-

1839 2223 2068 2277 tantem,
2102 2215 2251 2268 nulla
2295 2215 2345 2269 ei
2393 2215 2530 2271 satis
2574 2226 2724 2270 certa
2758 2218 2891 2270 lides
2922 2217 3176 2272 adhiberi
3203 2219 3438 2287 poterit;

1838 2305 1967 2375 quia
1992 2320 2100 2360 non
2137 2308 2188 2361 id
2214 2323 2339 2361 eum
2379 2323 2506 2363 vere
2544 2302 2752 2362 dixisse
2781 2318 2877 2362 aut
2907 2309 3133 2376 citasse,
3177 2311 3271 2365 sed
3319 2323 3440 2366 tana-

1840 2397 2125 2452 tutnmodo
2155 2398 2208 2450 id
2235 2412 2301 2450 ex
2341 2399 2612 2452 sententia
2645 2398 2934 2454 referentis
2961 2414 3087 2454 eum
3131 2401 3315 2454 dicere
3345 2417 3441 2470 pc-

1839 2490 2010 2542 tuisse
2034 2489 2216 2560 colligi
2255 2492 2450 2559 possit.
2492 2490 2715 2545 Interim
2764 2491 3115 2546 notissimum
3147 2504 3252 2558 est,
3289 2491 3444 2546 Nice-

1839 2581 2014 2649 phoro
2076 2583 2321 2638 solemne
2369 2599 2491 2638 esse
2542 2600 2650 2638 non
2709 2602 2809 2640 sua
2861 2585 2984 2640 aliis
3032 2586 3311 2657 aliingere,
3342 2590 3439 2642 sed

1840 2674 2018 2728 aliena
2053 2691 2153 2729 sua
2201 2675 2405 2743 facere,
2449 2688 2503 2732 et
2557 2695 2622 2730 ex
2651 2680 2930 2734 veteribus
2967 2681 3246 2737 historicis
3280 2698 3439 2738 suam

1841 2767 2139 2822 Historiam
2171 2771 2493 2840 compilare,
2533 2771 2754 2825 illorum
2794 2773 2960 2827 etiam
3006 2774 3190 2828 verbis
3223 2791 3312 2830 res
3348 2791 3442 2846 ge—

1841 2867 1955 2914 stas
1986 2861 2222 2927 tradere,
2255 2869 2314 2915 ut
2336 2877 2402 2916 cx
2433 2862 2504 2917 iis
2538 2863 2633 2932 qui
2671 2863 2853 2919 adhuc
2875 2873 3113 2932 exstant,
3137 2866 3284 2921 clare
3311 2882 3440 2936 per-

1842 2953 2101 3022 spicitur;
2133 2954 2278 3008 unde
2307 2971 2449 3024 saepe
2493 2957 2553 3009 lit
2595 2967 2654 3010 nt
2694 2966 2907 3012 veteres
2937 2958 3298 3014 ecclesiastici
3328 2959 3442 3014 his-

1844 3045 2002 3099 torici
2033 3061 2100 3099 ex
2127 3061 2190 3099 eo
2220 3047 2301 3099 vel
2327 3046 2694 3114 illustrentur,
2725 3048 2812 3102 vel
2845 3049 3008 3102 etiam
3041 3049 3438 3116 emendentur;

1840 3136 2098 3207 idemque
2127 3138 2280 3192 illum
2310 3139 2361 3192 in
2382 3139 2502 3194 aliis
2529 3141 2624 3209 qui
2656 3142 2958 3210 perierunt,
2995 3142 3192 3197 fecisse
3212 3159 3442 3212 prorsus

1841 3229 2104 3283 credibile
2138 3241 2241 3294 est,
2274 3241 2327 3284 et
2355 3232 2497 3286 hanc
2523 3233 2699 3301 ipsam
2727 3233 3016 3287 historiam
3041 3251 3106 3288 ex
3152 3234 3443 3290 Theodoro

1840 3320 2046 3375 lectore
2061 3323 2444 3391 exscripsisse.
2470 3322 2598 3378 Haec
2615 3333 2799 3378 autem
2817 3325 2863 3379 si
2880 3341 3008 3380 vera
3033 3327 3164 3390 sint,
3183 3327 3312 3396 quis
3330 3344 3441 3382 non

1841 3414 2102 3468 concedet
2135 3413 2378 3485 Dionysii
2413 3417 2613 3484 scripta
2649 3425 2848 3485 quarto
2899 3418 3101 3472 saeculo
3127 3418 3445 3473 exstitisse?

1913 3504 2072 3560 Certe
2098 3504 2384 3572 Erasmus,
2411 3517 2559 3560 tonio
2583 3505 2643 3568 V,
2675 3506 2749 3559 De
2773 3508 3080 3576 compendio
3105 3511 3443 3578 perveniendi

1841 3597 1910 3650 ad
1939 3612 2114 3650 veram
2155 3598 2494 3668 theologiam,
2527 3608 2682 3668 putat
2730 3599 3052 3670 Dionysium
3088 3602 3235 3657 hunc
3267 3601 3444 3659 fuisse

1843 3688 1900 3743 S.
1932 3689 2240 3758 Augustino
2285 3691 2581 3746 seniorem.
2629 3691 2885 3760 Tametsi,
2921 3695 3120 3763 inquit,
3160 3696 3229 3750 D.
3263 3697 3440 3750 Aure—

1839 3782 1944 3838 lius
1976 3783 2306 3852 Augustinus
2362 3795 2610 3839 accnrate
2658 3786 2819 3839 simul
2863 3797 2912 3839 et
2962 3789 3171 3857 copiase
3208 3801 3444 3859 quatuor

1839 3873 2015 3939 libris,
2055 3877 2247 3944 quibus
2299 3877 2514 3930 titulum
2545 3878 2670 3947 fecit
2710 3877 2785 3933 De
2822 3879 3071 3934 doctrina
3103 3879 3440 3947 Christiana,

1840 3985 1995 4040 super
2023 3969 2120 4022 hoc
2149 3971 2530 4040 propemodum
2569 3983 2882 4042 argumento
2932 3973 3169 4028 disserit.
3212 3975 3278 4030 Et
3321 3988 3446 4030 ante

1840 4060 1998 4127 hunc,
2027 4063 2235 4129 opinor,
2266 4062 2552 4132 Dionysius
2596 4066 2816 4134 quidam
2867 4068 2921 4119 in
2970 4083 3124 4137 Opere
3172 4069 3314 4139 quod
3355 4069 3442 4122 in-

1840 4151 2055 4218 scripsit
2089 4148 2164 4205 De
2186 4153 2389 4207 divinis
2413 4155 2766 4221 nominibus;
2805 4173 2989 4210 rursus
3021 4159 3076 4211 in
3134 4159 3312 4213 libello
3356 4162 3444 4214 cui

1842 4241 2061 4294 titulum
2103 4243 2229 4311 fecit
2259 4244 2332 4298 De
2359 4248 2591 4315 mystica
2621 4247 2917 4318 theOIOgia.
2954 4250 3039 4304 An
3081 4251 3318 4306 Dalltcus
3350 4267 3445 4306 uo-

1841 4335 1982 4388 verit
2015 4334 2161 4390 hanc
2196 4336 2370 4392 fuisse
2396 4337 2613 4391 Erasmi
2639 4343 2995 4408 sententiam,
3028 4343 3220 4398 nescio
3263 4363 3275 4397 :
3319 4361 3445 4400 eam

1841 4436 1989 4480 certe
2019 4427 2303 4484 levissima
2336 4429 2652 4500 conjectura
2682 4431 2882 4487 ductus
2923 4445 3223 4512 oppugnat,
3265 4436 3446 4505 capite

107 4525 374 4582 confessus
402 4536 502 4582 est
528 4543 546 4592 ;
586 4524 694 4594 qui
742 4521 1003 4578 observat
1037 4526 1336 4594 sepulcrum
1365 4525 1463 4581 Dei
1494 4527 1714 4582 Genitri

1916 4555 1931 4570 .
1964 4517 2104 4571 Cum
2157 4518 2302 4573 enim
2359 4529 2415 4574 et
2448 4519 2744 4592 Dionysius
2800 4531 2856 4577 et.
2893 4521 2953 4578 S.
2999 4521 3342 4594 Augustinus
3375 4529 3447 4583 de

106 4619 239 4672 eisin
263 4629 423 4688 petra
469 4617 744 4673 excisum
785 4630 921 4682 esse,
957 4626 1005 4669 et
1058 4617 1232 4673 instar
1274 4617 1503 4688 sepulcri
1553 4620 1736 4673 Domi-

107 4711 198 4763 nici
225 4712 395 4765 nativi
420 4709 652 4781 lapidis
685 4705 1017 4762 cohmrentia
1043 4709 1158 4762 loco
1189 4711 1538 4764 imntobiliter
1565 4711 1736 4766 inlue-

106 4820 220 4859 τετε.
253 4803 418 4861 Unde
463 4804 759 4867 miratur,
789 4803 1052 4870 quomodo
1095 4801 1229 4856 illud
1280 4802 1736 4870 Constantinopo-

108 4894 172 4948 lin
212 4898 418 4952 dicitur
469 4895 659 4968 fuisse
723 4892 1075 4947 translatum.
1129 4894 1368 4964 Indeque
1413 4895 1734 4951 Albertinus

105 4992 225 5047 mire
251 4992 639 5063 triumphans
669 4987 757 5042 ait
797 5005 810 5039 :
842 4981 1014 5056 Eque
1043 5003 1169 5042 sane
1215 5004 1414 5054 verum,
1467 4989 1736 5043 narratio-

109 5095 209 5133 nem
230 5100 401 5152 supra
443 5088 832 5135 memoratam
866 5073 1141 5132 Iuvenalis
1171 5095 1303 5144 esse,
1329 5095 1391 5132 ac
1424 5095 1606 5133 verum
1630 5087 1732 5147 est,

106 5175 392 5241 scpulcrum
422 5171 693 5244 Virginis
724 5167 792 5220 ab
821 5166 915 5220 illo
941 5166 1450 5239 Constantinopolim
1483 5171 1731 5225 missum.

107 5263 226 5318 Cum
253 5265 454 5335 potius
483 5258 1064 5319 animadvertendum
1093 5270 1258 5327 esset,
1295 5258 1597 5316 Baronium
1634 5275 1733 5313 sua

104 5369 160 5408 ex
211 5354 419 5413 Latino
479 5350 827 5422 Nicephoro
885 5351 1203 5421 sumpsisse,
1253 5360 1309 5406 ct
1357 5351 1425 5406 de
1484 5349 1732 5422 sepulcro

103 5444 670 5518 Constantinopolim
721 5439 898 5494 misso
926 5439 1049 5498 inde
1078 5443 1417 5510 somniasse;
1449 5440 1734 5514 Nicepho-

104 5550 212 5590 rutn
265 5550 466 5594 autem
527 5531 936 5591 tantummodo
980 5533 1076 5607 τὴν
1130 5533 1309 5606 σορὸν,
1345 5543 1401 5589 et
1441 5534 1510 5588 τὰ
1544 5537 1750 5606 ἄμφω.

102 5627 220 5686 illuc
268 5633 631 5687 transmissa
698 5640 1072 5695 memorasse;
1119 5632 1296 5698 ἆμφια
1344 5637 1528 5683 autem
1559 5627 1731 5683 etiam

103 5719 321 5794 ἐντάφια.
358 5725 686 5797 σπάργανα.
725 5718 1044 5786 sepulcrales
1075 5721 1273 5789 fascias
1298 5720 1556 5790 appellat.
1595 5717 1730 5773 Solo

103 5824 274 5873 autem
299 5817 539 5876 neruine
570 5815 686 5884 τῆς
729 5808 891 5880 σοροῦ
928 5811 980 5867 in
1023 5812 1126 5870 hac
1163 5829 1222 5870 re
1256 5811 1424 5870 utitur
1456 5810 1732 5884 Nicepho-

1840 4611 2260 4680 susceptoribus
2310 4612 2518 4681 pariter
2572 4613 2838 4683 egissent,
2887 4623 2943 4670 et
2976 4615 3042 4670 ad
3072 4615 3446 4687 objectionem

1840 4701 1907 4756 de
1932 4701 2114 4758 verbis
2149 4718 2249 4772 pro
2291 4703 2501 4759 infante
2545 4704 2602 4759 in
2642 4705 2919 4776 baptismo
2953 4707 3182 4776 prolatis
3211 4726 3442 4780 respon-
3507 4776 3512 4782 ,

1839 4791 2092 4848 dissent:
2123 4793 2248 4846 Non
2279 4795 2567 4859 imnterito,
2619 4797 2801 4867 inquit
2836 4797 3093 4867 Dallazus,
3139 4801 3276 4874 hunc
3320 4818 3442 4856 sus-
3505 4795 3510 4842 ἶ

1837 4886 1987 4954 picor
2039 4885 2363 4957 Augustino,
2404 4901 2630 4959 quocum
2664 4907 2800 4944 unus
2856 4892 2963 4946 ista
3004 4902 3222 4958 tractat,
3271 4893 3444 4945 haud-
3497 4877 3501 4884 ’

1837 4995 2108 5051 quaquam
2142 4981 2485 5035 vetustiorem
2523 4981 2710 5052 fuisse.
2758 4983 2878 5038 Imo
2907 5001 3035 5039 vere
3064 4985 3224 5054 plane
3254 4986 3442 5036 innue-

1838 5071 1944 5124 rito
1999 5081 2193 5128 exorta
2237 5083 2324 5127 est
2370 5073 2486 5128 haec
2520 5075 2787 5145 suspicio.
2823 5075 3015 5143 Qualis
3037 5077 3185 5131 enim
3213 5076 3328 5129 haec
3359 5090 3443 5130 ra-

1839 5163 2124 5220 tiocinatio
2170 5165 2288 5220 est?
2335 5163 2631 5236 Dionysius
2682 5176 2737 5222 et
2763 5167 3122 5238 .Augustiuus
3172 5166 3454 5224 vetustior

1820 5272 1963 5314 .esse
1995 5275 2106 5313 non
2137 5267 2338 5329 potest.
2382 5260 2543 5314 Certe
2583 5259 2631 5316 si
2674 5262 2792 5316 hare
2835 5263 2979 5316 ratio
3022 5261 3202 5314 valeat
3246 5271 3455 5318 contra

1837 5347 2154 5416 Erasmum,
2217 5351 2422 5406 valebit
2470 5354 2634 5408 etiam
2685 5362 2879 5409 contra
2935 5351 3200 5406 Dallzeum
3251 5371 3265 5408 :
3318 5371 3454 5426 ergo

1837 5442 2182 5514 Augustinus
2239 5441 2506 5517 Dionysio
2564 5446 2833 5500 vetustior
2893 5460 3017 5500 esse
3069 5461 3183 5500 non
3233 5439 3451 5516 'potcSt.

1837 5533 1979 5591 Eum
2012 5537 2184 5594 .enim
2228 5535 2467 5592 Dallaaus
2523 5538 2716 5593 statuit
2768 5546 2880 5591 toto
2926 5539 3127 5593 saeculo
3176 5538 3454 5610 Dionysio
3486 5582 3504 5602 ,

1838 5628 2219 5685 vetustiorem.
2256 5628 2478 5686 Valeret
2505 5629 2728 5699 quidem
2759 5630 2990 5700 aliquid,
3032 5631 3077 5686 si
3122 5629 3442 5701 p-raxis,Ee-

1839 5723 2040 5788 clesiaz,
2076 5721 2142 5776 de
2173 5739 2282 5792 qua
2325 5725 2394 5778 ab
2434 5734 2669 5793 utroque
2713 5723 3057 5793 disputatum
3088 5734 3190 5792 est,
3235 5723 3294 5777 S.
3326 5722 3446 5802 Aut

1841 5814 2059 5884 gustino
2083 5813 2363 5884 antiquior
2401 5828 2511 5869 non
2553 5814 2782 5883 fuisset;
2823 5815 2918 5872 sed
2949 5832 3162 5872 morem
3195 5830 3323 5871 eum
3345 5813 3452 5886 diu.
