3770 6358
436 400 541 455 207

1444 397 1502 451 S.
1546 393 1895 452 lGNATlUS.
1934 426 1994 435 --
2042 391 2576 449 PROLEGOMENA,
3564 391 3633 447 $08

434 531 564 575 ante
600 519 841 591 viguisse
874 526 1081 575 certum
1122 525 1227 582 est,
1273 516 1435 588 idque
1465 515 1783 571 Bonifacius
1806 517 1861 569 in
1901 514 2015 584 ipsa
2049 518 2092 574 Α
2120 512 2431 577 leuciensis,
2482 509 2817 581 Hieronymo
2875 509 3224 580 synchronus
3249 550 3264 575 ,
3320 509 3542 564 oratione
3574 510 3633 574 39,

436 611 526 664 illa
553 609 849 682 Augustini
885 608 1117 679 epistola
1148 608 1240 673 23,
1275 608 1362 663 his
1399 608 1579 663 verbis
1627 608 1772 662 clare
1809 606 2017 677 signiﬁ-

432 714 524 758 cat
553 722 567 758 :
602 703 684 757 Ad
721 704 852 759 istas
885 718 1006 774 ergo
1050 702 1363 772 quaestiones
1404 710 1521 771 peto
1548 700 1770 754 breviter
1799 715 2015 768 respon-

433 795 558 849 dere
581 795 838 866 digneris,
870 795 948 848 ita
981 803 1037 847 ut
1077 810 1179 848 non
1211 793 1343 847 mihi
1366 793 1429 847 de
1468 792 1844 846 consuetudine
1874 808 2014 861 pra:-

432 886 661 949 scribas,
690 885 781 938 sed
820 886 1081 939 rationem
1108 884 1321 938 reddas.
1359 883 1496 938 Cum
1537 884 1703 955 igitur
1724 892 1881 938 aetate
1909 883 2018 937 Au-

424 976 641 1045 gustini
709 985 865 1031 vetus
926 975 1095 1030 fuerit
1141 975 1259 1031 inec
1306 975 1667 1041 consuetudo,
1711 975 1889 1045 potuit
1931 976 2015 1029 vel

432 1065 750 1138 Dionysius,
785 1067 870 1121 vel
907 1067 1090 1137 quivis
1120 1067 1283 1133 alius,
1321 1065 1631 1136 Augustino
1666 1066 1839 1120 multo
1870 1066 2015 1120 anti-

429 1160 613 1228 quior,
652 1159 718 1214 de
743 1159 933 1213 eadem
964 1174 1022 1213 re
1057 1159 1347 1214 disserere.
1381 1157 1655 1214 Hactenus
1680 1159 1845 1228 igitur
1868 1169 2014 1214 sarta

418 1261 571 1305 tecta
599 1260 682 1305 est
706 1249 919 1305 Erasmi
945 1252 1231 1305 sententia.

501 1342 616 1412 Ego
658 1358 789 1397 vero
827 1357 936 1396 non
977 1352 1190 1398 tantum
1233 1353 1360 1398 ante
1394 1343 1785 1414 Augustinum,
1821 1345 1913 1402 sed
1960 1352 2016 1401 et

416 1443 557 1489 ante
588 1432 979 1505 Hieronymum
1030 1436 1319 1505 scripsisse
1360 1433 1680 1507 Dionysium
1728 1445 1863 1507 puto
1899 1456 1912 1491 :
1961 1447 2016 1493 et

425 1524 620 1579 eodem
652 1523 1013 1581 fundamento
1044 1535 1170 1582 utor
1218 1541 1320 1597 pro
1359 1527 1688 1597 antiquitate
1730 1527 1872 1596 ejus,
1904 1543 2015 1598 quo

426 1615 664 1670 Dallaeus
698 1632 800 1685 pro
836 1617 1080 1673 novitate
1107 1618 1537 1674 demonstranda
1589 1618 1782 1687 utitur,
1816 1635 2015 1689 nempe

425 1708 612 1762 verbis
636 1706 841 1763 Petavii
871 1726 885 1763 ;
917 1708 1136 1763 Primus
1160 1708 1449 1779 Dionysius
1488 1726 1670 1764 novem
1701 1710 2011 1781 angelorum

426 1801 641 1855 ordines
665 1810 715 1855 et
745 1800 942 1871 gradus
982 1801 1236 1857 distincte
1276 1819 1338 1857 ac
1390 1802 1606 1871 deﬁnite
1648 1804 1858 1872 posuit;
1908 1813 2008 1861 et:

428 1892 554 1945 Non
580 1904 770 1947 temere
808 1893 950 1962 apud
986 1895 1341 1964 antiquiorem
1375 1894 1605 1965 aliquem
1652 1896 1741 1967 (de
1796 1898 2013 1952 sacculis

420 1985 778 2054 quaerendum
811 1987 915 2056 est)
961 1987 1301 2039 novenarium
1350 1985 1489 2038 hunc
1530 1986 1779 2040 ordinum
1826 2003 2011 2042 nume-

412 2093 543 2130 rum
572 2077 831 2143 invenias,
865 2094 985 2130 cum
1009 2076 1241 2131 nondum
1281 2086 1553 2133 exstarent
1579 2079 1781 2147 scripta
1814 2078 2014 2149 Diony-

408 2171 512 2234 sii,
553 2186 584 2222 a
613 2186 715 2239 quo
740 2170 973 2239 primum
1000 2168 1091 2224 ille
1118 2169 1365 2240 proditus
1393 2178 1493 2225 est;
1530 2168 1656 2225 Haec
1678 2170 1790 2236 ille,
1816 2179 1870 2226 et
1889 2171 2014 2241 qui-

420 2260 543 2313 dem
578 2261 871 2326 verissime,
890 2260 1074 2330 judice
1099 2259 1321 2315 Dallmo.
1356 2260 1451 2316 Ille
1490 2270 1674 2316 autem
1710 2260 2009 2333 Dionysius

406 2366 449 2403 -a
501 2365 613 2420 quo
659 2353 996 2406 novenarius
1052 2352 1310 2406 ordin‘um
1350 2350 1712 2407 invisibilium
1746 2369 2010 2409 numerus

418 2442 657 2510 primum
690 2442 939 2511 proditus
962 2450 1064 2506 est,
1093 2452 1240 2498 certe
1265 2452 1391 2497 ante
1416 2442 1811 2514 Hieronymum
1837 2445 1971 2499 vixit
1992 2485 2006 2509 ,

420 2531 574 2585 illum
602 2532 749 2586 enim
792 2531 1002 2587 scimus
1048 2532 1303 2587 eumdem
1352 2548 1642 2588 numerum
1676 2533 2005 2603 prodidisse.

409 2620 655 2677 Exstant
693 2623 796 2678 sub
820 2622 942 2692 ejus
978 2623 1201 2679 nomine
1224 2623 1282 2678 in
1317 2623 1565 2682 Psalmos
1604 2623 2009 2687 commentarii,

408 2714 475 2767 in
508 2715 709 2784 quibus
737 2714 804 2769 ad
831 2714 1106 2783 psalmum
1138 2729 1271 2775 cm,
1310 2715 1427 2769 haec
1454 2714 1728 2784 legimus:
1774 2712 2011 2768 Colloca-

417 2808 493 2860 uit
529 2806 667 2861 Deus
692 2806 859 2861 Pater
899 2805 1106 2860 Filium
1136 2807 1199 2860 in
1223 2806 1518 2860 caelestibus
1552 2807 1606 2859 in
1629 2806 1849 2859 dextera
1872 2822 2008 2869 sua;

410 2908 466 2953 et
512 2898 822 2951 dominatur
864 2914 1021 2968 super
1061 2898 1345 2968 principes,
1396 2897 1451 2950 id
1492 2907 1591 2962 est,
1631 2913 1788 2966 super
1829 2913 2008 2951 novem

398 2989 628 3043 ordines
659 2988 1009 3059 angelorum,
1030 2988 1317 3042 secundum
1348 2987 1486 3042 illud
1512 3002 1531 3042 .'
1569 2986 1833 3058 Princeps
1866 2989 2011 3044 mili-

413 3081 525 3146 tiae,
557 3080 633 3133 vel
659 3081 916 3149 princeps
949 3080 1215 3134 virtutum
1240 3094 1342 3151 ego
1374 3096 1516 3134 sum.
1547 3078 1617 3133 Et
1643 3079 1858 3146 insuper
1882 3096 2009 3134 san-

2120 607 2337 659 eosdem
2362 618 2558 658 novem
2595 594 2839 666 ordines,
2873 611 3133 672 tanquam
3175 617 3278 657 suo
3324 613 3541 671 tempore
3571 619 3635 655 no-

2121 694 2382 758 tissimos,
2409 702 2696 747 enumeret
2726 709 2740 746 :
2780 691 2891 754 Ta't;
2924 709 2981 744 τε
3015 691 3123 745 τῶν
3170 690 3415 760 ἀγγέλων
3446 709 3636 763 χοροστα-

2121 786 2241 849 σίας
2274 784 2673 857 παραδραμεῖν,
2709 784 2803 837 καὶ
2852 784 2977 847 τοὺς
3010 783 3190 837 αὐτῶν
3240 782 3520 856 ταξιάρχας
3558 788 3637 856 μετ’

2119 877 2299 932 αὐτῶν
2333 876 2676 941 καταλιπεῖν,
2713 875 3123 948 ὑπεραναϐἦναι
3157 876 3212 928 δὲ
3246 877 3338 930 καὶ
3372 876 3553 948 Θρόνων
3575 876 3638 945 τὴν

2118 969 2472 1042 φαιδρότητα,
2524 970 2617 1023 καὶ
2650 968 2748 1040 τὴν
2783 968 2999 1040 ἔντιμον
3031 968 3139 1022 τῶν
3174 971 3499 1041 κυριοτήτων
3528 970 3639 1042 ὑπερ-

2117 1062 2269 1134 οχὴν,
2328 1064 2429 1135 τήν
2479 1080 2539 1116 τε
2571 1062 2680 1116 τῶν
2712 1063 2898 1135 ἀρχῶν
2949 1063 3263 1134 ἡγεμονίαν,
3307 1063 3399 1117 καὶ
3450 1063 3529 1135 τὴν
3567 1066 3642 1119 τῶν

2118 1153 2373 1220 ἐξουσιῶν
2437 1154 2814 1227 περιφάνειανο
2881 1155 2962 1208 ἔτι
3027 1155 3083 1208 δὲ
3107 1149 3199 1202 καὶ
3218 1151 3535 1227 τὸκραταιὸν
3567 1156 3641 1209 τῶν

2118 1243 2276 1298 Θείων
2308 1244 2589 1317 δυνάμεων
2609 1286 2623 1310 ,
2661 1246 2720 1299 τό
2766 1263 2823 1299 τε
2856 1245 3161 1317 διορατικὸν
3194 1246 3290 1316 τῆς
3322 1246 3431 1298 τῶν
3473 1246 3644 1317 πολυυμ-

2120 1333 2303 1404 μάτων
2338 1336 2605 1407 χερουϐὶμ
2640 1334 3030 1407 καθαρότητος,
3067 1336 3161 1388 καὶ
3183 1337 3289 1389 τῶν
3319 1336 3643 1408 ἐξαπτερύγων

2118 1426 2361 1498 σεραφὶμ
2410 1427 2508 1498 τὴν
2555 1426 2698 1481 κατὰ
2748 1429 2857 1480 πᾶν
2923 1428 3087 1499 μέρος
3138 1427 3415 1482 ἀκώλυτον
3468 1430 3643 1500 κίνησιν.

2117 1515 2318 1573 Choros
2371 1519 2681 1589 angelorum
2727 1536 3063 1589 percurram,
3119 1532 3167 1575 et
3224 1539 3407 1576 eorum
3457 1524 3644 1576 ordinum

2114 1615 2377 1683 principes
2436 1612 2815 1683 (archangelos
2876 1615 3094 1687 nempe)
3147 1616 3473 1686 relinquam;
3510 1618 3649 1672 creber

2115 1720 2276 1773 supra
2309 1704 2619 1759 thronorum
2641 1706 2995 1775 splendorem,
3036 1706 3350 1761 honoratam
3374 1708 3645 1761 dominatio-

2115 1814 2243 1850 num
2278 1796 2667 1864 celsitudinem,
2707 1800 3106 1869 principatuum
3150 1802 3431 1867 ducatum,
3473 1809 3652 1870 potesta-

2118 1898 2329 1958 tumque
2350 1888 2685 1953 claritatem;
2708 1901 2967 1961 prwterea
2991 1909 3155 1963 supra
3180 1893 3471 1963 potentiam
3502 1893 3650 1946 divina-

2116 1997 2234 2034 rum
2258 1981 2537 2046 virtutum,
2567 1999 2730 2051 supra
2761 1985 3144 2053 perspicaciam
3172 1985 3562 2038 cherubinorum
3583 2001 3652 2054 pu-

2116 2072 2321 2138 ritatis,
2363 2081 2411 2125 et
2452 2074 2853 2142 seraphinorum
2888 2091 2979 2129 sex
3007 2075 3214 2129 alarum
3258 2077 3535 2130 motionem
3559 2092 3651 2145 quac

2113 2179 2398 2234 quaversus
2421 2164 2741 2235 expeditam.

2184 2253 2454 2310 Prteterea
2489 2271 2596 2310 non
2635 2264 2846 2310 tantum
2878 2255 3211 2312 Laurentius
3266 2255 3431 2313 Valla
3498 2257 3654 2311 indicat

2114 2344 2288 2402 fuisse
2324 2360 2438 2401 suae
2458 2347 2636 2402 {etatis
2666 2346 2814 2401 viros
2857 2346 3233 2415 doctissimos,
3266 2350 3360 2419 qui
3415 2349 3651 2419 judicare-

2114 2425 2358 2493 rint'hos
2381 2438 2554 2494 libros
2586 2453 2709 2494 esse
2731 2422 3089 2509 Apollinaris,
3123 2441 3219 2497 sed
3248 2442 3416 2496 etiam
3444 2457 3506 2495 ex
3540 2449 3654 2492 vete-

2112 2529 2266 2584 ribus
2297 2528 2571 2593 nonnulli,
2602 2528 2696 2598 qui
2728 2528 3073 2601 Areopagitae
3099 2532 3273 2587 fuisse
3298 2531 3654 2603 pernegabaut,

2113 2629 2205 2674 aut
2251 2619 2554 2690 Apollinari
2599 2630 2694 2675 aut
2752 2621 2984 2694 Didymo
3018 2622 3409 2690 ascribebant;
3460 2634 3511 2680 et
3541 2639 3658 2677 reve-

2112 2711 2315 2766 rendus
2340 2709 2600 2768 Usserius
2624 2714 2847 2768 eosdem
2879 2730 2989 2768 non
3025 2715 3312 2771 dubitabat
3342 2716 3571 2772 tribuere
3588 2723 3657 2768 aut

2110 2800 2438 2871 Apollinari.
2465 2812 2559 2858 aut
2602 2813 2749 2860 certe
2799 2806 3118 2877 synchrono
3163 2806 3433 2879 Dionysio
3458 2808 3657 2867 cuidam.

2112 2892 2211 2957 illi,
2244 2909 2460 2965 nempe,
2494 2895 2561 2950 ad
2603 2912 2765 2966 quem
2823 2896 3159 2968 Apollinaris
3210 2900 3459 2970 scripsit,
3488 2900 3548 2955 de
3574 2914 3658 2968 quo

2111 2983 2343 3057 legimus
2370 2986 2421 3039 in
2457 2987 2749 3042 collatione
2770 3003 2955 3043 coram
2989 2986 3222 3059 Hypatio
3248 2992 3352 3045 sub
3384 2990 3660 3047 Justiniano

2113 3076 2334 3131 habita:
2372 3076 2518 3131 Nam
2538 3087 2591 3132 et
2621 3079 2762 3133 beati
2780 3078 2919 3134 Julii
2944 3080 3209 3149 famosam
3238 3081 3392 3135 illam
3418 3081 3661 3151 epistolam

411 3183 525 3227 ctos
550 3184 599 3226 et
622 3173 676 3225 in
705 3189 804 3226 sua
829 3176 1062 3226 membra
1086 3172 1363 3226 collocavit
1388 3188 1507 3226 cum
1538 3173 1669 3244 ipsis
1707 3188 1888 3227 nouem
1918 3188 2007 3226 or-
2034 3206 2082 3271 ο
2112 3168 2393 3238 manifeste
2417 3168 2749 3239 Apollinaris
2773 3171 3098 3226 ostendimus
3134 3172 3300 3242 fuisse
3324 3176 3576 3245 scriptam
3610 3170 3661 3223 ad

404 3264 628 3318 rdinibus
664 3263 994 3334 angelorum.
1036 3262 1142 3318 Sed
1192 3278 1300 3319 non
1335 3272 1419 3319 est
1445 3264 1549 3319 hoc
1579 3279 1721 3334 opus
1746 3262 2007 3336 Hierony-

412 3358 512 3421 mi,
544 3356 801 3425 inquiunt
837 3372 852 3409 :
890 3364 947 3409 ct
968 3353 1187 3425 quidem
1214 3364 1388 3409 totum
1417 3354 1537 3425 ejus
1565 3370 1688 3411 esse
1717 3370 1830 3411 non
1855 3354 2008 3410 vide-

410 3458 502 3503 tur
538 3466 553 3501 :
589 3448 992 3518 quamplurima
1030 3456 1212 3502 tamen
1251 3446 1305 3500 in
1342 3461 1406 3501 eo
1433 3456 1688 3501 contenta
1730 3462 1857 3501 vere
1888 3444 2008 3503 Ηίθ-

409 3539 738 3610 ronymiana
767 3554 909 3605 esse,
936 3554 1139 3609 negare
1162 3553 1323 3593 nemo
1349 3546 1530 3608 potest
1565 3557 1579 3593 :
1612 3548 1666 3592 et
1692 3553 1863 3609 quare
1889 3538 2005 3595 haec

409 3631 527 3700 ipsa
552 3631 603 3686 ei
658 3631 998 3702 denegentur
1048 3631 1317 3685 rationem
1370 3631 1576 3685 nullam
1634 3632 1814 3687 video.
1865 3630 2002 3687 Nam

409 3722 557 3791 quod
596 3721 1009 3776 memorabilem
1036 3718 1358 3793 Hieronymi
1402 3723 1583 3776 locum
1618 3738 1684 3777 ex
1731 3738 2006 3779 commen-

412 3813 567 3867 tariis
623 3813 676 3865 in
730 3813 1017 3882 epistolam
1061 3813 1130 3868 ad
1169 3811 1441 3883 Ephesios
1468 3815 1692 3869 adducit
1722 3814 1999 3880 Petavius,

395 3904 542 3958 illud
576 3905 735 3974 plane
760 3906 915 3958 nihili
942 3915 1027 3959 est
1058 3923 1072 3959 :
1114 3914 1246 3960 sunt
1278 3920 1428 3960 enim
1459 3906 1540 3959 illi
1583 3907 1688 3976 ipsi
1723 3922 2002 3962 commen-

409 3993 534 4046 tarii
577 3993 714 4046 nihil
742 3993 890 4047 aliud
925 3992 1117 4059 ferme,
1153 4009 1318 4063 quam
1368 4010 1435 4048 ex
1475 4004 1721 4050 veterum
1772 3996 1999 4067 scriptis

405 4090 688 4151 excerpta,
720 4090 781 4136 ut
828 4081 1030 4138 fatetur
1080 4083 1196 4153 ipse
1245 4081 1618 4155 Hieronymus
1681 4103 1695 4139 :
1745 4094 1801 4140 et
1844 4086 2000 4143 locus

392 4171 527 4241 ipse
550 4172 644 4242 qui
686 4172 1000 4237 adducitur,
1031 4173 1249 4229 videtur
1277 4189 1402 4229 esse
1445 4176 1604 4245 plane
1651 4175 1994 4248 Origenicus.

403 4261 596 4333 Neque
620 4263 754 4318 illud
784 4273 1108 4330 memovet,
1136 4266 1285 4337 quod
1329 4275 1536 4337 septem
1587 4268 1807 4324 ordines
1858 4284 1997 4325 enu-

404 4364 580 4410 meret
623 4356 719 4411 lib.
766 4373 840 4423 tt,
898 4366 1090 4413 contra
1143 4356 1521 4423 Iovinianum,
1569 4376 1731 4431 quem
1776 4362 1997 4434 juvenis

405 4451 655 4519 scripsit;
687 4452 903 4504 tametsi
943 4451 1068 4506 inde
1094 4451 1313 4522 colligat
1334 4451 1609 4517 Petavius,
1640 4454 1774 4509 satis
1802 4456 1994 4510 incon-

2110 3260 2449 3331 Diongsium.
2481 3261 2565 3315 Ah
2588 3261 2905 3332 Apollinare
2953 3264 3172 3334 quidem
3213 3265 3423 3337 scripta
3455 3269 3661 3336 Are0pa-

2109 3350 2273 3422 gitica
2301 3367 2410 3406 non
2436 3360 2589 3422 puto,
2612 3354 2771 3423 cujus
2801 3353 2972 3409 libelli
3000 3370 3148 3410 nunc
3176 3355 3509 3424 Athanasio,
3544 3370 3663 3411 nunc

2105 3440 2253 3498 Iulio
2278 3458 2449 3513 papae,
2475 3460 2621 3499 nunc
2650 3443 3336 3519 GregorioThaumaturgo
3387 3449 3459 3504 ab
3480 3446 3663 3504 hazreti-

2107 3535 2189 3590 cis
2209 3535 2651 3603 ascribebantur,
2686 3544 2826 3592 teste
2885 3536 3113 3594 Leontio
3164 3537 3528 3610 Neapolitano
3571 3538 3665 3610 epi-

2108 3641 2307 3696 scopo;
2345 3634 2460 3681 tum
2503 3628 2651 3697 quod
2696 3627 3024 3700 fragmentis
3045 3631 3165 3702 ejus
3197 3647 3321 3702 qua:
3366 3642 3660 3704 supersunt,

2106 3718 2306 3773 similia
2332 3734 2441 3773 non
2478 3719 2625 3786 sint;
2678 3722 2974 3792 tumquod
3015 3722 3365 3793 degmatibus
3413 3726 3535 3798 ejus
3578 3723 3664 3777 mi-

2105 3809 2253 3864 nime
2280 3820 2653 3866 consentanea
2691 3813 2823 3878 sint,
2859 3814 3005 3884 quod
3046 3830 3188 3885 saepe
3233 3816 3665 3872 observatMaxi-

2104 3917 2248 3957 mus.
2284 3900 2471 3973 Neque
2499 3919 2628 3959 vero
2664 3903 2890 3977 Didymo
2930 3907 3254 3963 ascribenda
3278 3910 3544 3977 arbitror,
3589 3909 3668 3979 qui

2101 4009 2225 4049 cum
2260 3992 2570 4066 Origenista
2600 4004 2769 4063 esset,
2794 4013 2857 4053 ea
2889 3999 3178 4068 seripsisse
3210 4002 3445 4059 minime
3491 4014 3667 4073 putan-

2100 4088 2225 4144 dus.
2263 4087 2500 4145 Tantum
2527 4091 2652 4145 inde
2679 4092 2878 4162 colligo
2908 4093 3372 4150 verisimillimum
3423 4112 3549 4153 esse
3576 4140 3591 4163 ,
3614 4110 3667 4151 ea

2098 4190 2255 4236 astate
2277 4190 2557 4239 auctorem
2587 4184 2813 4251 vixisse,
2839 4200 2947 4255 qua
2970 4186 3306 4256 Apollinaris
3338 4198 3394 4245 et
3417 4189 3668 4262 Didymus

2098 4273 2385 4341 ﬂorebant,
2412 4277 2517 4331 hoc
2545 4288 2630 4332 est
2660 4286 2860 4347 quarto
2893 4281 3115 4337 saeculo.

2170 4365 2313 4433 Quid
2340 4369 2487 4438 quod
2518 4371 2588 4423 ab
2614 4370 2735 4425 aliis
2764 4371 2928 4426 etiam
2951 4373 3301 4430 observatum
3342 4387 3454 4445 est,
3481 4376 3670 4446 Grego-

2097 4458 2241 4513 rium
2266 4456 2692 4528 Nazianzenum,
2732 4462 2827 4532 qui
2860 4472 2986 4518 ante
3034 4464 3198 4521 linem
3250 4470 3439 4537 quarti
3501 4468 3670 4525 saecli

387 4551 720 4611 'sequcnter,
760 4541 1014 4595 Nondum
1063 4541 1386 4614 Hieronymo
1422 4547 1719 4599 constitisse
1750 4546 1816 4601 de
1843 4546 1992 4601 ordi-
2024 4544 2070 4601 D
2098 4559 2351 4606 mortuus
2378 4560 2501 4618 est,
2544 4552 2711 4621 hujus
2765 4551 3013 4626 Dionysii
3053 4560 3473 4629 quamplurima
3523 4578 3674 4617 usur-

390 4650 531 4687 etum
560 4650 778 4689 numero
808 4643 857 4688 et
885 4633 1256 4705 appellatione.
1290 4634 1435 4692 Satis
1475 4636 1619 4693 enim
1662 4636 1990 4710 Hieronymo

404 4726 698 4780 constabat
734 4726 803 4781 de
832 4726 1132 4781 novenario
1165 4726 1421 4782 ordinum
1456 4741 1690 4784 numero
1724 4738 1780 4785 et
1809 4731 1990 4800 appel-

393 4815 634 4874 latione.
657 4832 783 4870 cum
812 4816 1042 4885 scripsit
1086 4816 1393 4888 apologiam
1411 4820 1684 4876 adversus
1712 4820 1987 4876 Bullinum

400 4906 727 4972 secundam,
772 4906 827 4960 in
870 4906 1262 4979 qua'Origenis
1296 4911 1549 4967 haeretica
1589 4913 1865 4969 rhetorice
1892 4916 1990 4970 de-

402 4998 575 5069 pingit
610 5015 623 5051 :
658 4995 725 5051 In
751 4997 1083 5052 restitutione
1112 5000 1370 5062 omnium,
1407 5003 1615 5069 quando
1655 5004 1988 5076 indulgentia

398 5084 720 5158 principalis
766 5086 987 5152 venerit,
1035 5086 1303 5140 cherubim
1343 5098 1393 5161 et
1425 5090 1708 5158 seraphim,
1748 5091 1985 5159 thronos,

400 5180 759 5251 principatus,
799 5178 1214 5244 dominationes,
1256 5180 1495 5247 virtutes,
1534 5193 1852 5251 potestates,
1905 5205 1987 5242 ar-

399 5271 709 5341 changelos,
736 5268 973 5341 angelos,
1007 5271 1300 5337 diabolum,
1328 5273 1613 5341 daemones,
1650 5278 1856 5333 animus
1879 5296 1987 5333 om-

401 5367 552 5419 nium
586 5367 879 5432 hominum,
931 5373 1038 5419 tam
1089 5356 1513 5422 Christianorum
1559 5388 1714 5441 quant
1767 5372 1985 5430 Judwo—

394 5469 596 5510 fumet
629 5458 903 5527 gentilium
928 5457 1434 5513 unius-conditionis
1473 5471 1523 5514 et
1552 5479 1809 5519 mensura:
1845 5466 1980 5537 fore.

399 5544 771 5602 Novenarium
796 5549 964 5618 igitur
993 5548 1247 5603 ordinum
1281 5565 1571 5608 numerum
1603 5554 1855 5613 distincte
1887 5574 1983 5613 ex-

398 5640 603 5709 pressit
634 5639 1024 5711 llieronymus,
1059 5655 1220 5710 quem
1250 5638 1544 5714 Dionysius
1576 5648 1814 5716 primum
1856 5666 1983 5720 pro-

400 5730 583 5785 didit:
618 5740 735 5786 erat
766 5732 948 5802 itaque
989 5731 1284 5806 Dionysius
1319 5732 1645 5809 Hieronymo
1680 5742 1975 5812 antiquior.

398 5820 586 5891 Neque
620 5822 722 5879 hoc
765 5823 962 5879 mirum
1014 5824 1184 5880 videri
1225 5825 1418 5897 debrt,
1455 5845 1577 5888 cum
1624 5832 1857 5892 Basilius
1886 5834 1980 5894 Sc-

2092 4642 2291 4711 passe?
2315 4640 2472 4697 Haud
2502 4657 2679 4713 pauca
2717 4660 2850 4701 sane
2873 4646 2994 4702 loca
3028 4645 3219 4705 Billius
3249 4651 3303 4705 in
3335 4654 3672 4709 observatio-

2092 4735 2257 4791 nibus
2285 4750 2351 4789 ex
2375 4733 2725 4793 Nazianzeno
2756 4739 3056 4808 congessit,
3085 4750 3141 4795 et
3167 4757 3292 4797 cum
3328 4743 3676 4817 Dionysianis

2090 4827 2345 4882 contulit.
2386 4826 2567 4883 Unum
2597 4828 2765 4883 etiam
2793 4828 3029 4885 Dallaeus
3075 4831 3192 4903 ipse
3250 4835 3389 4891 satis
3433 4836 3673 4907 apposite

2089 4918 2426 4985 observavit;
2474 4929 2525 4975 et
2560 4936 2658 4990 ego
2688 4922 3093 4994 quamplurima
3136 4928 3282 4997 apud
3312 4944 3401 4984 me
3437 4931 3499 4985 in
3532 4946 3674 4985 eam-

2087 5009 2210 5064 dem
2245 5026 2359 5065 rem
2400 5012 2691 5067 observata
2744 5013 2939 5070 habeo.
2996 5014 3101 5070 Sed
3135 5020 3441 5088 quwritur,
3478 5021 3671 5092 inquit,

2088 5113 2205 5158 uter
2230 5102 2293 5156 ab
2325 5113 2446 5156 utro
2474 5105 2544 5158 sit
2572 5114 2865 5162 mutuatus.
2885 5107 2952 5163 Et
2970 5124 3071 5180 ego
3096 5111 3317 5179 quidem
3346 5111 3675 5187 Dionysium

2087 5210 2115 5249 a
2148 5194 2413 5264 Gregorio
2442 5210 2506 5250 ea
2538 5196 2766 5253 minime
2796 5206 3108 5255 mutuatum
3138 5218 3260 5258 esse
3286 5205 3458 5260 credo
3483 5224 3501 5271 ;
3554 5206 3673 5275 quia

2085 5288 2329 5356 scriptor
2359 5288 2449 5342 ille
2484 5288 2553 5342 ab
2576 5288 2700 5345 aliis
2727 5292 2988 5348 omnibus
3014 5293 3409 5352 ecclesiasticis
3439 5300 3679 5368 scripto-

2083 5379 2238 5432 ribus
2276 5379 2435 5448 plane
2460 5379 2710 5435 diversus
2732 5390 2835 5447 cst,
2861 5392 2915 5437 et
2935 5384 3021 5438 sui
3046 5394 3259 5439 tantum
3284 5387 3517 5445 similis.
3555 5389 3679 5443 Om-

2085 5471 2174 5524 nia
2220 5468 2390 5523 ferme
2438 5470 2503 5524 ad
2557 5469 2904 5528 Neotericam
2950 5474 3384 5534 Platonistarum
3421 5481 3679 5537 scholam

2082 5559 2466 5627 conformavit,
2491 5571 2545 5616 et
2577 5578 2607 5617 a
2634 5564 2817 5620 verbis
2855 5574 2912 5619 et
2935 5581 2966 5620 a
2996 5568 3317 5626 notionibus
3344 5586 3677 5631 sanctorum

2081 5651 2304 5707 Patrum
2339 5655 2575 5708 maxime
2602 5654 2912 5712 abhorruit.
2974 5656 3238 5730 Quisquis
3282 5669 3461 5719 totam
3495 5668 3684 5738 operis

2080 5747 2201 5817 cjus
2229 5761 2568 5817 compagem,
2602 5749 2979 5806 admirandam
3008 5756 3404 5811 sententiarum
3443 5773 3523 5813 ex
3566 5760 3685 5829 phi-

2081 5834 2328 5906 losophia
2383 5836 2676 5907 petitarum
2714 5843 3130 5910 rotunditatem,
3173 5854 3228 5903 et
3256 5848 3579 5907 verborum
3633 5852 3686 5907 in
