3770 6316
117 267 207 322 30!

823 269 875 325 εἰ.
910 272 1282 330 PEARSONII
1323 276 1646 334 VINDICIJE
1687 278 2121 339 IGNATIANE.
2162 316 2228 328 --
2262 284 2444 341 PARS
2477 286 2518 341 1.

3239 295 3345 349 ila

115 387 278 440 eadem
309 386 501 443 incude
526 388 887 447 {armatorum
912 405 1229 465 perpetuam
1272 402 1661 471 scaturiginem
1693 414 1737 467 Α
1766 422 1955 459 eorum
1992 406 2181 476 aliqua
2206 407 2395 473 refert,
2434 424 2672 480 semper,
2696 412 2913 482 opinor,
2958 412 3179 468 silcntlo
3214 429 3345 482 sup-

115 479 358 543 observat,
396 496 676 552 nunquam
733 499 802 539 ex
832 484 1122 556 Gregorio,
1153 502 1249 545 aut
1278 493 1388 547 alio
1411 510 1660 563 quocun-

112 588 201 641 que
231 571 538 630 Christiano
568 592 694 630 cum
737 593 837 633 sua
872 579 1126 636 hausisse
1172 588 1501 642 autumabit.
1554 588 1658 655 Qui

111 672 264 717 autem
290 661 620 720 Nazianzeni
639 668 919 724 orationes
944 672 1204 728 omnibus
1230 676 1428 731 nativa:
1474 678 1659 731 rheto-

111 756 217 809 rica:
249 756 523 812 coloribus
551 759 817 828 depictas,
843 770 899 816 et
949 764 1159 832 optimo
1203 766 1420 821 dicendi
1460 784 1661 838 genere

109 848 351 917 praecipue
386 850 794 920 triumphantes
838 853 1052 924 legerit,
1081 858 1299 926 quoties
1340 860 1407 913 ad
1458 862 1659 916 obscu-

106 942 231 994 riora
258 941 502 1010 qumdam
535 952 589 996 et
624 943 799 1015 magis
819 946 1199 1016 philosophica
1234 948 1482 1006 deﬂectit
1502 992 1517 1013 ,
1577 952 1657 1007 fa-

106 1032 191 1085 cile
216 1048 328 1085 eum
361 1033 581 1089 aliunde
611 1036 866 1091 notiones
892 1053 989 1093 eas
1046 1039 1350 1107 derivasse,
1382 1052 1439 1097 et
1487 1058 1653 1113 quam

107 1125 252 1194 potuit
273 1124 609 1182 lucidissime
642 1129 934 1185 tradidisse
966 1130 1249 1187 fatebitur.
1306 1133 1375 1190 Et
1401 1136 1502 1192 has
1526 1136 1654 1206 qui-

104 1217 206 1270 dem
224 1233 609 1288 nonnunquam
643 1236 707 1275 ex
742 1223 990 1292 antiquis
1028 1225 1401 1295 philosophis,
1451 1230 1652 1297 saepius

104 1318 257 1363 autem
278 1326 338 1364 ex
370 1309 632 1382 Dionysio
657 1324 964 1370 mutuatum
1010 1333 1134 1372 esse
1169 1320 1465 1377 credimus.
1505 1322 1651 1377 Con-

102 1412 169 1455 tra
200 1400 422 1458 Dallteus
455 1404 671 1460 duobus
703 1410 1065 1478 argumentis,
1092 1409 1413 1482 Dionysium
1445 1430 1511 1468 ex
1538 1412 1650 1469 Na-

102 1495 329 1549 zianzcno
369 1512 465 1550 sua
510 1508 819 1553 mutuatum
870 1516 993 1555 esse
1021 1503 1345 1559 contendit:
1409 1522 1646 1575 quorum

99 1586 196 1653 prii
219 1602 299 1640 uni
326 1587 615 1644 manifesta
648 1591 899 1662 principii
938 1596 1197 1663 petitione
1224 1596 1455 1661 laborat,
1483 1607 1534 1652 et
1565 1600 1638 1654 le-

99 1678 343 1733 vissimam
371 1682 746 1751 conjecturam
766 1686 836 1739 ab
867 1686 987 1756 ipso
1010 1689 1376 1757 excogitatam
1407 1708 1503 1760 pro
1523 1692 1647 1746 fun-

1765 496 1970 565 primit.
2014 496 2294 568 Ingratum
2325 501 2428 556 hoc
2464 500 2737 556 silentium
2789 518 2889 573 ego
2932 519 3043 559 non
3094 504 3339 573 appello:

1764 595 1970 650 utatur,
1997 602 2092 656 per
2129 605 2214 643 me
2238 590 2384 657 licet,
2444 607 2512 647 eo
2551 592 2768 649 dicendi
2826 610 3025 667 genere
3054 597 3201 666 quod
3236 596 3342 666 ipsi

1762 680 2139 748 maxinmpcre
2190 680 2462 750 placebat,
2512 700 2764 740 summus
2794 696 2997 741 orator.
3032 687 3192 747 Certe
3227 703 3340 742 non

1760 771 1936 840 magis
1964 786 2091 840 erga
2123 770 2441 845 Dionysium
2461 790 2626 845 quam
2650 792 2777 847 erga
2807 778 3050 849 reliquos
3088 778 3341 848 ingratus

1760 860 1879 915 fuit.
1924 860 2057 918 Eum
2096 864 2243 918 enim
2281 880 2384 935 pro
2408 882 2559 921 inore
2578 883 2679 923 suo
2707 885 2818 922 non
2841 871 3011 924 semel
3040 871 3211 925 tacito
3236 886 3338 925 no-

1759 952 1927 1017 mine,
1971 962 2026 1006 nt
2061 954 2193 1007 mihi
2223 955 2459 1025 videtur,
2486 958 2835 1041 significavit.
2871 959 3008 1013 Tum
3038 960 3184 1015 enim
3212 974 3337 1013 ora-

1758 1042 1905 1098 tione
1958 1043 2026 1099 58
2061 1044 2113 1097 in
2147 1043 2489 1115 Theophauia
2518 1090 2532 1107 .
2585 1059 2698 1103 tum
2730 1051 2892 1105 etiam
2925 1051 2996 1105 42
3038 1051 3093 1106 in
3125 1051 3335 1107 Pascha

1756 1134 1874 1190 hate
1898 1136 2062 1189 verba
2098 1136 2292 1192 habet:
2317 1137 2473 1193 Οὕτω
2509 1141 2607 1210 μὲν
2631 1135 2813 1195 οὖνέτὰ
2832 1141 2965 1211 ἅγια
2998 1142 3105 1196 τῶν
3138 1143 3330 1211 ἁγίων,

1752 1222 1789 1276 ἃ
1820 1224 1915 1277 καὶ
1958 1228 2071 1288 τοῖς
2120 1226 2372 1297 Σεραφὶμ
2417 1227 2866 1296 συγκαλύπτεται·
2908 1230 3002 1282 καὶ
3052 1228 3333 1292 δοξάζεται

1752 1315 1929 1385 τρισὶν
1963 1316 2255 1387 ἁγιασμοῖς
2305 1319 2384 1381 εἰς
2413 1317 2541 1388 μίαν
2592 1319 2833 1373 συνιοῦσι
2884 1320 3181 1391 κυριότητα
3236 1320 3332 1372 καὶ

1753 1405 2003 1477 θεότητα,
2039 1407 2066 1462 ὂ
2101 1409 2194 1462 καὶ
2227 1408 2370 1481 ἄλλῳ
2402 1410 2508 1463 τινὶ
2540 1410 2649 1465 τῶν
2684 1411 2790 1483 πρὸ
2839 1412 2998 1482 ἡμῶν
3048 1410 3333 1481 πεφιλοσό-

1752 1516 1916 1571 φηται
1939 1500 2203 1557 κάλλιστά
2222 1518 2280 1555 τε
2315 1501 2406 1555 καὶ
2433 1502 2761 1575 ὑψηλότατα.
2796 1503 2886 1557 Sic
2910 1506 3163 1557 nimirum
3189 1504 3333 1559 San-

1750 1604 1835 1647 cta
1869 1604 2171 1648 sanctorum
2196 1612 2312 1666 qua:
2340 1596 2503 1650 etiam
2537 1612 2569 1649 τι
2593 1597 2889 1666 seraphinis
2932 1601 3249 1668 obteguntur
3268 1614 3331 1651 ac

1750 1688 1919 1743 tribus
1946 1691 2459 1759 sanctiﬁcationibus
2488 1691 2839 1759 celebrantur,
2870 1694 2923 1747 in
2961 1710 3120 1747 uuam
3150 1692 3331 1746 donti-

95 1772 317 1826 damento
348 1773 529 1827 habet.
558 1777 626 1828 At
654 1793 793 1844 vero,
823 1778 1021 1848 inquit,
1047 1798 1167 1834 cum
1195 1784 1356 1838 clari;
1385 1789 1645 1857 σενιεεφιε
1681 1763 1719 1819 Β
1749 1779 2022 1832 nationem
2053 1790 2100 1833 et
2134 1779 2393 1835 Deitatem
2422 1781 2751 1848 coeuntibus,
2779 1782 3228 1851 quemadmodum
3280 1792 3331 1837 et

95 1866 382 1930 argumentis
414 1882 578 1935 supra
607 1870 676 1921 sit
698 1886 731 1921 a
762 1869 910 1923 nobis
938 1872 1381 1940 demonstratum,
1410 1878 1645 1948 Areopa-

94 1956 462 2022 giticanonuisi
514 1969 629 2027 post
668 1962 912 2031 quintum
970 1968 1225 2021 swculum
1281 1971 1445 2038 fuisse
1500 1974 1643 2028 edita

94 2062 141 2096 ar
166 2049 378 2116 cognita,
409 2051 636 2104 stultum
662 2062 711 2106 et
747 2054 1040 2111 absurdum
1088 2070 1190 2127 est,
1242 2061 1553 2133 Gregorium
1588 2082 1637 2121 ει.

93 2137 141 2189 D.
163 2140 255 2194 589
290 2153 556 2197 mortuum
581 2145 673 2199 hos
701 2147 864 2202 libros
884 2152 1264 2219 pervolutasse,
1293 2158 1384 2225 qui
1429 2167 1639 2213 centum

90 2242 127 2281 et
148 2232 356 2300 amplius
381 2246 502 2304 post
530 2237 644 2306 ejus
690 2251 912 2295 mortem
962 2245 1119 2297 annis
1150 2256 1304 2299 erant
1351 2251 1635 2305 nascituri.

89 2324 219 2379 Certe
241 2328 283 2381 si
320 2328 523 2385 Dallazo
571 2333 887 2397 credimus,
944 2335 1047 2390 150
1080 2339 1208 2392 anni
1255 2355 1379 2409 posr
1428 2342 1635 2397 obitmn

89 2415 300 2486 Gregorii
329 2422 502 2491 elapsi
533 2434 680 2490 sunt,
719 2426 1039 2497 priusquam
1089 2430 1470 2503 Areopagitica
1511 2434 1638 2490 ede.

90 2518 284 2577 rentur;
340 2513 439 2569 sed
489 2515 591 2570 hoc
630 2516 699 2571 ab
727 2533 795 2572 eo
839 2529 1053 2575 tantum
1100 2523 1329 2588 dictum,
1360 2541 1635 2595 nusquam

89 2601 490 2661 demonstratum
518 2618 622 2663 est.
664 2608 768 2676 Qui
812 2613 959 2666 enim
1016 2616 1295 2671 variarum
1334 2618 1633 2675 lectionum

89 2692 130 2746 in
154 2695 324 2752 codice
346 2696 687 2771 Dionysiauo
723 2719 1015 2759 numerum
1061 2718 1221 2763 aetate
1256 2708 1480 2765 Maximi
1535 2714 1633 2767 oh-

89 2791 387 2858 servaverit;
420 2793 517 2861 qui
551 2795 732 2851 varios
759 2798 1109 2863 scholiastas,
1145 2816 1285 2871 quos
1310 2811 1435 2857 ante
1463 2803 1634 2859 Maxi-

89 2892 209 2932 mum
238 2881 288 2934 in
318 2883 575 2939 eumdem
605 2897 767 2944 notas
814 2892 1211 2961 conscripsisse
1241 2904 1503 2963 apparet;
1537 2898 1629 2967 qui

85 2969 278 3028 Joannis
299 2974 743 3048 Scythopolitani
774 2992 994 3037 aetatem
1020 2994 1249 3050 certam,
1300 2996 1352 3041 et
1390 2988 1627 3060 Dionysii

85 3063 403 3121 Alexandrini
467 3069 759 3133 incertam,
817 3074 1069 3145 ideoque,
1130 3086 1189 3131 ut
1233 3080 1493 3134 credibile
1524 3092 1625 3141 est.

86 3156 227 3209 multo
248 3158 468 3228 longius
497 3160 567 3215 ab
595 3161 683 3214 illa
713 3161 935 3217 Maximi
969 3176 1262 3234 remotam;
1294 3169 1387 3238 qui
1415 3181 1630 3225 sancto-

86 3260 181 3299 rum
213 3246 432 3305 Patrum
469 3252 609 3307 sexti
661 3255 846 3308 smculi
909 3257 975 3311 de
1009 3274 1136 3313 vero
1171 3258 1523 3330 Areopagita,
1577 3270 1628 3314 et

85 3338 277 3394 aliorum
304 3344 369 3398 de
393 3342 595 3412 Magno
642 3357 695 3402 et
738 3349 897 3405 beato
951 3350 1210 3421 Dionysio
1261 3355 1625 3420 sententiam;

85 3431 156 3496 qui
185 3433 377 3504 reliqua
411 3452 539 3506 qua:
567 3438 633 3492 de
658 3439 851 3508 quinto
877 3442 1079 3496 saeculo
1118 3443 1483 3509 adduximus;
1534 3448 1625 3514 qui

81 3521 276 3593 denique
302 3543 437 3583 mss.
462 3530 738 3597 codicum,
759 3549 898 3602 quos
924 3534 1018 3588 alii
1038 3544 1366 3602 memorant,
1390 3544 1444 3591 et
1462 3552 1624 3606 quem

84 3611 189 3665 mihi
218 3616 294 3668 vir
315 3634 510 3672 earum
543 3636 748 3687 rerum,
773 3623 904 3677 dum
937 3624 1166 3691 viveret,
1199 3627 1624 3684 callentissimus

83 3702 285 3774 mihique
300 3708 666 3765 charissimus
691 3728 797 3767 non
816 3715 1052 3769 minoris
1072 3718 1434 3787 antiquitatis,
1460 3736 1623 3789 quam

83 3793 481 3869 sitSeptuaginta
512 3800 878 3873 lnterpretum
910 3808 963 3861 in
989 3808 1322 3865 bibliotheca
1346 3814 1489 3882 regis
1529 3830 1625 3870 uo-

80 3886 155 3937 ξιτί
175 3890 352 3953 codex,
386 3910 512 3949 esse
544 3898 804 3963 asseruit,
846 3909 1175 3955 vetustatem
1200 3905 1414 3957 noverit
1440 3922 1453 3970 ;
1485 3922 1625 3959 nun-

81 3991 211 4042 quam
238 3981 346 4037 haec
370 3985 439 4039 de
458 3987 600 4040 sexti
625 3990 811 4043 saeculi
841 3992 1083 4046 editione
1100 3992 1247 4048 dicta
1274 4010 1374 4063 pro
1396 3996 1623 4049 demon-

82 4067 253 4130 stratis,
282 4073 373 4125 sed
404 4078 794 4132 tantummodo
852 4096 951 4149 pro
988 4097 1139 4135 mera
1191 4099 1257 4137 ex
1307 4086 1621 4153 conjectura

81 4162 211 4223 atque
228 4174 597 4233 przcconccpta
634 4170 891 4237 Opinione
930 4172 1157 4240 prolatis
1201 4174 1439 4229 habebit.
1466 4175 1621 4231 Nulla

82 4244 326 4314 ilaquehic
359 4255 719 4312 ineluctabilis
747 4268 1038 4329 temporum
1066 4264 1205 4317 ratio
1241 4266 1401 4319 nobis
1431 4267 1616 4321 ollicit.

84 4334 295 4397 Secundo
325 4345 505 4415 inquit
531 4366 543 4402 :
574 4347 685 4402 Cur
725 4349 1034 4421 Gregorius,
1074 4356 1120 4408 si
1148 4356 1253 4409 ista
1301 4374 1333 4410 a
1364 4357 1619 4429 Dionysio

1746 1870 1887 1923 alius
1919 1872 2137 1942 quidam
2165 1882 2286 1926 ante
2309 1888 2401 1925 nos
2449 1873 2799 1942 pulcherrime
2842 1885 2895 1928 et
2953 1874 3329 1929 sublimissimo

1745 1964 2145 2034 philosophatus
2175 1974 2273 2018 est.
2304 1964 2461 2020 Hunc
2486 1966 2653 2019 alium
2694 1968 2972 2037 quemdam
3005 1967 3325 2038 Dionysium

1745 2055 2077 2126 signiﬁcare,
2117 2057 2200 2109 vir
2225 2056 2278 2110 in
2301 2056 2486 2127 lingua
2514 2056 2702 2112 Graeca
2726 2074 2977 2113 summus
2998 2058 3326 2112 Guillelmus

1747 2145 1978 2201 Budaeus
2007 2148 2349 2202 observavit:
2407 2150 2658 2218 quamvis
2714 2149 2768 2202 S.
2815 2149 3181 2206 Athanasium
3233 2150 3322 2205 hic

1743 2238 2076 2309 subintelligi
2134 2242 2407 2295 notaverit
2443 2240 2591 2297 Elias
2613 2240 2914 2296 Cretensis.
2963 2240 3067 2297 Sed
3099 2242 3325 2311 quomi-

1742 2347 1847 2386 nus
1870 2332 1985 2386 hmc
2016 2332 2081 2385 de
2115 2332 2416 2387 Athanasio
2445 2333 2742 2402 intelligam
2774 2375 2789 2397 ,
2825 2334 2936 2388 duo
2972 2334 3322 2403 potissimum

1742 2432 1944 2490 vetant,
1978 2432 2093 2477 tum
2127 2425 2390 2493 temporis
2418 2426 2581 2491 ratio,
2616 2434 2731 2479 tum
2757 2440 2931 2495 genus
2984 2426 3317 2494 scriptionis.

1738 2514 1897 2571 Hunc
1936 2516 2085 2570 enim
2138 2516 2320 2585 primo
2366 2514 2670 2587 Gregorius
2710 2526 2868 2571 vocat
2918 2518 3041 2571 τινὰ
3073 2518 3181 2571 τῶν
3216 2518 3322 2588 πρὸ

1736 2608 1918 2679 ἡμῶν,
1955 2607 2060 2663 hoc
2100 2618 2184 2662 est
2213 2611 2493 2678 quemdam
2528 2610 2619 2679 qui
2649 2620 2773 2664 ante
2820 2610 2994 2678 ipsum
3020 2610 3183 2675 vixit;
3211 2626 3323 2679 quo

1736 2698 2218 2770 loquendigenere
2241 2698 2321 2753 uti
2348 2699 2529 2755 solent
2579 2698 2753 2755 Graeci
2806 2700 3145 2770 scriptores,
3192 2716 3318 2756 cum

1736 2789 2016 2846 hominem
2040 2791 2345 2861 intelligunt
2380 2798 2677 2861 antequam
2724 2792 2824 2862 ipsi
2857 2792 2971 2847 nati
3020 2792 3173 2859 sint,
3225 2803 3320 2848 aut

1734 2881 1928 2936 saltem
1958 2882 2223 2936 memoria
2263 2881 2550 2951 pollerent,
2580 2892 2880 2939 mortuum.
2940 2881 3320 2940 Nazianzenus

1734 2981 1919 3027 autem
1951 2972 2252 3027 maximam
2277 2973 2402 3027 vita:
2431 2984 2640 3042 partem
2672 2990 2797 3029 cum
2821 2975 3128 3030 Athanasio
3153 2976 3319 3030 simul

1734 3064 2116 3133 consumpsit:
2171 3065 2270 3121 has
2322 3066 2470 3135 ipsas
2519 3066 2797 3122 orationes
2835 3066 3317 3137 ConstantinOpoli

1686 3155 1700 3171 ‘
1734 3156 1941 3210 dixisse
2002 3157 2215 3211 videtur
2270 3167 2397 3211 ante
2439 3159 2783 3229 septennium
2848 3168 2971 3229 post
3028 3159 3316 3213 Athanasii

1735 3259 1966 3304 mortem
1992 3266 2004 3314 ;
2035 3251 2256 3319 scripsit
2285 3262 2491 3313 autem,
2518 3268 2641 3306 cum
2675 3253 2743 3307 de
2774 3252 2932 3308 statis
2978 3252 3317 3308 solemnibus

1733 3351 1916 3411 agant,
1943 3340 2084 3397 forte
2122 3344 2286 3397 etiam
2336 3354 2631 3411 antequam
2669 3344 3007 3399 Athanasius
3055 3345 3311 3401 decessit.

1731 3433 1836 3500 Qui
1862 3443 2046 3488 autem
2081 3436 2269 3489 eadem
2312 3444 2470 3491 (etate
2510 3437 2668 3502 vixit,
2718 3438 2847 3491 licet
2887 3445 3014 3491 ante
3057 3453 3183 3492 eum
3219 3440 3313 3508 qui

1731 3527 1941 3593 scribit,
1967 3537 2022 3581 et
2044 3537 2339 3597 antequam
2373 3530 2598 3595 scribat,
2618 3529 2733 3599 jam
2759 3527 3049 3584 defunctus
3091 3530 3181 3593 sit,
3205 3530 3312 3585 dici

1731 3619 1869 3675 solet
1896 3617 2082 3675 Graece
2104 3618 2188 3683 τὶς
2223 3620 2346 3674 καθ’
2386 3621 2550 3691 ἡμᾶς,
2584 3621 2805 3691 quidam
2828 3624 2918 3692 qui
2950 3631 3133 3675 nostra
3157 3631 3314 3676 aetate

1729 3710 1860 3763 uixit
1885 3748 1900 3773 ,
1940 3717 1998 3762 ut
2040 3709 2154 3779 ipse
2194 3710 2441 3779 loquitur
2463 3710 2712 3765 oratione
2766 3710 2868 3764 56:
2923 3710 3010 3772 Ὠς
3044 3710 3153 3762 τῶν
3188 3709 3312 3763 καθ’

1730 3802 1882 3871 ἡμᾶς
1917 3801 2215 3870 φιλολόγων
2249 3819 2348 3865 τις.
2388 3800 2575 3858 Graece
2608 3802 2759 3858 enim
2797 3801 2856 3855 τὸ
2890 3801 3018 3857 καθ’
3043 3801 3222 3871 ἡμᾶς,
3259 3809 3313 3856 et

1727 3892 1828 3946 ἐπὶ
1850 3891 1966 3945 τῶν
1982 3892 2284 3962 ἡμετέρων
2296 3894 2531 3964 χρόνων
2547 3895 2687 3949 idem
2705 3894 2991 3961 sonant;sb
3012 3894 3125 3963 πρὸ
3141 3892 3313 3963 ἡμῶν

1728 3988 1897 4057 igitur
1927 3987 2144 4057 proprie
2175 3987 2319 4042 idem
2362 3988 2511 4058 quod
2550 3988 2665 4056 πρὸ
2708 3986 3011 4057 ἡμετέρων
3051 3988 3307 4055 χρόνων,

1726 4089 1849 4133 ante
1884 4087 2096 4134 (etatem
2122 4088 2379 4133 nostram.
2416 4079 2496 4134 Ita
2527 4078 2823 4152 Gregorius
2862 4080 2979 4151 ipse
3015 4088 3160 4136 orat.
3195 4081 3305 4134 44:

1724 4170 1923 4235 Καθὼς
1955 4171 2056 4243 ήδη
2090 4172 2231 4234 τινὲς
2247 4171 2354 4225 τῶν
2370 4172 2476 4243 πρὸ
2493 4170 2649 4243 ἡμῶν
2664 4171 2723 4225 τὸ
2738 4170 3052 4243 Σολομώντε
3062 4188 3137 4226 ιον
3170 4172 3256 4239 ὲξε
3266 4191 3307 4224 ι-

1724 4264 1974 4335 λήφασιν.
2037 4262 2187 4319 Orat.
2246 4264 2344 4319 28:
2396 4262 2468 4317 Τὸ
2528 4265 2746 4337 ἕτοιμον
2806 4268 2887 4330 εἰς
2942 4265 3191 4333 ἐξουσίαν
3210 4267 3308 4338 ἀρ-

1725 4357 1820 4424 γὸν
1853 4360 1933 4421 εἰς
1968 4356 2284 4427 ἐπιθυμίαν,
2320 4356 2397 4420 ὣς
2444 4374 2528 4421 τις
2568 4356 2671 4429 ἔφη
2725 4357 2832 4411 τῶν
2876 4359 2983 4430 πρὸ
3026 4358 3179 4429 ήμῶν
3203 4377 3214 4388 ·
3253 4368 3307 4414 et

80 4440 182 4482 esset
202 4446 486 4514 mutuatus,
513 4450 786 4494 auctorem
816 4444 1026 4512 ingrato
1067 4445 1280 4501 silentio
1306 4449 1569 4503 dissimult

1814 4460 1861 4503 .t.
1890 4449 1990 4503 '56:
2025 4448 2243 4503 Τούτων
2274 4450 2429 4503 οὐδέν
2464 4466 2663 4522 φαμεν,
2699 4452 2747 4504 εἰ
2781 4452 2874 4504 καί
2909 4468 3021 4504 τισι
3055 4450 3162 4504 τῶν
3197 4453 3303 4522 πρὸ

82 4522 169 4571 ret?
187 4524 282 4575 Cur
308 4543 410 4581 non
437 4529 553 4597 ejus
582 4545 767 4584 nomen
797 4534 971 4587 ederet
999 4536 1139 4603 apud
1180 4552 1356 4591 omnes
1398 4555 1613 4593 verrem-

81 4608 190 4664 bile!
220 4612 541 4686 Responderi
572 4621 771 4690 primo,
828 4637 1027 4676 nomen
1061 4623 1180 4692 ejus
1218 4634 1375 4679 astate
1411 4625 1616 4696 Grego-

83 4700 132 4751 rii
162 4718 252 4758 non
272 4709 410 4762 adeo
432 4712 745 4765 venerabile
772 4712 979 4780 fuisse;
1029 4711 1434 4770 Nazianzcnum
1488 4735 1613 4773 cum

83 4803 156 4855 pro
176 4810 287 4853 vero
307 4800 635 4870 Areopagita
687 4818 796 4856 non
837 4806 1159 4874 agnovisse;
1214 4818 1497 4864 auctorem
1549 4828 1614 4865 eo

82 4899 165 4949 ψιο
190 4891 400 4960 scripsit
423 4896 630 4949 saeculo
666 4911 764 4965 pro
812 4898 931 4952 viro
962 4899 1183 4968 quidem
1234 4916 1453 4971 magno,
1519 4905 1612 4958 sed

81 4987 155 5028 sua
203 4982 295 5034 sub
332 4984 518 5040 alieno
574 4987 798 5041 nomine
838 4989 1032 5044 edente
1075 5001 1359 5061 acceptum
1421 4995 1608 5048 fuisse.

82 5064 357 5139 liespondeo
394 5081 677 5147 secundo,
739 5078 1146 5138 Nazianzenum
1188 5086 1483 5154 scriptores
1523 5104 1609 5141 ec-

82 5156 343 5225 lcsiasticos
375 5173 667 5228 nominare
715 5189 824 5228 non
882 5175 1083 5238 solere,
1122 5178 1168 5231 si
1224 5176 1365 5233 forte
1418 5194 1609 5234 eorum

80 5260 329 5315 sententias
367 5263 623 5318 adducat.
681 5265 884 5320 Saltem
925 5282 1048 5338 ego,
1092 5267 1221 5322 dum
1265 5268 1413 5324 illius
1444 5286 1611 5341 opera

80 5348 387 5419 P'irvolutari,
422 5357 697 5410 neminem
729 5357 797 5411 ab
814 5373 880 5413 eo
899 5374 966 5413 ex
990 5359 1278 5415 catholicis
1322 5362 1397 5416 ita
1431 5363 1610 5417 nomi-

80 5446 229 5521 natum
254 5448 636 5502 animadverti.
674 5448 893 5519 Orphea
925 5451 1170 5521 quidem,
1225 5451 1521 5509 Homerum
1558 5466 1611 5511 et

81 5519 345 5598 Hesiodum,
394 5534 783 5609 Pythagoram,
828 5519 1203 5612 Herodotum,
1228 5542 1526 5603 Pindarum
1556 5560 1610 5603 et

79 5613 335 5692 Platonem,
368 5632 623 5701 Aquilam
666 5633 830 5688 etiam
862 5644 1030 5706 atque
1063 5636 1454 5704 Symmachum
1504 5656 1604 5694 no-

82 5710 249 5782 minat;
276 5720 715 5782 Christianorum
751 5729 1084 5798 scriptorum
1112 5733 1356 5798 nomina,
1390 5744 1603 5803 quoties

1719 4543 1750 4611 ἡ
1759 4540 1874 4611 μῶν
1891 4541 1965 4605 ὡς
1982 4544 2175 4613 ἰσχυρὰ
2192 4542 2446 4596 τέθειται.
2463 4542 2714 4613 Aliquem
2742 4544 2907 4614 igitur
2923 4542 3302 4598 Nazianzenus

1718 4633 1945 4698 indicat,
1970 4649 2132 4703 quem
2163 4635 2278 4703 ipse
2306 4650 2417 4705 pra:
2462 4643 2622 4690 aetate
2661 4650 2773 4690 non
2824 4636 3008 4693 novit:
3055 4637 3199 4706 quod
3235 4636 3302 4690 de

1715 4725 2018 4779 Athanasio
2042 4723 2145 4778 dici
2181 4742 2285 4778 non
2308 4736 2508 4796 potest.
2536 4726 2813 4791 Secundo,
2844 4728 2935 4784 illa
2970 4730 3133 4784 verba
3157 4730 3299 4801 ὑψη-

1714 4814 1913 4868 λότατα
1948 4816 2413 4887 πεφιλοσόφηται,
2450 4819 2694 4875 indicare
2731 4821 2988 4876 videntur
3035 4822 3296 4893 aliquem,

1714 4907 1808 4975 qui
1828 4907 2103 4962 locutione
2128 4910 2363 4977 quadam
2387 4911 2575 4981 grandi
2600 4921 2767 4982 atque
2792 4914 3015 4968 sublimi
3039 4930 3159 4969 eam
3182 4930 3297 4968 rem

1715 5010 2039 5068 prosecutus
2076 5000 2190 5055 sit:
2236 5002 2287 5056 id
2328 5018 2459 5057 vero
2505 5005 2809 5062 Athanasio
2859 5023 3143 5077 nunquam
3199 5005 3296 5059 tri-

1714 5093 1882 5149 buere
1903 5094 2073 5148 voluit
2104 5092 2511 5163 Nazianzenus,
2542 5101 2702 5169 cujus
2733 5101 2855 5171 styli
2887 5099 3296 5171 simplicitatem

1714 5183 1833 5252 ipse
1861 5185 2067 5254 optime
2103 5185 2274 5253 novit,
2306 5188 2465 5258 cujus
2507 5191 2775 5246 orationis
2815 5190 3207 5245 sublimitatem
3238 5189 3295 5243 in

1713 5277 2044 5348 panegyrico
2070 5295 2353 5349 nunquam
2388 5281 2649 5347 laudavit,
2686 5298 2850 5355 quem
2875 5291 3086 5337 tantum
3128 5280 3294 5350 σοφὸν

1712 5367 1801 5420 τὸν
1833 5368 1990 5437 λόγον
2010 5411 2024 5436 ,
2072 5371 2378 5446 σοφώτερον
2402 5373 2501 5446 τὴν
2533 5374 2770 5430 διάνοιαν
2806 5373 2963 5428 dixit.
3024 5370 3294 5428 Neutrum

1712 5459 1877 5530 igitur
1897 5460 2221 5529 Athanasio,
2243 5465 2406 5519 ambo
2436 5465 2695 5537 Dionysio
2721 5465 3085 5531 conveniunt;
3126 5481 3292 5537 quem

1712 5554 2006 5622 postremis
2033 5553 2256 5611 Eusebii
2296 5557 2633 5626 temporibus
2663 5556 2954 5627 scripsisse
2976 5566 3163 5613 nostra
3189 5556 3293 5612 l‘ert

1712 5648 1997 5701 sententia.
2026 5647 2187 5703 Certe
2211 5650 2357 5719 quod
2395 5649 2528 5702 mihi
2555 5664 2793 5706 maxime
2815 5650 3113 5719 verisimile
3134 5652 3289 5705 vide--

1710 5738 1871 5793 batur
1906 5738 2046 5794 dixi:
2075 5750 2126 5795 et
2146 5756 2257 5795 tem
2275 5748 2442 5795 totam
2456 5738 2758 5798 doctiorum
2771 5742 2976 5813 judicio
3000 5744 3284 5802 submitte.
