3824 6198
384 228 483 298 ιη

987 357 1220 414 CAPUT
1269 356 1360 412 XL

381 455 771 522 Argumentum
833 453 1134 521 negativum
1189 451 1477 519 refutatur.
1536 449 1661 504 Non
1729 451 1970 522 rejieitur

454 524 594 646 quod
625 523 926 593 negativum
950 523 1042 584 sit,
1069 522 1160 575 sed
1182 522 1320 592 quod
1345 525 1400 574 in
1423 522 1522 573 hac
1551 538 1607 575 re
1630 523 1732 575 vim
1764 521 1968 573 nullam

494 593 665 646 abeat.
689 593 1072 646 Araumentum
1129 609 1162 645 a
1217 593 1530 646 testimoniis
1585 593 1968 646 aflirniativum

494 593 665 647 abeat.
689 593 1081 662 Argumentum
1129 609 1162 645 a
1217 593 1530 646 testimoniis
1585 593 1968 662 afﬁrmativum

391 667 426 712 -ὶ
459 661 1024 732 ηρραιίῑιιιηιίιίεεῑναὶι.
1057 661 1210 714 Intra
1245 679 1412 716 annos
1446 663 1657 714 circiter
1707 661 1968 732 2007quot

457 731 700 787 auctores
751 732 1054 802 Ignatianis
1111 733 1468 786 testimonium
1518 731 1770 799 prtebent.
1802 731 1969 799 Igna-

439 804 606 863 ftiana
636 820 739 857 non
771 806 984 872 fuerunt
1014 803 1392 857 Alexandrinis
1455 804 1746 872 incognita.
1800 802 1971 870 Euty-

455 874 562 927 chii
589 876 832 927 narratio
860 874 1153 927 excutitur.
1188 873 1382 928 Plures
1420 874 1688 942 episcopos
1713 874 1768 925 in
1795 872 1968 942 Αἴθῃ-

453 953 542 1005 pto
573 946 738 1012 fuisse
765 956 887 998 ante
921 945 1247 1000 Demetrium
1277 943 1554 1012 probatur.
1612 944 1690 996 De
1749 943 1968 996 [Ethio-

452 1015 585 1083 picce
607 1013 857 1068 Ecclesiw
883 1015 1086 1082 origine
1121 1024 1173 1067 et
1198 1015 1455 1083 episcopis
1498 1014 1614 1084 fuse
1641 1015 1965 1084 disputatur.

453 1084 536 1135 Ad
565 1096 933 1153 argumentum
951 1087 1016 1138 de
1050 1084 1369 1139 Jonensibus
1404 1093 1455 1137 et
1485 1084 1721 1137 Boiariis
1753 1100 1968 1153 respon-

452 1152 723 1226 deturLet
755 1157 820 1208 de
846 1154 1172 1226 Hieronymo
1205 1167 1363 1226 atque
1401 1154 1724 1224 Epiphanio.
1775 1152 1968 1224 Ignota

453 1225 620 1293 fuisse
653 1225 987 1296 Tertulliano
1029 1225 1318 1296 lgnatian’a
1338 1225 1696 1296 demonstrari
1731 1241 1833 1296 non
1874 1241 1968 1292 po-

453 1304 554 1348 test
578 1311 596 1356 ;
638 1305 694 1366 ut
720 1313 880 1366 neque
905 1295 1074 1358 Caio,
1101 1313 1262 1366 neque
1293 1296 1547 1348 Clementi
1574 1295 1965 1366 Alexandrino,

451 1382 614 1436 neque
658 1364 877 1435 Origeni
903 1407 918 1430 ,
959 1383 1121 1436 neque
1145 1365 1296 1419 Julia
1321 1366 1579 1434 Africano
1604 1408 1618 1431 ,
1662 1382 1824 1435 neque
1861 1364 1969 1417 La-

452 1438 656 1488 ctantio
678 1474 694 1498 ,
727 1453 893 1505 neque
914 1437 1169 1506 Dionysio
1211 1437 1597 1490 Alexandrino.
1653 1436 1968 1506 Argumenti

355 1531 366 1546 ο
451 1507 694 1560 collectio
735 1509 1137 1575 responsionum
1163 1507 1468 1561 collectione
1496 1508 1838 1577 expungitur.

449 1623 590 1677 Cum
617 1622 671 1676 in
699 1623 871 1691 priori
905 1621 1273 1677 Vindiciarum
1295 1633 1450 1693 parte
1472 1625 1538 1678 de
1559 1623 1820 1678 omnibus
1847 1637 1968 1692 qum

381 1717 450 1772 ad
476 1724 771 1771 externum
823 1724 1215 1787 argumentum
1268 1732 1297 1770 a
1352 1717 1683 1771 testimoniis
1735 1715 1964 1785 petitum

380 1811 677 1878 pertinent,
719 1810 1003 1879 disputare
1033 1810 1167 1864 mihi
1201 1811 1562 1866 constitutum
1605 1811 1696 1875 sit,
1745 1809 1970 1879 jamque

382 1903 636 1973 singulos
660 1913 829 1960 testes
861 1903 928 1958 ad
961 1903 1239 1974 lgnatiana
1281 1903 1655 1958 conﬁrmanda
1703 1902 1970 1956 adductos

381 1995 451 2048 ab
511 1996 815 2052 adversarii
867 1997 1276 2066 objectionibus
1322 1996 1703 2059 liberaverim;
1743 2009 1971 2048 necesse

381 2096 465 2142 est
498 2097 558 2142 ut
597 2091 786 2146 eadem
822 2105 988 2160 opera
1045 2102 1432 2160 argumentum
1451 2090 1621 2151 illud,
1653 2089 1800 2159 quod
1848 2105 1971 2143 om-

382 2181 536 2234 nium
571 2183 735 2237 simul
759 2183 1200 2238 testimoniorum
1243 2184 1354 2236 vim
1378 2193 1695 2237 enervatum
1728 2183 1799 2247 it,
1835 2197 1968 2234 exa-

382 2273 611 2336 minem,
645 2283 700 2327 et
728 2273 1130 2327 formidandam
1157 2274 1250 2327 alti
1284 2289 1348 2327 ac
1375 2273 1618 2328 diuturni
1640 2271 1844 2326 silentii
1867 2287 1970 2324 nu-

384 2367 509 2418 hem
541 2363 876 2434 dispergam.
923 2365 1068 2420 Ecce
1093 2367 1241 2420 enim
1297 2366 1533 2420 Dallaeus
1584 2374 1966 2435 argumentum

383 2456 687 2510 fabricatus
715 2464 802 2510 est
845 2464 900 2509 et
925 2465 1224 2525 exposuit,
1262 2456 1409 2526 quod
1448 2471 1619 2510 unum
1676 2457 1780 2510 sibi
1834 2457 1969 2512 satis

384 2563 508 2603 esse
539 2547 866 2610 conﬁtetur;
896 2546 1034 2601 adeo
1067 2554 1127 2600 ut
1153 2547 1365 2615 reliqua
1389 2547 1573 2600 omnia
1601 2545 1724 2600 ideo
1757 2554 1968 2599 tantum

387 2641 599 2705 afferat,
633 2649 693 2694 ut
726 2639 794 2694 iis
820 2638 1145 2703 satisfaciat,
1179 2639 1272 2708 qui
1321 2639 1452 2693 huic
1477 2655 1585 2693 non
1622 2646 1967 2708 argumento,

386 2732 480 2786 sed
507 2731 926 2801 argumentandi
973 2732 1155 2797 generi
1195 2730 1466 2784 diuidunt.
1520 2729 1632 2784 Hoc
1649 2731 1813 2800 igitur
1851 2727 1971 2784 fuse

387 2824 634 2892 quinque
668 2822 900 2892 integris
918 2822 1212 2890 capitibus,
1242 2838 1270 2876 a
1305 2821 1808 2890 quintoincipiens,
1842 2835 1969 2889 pro-

387 2917 659 2984 sequitur.
697 2915 968 2977 Primum,
1011 2915 1212 2984 inquit,
1239 2914 1522 2984 etquidem
1562 2915 1810 2966 adversus
1857 2913 1972 2965 uni-

384 3027 562 3064 uersas
588 3013 721 3065 istas
753 3013 1007 3081 epistolas
1039 3026 1314 3065 commune
1343 3019 1713 3079 argumentum
1756 3025 1789 3060 a
1836 3009 1970 3060 scri-

385 3110 599 3170 ptorum
626 3103 1105 3156 ecelesiasticorum
1143 3103 1357 3157 silentio
1402 3101 1620 3154 ducitur
1645 3141 1660 3166 ,
1702 3101 1793 3170 qui
1849 3108 1972 3153 ante

386 3195 679 3255 Eusebium
702 3197 846 3266 apud
877 3214 969 3250 nos
998 3198 1316 3264 ﬂoruerunt.

459 3287 579 3342 Non
608 3306 756 3344 nunc
786 3290 855 3344 de
885 3291 937 3343 vi
971 3292 1279 3360 argumenti
1313 3306 1342 3344 a
1369 3291 1689 3346 testimonio
1711 3290 1972 3356 negativi,

387 3385 506 3438 sive
533 3399 563 3438 a
592 3384 813 3439 silentio
838 3385 1170 3454 scriptorum
1199 3383 1352 3454 petiti
1391 3385 1612 3454 disputo
1639 3403 1652 3446 ;
1698 3399 1807 3437 non
1833 3397 1974 3453 nego

387 3477 611 3547 aliquod
640 3476 956 3547 hujusmodi
980 3475 1278 3546 aliquando
1299 3477 1463 3531 etiam
1495 3476 1563 3530 de
1596 3475 1976 3545 suppositione

386 3570 626 3639 alicujus
680 3570 867 3639 scripti
900 3571 1115 3625 valere:
1175 3570 1287 3625 imo
1335 3569 1566 3624 libenter
1597 3587 1706 3625 non
1762 3579 1975 3625 tantum

388 3663 655 3728 concedo,
717 3663 815 3718 sed
870 3671 925 3718 et
977 3663 1251 3719 contendo
1281 3665 1376 3718 tali
1407 3675 1732 3734 argumento
1781 3665 1972 3719 nisum

386 3771 791 3825 nonnunquam
851 3755 1153 3811 Eusebium
1194 3758 1399 3826 ipsum,
1457 3772 1619 3825 quem
1665 3757 1970 3826 sequimur,

389 3851 701 3919 aliquorum
725 3850 993 3904 librorum
1024 3852 1406 3906 auctoritatem
1431 3849 1746 3920 respuisse;
1779 3859 1837 3903 ut
1865 3850 1977 3903 An-

388 3943 533 3996 dreae
558 3952 615 3995 et
641 3940 874 3995 Joannis
891 3950 947 3995 et
969 3942 1204 3998 aliorum
1229 3943 1601 4014 apostolorum
1625 3941 1794 3995 Actus
1821 3957 1979 4009 repu-

387 4034 595 4100 diabat,
624 4028 701 4088 ὧν
735 4035 886 4089 οὐδὲν
919 4035 1168 4106 οὐδαμῶς
1188 4038 1248 4088 ἐν
1283 4034 1676 4107 συγγράμματι
1709 4035 1818 4088 τῶν
1838 4037 1978 4090 κατὰ

386 4129 642 4199 διαδοχὰς
681 4128 1186 4200 Ἐκκλησιαστικῶν
1206 4146 1290 4192 τις
1322 4128 1462 4201 ἀνὴρ
1481 4131 1562 4192 εἰς
1597 4131 1817 4200 μνήμην
1836 4129 1977 4197 ἀγα-

388 4225 508 4292 γεῖν
539 4221 762 4292 ἠξίωσε.
801 4223 944 4287 Quos
977 4222 1155 4276 nullus
1185 4239 1418 4293 unquam
1458 4224 1548 4294 qui
1573 4205 1883 4276 continuata
1911 4224 1976 4277 ab

389 4315 648 4378 apostolis
673 4317 1001 4369 successione
1025 4315 1081 4369 in
1137 4314 1378 4369 Ecclesia
1411 4317 1614 4382 docuit,
1663 4317 1719 4370 in
1761 4314 1976 4388 scriptis

388 4411 502 4462 suis
530 4424 942 4474 commemorare
965 4409 1219 4480 dignatus
1254 4417 1351 4462 est.
1390 4407 1539 4462 Hist.
1564 4409 1692 4464 eccl.
1733 4411 1769 4464 l.
1807 4426 1893 4467 ιιι.
1924 4427 1974 4466 c.

388 4504 481 4558 25.
525 4502 825 4557 Clementis
860 4503 1027 4557 etiam
1071 4502 1361 4572 epistolam
1411 4503 1710 4557 secundam
1760 4502 1974 4570 reiecit,

393 4597 539 4648 hanc
570 4596 789 4650 unicam
816 4595 1083 4649 rationem
1111 4595 1377 4650 reddens:
1413 4595 1488 4648 Οὐ
1528 4595 1632 4667 μὴν
1666 4596 1741 4648 ἔθ’
1775 4596 1978 4680 opole

389 4688 456 4757 τῇ
495 4686 865 4758 προτέρᾳνκαὶ
898 4685 1102 4756 ταύτην
1135 4685 1412 4757 γνώριμον
1464 4686 1807 4757 ἐπιστάμεθα
1830 4726 1844 4749 ,
1897 4687 1980 4739 ὃτι

395 4779 531 4849 μηδὲ
566 4780 689 4841 τοὺς
723 4777 982 4848 ἀρχαίους
1007 4779 1143 4849 αὐτῇ
1172 4778 1545 4850 κεχρημένους
1581 4779 1756 4851 ἴσμεν.
1788 4778 1979 4833 Verum

390 4872 527 4923 hanc
551 4886 654 4921 non
687 4869 902 4938 perinde
925 4879 1185 4938 receptam
1239 4880 1396 4942 atque
1425 4871 1775 4941 approbatum
1814 4871 1980 4939 fuisse

389 4977 487 5030 pro
509 4971 651 5015 certo
676 4960 949 5027 habemus,
977 4960 1403 5032 quandoquidem
1425 4963 1731 5017 vetustiores
1765 4961 1878 5029 ejus
1905 4969 1981 5013 te-

390 5055 643 5110 stimonio
675 5071 1004 5125 nequaquam
1035 5072 1156 5109 usos
1178 5073 1289 5110 esse
1337 5057 1708 5127 comperimus,
1744 5056 1779 5108 1.
1808 5059 1978 5117 ιιι,ἐ.

390 5151 481 5205 58.
515 5147 619 5205 Ubi
657 5149 946 5220 diligenter
975 5149 1380 5205 observandum
1431 5159 1535 5216 est,
1569 5149 1864 5205 discrimen
1925 5147 1980 5200 in

388 5241 480 5297 his
504 5242 641 5313 ipsis
672 5241 829 5298 libris
861 5242 1232 5312 dijudicandis
1259 5247 1330 5300 ab
1355 5242 1932 5310 Eusebioadhibitum
1965 5259 1979 5306 ;

391 5336 603 5413 priores
634 5351 862 5405 prorsus
893 5348 946 5393 et
992 5343 1210 5410 penitus
1241 5343 1590 5407 condemnat,
1624 5356 1732 5394 non
1769 5347 1980 5392 tantum

393 5429 467 5483 ob
525 5432 974 5512 testimoniorum
1010 5433 1284 5489 defectum
1313 5475 1328 5498 ,
1386 5435 1479 5488 sed
1512 5442 1568 5488 et
1594 5434 1666 5486 ob
1695 5431 1982 5486 materiam

372 5524 719 5592 apostolicis
753 5526 975 5596 scriptis
1003 5528 1229 5582 minime
1259 5535 1711 5591 consentaneam,
1738 5534 1793 5578 et
1821 5525 1984 5594 plane

396 5614 752 5683 hzeretieam;
790 5622 1152 5687 posteriorem
1189 5629 1396 5685 autem,
1433 5620 1578 5688 quod
1615 5617 1981 5671 vetustiorum

396 5709 734 5770 testimoniis
779 5712 1073 5773 destitutus
1125 5724 1293 5783 esset,
1334 5730 1431 5786 pro
1464 5729 1568 5767 non
1597 5713 1732 5770 adeo
1767 5721 1983 5783 recepto

1421 231 1479 288 S.
1521 229 1871 286 lGNATIUS.
1906 261 1975 270 ——
2023 225 2562 284 PROLEGOMENA.

3562 213 3674 274 οη

1997 365 2045 419 Α
2077 363 2242 423 atque
2269 353 2556 423 explorato
2586 346 2972 404 tantummodo
3008 344 3193 410 habet,
3239 342 3386 398 unde
3445 341 3518 395 ab
3544 341 3669 394 aliis

2073 457 2262 518 postea
2300 455 2560 515 receptus
2590 451 2697 498 est.
2745 442 2972 496 Certum
3007 448 3192 494 autem
3232 447 3317 492 est
3363 433 3665 489 Eusebium

2073 556 2175 596 nec
2211 541 2386 594 ullum
2421 538 2624 592 librum
2660 537 2804 589 inter
2825 532 3151 597 canonicos,
3175 544 3280 585 nec
3316 528 3466 583 inter
3498 525 3668 581 eecle~

2073 633 2328 690 siasticos
2359 645 2456 702 pro
2485 628 2794 684 indubitate
2826 640 2958 680 vero
2981 623 3278 692 recepisse,
3321 635 3493 690 quem
3525 617 3666 672 scri-

2069 734 2290 795 ptorum
2323 719 2822 777 ecelesiasticorum
2857 724 2982 769 ante
3023 729 3083 769 se
3137 710 3366 767 silentio
3415 705 3668 778 prater-i-

2070 825 2187 871 tum
2241 824 2298 870 et
2349 821 2600 869 veterum
2654 809 2988 865 testimoniis
3044 805 3267 875 penitus
3329 801 3663 856 destitutum

2071 906 2496 970 animadvertit;
2541 918 2719 973 neque
2759 917 2860 971 pro
2883 898 3189 954 indubitate
3219 895 3361 949 falso
3402 893 3668 962 rejeeisse

2071 1009 2236 1072 atque
2257 1000 2678 1060 condemnasse,
2704 994 2812 1050 nisi
2840 1000 3037 1064 praeter
3077 987 3527 1044 testimoniorum
3571 983 3666 1036 de-

2071 1090 2274 1145 fectum
2304 1089 2513 1159 aliquid
2552 1088 2606 1141 in
2633 1085 2758 1140 libri
2792 1082 3023 1138 materia
3047 1080 3309 1133 vitiosum
3355 1073 3667 1144 deprehen-

2070 1183 2231 1248 derit,
2265 1182 2409 1236 utin
2439 1179 2583 1234 Petri
2631 1186 2688 1232 et
2731 1174 2962 1245 Apionis
2987 1170 3218 1240 dialogis
3267 1167 3374 1223 sub
3441 1165 3664 1219 nomine

2069 1274 2370 1329 Clementis
2406 1270 2700 1342 publicatis
2726 1287 2737 1323 :
2771 1262 2871 1320 Ὧν
2889 1265 2996 1319 οὐδ’
3018 1264 3156 1326 ὅλως
3181 1262 3372 1332 μνήμη
3408 1275 3494 1322 τις
3514 1257 3665 1330 παρὰ

2069 1368 2182 1430 τοῖς
2215 1365 2467 1427 παλαιοῖς
2499 1363 2725 1434 φέρεται
2749 1376 2762 1389 ’
2798 1357 3048 1429 οὐδὲγὰρ
3081 1353 3323 1424 καθαρὸν
3357 1353 3461 1424 τῆς
3509 1352 3667 1405 Ἀποο

2073 1460 2323 1530 πολικῆς
2355 1455 2665 1529 ὀρθοδοξίας
2698 1450 2972 1515 ἀποσώζει
3005 1450 3098 1504 τὸν
3141 1448 3497 1520 χαρακτῆρα.
3521 1445 3667 1509 Quo-

2071 1568 2192 1605 rum
2224 1550 2366 1620 apud
2407 1550 2658 1617 antiquos
2677 1545 2833 1600 nulla
2865 1544 3078 1597 omnino
3101 1551 3276 1596 exstat
3305 1542 3542 1595 mentio:
3578 1555 3671 1592 ne-

2072 1661 2169 1714 que
2193 1643 2333 1696 enim
2351 1642 2561 1694 sincera
2592 1648 2748 1693 rectm
2775 1637 2900 1707 ﬁdei
2926 1635 2988 1688 ab
3012 1634 3268 1704 apostolis
3301 1632 3671 1686 traditanota

2071 1739 2129 1790 in
2159 1735 2270 1788 illis
2305 1749 2557 1802 expressa
2612 1730 2898 1799 reperitur.
2949 1727 3353 1796 Argumentum
3423 1721 3595 1792 igitur
3637 1738 3668 1776 a

2072 1828 2394 1884 testimonio
2432 1825 2748 1895 negativum
2773 1836 2882 1875 non
2911 1818 3164 1874 absolute
3197 1815 3670 1884 subterfugimus;

2073 1923 2166 1978 sed
2203 1922 2292 1976 ubi
2324 1922 2432 1974 vim
2473 1920 2715 1988 aliquam
2760 1915 2945 1980 habet,
2992 1913 3232 1967 libenter
3292 1910 3673 1975 admittimus,

2075 2018 2188 2071 imo
2212 2023 2266 2069 et
2291 2026 2572 2082 urgemus.
2608 2009 2665 2062 In
2697 2007 2944 2078 epistolis
2989 2005 3200 2074 lgnatio
3246 2003 3532 2072 ascriptis.
3572 2000 3671 2054 sed

2071 2124 2175 2163 nec
2203 2108 2274 2162 ab
2309 2103 2572 2170 Eusebio,
2608 2117 2708 2156 nec
2743 2101 2812 2155 ab
2836 2098 3168 2168 Hieronymo
3199 2095 3529 2150 memoratis
3570 2093 3676 2146 ad-

2072 2198 2381 2261 mittimus;
2421 2204 2476 2250 et
2502 2209 2629 2247 eum
2664 2206 2832 2246 nemo
2864 2205 2961 2260 per
2999 2197 3240 2258 quatuor
3291 2186 3499 2241 smeula
3543 2194 3675 2254 post

2071 2289 2266 2360 Ignatii
2324 2296 2556 2342 mortem
2594 2300 2783 2340 earum
2827 2281 3165 2344 meminerit,
3209 2278 3443 2334 omnino
3485 2278 3675 2347 rejici-

2072 2397 2220 2436 mus.
2259 2380 2318 2434 In
2350 2378 2600 2450 epistolis
2633 2391 2864 2446 prorsus
2903 2382 3026 2428 ante
3057 2373 3164 2427 hoc
3195 2372 3466 2426 saeculum
3501 2371 3674 2423 inau-

2073 2475 2224 2538 ditis,
2253 2488 2317 2527 ae
2348 2487 2415 2525 ne
2438 2485 2585 2525 nunc
2609 2469 2830 2539 quidem
2858 2464 3206 2521 exstantibus
3233 2503 3248 2526 ,
3303 2463 3402 2518 sed
3459 2463 3676 2517 solum-

2073 2567 2240 2620 modo
2267 2564 2333 2618 ad
2369 2563 2699 2617 cludcndum
2735 2560 2793 2614 S.
2821 2558 3106 2630 Polyearpi
3152 2554 3540 2610 testimonium
3569 2569 3674 2608 ex-

2073 2659 2328 2728 cogitatis
2379 2657 2544 2711 etiam
2605 2668 2898 2723 urgemus;
2944 2660 2998 2706 et
3053 2665 3178 2705 eum
3229 2647 3366 2701 nulli
3421 2663 3674 2716 unquam

2074 2752 2274 2808 saeculo
2292 2752 2524 2821 cognita:
2553 2747 2780 2813 fuerint,
2800 2761 2901 2816 pro
2921 2746 3176 2814 ﬁgmento
3197 2742 3494 2796 habemus.
3520 2740 3675 2796 ldetx.

2073 2846 2308 2915 denique
2360 2857 2567 2914 negans
2595 2848 3013 2910 argumentum,
3070 2835 3116 2890 si
3169 2834 3312 2888 forte
3379 2833 3674 2897 oneratur,

2073 2941 2252 3010 primo
2281 2937 2644 3002 discutimus;
2673 2934 3011 2996 discussum,
3041 2929 3085 2984 si
3119 2928 3327 2982 nullam
3375 2928 3432 2980 in
3467 2942 3528 2981 se
3557 2927 3677 2980 vim

1998 3049 2044 3109 ο
2074 3033 2277 3086 habere
2308 3032 2469 3085 nobis
2498 3029 2772 3093 videatur,
2802 3036 3107 3094 negamus;
3141 3027 3195 3074 et
3233 3018 3554 3089 negationis
3583 3032 3680 3072 ra-

2075 3124 2280 3179 tionem
2317 3122 2619 3177 reddimus.

2150 3215 2262 3286 Ego
2292 3231 2433 3281 vero,
2464 3211 2645 3282 inquit
2687 3209 2772 3264 vir
2810 3205 3188 3269 doctissimus,
3219 3221 3323 3258 non
3368 3204 3676 3273 negaverit":

2077 3311 2317 3383 quaedam
2347 3324 2458 3363 esse
2491 3303 2818 3376 lmjusmodi,
2842 3303 2894 3354 in
2931 3299 3120 3370 quibus
3149 3312 3428 3367 perperam
3455 3296 3558 3349 hoc
3584 3310 3682 3347 er-

2078 3401 2311 3475 gumenti
2345 3416 2506 3470 genus
2535 3396 2806 3450 adhibeas.
2834 3393 2900 3448 Et
2934 3407 3035 3462 ego
3059 3389 3332 3444 affirmare
3363 3403 3475 3442 non
3506 3387 3681 3442 dubi-

2078 3494 2333 3559 taverim,
2364 3505 2588 3559 causam
2633 3496 2879 3543 nostram
2921 3481 3194 3554 ejusmodi
3233 3495 3386 3543 esse,
3420 3489 3477 3533 ut
3522 3479 3584 3532 in
3613 3493 3684 3532 ea

2077 3589 2183 3642 rite
2206 3585 2453 3642 adhiberi
2485 3580 2709 3637 minime
2734 3579 2930 3648 possit.
2963 3576 3021 3630 Si
3045 3576 3191 3630 enim
3223 3588 3476 3642 unquam
3507 3587 3685 3642 argu-

2080 3691 2322 3736 mentum
2370 3694 2398 3732 a
2445 3673 2767 3731 testimonio
2811 3669 3122 3741 negativum
3174 3666 3314 3720 nihil
3368 3665 3577 3729 valeat,
3624 3665 3681 3718 id

2081 3782 2194 3828 tum
2233 3771 2509 3842 przecipue
2550 3767 2629 3832 ﬁt,
2660 3781 2783 3820 eum
2836 3764 2995 3815 datur
3034 3767 3423 3830 argumentum
3457 3773 3488 3810 a
3515 3759 3685 3811 testi-

2079 3865 2266 3920 monio
2313 3859 2736 3921 aliirmativum,
2782 3853 2927 3924 quod
2973 3851 3049 3904 illi
3099 3851 3262 3919 plane
3320 3848 3683 3903 contrarium

2081 3957 2275 4013 asserit
2291 3965 2345 4010 et
2363 3953 2587 4010 evincit.
2607 3950 2811 4010 Contra
2833 3946 2977 4000 enim
3004 3940 3422 3996 aliirmationem
3449 3940 3686 3993 testium

2081 4049 2230 4104 omni
2265 4047 2370 4102 ﬁde
2399 4047 2723 4116 dignorum,
2757 4039 3020 4106 nullaque
3064 4032 3323 4088 falsitatis
3359 4041 3461 4085 aut
3506 4032 3692 4086 imbe«

2081 4141 2322 4197 cillitatis
2350 4137 2666 4207 suspicione
2686 4129 3080 4191 laborantium,
3101 4125 3239 4179 nihil
3262 4124 3408 4177 valet
3431 4124 3689 4177 aliorum

2082 4231 2323 4296 negatio,
2352 4229 2528 4282 multo
2575 4225 2761 4279 minus
2793 4220 3093 4275 silentium.
3125 4214 3239 4270 Hoc
3271 4215 3502 4285 quidem
3539 4231 3692 4270 casu

2083 4332 2464 4396 argumentum
2496 4333 2700 4389 negans
2727 4315 2966 4383 seipsnm
2992 4316 3182 4380 negat;
3215 4307 3488 4362 fundatur
3523 4310 3690 4363 enim

2009 4414 2054 4468 D
2086 4420 2139 4472 in
2187 4417 2425 4489 generali
2473 4411 2693 4468 silentio
2727 4426 2740 4462 :
2769 4418 2822 4462 at
2860 4421 2986 4461 eum
3020 4404 3105 4458 vel
3147 4403 3334 4474 plures
3381 4403 3469 4456 vel
3501 4401 3693 4456 etiam

2082 4527 2228 4566 unus
2256 4508 2522 4578 loquitur,
2547 4500 2797 4574 generale
2829 4498 3110 4554 silentium
3138 4510 3249 4549 non
3287 4505 3391 4549 est.
3427 4495 3535 4560 Qui
3569 4495 3692 4548 vim

2082 4605 2203 4673 ejus
2241 4601 2480 4655 maxime
2525 4593 2847 4659 defendunt,
2884 4599 3017 4643 tunc
3059 4595 3270 4640 tantum
3321 4585 3516 4640 efﬁcax
3554 4601 3693 4640 esse

2084 4697 2342 4757 fatentur,
2387 4705 2512 4746 cum
2570 4685 2748 4740 nullus
2790 4683 3003 4736 omnino
3047 4680 3275 4748 scriptor
3319 4678 3549 4747 (equalis
3609 4677 3698 4731 vel

2083 4803 2282 4858 suppar
2321 4790 2544 4855 praestat
2589 4776 2985 4839 testimonium;
3020 4772 3112 4827 ubi
3161 4778 3345 4825 autem
3372 4768 3460 4823 vel
3487 4770 3700 4838 plures

2082 4882 2168 4935 vel
2201 4881 2364 4934 etiam
2394 4890 2540 4930 unus
2566 4879 2820 4934 testatur,
2848 4868 2953 4923 dici
2986 4881 3092 4921 non
3116 4871 3298 4948 potest
3322 4861 3536 4915 nullum
3565 4878 3700 4914 om—

2085 4974 2209 5026 nino
2242 4968 2602 5023 testimonium
2631 4973 2907 5034 praestare.
2941 4958 3118 5014 Causa
3151 4956 3323 5026 igitur
3346 4963 3544 5008 nostra
3581 4954 3704 5008 hoc

2086 5068 2470 5133 argumentum
2517 5055 2744 5111 minime
2789 5051 3051 5107 admittit.
3100 5046 3220 5100 Non
3265 5045 3416 5101 enim
3461 5054 3703 5099 tantum

2085 5151 2407 5214 Eusebium,
2438 5149 2529 5218 qui
2573 5149 2712 5200 intra
2745 5145 3014 5199 ducentos
3061 5146 3187 5210 post
3225 5139 3442 5191 obitum
3481 5135 3706 5204 lgnatii

2086 5259 2264 5300 annos
2294 5241 2458 5305 vixit,
2491 5238 2705 5294 ﬂoruit.
2740 5246 2794 5291 et
2821 5234 3108 5305 presbyter
3137 5228 3266 5291 fuit,
3304 5227 3710 5295 locupletissi-

2087 5353 2236 5393 mum
2277 5344 2469 5388 testem
2513 5332 2808 5395 habemus,
2841 5327 2935 5383 sed
2976 5335 3030 5379 et
3070 5331 3197 5378 ante
3235 5337 3364 5376 eum
3397 5321 3572 5404 etiam
3631 5322 3712 5374 ab

2087 5433 2207 5500 ipsa
2256 5424 2591 5482 sanctissimi
2638 5421 2895 5494 martyris
2940 5417 3200 5489 passione
3231 5415 3588 5484 complures.
3640 5413 3710 5468 S.

2091 5523 2424 5592 Polyearpus
2459 5519 2556 5572 has
2589 5517 2736 5586 ipsas
2758 5513 3042 5584 epistolas,
3069 5525 3181 5564 non
3207 5509 3347 5563 alias
3374 5515 3469 5562 aut
3496 5508 3716 5564 diver-

2090 5632 2201 5678 sas,
2235 5613 2424 5682 eodem
2463 5625 2572 5681 quo
2616 5609 2832 5678 scriptae
2864 5611 2994 5663 sunt
3029 5617 3176 5657 anno
3211 5601 3456 5670 collegit,
3480 5601 3713 5670 edidit,

2089 5706 2402 5783 posteritati.
2445 5701 2880 5769 commendavit,
2931 5707 2986 5752 ut
3037 5695 3156 5751 fuse
3219 5696 3516 5766 probatum
3586 5705 3712 5748 est.

2003 1707 2043 1766 Ιι
