3770 6314
117 206 212 262 eis.
603 245 704 281 η..

860 201 909 256 «1.
942 199 1310 259 PEARSONH
1349 201 1670 258 VINDICUE
1711 187 2130 262 ICNATIANE.
2190 184 2260 246 ζ
2294 204 2474 260 PARS
2511 205 2552 260 1.

3241 203 3349 258 2η

118 329 254 384 Philo
283 333 336 380 et
378 324 716 396 Agatbopus,
755 323 813 378 Β.
855 323 1048 396 lgnatii
1091 342 1157 380 ex
1207 325 1366 396 Syria
1408 328 1663 393 comites,
1697 341 1741 390 Α
1767 329 1979 384 efﬁcere
2009 345 2116 384 non
2161 338 2355 398 potest,
2389 337 2448 382 ut
2479 327 2626 401 quod
2656 327 2725 382 ab
2756 328 2878 386 aliis
2918 328 3120 387 visum.
3145 330 3344 386 Laetum

119 426 163 478 in
195 421 336 475 Actis
364 418 612 490 proximo
638 432 785 472 anno
811 418 995 484 editis,
1023 428 1082 472 ut
1113 418 1348 482 videtur,
1381 419 1666 488 epistolam

118 516 172 574 sd
202 513 463 566 Rotnanos
485 519 938 565 commemorant.
968 509 1026 564 S.
1056 510 1294 566 l'renteus
1318 527 1424 565 non
1451 512 1670 567 aliunde

117 622 260 677 quant
288 621 351 659 ex
384 603 570 658 eadem
604 603 837 673 epistola
865 603 1133 673 insignem
1163 603 1490 657 sententiam
1520 613 1669 657 tran-
1706 607 1711 613 ’

117 700 329 770 scripsit.
379 697 436 752 S.
469 696 838 766 Theophilus,
870 696 1180 751 Antiochize
1227 697 1543 766 episcopus,
1576 707 1670 752 aut

116 803 240 846 certe
284 800 434 845 vetus
480 799 672 844 auctor
709 787 767 845 S.
803 788 1006 843 Basilio
1052 789 1256 853 dictus,
1285 788 1536 858 ejusdem
1577 805 1672 844 sa:—

117 885 228 948 ruli,
255 885 409 938 aliam
449 883 614 937 etiam
647 882 977 938 sententiam
1021 897 1087 936 ex
1130 881 1362 950 epistola
1394 881 1458 936 ad
1494 881 1672 950 Ephe-

116 981 210 1032 sios
236 985 508 1031 mutuatus
535 984 640 1030 est.
675 973 863 1030 Tertio
894 975 1096 1029 smeulo
1127 973 1392 1045 Origenes
1422 975 1667 1029 eamdem

113 1068 535 1124 commemoravit
571 1068 792 1138 juvenis
828 1068 1030 1130 adhuc,
1065 1075 1118 1122 et
1148 1067 1310 1121 aliam
1342 1082 1407 1120 ex
1438 1067 1669 1136 epistola

112 1165 168 1217 ad
212 1161 482 1216 Romanos
535 1161 677 1214 idem
724 1175 888 1215 senex
941 1161 1234 1229 excerpsit,
1266 1175 1330 1218 ac
1378 1159 1670 1229 utrobique

113 1255 352 1326 lgnalium
387 1255 712 1308 nominavit.
753 1253 868 1308 Non
907 1255 1073 1325 igitur
1102 1256 1272 1309 altum
1310 1257 1363 1309 in
1402 1254 1668 1316 Ecclesia,

111 1366 205 1403 non
243 1349 558 1402 diuturnum
598 1349 876 1402 silentium
923 1348 1047 1403 fuit.
1097 1347 1357 1417 Epistolaa
1390 1345 1448 1402 S.
1479 1345 1669 1417 lguatii

111 1442 170 1498 ab
211 1441 320 1510 ipso
357 1455 548 1495 earum
587 1447 711 1494 ortu
764 1450 820 1494 et
861 1448 1008 1494 notae
1053 1448 1108 1494 et
1142 1440 1385 1494 illustres
1429 1439 1669 1500 fuerunt,

110 1545 372 1604 postquam
419 1532 662 1602 genuino
712 1531 972 1602 martyris
1022 1530 1180 1594 fetui,
1224 1548 1334 1586 non
1377 1531 1668 1596 Eusebius,

110 1623 187 1676 sed
233 1623 285 1676 S.
319 1621 657 1693 Polycarpus
709 1622 1099 1677 obstetricatus
1142 1634 1246 1676 est.
1289 1621 1366 1676 lix
1410 1638 1519 1692 quo
1549 1622 1670 1690 ejus

107 1719 310 1788 cpistola
342 1717 407 1771 ad
450 1716 830 1786 Philippeuses
855 1716 981 1770 data
1018 1717 1072 1770 in
1100 1715 1320 1786 publico
1358 1715 1500 1769 Asia:
1535 1729 1670 1769 con-

108 1822 247 1865 ventu
280 1809 635 1879 personabat,
663 1807 943 1878 lgnatiana
977 1818 1260 1877 tantopere
1292 1806 1672 1861 commendata

107 1903 250 1957 latere
295 1902 448 1956 nullo
499 1901 664 1956 modo
712 1910 1032 1970 potuerunt.
1091 1899 1314 1956 Nullum
1363 1902 1530 1971 igitur
1584 1901 1672 1956 hic

106 1995 375 2059 silentium;
393 1994 602 2048 nullttm
627 1994 874 2064 negantis
895 1995 1201 2061 argumenti
1229 1993 1669 2048 fundamentum.

163 2082 374 2138 Summa
429 2083 746 2153 argumenti
789 2099 819 2136 a
860 2083 980 2138 viro
1044 2084 1366 2139 doctissimo
1419 2085 1671 2154 producti

106 2175 201 2227 haec
237 2184 336 2230 est.
396 2173 459 2228 Si
499 2189 645 2229 verre
687 2185 874 2230 essent
920 2176 1003 2230 hic
1045 2175 1239 2244 lgnatii
1289 2176 1551 2246 epistolae,
1594 2191 1672 2232 ea:

106 2267 315 2321 fuissent
341 2267 480 2322 viris
507 2267 763 2332 eruditis,
788 2268 1010 2324 .lustiuo
1036 2271 1090 2324 in
1119 2271 1338 2340 primis,
1365 2280 1420 2326 et
1444 2270 1668 2338 Irenaeo,

103 2371 146 2412 et
187 2360 447 2420 Clementi
496 2360 892 2427 Alexandrino,
938 2373 992 2418 et
1039 2363 1402 2429 Tertulliano,
1444 2376 1500 2422 et
1547 2367 1671 2422 aliis

103 2453 319 2519 ejusdem
372 2470 578 2510 census
633 2467 799 2526 atque
839 2458 937 2511 aevi
991 2451 1354 2527 scriptoribus
1406 2461 1668 2530 cognitis-

103 2547 251 2600 simze.
294 2544 398 2600 Sed
435 2547 571 2602 viris
599 2549 706 2603 illis
737 2549 1128 2604 eruditissimis
1155 2551 1384 2618 cognita:
1412 2567 1520 2606 non
1554 2552 1670 2608 fue-

103 2646 228 2691 runt.
273 2637 415 2708 Ergo
459 2637 656 2710 lgnatii
702 2641 950 2711 epistola:
998 2658 1148 2698 verre
1187 2641 1296 2697 non
1342 2655 1491 2700 sunt.
1527 2645 1665 2700 Tum

102 2744 209 2781 vero
231 2745 328 2798 pro
347 2733 833 2800 concessosumit,
854 2749 958 2788 nos
987 2733 1121 2788 illud
1149 2751 1318 2790 unum
1347 2747 1665 2806 negaturos,

102 2821 292 2888 ignotas
329 2823 544 2878 scilicet
589 2824 759 2881 fuisse
802 2826 938 2902 yiris
991 2827 1101 2882 illis
1148 2828 1249 2882 has
1283 2829 1566 2898 epistolas.
1603 2831 1668 2886 At

102 2928 194 2967 nos
210 2914 314 2967 duo
357 2915 454 2970 hic
501 2932 786 2986 negamus,
819 2920 1084 2988 primttm,
1123 2920 1167 2975 si
1216 2919 1470 2977 Justinus
1501 2923 1663 2989 forte,

100 3017 178 3058 aut
202 3008 471 3076 Clemens,
503 3019 599 3064 aut
624 3010 1018 3079 Tertullianus,
1052 3025 1148 3070 aut
1174 3017 1227 3070 hi
1254 3033 1446 3071 omnes
1469 3016 1662 3086 lgnatii
1696 3040 1738 3097 ρ

97 3099 329 3163 epistolas
371 3099 757 3170 ignorassent,
811 3103 1146 3176 Polycarpus
1196 3116 1418 3174 autem,
1471 3106 1662 3176 Philo,

99 3189 431 3261 Agathopus,
467 3193 848 3276 Theophilus,
907 3197 1175 3265 lrenreus,
1233 3198 1518 3271 Origenes,
1559 3203 1668 3258 illis

99 3283 409 3350 antiquiores
450 3292 552 3338 aut
589 3301 784 3340 eorum
833 3290 1128 3359 synchroni
1176 3292 1485 3359 novissent;
1517 3297 1667 3352 nullo

101 3377 239 3429 modo
279 3379 570 3446 sequitur,
623 3379 724 3435 has
775 3383 1036 3451 epistolas
1099 3383 1289 3455 lgnatii
1352 3405 1509 3444 veras
1557 3407 1666 3444 non

99 3467 243 3525 fuisse
275 3489 290 3525 :
325 3474 726 3541 consequentia
764 3476 928 3545 igitur
965 3486 1177 3534 tantum
1206 3489 1290 3535 est
1338 3483 1666 3552 probabilis,

100 3578 189 3616 non
235 3565 573 3620 necessaria.
639 3565 895 3621 Secundo
951 3571 1073 3625 loco
1132 3589 1398 3646 negamus
1454 3576 1668 3646 ignotas

99 3651 243 3709 fuisse
270 3654 378 3712 illis
410 3657 550 3711 viris
587 3658 684 3711 has
717 3659 1004 3728 epistolas,
1031 3663 1194 3734 idque
1235 3667 1305 3720 ob
1334 3666 1474 3721 duas
1497 3669 1668 3721 ratio-

100 3760 197 3811 nes,
226 3756 334 3802 tum
374 3750 527 3819 quod
576 3752 799 3820 probari
852 3771 1136 3824 nunquam
1175 3773 1339 3827 posse
1386 3768 1665 3828 putamus,

97 3851 177 3890 eos
215 3854 399 3895 revera
442 3842 734 3912 ignorasse
757 3884 773 3908 ,
807 3854 921 3899 tum
976 3847 1126 3916 quod
1165 3849 1382 3903 meliori
1414 3851 1536 3920 jure
1567 3867 1666 3907 nos

99 3929 396 4000 colligimus,
429 3948 532 3988 eos
578 3936 762 4002 potius
813 3937 1019 4006 optime
1072 3940 1316 3995 novisse.
1362 3941 1469 3997 lll:e
1520 3943 1666 3996 enim

96 4019 332 4088 epistolie,
374 4041 504 4093 qua:
541 4023 864 4096 Polycarpo,
896 4026 1134 4094 Philoni,
1174 4030 1466 4103 Agathopi,
1491 4031 1669 4087 Theo-

99 4112 243 4179 philo,
291 4113 502 4170 Irenaeo
550 4125 605 4170 et
655 4115 875 4188 Origeni
930 4129 1073 4175 nota:
1120 4120 1378 4190 fuerunt,
1423 4122 1664 4193 Justino,

96 4202 353 4270 Clementi,
370 4205 721 4263 Tertulliano
744 4210 977 4280 aliisque
999 4211 1242 4279 ejusdem
1269 4229 1470 4269 census
1496 4225 1661 4285 atque

97 4295 177 4347 atri
225 4297 594 4369 scriptoribus
650 4316 758 4354 non
807 4302 1065 4356 videntur
1113 4305 1429 4374 incognitze,
1472 4306 1664 4362 fuisse.

1770 432 1823 478 et
1860 432 2181 492 usurpatum
2217 422 2340 489 fuit,
2385 422 2437 476 id
2467 421 2692 476 omnino
2730 437 2836 476 non
2875 423 3211 480 esset..Cum
3247 438 3349 479 au-

1771 523 1877 568 tem
1906 514 2020 584 jam
2053 513 2261 584 liquido
2292 521 2574 584 appareat,
2608 513 2815 568 nullum
2850 513 2905 567 itt
2949 513 3202 582 przeseuti
3246 529 3348 568 tre-

1771 608 1921 676 gotio
1952 615 2276 678 argumento
2327 607 2546 677 neganti
2579 607 2759 662 locum
2795 622 2945 671 esse;
2979 605 3115 662 illud
3161 604 3358 673 unum,

1771 709 1830 752 ιιι
1874 697 2047 754 voluit
2089 697 2345 765 Dallaaus,
2375 715 2521 754 nunc
2561 708 2752 767 restat,
2793 707 2850 753 ut
2891 697 3350 771 negemuslgna-

1771 792 1919 847 tiana
1966 793 2099 846 viris
2125 803 2178 847 et
2211 792 2475 848 Eeclesiis
2525 794 2896 849 celeberrimis
2927 792 3095 850 fuisse
3143 777 3358 866 ignota,

1771 897 1824 941 et
1877 887 2211 953 conjecturis
2265 887 2385 956 ejus
2426 887 2896 956 respondeamus,
2943 887 3142 956 quibus
3182 887 3354 942 fretus

1771 996 1834 1034 ea
1865 980 2122 1043 asseruit,
2159 995 2284 1050 qua:
2333 979 2448 1047 ipse
2495 978 2804 1033 certissitne
2843 979 3139 1049 ignoravit.
3181 978 3246 1034 Et
3285 981 3354 1035 ab

1772 1069 1975 1126 lrena-o
2007 1072 2228 1141 quidem
2276 1072 2510 1140 orditur,
2544 1072 2611 1126 de
2662 1087 2774 1142 quo
2809 1072 3033 1142 copiose
3075 1071 3351 1142 disputat;

1773 1163 1864 1217 sed
1897 1180 1958 1218 ea
1991 1164 2173 1218 omnia
2206 1180 2306 1218 suo
2342 1165 2463 1218 loco
2493 1163 2868 1219 refutavimus.
2905 1163 2988 1218 Ab
3016 1163 3223 1219 Irenaeo
3253 1181 3354 1219 au-

1775 1264 1879 1311 tem
1922 1259 2114 1312 transit
2139 1259 2204 1312 ad
2234 1257 2534 1312 Ecclesiam
2566 1258 3016 1312 Alexandrinam.
3310 1305 3316 1314 .

1845 1343 1948 1398 Sed
1977 1362 2135 1414 neque
2163 1346 2561 1412 Alexandrinis,
2591 1347 2768 1417 inquit
2797 1349 2973 1416 capite
3009 1348 3064 1416 7,
3091 1350 3358 1406 notiorem

1772 1455 1930 1507 quant
1960 1436 2164 1491 [renato
2188 1450 2235 1491 et
2276 1439 2489 1492 Asianis
2515 1439 2680 1510 fuisse
2717 1441 3049 1509 epistolicum
3082 1440 3356 1512 Ignatium

1773 1532 1907 1583 satis
1932 1546 1995 1583 ea:
2019 1534 2247 1600 quadam
2283 1532 2545 1602 singulari
2582 1532 2726 1585 illius
2773 1531 3026 1587 Ecclesia:
3072 1533 3358 1586 traditione

1773 1632 2000 1677 constat.
2038 1622 2104 1677 Et
2143 1639 2274 1677 sane
2303 1634 2514 1678 constet
2543 1622 2812 1694 lgnatium
2843 1634 3094 1678 nostrum
3123 1625 3358 1679 Alexan-

1775 1713 1949 1768 drinis
1973 1729 2082 1766 non
2110 1712 2281 1766 fuisse
2307 1713 2572 1768 notiorem
2597 1729 2761 1784 quam
2789 1712 2994 1770 Irenaeo
3017 1724 3071 1770 et
3099 1716 3318 1770 Asianis
3341 1734 3358 1783 ;

1777 1806 1958 1860 notior
2015 1806 2161 1860 enim
2212 1805 2597 1860 Alexandrinis
2622 1815 2716 1860 aut
2763 1807 2886 1861 aliis
2931 1809 3358 1876 quibuscunque

1774 1911 1895 1950 esse
1925 1911 2034 1949 non
2086 1898 2283 1966 potuit,
2323 1915 2446 1951 cutn
2498 1898 2604 1952 illis
2653 1897 2820 1953 fuerit
2865 1900 3210 1954 notissimus.
3254 1898 3358 1955 l’ro

1776 1989 2076 2043 Athanasio
2121 1990 2363 2059 loquitur
2392 1990 2664 2044 sententia
2705 2006 2872 2060 quant
2915 1993 3214 2060 excerpsit;
3257 2007 3358 2060 pro

1776 2081 1994 2136 Asianis
2016 2081 2248 2151 epistola
2275 2081 2559 2153 Polycarpi
2593 2097 2689 2151 per
2713 2091 2792 2136 tot
2812 2083 3013 2137 stecula
3031 2081 3176 2150 apud
3209 2082 3358 2150 ipsos

1775 2174 1934 2228 lecta.
1983 2171 2087 2227 Sed
2118 2185 2194 2228 est
2241 2174 2350 2227 hwc
2382 2174 2649 2238 doctrina,
2683 2173 2884 2242 inquit,
2920 2173 2985 2226 ab
3025 2171 3239 2244 Ignatio
3268 2174 3356 2226 iri--

1774 2267 2006 2333 sulcata,
2038 2283 2136 2320 non
2168 2266 2326 2319 aliter
2358 2283 2514 2337 quam
2545 2267 2609 2320 ab
2635 2283 2738 2320 uno
2768 2269 3010 2336 episcopo
3038 2266 3356 2336 presbyteris

1773 2359 2084 2428 prcesidente
2115 2359 2223 2428 regi
2260 2375 2412 2428 posse
2441 2373 2502 2410 ac
2534 2357 2718 2412 debere
2753 2356 2994 2427 singulas
3023 2354 3224 2411 Christi
3259 2353 3360 2408 Ec-

1773 2451 1984 2505 clesias.
2015 2449 2091 2505 De
2125 2449 2349 2521 singulis
2381 2449 2517 2503 nihil
2560 2448 2697 2503 dixit
2727 2446 2990 2520 lgnatius,
3016 2457 3070 2502 et
3096 2456 3273 2518 potest
3304 2447 3356 2500 in

1772 2560 1834 2598 ea
1867 2559 2000 2598 voce
2032 2543 2241 2613 aliquid
2281 2543 2478 2608 latere;
2514 2544 2606 2598 sed
2648 2543 2695 2598 si
2737 2551 2880 2596 recte
2914 2539 3271 2610 intelligatur,
3295 2556 3358 2594 ea

1771 2648 1918 2691 certe
1947 2634 2137 2706 Ignatii
2166 2635 2412 2689 doctrina
2457 2633 2594 2702 fuit,
2627 2643 2699 2696 et.
2726 2643 2788 2688 ut
2824 2634 3041 2704 opinor,
3081 2632 3358 2702 apostolo-

1772 2721 1894 2782 rum
1935 2729 2204 2798 discipulo
2247 2737 2302 2783 et.
2339 2728 2596 2798 episcotto
2641 2727 2988 2798 dignissima.
3041 2726 3122 2778 An
3175 2733 3357 2783 autem

1773 2822 1888 2876 haec
1922 2821 2174 2875 doctrina
2216 2821 2600 2874 Alexandrinis
2631 2829 2750 2874 erat
2797 2819 3100 2888 incognita,
3131 2827 3192 2872 ut
3234 2817 3360 2873 inde

1772 2909 1933 2962 etiam
1969 2907 2235 2978 lgnatium
2278 2909 2345 2962 iis
2391 2909 2610 2978 penitus
2641 2909 2888 2980 ignotum
2936 2907 3106 2964 fuisse
3133 2909 3362 2977 colliga-

1774 3002 1936 3055 mus?
1960 3000 2103 3056 Nihil
2137 3003 2340 3056 minus.
2372 3001 2428 3055 ltt
2456 3001 2604 3056 nulla
2632 3017 2873 3072 unquam
2902 3001 3149 3056 Ecclesia
3181 3004 3360 3072 magis

1773 3104 1987 3164 recepta
2037 3103 2090 3148 et
2136 3095 2423 3150 observata
2474 3104 2556 3149 est
2604 3095 2719 3148 hare
2777 3093 3027 3152 doctrina
3081 3108 3247 3163 quam
3303 3094 3358 3146 in

1772 3183 2164 3240 Alexandrina.
2205 3185 2364 3240 Nulla
2407 3196 2535 3242 sunt
2573 3189 2832 3252 certiora,
2872 3194 2969 3240 aut
3005 3186 3180 3256 magis
3213 3187 3359 3255 apud

1772 3290 1966 3331 omnes
1995 3277 2054 3331 in
2090 3277 2346 3333 confesso
2390 3287 2771 3342 monumenta,
2800 3295 2965 3348 quam
2992 3295 3114 3348 qua:
3144 3279 3209 3333 de
3253 3278 3357 3334 Ec-

1771 3370 1938 3424 clesia
1961 3369 2326 3427 Alexandrina
2357 3373 2573 3442 prodita
2602 3381 2750 3426 sunt.
2777 3371 2930 3428 Unde
2956 3373 3038 3425 vir
3063 3373 3357 3438 maximus,

1773 3460 1930 3532 llugo
1955 3461 2200 3525 Grotius,
2231 3465 2323 3533 qui
2352 3464 2583 3534 putavit,
2617 3464 2685 3517 ab
2715 3463 2871 3518 initio
2907 3461 3183 3520 Ecclesias
3210 3479 3361 3516 com-

1770 3555 1925 3609 muni
1968 3555 2438 3626 presbyterorum,
2468 3555 2560 3625 qui
2592 3554 2755 3614 iidem
2790 3570 2984 3612 omnes
3015 3564 3068 3609 et
3092 3555 3356 3623 episcopi,

1784 3659 1844 3704 ιιι
1895 3645 2184 3710 ait,.Paulo
2217 3647 2599 3717 Clementique
2621 3647 2908 3712 dicuntur,
2924 3647 3156 3700 consilio
3188 3646 3359 3700 fuisse

1771 3739 2124 3809 gubernatas,
2154 3739 2207 3792 in
2240 3753 2303 3792 ea
2336 3738 2606 3794 sententia
2650 3736 2774 3804 fuit,
2811 3737 2982 3807 quod.
3007 3753 3201 3793 exsors
3243 3739 3359 3807 epi-

1772 3845 2068 3899 scoporum
2120 3831 2424 3886 auctoritas
2471 3829 2732 3886 Ecclesiae
2779 3831 3200 3896 consuetudine,
3236 3841 3360 3900 post

1773 3924 1940 3980 Marci
1974 3934 2204 3981 mortem
2240 3924 2604 3989 Alexandriae,
2633 3933 2798 3994 atque
2828 3939 2895 3979 eo
2939 3925 3192 3994 exemplo
3228 3924 3359 3978 alibi

1772 4017 2051 4072 introduci
2102 4017 2351 4087 coeperit,
2387 4028 2446 4071 ut
2497 4017 2613 4086 ipse
2663 4026 2897 4074 testatur
2939 4017 3172 4088 epistola
3231 4016 3356 4072 162.

1770 4108 1933 4164 Certe
1985 4108 2044 4162 S.
2080 4107 2325 4164 Marcum
2382 4108 2727 4167 Alexandriae
2768 4107 3127 4164 constituisse
3172 4106 3358 4162 Eccle-

1773 4203 1912 4257 siam
1963 4217 2158 4260 omnes
2203 4201 2485 4268 scribunt,
2540 4203 2918 4272 episcopatum
2976 4201 3049 4256 ibi
3099 4200 3358 4256 habuisse

1772 4293 2139 4367 Hieronymus
2183 4295 2504 4366 praalatione
2554 4297 2608 4350 in
2660 4295 3018 4361 Manlianum;
3070 4295 3359 4351 ordinasse

99 4385 184 4441 Sel
213 4386 403 4460 lgnatii
429 4391 680 4462 epistola:
714 4395 844 4459 illis,
880 4406 939 4450 ut
973 4395 1090 4451 fuse
1123 4398 1489 4462 ostendimus,
1522 4409 1666 4456 notae
1697 4404 1741 4460 D
1771 4394 2088 4460 episcopum
2138 4390 2362 4444 ηθωίηθ
2394 4390 2670 4445 Amanum
2719 4391 2801 4446 vel
2837 4389 3130 4454 Ananiamv
3162 4388 3354 4443 θοάθιη

97 4477 307 4538 luerunt.
340 4483 490 4555 Ergo
523 4495 578 4541 et
619 4486 723 4540 his.
759 4485 826 4541 Et
860 4489 904 4542 si
940 4489 994 4542 in
1027 4489 1222 4544 horum
1255 4492 1517 4559 operibus
1540 4510 1664 4563 qua:

98 4586 219 4627 nunc
258 4586 526 4643 exstant,
573 4579 781 4635 mentio
843 4582 1040 4635 harum
1093 4584 1451 4652 epistularum
1515 4587 1662 4642 nulla

99 4665 216 4720 facta
260 4678 362 4736 est,
395 4670 517 4725 fieri
565 4679 745 4726 tamen
797 4682 972 4742 potest
1002 4682 1062 4728 ut
1108 4675 1162 4729 in
1212 4675 1322 4731 illis
1350 4693 1473 4746 quae
1516 4679 1651 4746 peri-

98 4770 251 4828 erunt,
269 4762 453 4833 qualia
473 4761 645 4818 fuisse
666 4765 1073 4834 quamplurima
1113 4766 1341 4829 scimus,
1373 4765 1659 4837 lgnatiana

98 4863 502 4910 commemorata
536 4855 671 4918 sint,
702 4855 1169 4924 quemadmodum
1199 4857 1267 4910 ab
1297 4857 1364 4911 iis
1391 4874 1531 4926 quos
1557 4875 1659 4914 n0-

100 4943 408 5002 tuinarimus
455 4955 987 5001 commemorantur.
1055 4948 1212 5014 Quod
1275 4950 1321 5003 si
1381 4965 1558 5018 neque
1605 4951 1657 5004 in

99 5035 251 5100 editis,
279 5055 460 5108 neque
493 5039 545 5092 in
585 5039 886 5109 deperditis
931 5040 1005 5092 illi
1042 5040 1322 5109 lgnatiana
1355 5058 1660 5096 memoras-

100 5137 214 5191 sent,
235 5145 299 5184 ne
328 5133 410 5185 sic
443 5133 667 5201 quidem
696 5131 807 5184 ullo
839 5134 1002 5187 modo
1026 5134 1297 5202 sequitur,
1318 5150 1426 5189 eos.
1446 5137 1659 5205 penitus

100 5221 170 5271 illa
214 5221 552 5293 ignoravisse
602 5241 730 5294 quae
775 5226 867 5279 alii
923 5236 1216 5280 noverunt.
1269 5225 1455 5296 Neque
1511 5227 1655 5280 enim

99 5322 259 5364 eorum
306 5315 549 5382 cuipiam
601 5315 655 5368 in
715 5317 898 5370 animo
945 5315 1067 5380 fuit,
1121 5333 1315 5371 omnes
1364 5320 1658 5386 scriptorcs

98 5404 474 5462 ecclesiasticos
513 5419 608 5463 aut
648 5411 814 5464 ctiam
859 5413 1096 5466 maxime
1133 5412 1504 5481 praecellentes
1552 5430 1654 5466 no-

100 5495 298 5550 niiuare.
327 5496 386 5551 Si
413 5499 658 5569 denique
687 5501 742 5554 hi
778 5517 873 5556 eas
903 5501 1065 5566 forte,
1096 5512 1190 5556 aut
1222 5503 1419 5556 horum
1459 5503 1656 5572 aliquis

100 5583 359 5657 i{morat-it,
392 5600 493 5646 aut
519 5608 626 5646 non
663 5593 819 5657 vidit,
852 5604 946 5648 aut
974 5595 1027 5648 in
1059 5611 1158 5650 sua
1185 5595 1513 5649 bibliotheca
1545 5611 1652 5649 non

101 5674 282 5748 lubuit,
325 5683 477 5743 illius
523 5693 701 5746 tamen
752 5687 832 5743 vel
879 5689 1042 5747 etiam
1088 5688 1353 5762 ιιιιπίυη]⁵
1381 5688 1652 5760 ignoratio

1767 4497 2039 4538 consensu
2084 4482 2306 4538 tradunt
2335 4503 2345 4538 :
2373 4483 2695 4553 adjunxisse
2738 4484 2954 4538 Aniano
2998 4493 3057 4538 ut
3099 4483 3356 4553 episcopo

1766 4576 2476 4645 certum.presbyterorum
2529 4584 2583 4629 et
2639 4576 3003 4632 diaconorum
3059 4591 3352 4632 numerutn

1765 4667 1970 4736 pariter
1989 4664 2255 4720 referunt.
2290 4666 2409 4734 Ipse
2431 4666 2734 4738 Eutychius
2762 4667 3088 4738 patriarcha
3117 4667 3356 4724 Alexan-

1765 4760 1980 4824 drinus,
2004 4758 2163 4828 cujus
2192 4758 2500 4828 originibus
2521 4759 2784 4815 adversus
2806 4759 3077 4830 lgnatium
3101 4769 3350 4825 ututttur,

1764 4869 1874 4906 non
1909 4853 2064 4906 aliter
2113 4859 2341 4906 narrat:
2369 4851 2612 4906 Credidit
2651 4853 2715 4905 ab
2754 4861 3081 4922 cotempore
3113 4851 3351 4908 Ananias

1763 4951 1816 5005 in
1841 4949 2133 5015 Christum,
2156 4948 2294 5003 unde
2322 4948 2614 5015 baptizavit
2640 4965 2758 5002 eum
2788 4948 3026 5014 Marcus,
3052 4959 3098 5003 et
3122 4948 3354 5002 Alexan-

1762 5044 1898 5096 dria:
1926 5041 2291 5110 patriarcham
2323 5042 2622 5096 constituit.
2673 5040 2906 5110 Fuitque
2940 5041 2984 5094 is
3017 5037 3353 5109 patriarcha-

1764 5151 1881 5187 rum
1903 5135 1994 5204 qui
2028 5133 2367 5189 Alexandria:
2387 5135 2626 5204 prazfecti
2655 5145 2778 5187 sunt
2808 5134 3031 5202 primus.
3062 5129 3349 5184 Constituit

1761 5236 1942 5278 autem
1969 5225 2291 5296 evangelista
2327 5225 2543 5280 Marcus
2581 5240 2688 5283 una
2720 5239 2839 5278 cum
2869 5221 3082 5274 Anania
3112 5221 3351 5288 patriar-

1760 5315 1857 5367 rha
1885 5316 2163 5371 duodecim
2185 5314 2536 5384 presbyteros,
2555 5315 2645 5384 qui
2679 5329 2859 5382 nempe
2886 5329 3004 5364 cum
3039 5311 3349 5380 patriarcha

1759 5418 2052 5464 manerent.
2080 5408 2249 5466 Vetus
2272 5407 2443 5464 Marci
2474 5407 2526 5461 11
2532 5409 2733 5461 istoriw
2757 5413 2972 5470 auctor,
2994 5403 3178 5458 beatus
3205 5403 3349 5457 Mar-

1760 5519 1852 5555 cus
1889 5501 2186 5554 Anizanum
2224 5500 2417 5556 ibidem
2465 5499 2728 5553 ordinavit
2771 5497 3098 5566 episcopum,
3137 5506 3188 5550 et
3242 5505 3346 5548 tres

1759 5594 2123 5664 presbyteros,
2162 5602 2212 5647 et
2254 5601 2447 5661 septem
2487 5591 2765 5644 diaconos.
2819 5587 2960 5644 Ecce
3008 5589 3346 5659 ipsissimam

1760 5687 1954 5744 faciem
2010 5685 2268 5744 Ecclesiae
2322 5683 2651 5754 lgnatianwl
2698 5682 2955 5756 Ananias
3003 5681 3150 5738 enim
3203 5678 3346 5736 idem
