3824 6198
380 163 482 209 £15

1448 174 1504 229 S.
1548 174 1901 232 IGNATIUS.
1944 208 2013 215 —
2053 174 2584 230 PROLECOMENA.

3549 173 3663 228 ξω

380 277 725 350 Alc“adria:
749 294 853 349 fuit
878 296 1029 364 quod
1057 293 1298 366 lgnatius
1326 297 1652 360 Antiochiae,
1678 298 1825 366 quod
1854 296 1958 351 Po-
1989 301 2035 357 Α
2067 297 2197 351 teris
2230 304 2285 349 ct
2314 296 2563 352 diaconis
2596 295 2650 349 in
2686 311 2849 351 sacra
2879 294 3160 366 Scriptura
3196 295 3325 349 data
3360 311 3486 351 esse
3507 314 3519 349 :
3539 296 3661 348 Μυ-

375 373 493 441 ιΥοεὶ
505 404 635 456 rpus
652 387 916 459 Smyrnae.
935 386 1262 442 Potestatem
1278 388 1330 441 in
1350 388 1693 458 presbyteros
1712 390 1964 444 habuisse

377 480 570 548 negari
610 496 716 533 non
765 490 963 551 potest,
990 496 1115 535 cum
1153 481 1233 535 vel
1265 480 1467 550 ipsum,
1496 481 1581 533 vel
1617 496 1964 535 successores

373 556 422 625 ei
439 586 501 625 us
526 572 690 626 etiam
719 572 754 625 ii
779 573 870 642 qui
898 588 993 627 eos
1016 572 1210 626 volunt
1241 588 1270 625 a
1298 572 1631 644 presbyteris
1654 572 1961 632 ordinatos.

382 679 508 716 eum
539 679 601 717 ea
634 664 960 718 auctoritate
1004 664 1338 719 describant.
1387 664 1562 718 Etiam
1602 664 1659 718 S.
1699 663 1966 735 Hierony-

385 770 508 809 mus
552 755 779 824 epistola
818 756 885 808 ad
929 755 1223 826 Evagrium
1266 775 1279 810 :
1322 755 1464 809 Nunt
1504 767 1552 809 et
1603 755 1961 820 Alexandriae,

339 855 346 867 '
383 846 580 916 inquit,
617 865 648 899 α
692 846 873 900 Marco
911 848 1230 918 euangelista
1276 864 1438 918 usque
1480 847 1549 899 ad
1602 846 1884 900 lleraclam
1915 856 1965 899 et

383 936 697 1005 Dionysium
731 937 998 1006 episcopos
1041 937 1335 1007 presbyteri
1367 954 1570 1006 semper
1613 955 1774 991 unum
1815 954 1881 991 ea:
1911 955 1965 991 se

380 1029 599 1081 electum
637 1030 689 1080 in
740 1028 1021 1083 excelsiori
1077 1030 1247 1099 gradu
1303 1028 1621 1081 collocatum
1663 1030 1961 1098 episcopum

382 1120 750 1187 nominabant,
774 1121 1037 1190 quomodo
1078 1120 1125 1173 si
1162 1121 1424 1173 exercitus
1471 1120 1843 1188 imperatorem
1881 1120 1967 1188 fa-

381 1212 510 1264 siat.
540 1211 763 1266 Ananiae
785 1209 971 1280 itaque
998 1226 1369 1273 successores,
1395 1210 1703 1279 singulares
1730 1209 1966 1263 Alexan-

380 1304 514 1357 driae
548 1304 817 1373 episcopi,
868 1317 1043 1373 usque
1087 1302 1153 1355 ad
1189 1300 1472 1355 Heraclam
1509 1301 1594 1355 vel
1630 1300 1963 1354 Demetrium

382 1396 435 1449 in
469 1397 759 1451 excelsiori
794 1396 985 1467 gradu,
1018 1409 1183 1465 quam
1217 1393 1522 1466 presbyteri
1558 1393 1670 1459 sui,
1706 1392 1965 1446 fuerunt:

381 1488 679 1557 etquidem
712 1504 838 1543 cum
886 1487 1215 1542 auctoritate
1259 1496 1312 1539 et
1350 1496 1618 1555 potestate
1652 1486 1705 1537 in
1743 1483 1967 1555 presby-

381 1587 549 1642 teros,
578 1588 636 1631 ut
669 1579 967 1646 imperator
995 1579 1048 1631 in
1077 1578 1300 1632 milites.
1337 1576 1411 1629 lla
1445 1576 1668 1645 agnovit
1696 1575 1749 1627 in
1786 1572 1964 1627 Theo-

382 1669 531 1739 philo
566 1670 940 1723 Alexandrino
988 1670 1246 1739 episeopo
1272 1671 1371 1740 τὴν
1406 1667 1694 1728 αὑθεντίαν
1738 1668 1839 1737 τῆς
1874 1668 1966 1719 εὑ-

330 1780 341 1812 ι
382 1761 684 1831 αγγελικῆς
717 1760 969 1831 διαδοχῆς
1014 1760 1278 1832 Synesius
1314 1762 1428 1830 ipse
1461 1763 1775 1830 episcopus,
1802 1760 1853 1813 id
1888 1770 1970 1814 est

382 1869 645 1907 summam
698 1854 1076 1905 auctoritatem
1123 1861 1171 1904 ct
1217 1861 1502 1917 exsortem,
1539 1867 1646 1903 non
1695 1867 1757 1903 ca
1811 1859 1971 1904 :Btale

381 1946 732 2015 acquisitam,
769 1946 861 2000 sed
898 1945 965 1999 ab
1001 1945 1119 2013 ipsa
1154 1944 1485 1997 successione
1528 1943 1702 1997 Marci
1749 1959 1970 2013 evange-

381 2041 521 2092 [ἰδίω
572 2038 871 2092 derivatam
896 2020 921 2101 ,Α
947 2037 1105 2104 epist.
1161 2034 1264 2101 66;
1303 2036 1534 2105 ideoque
1567 2052 1691 2089 eum
1728 2037 1800 2089 ita
1835 2035 1971 2088 allo—

380 2136 571 2205 quitur
595 2151 608 2187 :
630 2130 775 2200 Ἔγὼ
801 2132 858 2184 δὲ
894 2130 1176 2201 βούλομαι,
1213 2131 1307 2184 καὶ
1320 2130 1533 2200 ἀνάγκη
1551 2129 1973 2200 μοιθεία,νόμον

382 2224 632 2296 ἡγεῖσθαι
648 2224 793 2275 πᾶνὸ
805 2240 859 2275 τι
872 2222 936 2275 ἂν
950 2224 1156 2285 ἐκεῖνος
1169 2224 1197 2275 ὁ
1209 2221 1397 2293 Θρόνος
1410 2220 1783 2293 Oscula-71.1590
1795 2231 1973 2274 autem

389 2317 530 2381 volo,
557 2325 608 2367 et
632 2315 915 2367 necessitas
938 2313 1068 2365 milii
1089 2314 1269 2366 divina
1303 2312 1581 2379 incumbit,
1597 2313 1761 2382 legem
1784 2313 1973 2365 existi-

386 2426 531 2462 mare
585 2409 719 2460 mihi
753 2408 1125 2475 praescriptam
1178 2406 1435 2476 quidquid
1467 2405 1533 2458 ab
1583 2404 1679 2457 illa
1716 2404 1971 2458 cathedra

385 2500 905 2570 tanquamdivinitus
932 2499 1231 2551 indicatum
1256 2499 1443 2567 fuerit,
1460 2498 1619 2567 epist.
1637 2496 1724 2551 67.
1744 2496 1974 2563 Quando

384 2595 549 2663 igitur
563 2593 804 2663 lgnatius
817 2592 1078 2661 epistolas
1092 2592 1337 2660 scripsit,
1352 2591 1540 2645 eadem
1557 2589 1733 2644 forma
1753 2591 1923 2659 regim
1935 2590 1973 2643 i-

382 2683 838 2739 riisecclesiastiei
851 2682 1200 2737 Alexandria:
1213 2681 1334 2747 fuit,
1350 2698 1471 2752 qua:
1486 2680 1930 2736 erat'Antiochize
1950 2721 1971 2748 ,

381 2784 617 2844 etquam
634 2775 691 2827 in
717 2774 843 2827 aliis
863 2773 1179 2827 civitatibus
1212 2772 1381 2828 fuisse
1406 2782 1676 2828 testantur
1706 2774 1969 2843 epistolae.

466 2864 586 2919 lino
640 2879 769 2918 vero
818 2874 945 2918 ante
1014 2862 1332 2928 Heraclam,
1367 2864 1557 2919 eadem
1584 2864 1833 2919 doctrina
1850 2880 1973 2935 qua:

2070 390 2181 462 ρίαι
2213 389 2270 442 δὲ
2302 390 2424 442 ὅσαι
2458 388 2728 459 ὑποθῆκαι
2762 392 2842 453 είς
2876 390 3145 463 πρόσωπα
3179 388 3413 442 ἐκλεκτὰ
3461 388 3662 441 διατεί-

2068 498 2254 533 νουσαι
2305 481 2717 553 ἐγγεγράφαται
2772 483 2892 544 ταῖς
2945 479 3149 550 βίϐλοις
3198 468 3321 545 ταῖς
3363 480 3571 548 ἁγίαιςυ
3602 481 3661 533 αἱ

2071 575 2166 644 μὲν
2194 574 2603 648 πρεσϐυτέροις,
2640 576 2696 627 αἱ
2726 574 2782 627 δὲ
2815 574 3154 638 ἐπισκόποις,
3186 576 3241 627 αἱ
3274 574 3331 627 δὲ
3364 573 3657 635 διακόνοις,

2067 666 2223 720 ἄλλαι
2274 670 2490 740 χήραις.
2543 666 2951 736 Qunmplurima
3000 678 3177 719 autem
3226 674 3495 735 prccepta
3541 679 3661 733 quc

2068 760 2138 813 ad
2166 761 2359 814 electas
2383 779 2633 831 personas
2662 760 2946 830 pertinent,
2974 761 3031 812 in
3053 761 3252 812 sanctis
3276 759 3430 812 libris
3458 759 3660 819 scripta

2068 864 2227 905 sunt:
2261 852 2371 906 [nec
2426 853 2637 923 quidem
2675 851 3011 921 presbyteris,
3049 850 3159 903 alia
3201 867 3323 904 vero
3372 850 3658 919 episcopis,

2068 943 2177 996 alia
2226 944 2497 1008 diaconis,
2545 942 2655 996 alia
2700 952 2875 995 autem
2922 944 3119 1004 viduis,
3162 940 3455 1011 Peedagog.
3494 941 3532 994 ι.
3572 956 3661 1008 ut,

2068 1049 2117 1087 c.
2151 1032 2238 1086 1'3.
2274 1033 2537 1101 Agnoscit
2566 1033 2732 1102 igitur
2753 1032 3030 1099 Clemens,
3060 1032 3445 1087 Alexandrina
3477 1031 3663 1086 Eccle-

2068 1124 2166 1176 site
2196 1121 2486 1191 presbyter,
2520 1120 2770 1175 Pantcni
2795 1120 3032 1185 auditor,
3058 1123 3151 1192 qui
3192 1132 3310 1190 post
3354 1122 3473 1191 ejus
3519 1139 3666 1175 mor-

2070 1226 2171 1269 tem
2202 1214 2547 1269 Alexandria:
2567 1215 2981 1269 ecclesiasticam
2997 1215 3230 1269 scholam
3248 1217 3439 1281 tenuit,
3465 1225 3522 1269 et
3537 1232 3666 1268 xw:-

2068 1308 2317 1378 ηχήσεων
2357 1309 2609 1377 magister
2639 1306 2777 1376 fuit,
2829 1315 2965 1361 teste
3000 1306 3349 1376 Hieronymo,
3386 1321 3502 1361 non
3541 1316 3665 1361 tan-

2070 1408 2182 1449 tum
2245 1406 2360 1451 tres
2426 1395 2667 1466 gradus,
2721 1396 2835 1450 sive
2890 1393 3177 1469 προκοπὰς
3231 1396 3663 1465 episcoporum,

2070 1488 2520 1559 presbyterorum
2554 1497 2607 1541 et
2640 1487 2997 1541 diaeonorum
3043 1487 3097 1540 in
3155 1486 3402 1541 Ecclesia
3437 1503 3505 1541 ex
3558 1503 3662 1540 usu

2074 1589 2340 1648 receptos,
2378 1579 2471 1633 sed
2507 1588 2561 1632 et
2610 1594 2770 1632 usum
2812 1578 2963 1632 illum
2993 1594 3056 1632 ex
3090 1578 3405 1647 apostolica
3437 1577 3667 1631 institu-

2078 1674 2221 1724 tione
2246 1672 2575 1725 derivatum.
2611 1669 2860 1735 Quatuor
2892 1670 3038 1723 enim
3063 1684 3265 1739 genera
3292 1683 3666 1738 personarum

2075 1761 2127 1814 in
2158 1761 2458 1830 Scripturis
2490 1762 2661 1815 electa
2690 1761 2972 1831 agnoscit;
3010 1776 3122 1815 non
3156 1760 3342 1813 minus
3372 1758 3667 1829 distinguit

2074 1864 2342 1923 przecepta
2376 1870 2499 1923 qua:
2533 1853 2745 1907 dantur
2767 1851 3073 1921 episcopis,
3106 1852 3173 1904 ab
3217 1851 3285 1905 iis
3314 1867 3441 1920 qua:
3476 1850 3668 1918 injun-

2076 1957 2274 2016 guntur
2311 1946 2675 2016 presbyteris,
2704 1961 2868 2015 quam
2903 1959 2966 1998 ea
3005 1960 3126 2013 qua:
3165 1942 3455 2005 diaconis,
3492 1942 3564 1997 ab
3598 1941 3669 1995 iis

2075 2054 2197 2107 quze
2243 2037 2423 2091 viduis
2474 2035 2888 2105 praecipiuntur.
2936 2034 3007 2087 At
3056 2033 3328 2088 distincta:
3376 2042 3508 2087 sunt
3546 2048 3669 2101 per-

2076 2142 2245 2191 sonaa,
2278 2135 2372 2180 aut
2401 2126 2597 2191 ollicia,
2630 2125 2831 2194 quibus
2863 2123 3081 2179 diversa
3116 2130 3392 2191 praecepta
3438 2121 3667 2174 deman-

2074 2219 2298 2272 dantur.
2334 2218 2571 2289 Agnovit
2614 2218 2779 2287 igitur
2810 2216 3065 2270 Clemens
3092 2211 3514 2267 Alexandrinus
3544 2228 3665 2265 eam

2075 2326 2358 2367 sacrorum
2426 2310 2684 2364 ordinum
2745 2308 3226 2371 distributionem,
3281 2305 3446 2374 cujus
3505 2320 3669 2358 usum

2076 2402 2325 2472 agnoscit
2358 2398 2698 2465 Blondellus,
2728 2398 2993 2454 divinitus
3038 2411 3134 2466 per
3168 2396 3457 2465 apostolos
3494 2394 3667 2450 fuisse

2077 2491 2408 2544 institutam.
2461 2488 2585 2543 llaec
2638 2488 2897 2541 Clemens
2943 2502 3009 2553 ex
3045 2483 3288 2539 Pantauii
3343 2484 3562 2547 schola,
3599 2498 3668 2536 ex

2076 2580 2376 2637 Clementis
2421 2580 2611 2632 eadem
2646 2576 2931 2647 Origenes.
2990 2576 3081 2630 Sic
3118 2577 3265 2629 enim
3308 2576 3399 2628 ille
3443 2575 3668 2645 juvenis

2076 2676 2258 2731 adhuc
2286 2673 2478 2727 homil.
2516 2673 2583 2726 l5
2610 2672 2663 2725 in
2701 2670 2758 2725 S.
2797 2670 3000 2725 Lucam
3027 2688 3039 2723 :
3066 2667 3125 2723 Si
3161 2669 3421 2722 audacter
3452 2669 3668 2737 expedit

2075 2768 2221 2837 loqui
2268 2764 2674 2835 Scripturarum
2720 2781 2929 2817 sensum
2972 2764 3225 2831 sequenti,
3266 2778 3359 2829 per
3421 2762 3669 2831 singulas

2076 2859 2347 2914 Ecclesias
2382 2857 2491 2910 bini
2522 2865 2644 2910 sunt
2672 2857 2924 2925 episcopi,
2954 2855 3095 2908 alius
3127 2853 3373 2919 visibilis,
3409 2854 3554 2907 alius
3584 2855 3670 2907 in-

380 2956 451 3009 ab
481 2955 688 3027 lgnatio
721 2955 936 3025 prodita
966 2965 1049 3010 est
1078 2955 1133 3009 in
1165 2954 1409 3010 Ecclesia
1444 2956 1820 3012 Alexandrina
1850 2964 1972 3011 tan—
1995 2975 2041 3033 ε
2074 2952 2318 3014 visibilis,
2352 2950 2443 3004 ille
2472 2951 2610 3004 visui
2643 2951 2840 3014 carnis,
2863 2949 2947 3001 hic
2981 2950 3158 3001 sensui
3192 2958 3406 3017 patens.
3436 2946 3504 3000 Et
3540 2964 3658 3000 rur-

381 3064 545 3113 quani
576 3048 644 3101 ab
671 3046 833 3100 initio
858 3046 1057 3101 tradita
1082 3048 1530 3101 conservabatur.
1570 3047 1687 3103 Hoc
1707 3058 1792 3103 est
1819 3048 1965 3102 illius

383 3140 900 3209 murtyriseﬂ‘atum,
920 3140 1063 3193 unde
1095 3139 1303 3209 reliqua
1339 3141 1578 3209 pendent
1604 3161 1616 3195 :
1643 3143 1705 3195 0i
1740 3141 1967 3194 ἐπίσκο-

383 3248 472 3284 ποι
505 3233 553 3284 oi
587 3230 730 3284 κατὰ
754 3231 826 3284 τὰ
855 3232 1068 3303 πέρατα
1099 3232 1408 3306 ὁρισθέντες
1436 3236 1494 3288 ὲν
1514 3235 1692 3307 Ἰησοῦ
1726 3234 1965 3309 Χριστοῦ

379 3321 581 3393 γνώμῃ
606 3322 762 3375 εἰσίν.
799 3321 1049 3393 Episcopi
1084 3340 1175 3393 per
1213 3334 1480 3379 terrarum
1520 3344 1642 3381 oras
1685 3331 1965 3384 constituti

380 3428 445 3464 ex
479 3411 682 3468 Christi
713 3423 837 3468 sunt
869 3417 1152 3483 sententia,
1192 3418 1245 3471 id
1279 3428 1362 3472 est
1395 3434 1463 3473 ex
1497 3421 1777 3476 voluntate
1805 3421 1967 3477 Chri-

382 3506 450 3559 sti
508 3507 772 3575 apostolis
834 3507 1052 3578 cognita
1099 3517 1155 3563 et
1203 3510 1271 3564 ab
1332 3511 1401 3566 iis
1453 3512 1650 3567 tradita
1702 3515 1962 3585 ordinati.

382 3598 595 3662 Quibus
630 3598 770 3652 nihil
800 3598 951 3653 aliud
983 3598 1211 3670 intelligi
1249 3610 1428 3671 potest
1475 3619 1641 3672 quam
1680 3605 1966 3675 episcopa-

382 3699 496 3743 tum
529 3688 700 3743 luisse
733 3693 802 3742 ab
835 3691 1101 3759 apostolis
1139 3708 1206 3745 ex
1241 3693 1519 3747 voluntate
1562 3694 1767 3750 Christi
1801 3696 1964 3750 insti-

383 3788 583 3832 tutum.
616 3779 671 3833 ld
698 3790 880 3834 autem
910 3780 1165 3837 Clemens
1196 3783 1619 3849 Alexandrinus,
1645 3801 1675 3839 a
1707 3785 1966 3842 Pantaano

383 3871 503 3923 sine
533 3872 909 3925 controversia
941 3872 1188 3939 edoctus,
1223 3874 1518 3943 populares
1554 3891 1687 3930 suos
1714 3876 1805 3930 diu
1840 3887 1967 3933 ante

384 3960 632 4017 lleraclze
659 3961 1039 4031 episcopatum
1076 3963 1262 4018 docuit
1288 3982 1303 4018 :
1331 3965 1486 4017 Ἐπεὶ
1519 3966 1612 4018 καὶ
1644 3967 1699 4018 αἱ
1733 3966 1966 4020 ἐνταῦθα

384 4054 526 4109 κατὰ
556 4054 657 4127 τὴν
694 4055 1025 4126 Ἐκκλησίαν
1055 4058 1332 4129 προκοπαὶ
1364 4059 1699 4123 ἐπισκόπων,
1734 4060 1967 4132 πρεσϐυ-

381 4148 877 4218 τέρων,διακόνων,
919 4150 1232 4221 μιμήματα,
1266 4147 1436 4223 οἶμαι,
1460 4152 1755 4223 ἁγγελικῆς
1786 4152 1963 4223 δόξης,

384 4241 643 4312 κάκείνης
663 4241 765 4311 τῆς
787 4242 1095 4313 οἰκονομίας
1127 4245 1475 4314 τυγχάνουσι.
1511 4244 1776 4309 Quoniam
1807 4258 1855 4301 et
1882 4247 1965 4300 hic

2070 3063 2209 3102 sus:
2251 3042 2363 3115 Ego
2399 3051 2526 3113 puto
2574 3042 2797 3095 inveniri
2838 3039 3004 3092 simul
3034 3055 3185 3107 posse
3227 3050 3277 3092 et
3315 3038 3568 3107 angelum
3615 3047 3667 3092 et

2068 3139 2331 3193 hominem
2363 3135 2524 3189 bonos
2566 3133 2825 3187 Ecclesia:
2852 3133 3144 3200 episcopos,
3183 3140 3233 3182 et
3266 3130 3671 3199 quodammodo

2068 3234 2227 3286 unius
2267 3230 2438 3299 operis
2466 3246 2578 3283 esse
2612 3228 2920 3297 participes.
2956 3225 3109 3289 Quod
3135 3241 3253 3277 cum
3290 3224 3369 3276 ita
3396 3226 3489 3286 sit,
3515 3235 3669 3292 peta-

2068 3340 2183 3379 mus
2218 3327 2627 3390 omnipotentem
2678 3320 2865 3385 Deum,
2899 3328 2955 3372 ut
2990 3318 3165 3388 angeli
3192 3328 3241 3371 et
3273 3318 3518 3371 homines
3554 3317 3666 3370 Ee-

2067 3416 2348 3469 clesiarum
2378 3415 2606 3485 episcopi
2646 3413 2953 3481 adjumento
2986 3412 3093 3466 sint
3128 3411 3300 3477 nobis,
3331 3421 3383 3463 et
3426 3413 3673 3464 sciamus

2066 3510 2317 3577 quoniam
2348 3512 2560 3577 utrique
2594 3522 2689 3573 pro
2727 3506 2872 3558 nobis
2902 3522 2934 3557 a
2962 3503 3189 3556 Domino
3212 3504 3555 3572 judicentur.

2139 3601 2270 3668 Quae
2292 3612 2435 3657 certe
2469 3616 2604 3670 pura
2638 3608 2767 3668 puta
2796 3608 2923 3653 sunt
2962 3598 3271 3668 Origenica,
3306 3607 3366 3650 ut
3428 3599 3497 3652 de
3525 3614 3661 3653 auc-

2070 3704 2185 3749 tore
2216 3695 2408 3748 harum
2453 3692 2800 3747 homiliarum
2848 3691 3081 3744 dubitari
3131 3705 3239 3741 non
3287 3691 3487 3759 possit.
3537 3688 3668 3745 ll.ec

2068 3792 2252 3838 autem
2280 3799 2345 3837 ea:
2392 3799 2547 3837 sensu
2581 3774 2981 3849 Scripturarum
3032 3779 3224 3833 habuit
3272 3780 3573 3849 Origenes,
3610 3790 3669 3833 ut

2068 3876 2183 3944 ipse
2212 3876 2496 3944 profitetur
2525 3891 2539 3925 :
2574 3889 2639 3927 ex
2681 3874 2893 3926 illarum
2934 3871 3100 3940 igitur
3124 3870 3375 3925 doctrina
3404 3872 3667 3942 agnoscit

2068 3966 2124 4018 in
2159 3967 2390 4035 singulis
2424 3965 2672 4019 ecclesiis
2705 3980 2871 4017 unum
2905 3961 3181 4015 hominem
3227 3963 3502 4017 visibilem
3547 3964 3670 4033 epi-

2069 4074 2318 4127 scopum.
2361 4056 2507 4111 Idem
2552 4054 2772 4109 humilia
2802 4052 2905 4106 l7:
2937 4050 3089 4106 Sicut
3119 4053 3256 4104 enim
3307 4060 3371 4105 ab
3408 4053 3666 4106 ecclesia-

2067 4152 2215 4207 sticis
2264 4148 2615 4221 dignitatibus
2648 4164 2751 4201 non
2783 4146 2953 4200 solum
2984 4146 3301 4215 fornicatio,
3334 4148 3427 4199 sed
3466 4156 3514 4199 et
3563 4164 3670 4199 nu-

2067 4246 2197 4313 ptiae
2242 4244 2532 4313 repellunt;
2564 4258 2724 4311 neque
2750 4241 2888 4294 enim
2909 4240 3206 4309 episcopus,
3237 4256 3331 4291 nec
3361 4244 3661 4308 presbyter,

381 4330 441 4381 in
489 4328 731 4382 Ecclesia
781 4332 1171 4399 progressiones
1212 4335 1615 4401 episcoporum,
1636 4337 1965 4405 presbytero-
1998 4332 2041 4377 υ
2072 4354 2163 4390 nec
2186 4338 2463 4401 tltiaconus,
2495 4350 2585 4388 nec
2616 4334 2772 4387 vidua
2797 4340 3013 4401 possunt
3041 4348 3151 4385 esse
3178 4332 3379 4401 digami
3396 4348 3415 4395 ,'
3438 4333 3515 4385 sic
3546 4333 3663 4401 for-

385 4438 501 4474 rum
546 4430 594 4474 et
643 4422 1012 4490 diaconorum,
1052 4423 1408 4489 intitationes,
1442 4437 1499 4479 ut
1534 4428 1769 4480 arbitror
1794 4471 1807 4494 ,
1841 4438 1965 4481 sunt

383 4514 567 4582 gloriae
617 4514 869 4585 angelica:
917 4525 967 4569 et
1012 4516 1163 4570 illius
1217 4518 1662 4587 dispensationis,
1701 4520 1962 4575 Stromat.

382 4606 421 4659 l.
458 4622 530 4658 vi.
564 4605 649 4660 Ea:
684 4623 804 4673 usu,
832 4607 1010 4677 inquit
1036 4606 1373 4675 Blondellus,
1411 4620 1596 4664 natam
1635 4612 1967 4666 distributio-

385 4715 499 4752 nem
524 4699 863 4756 admittebat.
884 4700 1233 4771 Accipiamus
1255 4702 1399 4772 quod
1429 4704 1521 4758 dat
1550 4722 1563 4757 :
1588 4720 1653 4759 ex
1678 4722 1780 4761 usu
1809 4716 1967 4761 erant

383 4791 441 4845 bi
478 4801 590 4847 tres
633 4793 835 4863 gradus
884 4794 999 4848 sive
1030 4795 1448 4863 progressiones
1483 4811 1770 4851 sacrorum
1810 4798 1963 4852 ordi-

382 4900 516 4939 num
551 4884 606 4939 in
646 4884 889 4940 Ecclesia
921 4884 1032 4948 illa,
1066 4887 1277 4941 scilicet
1311 4888 1365 4941 in
1399 4903 1507 4956 qua
1535 4887 1790 4943 Clemens
1824 4890 1965 4944 serio

381 4976 493 5046 psit
519 4987 573 5033 et
606 4978 888 5049 presbyter
916 4976 1038 5032 fuit.
1076 4978 1323 5033 Fuerunt
1351 4980 1517 5050 igitur
1548 4982 1602 5033 in
1634 4980 1872 5052 IEgypto
1898 4999 1966 5036 ex

384 5084 489 5123 usu
540 5069 804 5139 episcopi,
844 5072 1182 5142 presbyteri,
1235 5073 1479 5139 diaconi,
1535 5089 1660 5128 cum
1710 5073 1965 5129 Clemens

382 5162 624 5230 scripsit,
670 5163 814 5233 quod
850 5162 1035 5217 Dallzei
1084 5176 1469 5233 argumentum
1519 5181 1748 5235 prorsus
1790 5167 1962 5231 elidit,

381 5263 443 5307 ut
486 5266 673 5323 postea
707 5257 1081 5312 ostendemus.
1133 5256 1236 5312 Sed
1278 5258 1518 5312 eamdem
1554 5267 1750 5322 tamen,
1790 5258 1968 5327 inquit

382 5342 717 5413 Blondellus,
736 5349 1000 5403 divinitus
1029 5364 1123 5418 per
1153 5350 1453 5419 apostolum
1481 5350 1785 5404 institutam
1812 5350 1966 5418 pleno

384 5452 472 5489 ore
497 5439 719 5506 negabat
780 5439 895 5495 Hoc
922 5456 1024 5511 ego
1057 5443 1281 5497 eﬁ’atum
1326 5452 1436 5496 tam
1485 5441 1687 5496 falsum
1722 5458 1843 5496 esse
1885 5441 1966 5494 af-

386 5529 547 5580 ﬁrmo
591 5544 754 5595 quam
801 5534 948 5600 quod
985 5533 1343 5589 falsissimum
1374 5543 1479 5588 est.
1514 5532 1651 5586 Nam
1689 5534 1804 5602 ipse
1832 5533 1962 5585 alibi

383 5619 589 5676 diserte
620 5623 831 5691 scrib.t,
869 5627 1084 5682 diversa
1120 5637 1387 5698 praecepta
1414 5625 1706 5696 cpiSCOPiS.
1744 5625 1964 5697 Pl'CSbY'

2069 4430 2211 4483 sitan
2256 4438 2305 4481 et
2348 4429 2411 4481 de
2458 4436 2590 4481 coetu
2636 4426 3030 4493 primitivorum
3090 4424 3667 4495 immaculatorumque

2069 4518 2346 4583 Ecclesiw,
2376 4535 2494 4587 qua:
2540 4533 2643 4569 non
2693 4516 2847 4568 liabet
2903 4514 3169 4567 maculam
3224 4531 3389 4583 neque
3447 4534 3663 4586 rugam,

2067 4611 2312 4679 cjisietur
2340 4612 2621 4679 digamus;
2652 4625 2752 4662 non
2771 4624 2872 4678 quo
2914 4609 2970 4659 in
2997 4619 3251 4661 retentum
3298 4607 3555 4661 mittatur
3580 4610 3670 4661 iu-

2068 4702 2332 4765 cendium,
2363 4701 2452 4753 sed
2495 4716 2597 4769 quo
2648 4709 2853 4768 partem
2877 4716 2981 4751 non
3032 4698 3223 4751 habeat
3269 4698 3322 4749 in
3357 4714 3519 4768 regno
3542 4699 3665 4755 Dei.

2070 4790 2206 4856 Quis
2234 4801 2415 4846 autem
2463 4808 2571 4846 non
2612 4791 2796 4845 statim
2830 4790 2980 4844 videt
3030 4790 3147 4843 haec
3179 4790 3347 4843 etiam
3378 4808 3505 4845 esse
3538 4807 3669 4845 vere

2070 4884 2405 4953 Origenica?
2448 4885 2543 4939 llis
2582 4894 2762 4939 autem
2790 4882 3075 4953 Origenes,
3112 4883 3258 4952 quod
3304 4884 3371 4937 ad
3400 4885 3665 4939 ecclesia-

2070 4977 2237 5030 sticas
2278 4976 2568 5044 dignitates
2612 4976 2833 5038 attinet,
2880 4975 3216 5030 Clementem
3267 4989 3666 5046 praeceptorem

2070 5087 2228 5125 suum
2280 5071 2561 5138 sequitur,
2588 5081 2641 5124 et
2672 5079 2930 5139 tanquam
2962 5078 3198 5139 quatuor
3247 5070 3500 5125 diversas
3528 5088 3665 5124 euu-

2071 5166 2246 5212 merat
2282 5159 2374 5210 uni
2421 5158 2642 5221 quidem
2688 5158 2741 5212 in
2802 5160 2903 5212 hac
2940 5174 2998 5214 re
3030 5168 3305 5228 praecepto
3332 5162 3665 5229 apostolico,

2072 5250 2167 5305 sed
2199 5252 2493 5318 separatim
2525 5250 2727 5303 tradito
2761 5291 2777 5315 ,
2824 5252 3121 5320 subiectas.
3176 5251 3251 5305 lta
3290 5254 3488 5321 ipsein
3514 5271 3666 5307 com-

2072 5341 2358 5396 mentariis
2382 5342 2450 5395 ad
2486 5341 2802 5396 Matthaeum
2834 5344 3204 5398 dillicultatem
3255 5347 3473 5413 qumsiti
3523 5347 3668 5400 κατὰ

2068 5438 2168 5511 τὴν
2193 5438 2289 5493 τοῦ
2332 5437 2653 5492 Ἀποστόλου
2687 5437 2815 5509 περὶ
2846 5435 2955 5489 τῶν
2981 5436 3458 5507 ὲκκλησιαστικῶν
3488 5454 3666 5509 πραγ-

2074 5534 2261 5603 μάτων
2283 5532 2603 5602 νομοθεσίαν
2639 5532 2853 5585 solvere
2874 5540 3126 5587 conatur.
3147 5529 3325 5595 Quam
3359 5532 3467 5585 hoc
3498 5532 3667 5585 modo

2072 5634 2319 5695 proponit
2348 5644 2358 5680 :
2393 5624 2595 5679 Οὐδένα
2631 5623 2737 5695 γὰρ
2761 5624 2867 5678 τῶν
2908 5623 3475 5690 ἀώτῆςἘκκλητίας
3502 5625 3663 5691 ὖιιερυ
