3770 6322
139 243 228 299 ΞΠ

863 245 917 302 Ι.
959 246 1331 303 PEARSONII
1370 249 1694 305 VINDICIE
1730 250 2151 309 IGNATIANE.
2191 287 2262 302 --
2297 254 2478 310 PARS
2515 255 2556 311 l.

3263 262 3370 317 ’λεδ

135 361 253 431 οχήν
275 377 392 415 τινα
409 360 559 434 παρὰ
577 362 703 426 τοὺς
737 362 964 428 πολλοὺς
979 363 1055 428 ὡς
1073 365 1131 417 ἐν
1161 381 1224 418 συ
1232 363 1446 436 μϐὁλοις
1477 364 1668 436 ἀνειληε

1796 369 2139 439 presbyteros
2181 371 2460 424 ordinatus
2505 381 2604 438 est,
2635 373 2744 428 hoc
2777 373 2874 428 es)
2899 375 3188 444 episcopus
3210 417 3223 439 ,
3252 393 3358 430 nta-

137 451 259 519 φότα
279 450 517 521 βούλεται
541 453 569 504 6
587 451 798 517 Παῦλος
809 453 1067 526 δευτέρου
1085 455 1452 527 πεπειρᾶσθαι
1486 455 1685 526 γάμου.

135 539 212 596 Et
227 541 290 594 iis
309 542 446 595 enim
467 542 560 610 qui
585 541 838 598 Ecclesiw
887 560 1074 598 nomen
1118 546 1396 610 dederunt,
1433 547 1690 601 neminem

133 634 212 700 qui
251 632 558 702 dignitatem
585 633 824 704 aliquam
847 652 960 705 pra:
996 637 1179 692 multis
1217 655 1371 708 quasi
1399 640 1454 692 in
1480 638 1692 708 symbo-

132 723 190 777 lis
211 723 365 794 fuerit
388 734 718 791 consecutus,
740 724 951 780 Paulus
979 729 1236 781 secundas
1263 731 1475 798 nuptias
1499 745 1688 799 exper-

132 820 230 864 tum
253 813 412 881 fuisse
436 813 566 867 vult.
598 812 738 868 Tum
767 830 896 868 vero
921 815 1246 871 utostendat
1262 831 1479 870 omnem
1503 815 1690 872 Ecele-

132 903 216 958 sia:
239 902 551 974 dignitatem
588 902 718 960 huic
739 904 844 975 legi
877 905 1178 975 subjectam
1202 920 1344 971 esse,
1363 906 1430 961 de
1457 906 1687 975 singulis

130 993 367 1049 distincte
379 994 510 1065 agit,
536 995 840 1066 probatque
859 997 1040 1065 primo
1052 995 1119 1052 de
1134 997 1428 1066 episcopis.
1445 997 1687 1051 secundo

128 1085 186 1140 de
205 1085 460 1151 diaconis,
493 1086 654 1142 tertio
676 1085 743 1142 de
767 1087 966 1155 viduis,
993 1097 1194 1158 quarto
1221 1089 1288 1143 de
1329 1089 1682 1158 presbyteris,

125 1176 336 1245 singulis
363 1193 394 1233 e
421 1176 480 1232 S.
511 1178 682 1233 Paulo
711 1179 845 1234 locis
874 1180 1176 1249 productis.
1207 1179 1340 1234 Dein
1368 1181 1420 1233 in
1452 1180 1565 1249 ipsa
1597 1197 1685 1234 so-

125 1266 309 1322 lutione
333 1288 347 1324 :
369 1270 598 1340 Μήποτε
620 1269 1034 1341 ἐπεὶκσύμὸολόν
1075 1272 1191 1325 ἐστι
1235 1271 1328 1325 καὶ
1349 1275 1376 1323 6
1390 1271 1685 1334 ἐπίσκοπος

123 1361 204 1412 καὶ
241 1362 268 1414 6
311 1361 700 1434 πρεσϐύτερος,
748 1364 843 1416 καὶ
887 1364 915 1415 6
963 1362 1206 1427 διάκονος
1245 1362 1510 1434 ἀληθινῶν
1544 1363 1682 1417 κατὰ

119 1446 180 1499 τὰ
215 1447 447 1518 ὀνόματα
502 1449 676 1504 ταῦτα
736 1452 1112 1522 πραγμάτων,
1167 1452 1433 1525 ἐϐουλήθη
1487 1453 1683 1517 αὐτοὺς

125 1539 448 1609 συμϐολικῶς
485 1542 828 1614 μονογάμους
862 1542 1219 1614 καταστῆσαι.
1265 1545 1453 1597 Annon
1510 1561 1682 1612 quan-

121 1628 381 1697 doquidem
412 1629 709 1698 symbolum
761 1639 839 1686 est
875 1641 924 1685 et
959 1633 1266 1702 episcopus,
1311 1643 1358 1685 et
1389 1632 1679 1703 presbyter,

1784 457 1897 527 jori
1924 460 2097 514 adhuc
2125 461 2300 515 debito
2315 463 2597 518 obstrictus
2636 473 2734 518 est.
2763 463 2895 531 Quae
2931 467 3096 520 verba
3127 468 3370 536 pessimo

1792 552 2026 607 consilio
2070 552 2435 608 dissimulavit
2484 553 2796 611 Blondellns
2843 558 2898 610 in
2930 557 3200 627 apologia,
3239 573 3366 611 enm

1790 646 1908 715 ipse
1937 646 2151 700 noverit
2173 647 2356 700 omnia
2386 663 2484 702 sua
2514 649 2854 703 consectaria
2890 664 2920 703 e
2947 649 3224 718 prioribus
3246 665 3369 702 ver-

1791 739 1876 794 bis
1923 738 2066 793 male
2118 737 2389 804 deducta,
2433 739 2517 794 bis
2548 739 2682 808 ipsis
2733 739 3076 810 apertissime
3114 740 3398 798 refutari.

1791 829 1937 883 Idem
1969 830 2062 883 lib.
2105 845 2169 884 :11
2201 839 2391 884 contra
2421 831 2636 886 Celsum
2657 831 2900 902 episcopi
2941 848 3370 905 χαρακτηριστι-

1789 919 1882 974 κὸν
1924 920 2107 986 tradit,
2154 922 2395 991 illudque
2448 938 2556 978 non
2595 938 2662 978 ex
2709 924 2948 978 humana
2999 923 3365 989 institutione,

1787 1026 1976 1072 antex
2009 1015 2266 1072 Ecclesia:
2305 1018 2724 1084 consuetudine,
2776 1018 2870 1073 sed
2925 1034 2993 1072 ex
3045 1019 3368 1088 apostolicis

1787 1109 2069 1178 praeceptis
2098 1109 2384 1176 describit,
2395 1119 2450 1164 et
2482 1119 2805 1180 argumento
2829 1125 2860 1164 e
2884 1109 3163 1180 Scriptura
3189 1112 3362 1165 dedu-

1785 1209 1875 1254 cto
1904 1199 2126 1268 opponit
2157 1217 2172 1253 :
2204 1200 2314 1253 Καὶ
2354 1199 2509 1270 δῆλον
2554 1201 2638 1263 ὅτι
2672 1201 2730 1253 ἐν
2762 1201 2840 1272 τῷ
2880 1199 3369 1272 χαρακτηριστικῷ

1786 1289 1894 1343 τῶν
1941 1289 2290 1361 καλουμένων
2335 1290 2650 1345 ἐπισκόπων
2704 1291 3019 1362 διαγράφων
3069 1294 3098 1344 6
3153 1291 3364 1354 Παῦλος

1785 1383 1964 1434 ὁποῖον
1996 1376 2134 1434 εἶναι
2185 1381 2289 1453 χρὴ
2320 1381 2412 1435 τὸν
2439 1382 2757 1444 ἐπίσκοπον,
2787 1382 2940 1447 ἔταξε
2972 1384 3066 1436 καὶ
3097 1383 3187 1436 τὸν
3221 1383 3365 1436 διδάσ-

1785 1471 2003 1536 σκαλον,
2028 1473 2200 1541 λέγων
2231 1471 2343 1526 δεῖν
2370 1472 2533 1528 αὐτὸν
2564 1469 2702 1528 εἶναι
2729 1474 2955 1528 δυνατὸν
2992 1477 3085 1529 καὶ
3109 1476 3236 1539 τοὺς
3265 1476 3363 1529 ἁν-

1781 1561 2092 1629 τιλέγοντας
2120 1563 2380 1633 ἐλέγχειν,
2411 1563 2498 1617 ἵνα
2526 1565 2653 1628 τοὺς
2685 1564 3076 1635 ματαιολόγους
3091 1567 3184 1618 καὶ
3201 1582 3365 1638 φρεν-

1780 1653 1994 1718 απάτας
2039 1655 2366 1728 ἐπιστομίζῃ
2416 1655 2504 1709 διὰ
2556 1657 2653 1728 τῆς
2675 1657 2734 1710 ἐν
2776 1655 2924 1726 αὑτῷ
2980 1661 3205 1726 σοφίαςο
3268 1658 3364 1710 καὶ

115 1727 157 1771 et
179 1721 425 1774 diaconus
478 1739 716 1777 verarum
745 1725 1031 1778 secundant
1075 1727 1186 1779 [nec
1238 1728 1451 1780 nomina
1480 1742 1668 1792 rerum,

1779 1745 1966 1816 ὥσπερ
2002 1721 2307 1816 μονόγαμον
2337 1721 2555 1816 ’μᾶλλον
2601 1721 2831 1818 έιγάμου
2861 1721 3096 1819 αέρεῖται
3127 1751 3208 1811 εἰς
3240 1750 3362 1801 ἐπι-

114 1812 316 1866 euluerit
342 1813 466 1866 illos
487 1814 770 1884 symbolice
803 1834 1140 1887 ntonoyamos
1163 1819 1480 1872 constituere
1499 1819 1524 1871 ?
1565 1816 1675 1872 Hos

115 1900 257 1969 igitur
275 1911 380 1957 tres
409 1905 698 1960 distinctos
721 1906 944 1976 gradus,
975 1908 1090 1963 sive
1121 1907 1395 1978 ὑπεροχὰς
1415 1917 1469 1962 et
1495 1908 1672 1976 digiti-

116 1999 232 2044 tates
243 1993 646 2049 ecclesiasticas
666 1993 930 2066 Origenes
946 2013 1010 2050 ex
1044 1997 1161 2066 ipso
1191 2014 1348 2052 sacro
1372 1997 1558 2051 codice
1573 1999 1672 2051 de-

113 2084 317 2148 rivat,ct
351 2099 479 2138 cum
505 2084 784 2141 Clemente
813 2096 891 2141 tot
916 2088 1172 2143 distincta
1199 2087 1375 2142 cilicia
1393 2089 1673 2144 distinctis

109 2174 252 2227 etiam
311 2176 636 2244 apostolicis
686 2178 971 2248 praeceptis
1007 2179 1250 2248 regulata
1301 2179 1568 2249 agnoscit.
1607 2177 1675 2232 Ut

109 2264 153 2318 in
182 2267 378 2336 optimo
402 2269 473 2323 de
503 2269 756 2324 oratione
802 2270 942 2324 libro
977 2269 1224 2324 nondum
1265 2271 1432 2335 edito,
1460 2271 1553 2326 sed
1602 2271 1672 2325 ab

114 2357 287 2413 Huetio
327 2361 648 2430 propediem
680 2361 914 2423 edendo,
945 2363 1081 2436 Περὶ
1130 2363 1239 2416 τῶν
1270 2361 1536 2434 ὀφειλῶν,
1574 2380 1668 2418 seu

114 2450 175 2503 De
196 2451 378 2506 debitis
420 2454 477 2508 in
510 2451 769 2510 Oratione
811 2454 1092 2510 Dominica
1130 2471 1332 2527 agens,
1380 2465 1666 2525 postquam

109 2544 163 2596 de
193 2546 537 2613 generalibus
579 2547 826 2600 omnium
881 2547 1322 2603 Christianorum
1356 2546 1548 2601 oliiciis
1569 2589 1584 2611 ,
1612 2557 1670 2600 ut

109 2633 460 2692 Clementinus
493 2638 580 2692 ille
609 2640 938 2712 pu-dagogns
962 2641 1331 2707 disseruisset,
1360 2641 1475 2694 haec
1497 2639 1664 2694 addit:

107 2727 265 2798 Napi;
324 2729 382 2782 δέ
445 2730 651 2782 τούτων
698 2730 1145 2802 καθολικωτέρων
1202 2732 1392 2794 ὄντων,
1427 2732 1543 2784 ἐστι
1584 2749 1667 2795 τις

106 2822 254 2890 χήρας
285 2823 690 2894 προνοουμένης
729 2823 832 2876 ὑπὸ
855 2826 954 2895 τῆς
996 2825 1325 2896 Ἐκκλησξας
1346 2825 1556 2897 ὀφειλὴ,
1576 2828 1666 2880 καὶ

105 2913 244 2983 ἑτέρα
274 2914 549 2980 διακόνου,
582 2916 674 2968 καὶ
701 2917 834 2988 ἄλλη
880 2917 1274 2989 πρεσϐυτέρου,
1310 2920 1402 2971 καὶ
1443 2918 1666 2970 ἐπισκό-

105 3017 189 3052 που
218 3002 269 3054 δέ
293 3003 487 3075 ὀφειλὴ
522 3004 799 3077 βαρυτάτη
840 3007 986 3058 ἐστὶν
1019 3006 1395 3078 ἀπαιτουμένη
1433 3005 1539 3058 ὑπὸ
1569 3006 1663 3059 τοῦ

1780 1834 2019 1904 σκοπήν’
2065 1834 2160 1886 καὶ
2208 1835 2571 1906 ἀνεπίληπτον
2610 1835 2907 1907 ἐπιλήπτου
2933 1878 2946 1902 ,
2983 1839 3077 1890 καὶ
3104 1837 3363 1908 νηφάλιον

1777 1923 1869 1976 τοῦ
1906 1923 1982 1996 μὴ
2013 1923 2274 1989 τοιούτου,
2298 1927 2391 1980 καὶ
2425 1925 2679 1996 σώφρονα
2711 1925 2804 1979 τοῦ
2837 1926 2910 1998 μὴ
2939 1926 3243 1998 σώφρονος,
3269 1928 3365 1981 καὶ

1777 2014 1999 2085 κόσμιον
2014 2015 2161 2086 παρὰ
2184 2015 2275 2068 τὸν
2299 2015 2400 2069 κᾶν
2421 2017 2506 2068 ἐπ’
2527 2016 2704 2085 ὀλίγον
2725 2015 3007 2082 ἀκόσμιονο
3040 2015 3183 2069 οὕτω
3218 2017 3360 2069 θέλει

1775 2105 1867 2158 τὸν
1900 2107 2324 2177 προηγουμένως
2366 2108 2446 2170 εἰς
2485 2107 2788 2178 ἐπισκοπὴν
2819 2107 3362 2178 κατασταθησόμενον

1775 2191 1912 2250 εἶναι
1927 2197 2233 2252 διδακτικὸν
2256 2199 2348 2252 καὶ
2370 2198 2592 2252 δυνατὸν
2614 2199 2749 2270 πρὸς
2762 2199 2822 2252 τὸ
2835 2201 2961 2262 τοὺς
2985 2197 3360 2266 ἀντιλέγοντας

1774 2291 2165 2362 ἐπιστομίζειν.
2184 2291 2251 2346 Et
2279 2294 2618 2362 manifestum
2639 2294 2867 2364 estquod
2881 2295 2934 2348 in
2961 2297 3074 2364 ipso
3087 2298 3360 2348 characte-

1775 2383 1958 2436 ristico
1981 2400 2160 2437 eorum
2188 2385 2277 2454 qui
2305 2387 2536 2456 episcopi
2565 2387 2727 2458 (apud
2752 2388 2876 2457 nos)
2910 2398 3182 2452 vocantur,
3211 2386 3362 2440 Pauo

1773 2474 1856 2528 lus
1873 2473 2169 2529 describens
2191 2475 2397 2545 qualem
2420 2479 2590 2530 virum
2620 2490 2856 2545 oporteat
2900 2497 3010 2534 esse
3033 2483 3358 2550 episcopum,

1770 2574 1948 2634 posuit
1988 2576 2035 2618 el
2070 2565 2372 2630 doctorem,
2405 2567 2644 2635 inquiens
2679 2585 2796 2622 eum
2847 2580 3084 2638 oportere
3125 2587 3235 2622 esse
3257 2587 3357 2640 po-

1773 2667 1964 2711 tentem
2009 2659 2422 2713 contradicentes
2465 2660 2816 2730 redarguere,
2848 2672 2904 2714 ut
2958 2662 3249 2732 vaniloquis
3307 2671 3358 2716 et

1770 2751 2136 2804 seductoribus
2189 2753 2395 2806 obturet
2443 2769 2500 2806 os
2552 2770 2644 2823 per
2685 2755 2957 2822 propriam
3013 2757 3352 2824 sapientiam.

1772 2841 1842 2896 Et
1873 2844 2312 2913 quemadmodum
2346 2846 2504 2899 unius
2536 2846 2719 2899 uxoris
2763 2847 2932 2899 virum
2979 2847 3194 2900 iteranti
3243 2865 3358 2900 ma-

1772 2936 2082 2989 trimonium
2113 2937 2329 3006 prwfert
2359 2939 2414 2990 in
2433 2937 2682 2991 electione
2713 2937 2781 2990 ad
2812 2939 3190 3007 episcopatum,
3224 2941 3356 2992 irre-

1769 3026 2172 3094 preltensibilem
2205 3027 2618 3096 repreliensibili,
2648 3029 2876 3081 sobrium
2909 3028 3059 3098 longe
3081 3029 3354 3094 dissimili,

102 3093 184 3161 τῆς
226 3093 350 3164 ὅλης
394 3095 728 3166 Ἐκκλησιας
749 3098 1021 3167 Σωτῆρος,
1059 3098 1156 3150 καὶ
1208 3097 1563 3169 ἐκδικουμένη
1617 3099 1665 3150 εἰ

1771 3126 2147 3187 temperantem
2175 3120 2574 3184 intemperanti,
2605 3119 2908 3188 compositis
2942 3120 3172 3172 moribus
3197 3137 3347 3172 ornu-

108 3185 166 3255 μὴ
189 3187 499 3257 caesisq-.0.
543 3188 750 3242 Prwler
790 3200 966 3242 autem
1008 3190 1117 3242 Itan:
1153 3190 1537 3243 universaliora
1586 3201 1663 3244 est

105 3279 336 3344 quoddam
363 3281 560 3346 viduae,
592 3282 742 3350 cujus
768 3299 950 3336 curant
967 3283 1096 3352 gerit
1122 3281 1383 3346 Ecclesia,
1407 3282 1662 3347 debitum,

105 3379 143 3420 et
170 3371 303 3423 aliud
336 3373 577 3439 diaconi,
609 3385 658 3428 et
695 3375 847 3428 aliud
893 3378 1205 3447 presbyteri,
1229 3379 1457 3446 episcopi
1486 3389 1663 3431 autem

104 3474 325 3527 praterea
352 3469 594 3520 debitum
619 3477 695 3521 est
722 3486 754 3520 a
795 3471 957 3522 totius
989 3468 1241 3523 Ecclesite
1270 3468 1545 3523 Saluatore
1572 3485 1666 3522 ea:-

105 3563 282 3620 uclum,
314 3567 361 3610 et
416 3559 462 3611 si
525 3575 629 3610 non
683 3559 977 3626 reddatur,
1038 3561 1384 3613 vindicatum.
1437 3559 1506 3614 Ut
1549 3561 1664 3629 ipse

102 3645 238 3700 etiam
289 3648 520 3702 homilia
569 3649 755 3718 quinta
810 3650 862 3703 in
914 3650 1300 3705 Ezechielem:
1347 3649 1452 3702 Pro
1498 3651 1658 3702 modo

104 3737 334 3802 graduum
370 3741 731 3810 unusquisque
770 3741 1116 3812 torquebitur.
1168 3741 1425 3810 Majorem
1453 3759 1660 3811 poenam

103 3826 228 3881 liabet
255 3832 344 3900 qui
370 3830 630 3886 Ecclesia:
663 3835 912 3902 praesidet
942 3843 991 3887 et
1030 3835 1290 3904 delinquit
1324 3836 1397 3904 (id
1429 3852 1512 3890 εει
1542 3837 1658 3905 epi-

105 3922 317 3990 scopas).
355 3923 552 3975 Annon
592 3924 757 3992 magis
788 3924 1208 3977 misericordiam
1237 3937 1563 3994 promeretur
1590 3928 1658 3980 ad

106 4015 526 4079 comparationem
555 4015 727 4085 ﬁdelis
757 4019 1201 4073 calerlmmenus?
1227 4017 1344 4071 Non
1378 4021 1546 4088 ntagis
1579 4036 1661 4072 ve-

105 4103 175 4154 nia
199 4105 376 4174 dignus
431 4115 511 4160 est
558 4105 752 4173 laicus,
795 4109 840 4160 si
882 4109 950 4161 ad
982 4109 1266 4161 diaconum
1314 4112 1661 4178 conferatur?

108 4191 160 4247 Et
181 4213 352 4251 rursus
384 4201 788 4268 comparatione
833 4202 1123 4271 presbyteri
1153 4203 1407 4258 diaconus
1457 4205 1659 4257 veniam

106 4287 204 4352 plus
230 4293 501 4345 meretur?
529 4291 695 4346 Plane
737 4303 794 4347 ut
843 4293 1007 4357 idem,
1039 4293 1259 4348 humilia
1308 4296 1364 4348 Η
1404 4296 1454 4347 in
1505 4294 1658 4348 Jere-

107 4379 241 4432 iniam
277 4399 290 4435 :
325 4381 522 4434 Πλεῖον
555 4381 666 4450 ἐγὼ
699 4382 1038 4454 ἀπαιτοῦμαι
1087 4383 1239 4455 παρὰ
1271 4383 1361 4436 τὸν
1393 4385 1656 4446 διάκονον,

107 4468 256 4524 πλεῖον
284 4473 311 4524 6
337 4472 590 4536 διάκονος
640 4474 790 4545 παρὰ
848 4473 940 4526 τὸν
989 4475 1208 4537 λαῖκὸν,
1243 4476 1270 4526 6
1306 4475 1362 4527 δὲ
1394 4476 1493 4546 τὴν
1528 4475 1662 4528 πάν-

104 4573 188 4612 των
233 4563 381 4634 ἡμῶν
435 4565 914 4637 ἐγκεχειρισμένος
948 4566 1122 4638 ἀρχὴν
1176 4566 1345 4638 αὐτὴν
1394 4567 1492 4637 τὴν
1537 4569 1660 4620 Ἐκ-

105 4649 464 4728 κλησιαστικὴν
530 4659 622 4710 ἐπὶ
685 4658 868 4711 πλεῖον
914 4661 928 4720 (
955 4660 1036 4712 vel
1095 4659 1175 4718 ἔτι
1231 4657 1456 4727 πλεῖον)
1494 4661 1661 4712 ἀπαι-

103 4741 268 4796 τεῑται.
298 4744 414 4799 Hoc
441 4754 548 4810 est,
581 4747 973 4816 interpretante
1003 4745 1353 4817 Hieronymo,
1377 4747 1496 4817 plus
1523 4766 1552 4800 a
1580 4765 1660 4802 me

104 4833 298 4901 exigitur
333 4854 498 4906 quam
537 4855 571 4891 a
610 4839 866 4903 diacono;
912 4839 1029 4908 plus
1061 4859 1093 4894 a
1140 4842 1363 4895 diacono
1413 4859 1571 4910 quam
1627 4859 1660 4894 a

107 4922 237 4981 laico.
267 4931 366 4993 Qui
400 4917 524 4984 uero
557 4932 719 4984 totius
775 4930 1024 4985 Ecclesia:
1077 4949 1249 4986 arcem
1289 4932 1508 4994 obtinet,
1561 4951 1657 5002 pro

103 5019 218 5069 omni
240 5018 480 5074 Ecclesia
515 5022 691 5074 reddet
734 5023 1012 5076 rationem.
1051 5021 1315 5092 Origenes
1378 5024 1659 5093 presbyter

106 5102 203 5172 luit,
234 5110 465 5182 ideoque
493 5114 568 5169 ait
591 5113 768 5179 :Plus
800 5131 832 5166 a
864 5131 944 5167 me
982 5115 1214 5188 exigitur
1237 5131 1394 5183 quam
1421 5131 1453 5166 a
1476 5114 1660 5167 diaco-

107 5215 174 5267 πο,
190 5204 320 5272 quod
347 5206 756 5276 presbyteratus
779 5205 983 5274 gradus
1011 5215 1154 5260 esset
1180 5206 1468 5260 diaconatu
1496 5223 1660 5277 supe-

105 5289 223 5356 rior;
247 5297 358 5364 plus
391 5313 424 5348 a
449 5297 677 5349 diacono
705 5313 865 5366 quant
895 5313 927 5348 a
959 5297 1118 5363 laico,
1155 5298 1284 5366 quia
1338 5298 1532 5362 laicus,
1571 5313 1658 5352 se-

105 5386 307 5440 cundum
335 5389 487 5443 illius
511 5388 863 5454 sententiam,
896 5389 1099 5442 nullam
1129 5389 1180 5442 in
1204 5387 1447 5444 Ecclesia
1471 5388 1654 5460 digni-

106 5478 238 5529 talem
261 5479 466 5535 obtinet
486 5499 500 5546 ;
521 5492 600 5545 at,
615 5481 810 5552 inquit,
829 5480 920 5534 ille
937 5481 1028 5550 qui
1044 5481 1114 5534 ad
1125 5481 1481 5552 principatum
1493 5497 1656 5551 supra

107 5575 396 5638 ιοεοπηηεδ,
436 5582 551 5626 tum
584 5571 784 5638 laicos,
825 5581 939 5625 tum
985 5571 1251 5628 diaconos
1275 5616 1289 5640 ,
1317 5583 1432 5630 tum
1487 5574 1654 5632 etiam

165 5699 200 5731 “
226 5700 244 5756 l
268 5702 406 5763 Tim.
438 5706 603 5776 111,2.
686 5710 726 5744 ¹⁸
765 5708 898 5764 an.
933 5725 1034 5777 x11,
1060 5709 1146 5764 42.

1770 3217 1880 3262 tum
1911 3209 1988 3263 vel
2012 3227 2203 3279 parum
2244 3212 2626 3279 incomposito;
2665 3214 2743 3264 ita
2773 3211 2884 3264 vult
2905 3213 3129 3280 eumqui
3145 3222 3351 3265 anteco.

1769 3298 1954 3351 denter
2005 3299 2074 3352 ad
2106 3301 2466 3370 episcopatum
2493 3301 2874 3370 promovendus
2905 3312 3009 3366 est,
3042 3301 3230 3355 habere
3259 3303 3326 3355 do

1768 3393 1918 3444 cendi
1947 3391 2281 3460 facultatem,
2305 3402 2355 3446 et
2381 3402 2640 3463 potentem
2668 3409 2785 3462 esse
2799 3393 2868 3446 ad
2892 3394 3266 3446 obstruendum
3295 3411 3346 3448 os

1767 3485 2270 3540 contradictoribus.
2294 3485 2359 3540 Et
2395 3485 2617 3555 quidem
2662 3487 2903 3556 episcopi
2941 3487 3344 3542 characteristi-

1765 3589 1888 3626 cnm
1930 3575 2060 3628 alibi
2093 3586 2246 3630 notat
2279 3574 2540 3645 Origenes
2568 3618 2582 3640 ,
2619 3585 2677 3629 ut
2721 3577 2775 3630 in
2835 3578 3246 3631 commentariis
3284 3580 3348 3632 ad

1769 3662 2081 3718 Malthteum
2115 3682 2128 3717 :
2166 3665 2205 3717 Γ
2210 3666 2435 3720 ἐνναίων
2457 3667 2521 3731 δ’,
2551 3663 2724 3738 οἶμαι,
2759 3669 2851 3720 καὶ
2880 3667 3111 3738 ἐχόντων
3149 3667 3217 3720 τὰ
3249 3680 3348 3732 χα-

1767 3755 2160 3829 ρακτηρίζοντα
2190 3756 2280 3810 τὸν
2302 3758 2598 3812 ἐπίσκοπον
2631 3762 2807 3811 πάντα
2853 3758 3010 3830 ἔργον
3030 3753 3097 3829 ἦν
3127 3761 3352 3829 προτρέ-

1761 3846 1962 3916 ψασθαι
1973 3849 2099 3911 τοὺς
2114 3847 2204 3901 καὶ
2219 3849 2544 3920 δυναμένους
2560 3849 2653 3902 καὶ
2676 3849 3026 3919 πειθομένους
3040 3851 3106 3920 τῇ
3126 3867 3350 3921 προτρο-

1762 3941 1860 4007 πῇ,
1879 3939 1969 3991 καὶ
1984 3937 2070 3991 διὰ
2089 3938 2182 3991 τοῦ
2199 3940 2458 4012 παρέχειν
2471 3942 2535 3993 ἐκ
2545 3939 2640 3992 τοῦ
2658 3939 2834 3993 κοινοῦ
2857 3940 3040 4004 αὐτοῖς
3052 3941 3144 3992 καὶ
3161 3939 3352 4003 ἄλλους

1761 4029 1852 4081 ἐπὶ
1883 4029 2041 4082 τοῦτο
2073 4031 2428 4102 παρακαλεῖν.
2467 4030 2743 4085 Nobilium
2784 4042 2961 4086 autem
2988 4073 3001 4097 ,
3032 4034 3250 4100 opinor,
3301 4045 3353 4087 el

1762 4137 1943 4174 earum
1973 4123 2064 4192 qui
2093 4124 2269 4175 omnia
2302 4123 2601 4192 episcopum
2633 4124 2816 4176 intime
2845 4125 3224 4176 constituentia
3267 4132 3349 4175 at-

1760 4228 1857 4281 que
1886 4212 2238 4266 describenlia
2288 4213 2556 4282 possident
2600 4229 2728 4281 opus
2755 4223 2912 4278 esset,
2937 4230 3022 4266 eos
3068 4214 3352 4268 adhortari

1763 4304 1951 4375 quibus
1987 4305 2220 4375 facultas
2251 4307 2504 4374 suppetit,
2537 4306 2728 4375 quique
2765 4305 3130 4357 adltortationi
3159 4306 3352 4359 obtent-

1697 4433 1735 4484 Β
1763 4407 1970 4466 perant,
2000 4398 2228 4467 ipsisque
2252 4413 2330 4450 res
2364 4399 2483 4451 vita:
2514 4397 2838 4450 necessarias
2865 4412 2892 4448 e
2921 4398 3187 4449 communi
3219 4398 3314 4450 sub
3334 4427 3347 4438 -

1767 4491 2122 4544 ministrando
2163 4490 2301 4544 alios
2333 4490 2401 4543 ad
2433 4492 2571 4546 idem
2600 4509 2800 4563 quoque
2858 4493 3144 4562 impellere.
3196 4491 3263 4544 Et
3293 4493 3350 4545 in

1765 4581 1958 4635 iisdem
2005 4581 2423 4636 commentariis
2472 4600 2486 4634 :
2529 4579 2758 4651 Propter
2803 4582 2942 4652 quod
2993 4591 3043 4634 et
3095 4580 3348 4650 deﬁniens

1763 4674 1942 4744 quales
1969 4677 2188 4728 debeant
2228 4691 2338 4728 esse
2362 4675 2614 4744 episcopi,
2641 4674 2718 4727 sic
2743 4675 2875 4727 dicit
2905 4691 2923 4729 ,ο
2957 4691 3066 4729 non
3099 4674 3346 4745 litigiosi,

1764 4780 1871 4816 non
1904 4779 2276 4838 percussores,
2309 4765 2398 4817 sed
2430 4765 2724 4830 mansueti,
2745 4768 2920 4818 ornati
2950 4766 2993 4796 “
3014 4775 3061 4818 et
3099 4783 3350 4836 quierun-

1761 4873 1857 4926 que
1888 4857 2024 4910 inter
2059 4857 2240 4925 ﬁdeles
2290 4866 2340 4911 et
2385 4857 2646 4926 sapientes
2691 4875 2865 4912 servos
2905 4859 3242 4913 invenimttur
3297 4869 3352 4912 et

1761 4952 2168 5020 dispensatores
2230 4968 2371 5022 quos
2422 4952 2998 5008 constituitDominus
3056 4971 3220 5023 super
3262 4955 3344 5007 la-

1761 5042 1966 5096 miliam
2037 5057 2216 5108 suam,
2248 5045 2387 5096 sicut
2438 5043 2570 5097 dicit
2606 5043 2777 5098 Lucas
2811 5043 3047 5098 ".Erant
3090 5047 3254 5112 igitur
3279 5043 3346 5096 τὰ

1760 5133 2230 5206 χαρακτηρίζοντα
2262 5135 2354 5188 τὸν
2385 5136 2681 5190 ἐπίσκοπον
2699 5139 2999 5192 secundum
3031 5137 3343 5206 Origenem,

1761 5225 1918 5295 plane
1951 5225 2410 5295 quemadmodum
2460 5225 2530 5279 τὰ
2567 5227 3039 5300 χαρακτηρίζοντα
3058 5227 3154 5299 τὴν
3181 5225 3346 5294 ἁγξαν

1760 5319 1954 5389 χήραν,
1997 5327 2057 5371 ut
2097 5317 2211 5387 ipse
2251 5317 2495 5388 loquitur
2528 5319 2582 5372 in
2635 5319 2696 5373 S.
2721 5318 3007 5384 Joannem,
3056 5319 3240 5372 omnia
3275 5336 3336 5372 es

1757 5407 2044 5478 praeceptis
2090 5407 2391 5465 Dominicis
2438 5409 2525 5466 vel
2574 5409 2886 5480 apostolicis
2933 5409 3226 5464 delineata.
3278 5409 3344 5464 Et

1757 5500 2131 5556 memorabilis
2181 5503 2406 5557 omnino
2455 5502 2612 5558 locus
2647 5511 2730 5557 est
2781 5501 2975 5557 eodem
3032 5502 3196 5568 libro,
3230 5519 3351 5572 quo

1757 5591 2032 5654 ﬁdelesias
2070 5593 2510 5652 Christianorum
2546 5609 2613 5652 ex
2637 5593 2870 5652 adverso
2908 5611 3036 5652 cum
3081 5594 3350 5654 Ecclesiis
