3824 6198
347 218 464 272 219.
1393 211 1452 266 S.
1489 209 1840 266 IGNA'FIUS.
1878 241 1949 252 —-
1997 201 2535 263 PROLEGOMEN-A.
3532 186 3635 241 220

343 353 442 393 seu
501 336 863 397 concionibus
907 335 1190 407 gentilium
1252 333 1586 400 componit:
1649 331 1848 399 Ἐκκλη

2128 325 2349 398 μανισμῷ
2368 325 2509 397 μέγα
2536 313 2884 394 φρονοῦντας⁴
2907 336 2920 348 ·
2946 316 3040 370 καὶ
3069 315 3302 387 μάλιστα
3335 310 3476 365 ἐπὰν
3508 309 3638 384 τύχῃ

347 429 445 500 μὲν
480 429 586 503 γὰρ
613 429 708 484 τοῦ
732 429 867 482 Θεοῦ
902 428 1022 499 φέρ’
1042 428 1214 480 εἰπεῖν
1249 427 1281 497 ἡ
1328 425 1585 497 Ἀθήνῃσι
1606 465 1619 486 ,
1645 425 1845 496 πραεῖά
1867 440 1952 485 τις

348 519 443 573 καὶ
487 521 756 592 εὐσταθὴς
791 522 872 583 (ιιι
905 519 971 572 de
1004 518 1305 588 Polycarpo
1332 515 1391 570 S.
1418 515 1679 586 Iguatius)
1714 514 1805 568 ἆτε
1835 512 1954 583 Θεῷ

345 611 616 682 ἀρέσκειν
647 613 725 683 τῷ
762 614 855 666 ἐπὶ
912 613 1045 664 πᾶσι
1102 608 1396 680 βουλομένη
1421 625 1434 638 ⁸
1490 611 1523 680 ἡ
1571 609 1617 660 δ’
1658 607 1956 678 Ἀθηναίων

337 704 643 776 Ἐκκλησία.
680 702 984 773 στασιώδης
1033 703 1127 756 καὶ
1184 701 1436 772 οὐδαμῶς
1501 699 1954 772 παραϐαλλομένη

358 803 425 871 τῇ
475 802 591 854 ἐκεῖ
643 799 944 870 Ἐκκλησίᾳ
988 796 1083 850 τοῦ
1116 796 1252 850 Θεοῦ
1281 813 1295 826 ·
1351 795 1411 848 τὸ
1444 795 1488 847 δ’
1515 796 1647 848 αὐτὸ
1685 797 1838 866 ’έρεῖἑ
1864 811 1960 847 ’κε’

365 895 422 966 pi.
483 893 778 964 ἐκκλησίας
845 890 941 944 τοῦ
1005 889 1140 943 Θεοῦ
1198 888 1301 957 τῆς
1372 887 1430 939 ἐν
1506 885 1795 959 Κορίνθῳ,
1865 886 1959 939 καὶ

362 985 461 1055 τῆς
502 983 799 1054 ἐκκλησίας
845 980 939 1034 τοῦ
985 981 1159 1050 δήμου
1228 978 1548 1051 Κορινθίων·
1587 977 1680 1030 καὶ
1724 976 1844 1048 φέρ’
1892 979 1962 1030 εί-

365 1078 487 1129 πεῖν
546 1075 675 1149 περὶ
722 1072 1050 1143 Ἐκκλησίας
1093 1070 1212 1124 ’τοῦ
1260 1069 1396 1123 Θεοῦ
1457 1069 1560 1140 τῆς
1607 1069 1664 1120 ἐν
1710 1068 1960 1133 Ἀλεξαν-

365 1167 540 1239 δρεία,
614 1167 709 1220 καὶ
775 1164 1075 1235 ἐκκλησίας
1147 1162 1244 1214 τοῦ
1310 1159 1702 1232 Ἀλεξανδρέων
1766 1160 1954 1230 δήμου.

369 1257 515 1310 Nam
541 1256 778 1310 Ecclesia
829 1253 946 1319 Dei,
987 1251 1129 1307 verbi
1187 1251 1402 1322 gratia,
1452 1267 1571 1320 qua:
1605 1250 1822 1302 Athenis
1862 1259 1962 1312 est,

369 1359 644 1404 mansueta
670 1360 745 1401 est
774 1358 821 1401 et
850 1345 1007 1416 probe
1026 1345 1336 1414 composita,
1369 1344 1557 1413 quippe
1582 1358 1699 1411 ane
1729 1341 1854 1403 Deo,
1875 1342 1965 1412 qui

369 1452 447 1495 est
477 1458 632 1506 super
661 1443 857 1500 omnia,
893 1456 946 1494 se
979 1441 1269 1509 approbare
1297 1438 1518 1506 cupiat;
1565 1436 1966 1489 Atheniensium

371 1544 551 1588 autem
576 1535 757 1586 concio
789 1533 1060 1598 seditiosa,
1086 1549 1178 1585 nec
1229 1530 1338 1583 ullo
1370 1529 1526 1582 modo
1560 1546 1679 1582 cum
1733 1527 1970 1580 Ecclesia

375 1624 474 1677 Dci
503 1641 620 1693 qua:
645 1623 840 1676 ibidem
887 1631 997 1684 est,
1031 1621 1368 1690 conferenda.
1424 1618 1576 1672 Idem
1629 1619 1788 1672 etiam
1820 1618 1969 1669 dicas

2057 421 2325 493 πατράσιν
2358 418 2635 486 ἐπαυχεῖν,
2655 413 2748 466 καὶ
2782 411 3065 482 προγόνοις
3099 405 3386 479 προεδρίας
3409 403 3640 474 ἠξιωμέ-

2057 532 2169 577 νοις
2203 515 2260 565 ἐν
2293 513 2359 582 τῇ
2399 506 2698 578 Ἐκκλησία
2725 500 3082 557 ἐπισκοπικοῦ
3107 498 3373 571 θρόνου,ἢ
3411 496 3644 567 πρεσϐυ-

2057 603 2435 679 τερίουτιμῆς,
2468 602 2502 672 ἢ
2539 598 2810 660 διακονίας
2831 597 2910 658 εἰς
2937 594 3030 647 τὸν
3055 593 3180 645 λαὸν
3213 589 3309 643 τοῦ
3344 587 3646 642 Θεοῦεοη-

2061 698 2290 752 tentione
2319 703 2494 747 autem
2523 708 2652 762 opus
2675 697 2751 744 est
2784 687 2852 740 ad
2872 683 3265 756 deprimendum
3295 697 3480 735 eorum
3504 696 3648 733 arro-

2062 790 2300 860 gantiam
2329 785 2456 856 ,qui
2504 783 2642 854 quod
2680 799 2711 834 a
2760 777 3067 849 parentibus
3126 777 3178 829 in
3234 773 3648 829 Christianismo

2061 881 2272 935 educati
2301 888 2449 943 sunt,
2475 878 2539 930 de
2562 892 2616 930 se
2642 873 2920 943 magnifice
2945 869 3198 933 sentiunt,
3224 876 3272 920 et
3289 865 3588 936 praesertim
3605 864 3649 916 si

2063 973 2370 1044 parentibus
2411 981 2458 1025 et
2491 969 2700 1040 proavis
2733 966 3055 1035 efferantur,
3106 960 3200 1031 qui
3239 957 3561 1029 episcopalis
3597 955 3652 1008 in

2066 1066 2307 1120 Ecclesia
2338 1064 2475 1117 sedis
2504 1060 2912 1132 praerogativam
2954 1055 3069 1124 jus,
3104 1051 3183 1106 vel
3217 1049 3535 1121 presbyterii
3570 1047 3652 1100 die

2067 1161 2322 1232 gnitatcm
2359 1153 2654 1218 tenuerint,
2686 1150 2762 1204 vel
2795 1147 3010 1202 diaconi
3035 1145 3216 1214 ofﬁcio
3242 1160 3368 1213 erga
3405 1139 3657 1210 populum

2075 1230 2168 1305 Dei
2205 1248 2374 1319 functi
2409 1247 2538 1299 sint.
2569 1242 2664 1297 llis
2697 1241 2842 1295 enim
2880 1253 2977 1293 sua
3009 1245 3166 1290 aetate
3191 1234 3464 1304 plurimos
3490 1230 3660 1284 fuisse

2069 1343 2270 1406 iniiuit,
2303 1354 2538 1409 quorum
2600 1333 2785 1404 proavi
2827 1332 2895 1384 ab
2929 1327 3200 1398 episcopis
3247 1325 3468 1379 educati
3493 1331 3656 1388 sunt;

2070 1431 2311 1505 episcopi
2345 1437 2524 1484 autem
2563 1426 2638 1479 illi
2686 1437 2818 1477 sane
2850 1420 3067 1474 fuerant
3089 1416 3378 1487 S.lgnatio
3405 1413 3677 1476 cozevi,si-

2073 1503 2182 1580 non
2228 1533 2279 1578 et
2329 1518 2613 1591 apostolis.
2657 1514 2839 1581 Quare
2886 1512 2940 1566 in
3000 1509 3190 1564 iisdem
3247 1503 3668 1561 commentariis

2075 1618 2205 1672 illud
2237 1616 2296 1671 S.
2324 1615 2486 1669 Luca:
2518 1623 2798 1680 exponens
2829 1622 2843 1658 :
2874 1604 2984 1658 Καί
3011 1605 3038 1656 ὁ
3064 1600 3392 1673 ἡγούμενος,
3411 1597 3488 1660 ὼς
3517 1594 3669 1648 ὕδια-

374 1716 440 1768 de
483 1714 720 1768 Ecclesia
771 1714 868 1767 Dei
898 1730 1016 1784 qua:
1043 1723 1122 1766 est
1173 1712 1453 1775 Corinthi,
1484 1721 1533 1764 et
1578 1710 1820 1774 ecclesia,
1855 1707 1970 1762 sive
2002 1678 2045 1733 Β
2073 1708 2266 1773 κονῶν,
2293 1715 2553 1775 tanquam
2580 1678 2912 1772 prmeptttm
2939 1693 3145 1750 Christi
3169 1691 3344 1761 ipsius
3379 1690 3449 1743 de
3484 1687 3668 1742 ofﬁcio

377 1806 646 1868 concione,
676 1803 858 1874 populi
916 1801 1350 1864 Corinthiorum;
1389 1810 1460 1867 et,
1489 1800 1630 1854 verbi
1671 1800 1868 1870 gratia,
1905 1797 1970 1850 de

379 1896 619 1951 Ecclesia
658 1895 756 1949 Dei
800 1911 917 1965 qua:
965 1903 1043 1947 est
1090 1892 1466 1959 Alexandria,
1513 1902 1562 1946 et
1599 1893 1848 1946 concione
1877 1906 1972 1959 po-

379 1987 493 2058 puli
525 1987 898 2041 Alexandrini.
937 1985 1204 2040 Memorat
1233 1986 1417 2054 itaque
1442 1984 1706 2053 Origenes
1740 1980 1974 2050 exempli

381 2082 557 2151 gratia
591 2089 701 2136 tres
748 2080 1023 2135 Ecclesias
1058 2079 1263 2134 Graecis
1303 2079 1644 2142 notissimas,
1674 2077 1973 2130 Athenien-

381 2189 520 2240 sem,
551 2173 985 2240 Corinthiacum,
1015 2173 1460 2226 Alexandrinam.
1514 2169 1769 2224 Ostendit
1798 2171 1850 2222 in
1885 2169 1974 2223 his

381 2266 699 2320 civitatibus
724 2265 984 2334 populum
1014 2264 1299 2334 gentilium
1333 2263 1479 2316 nullo
1520 2261 1682 2314 modo
1724 2275 1848 2314 cum
1881 2275 1980 2327 po-

383 2359 517 2427 pulo
556 2357 874 2410 Christiano
902 2372 1024 2411 esse
1058 2354 1472 2410 conferendum.
1521 2353 1647 2408 lude
1694 2351 1978 2422 progredi-

384 2459 478 2503 tur
521 2449 589 2503 ad
635 2449 934 2517 dignitates
983 2447 1409 2510 ecclesiasticas,
1446 2461 1652 2516 easque
1701 2445 1981 2514 componit

389 2557 516 2596 cum
557 2541 888 2609 magistratu
936 2549 1239 2608 senatuque
1279 2538 1586 2606 gentilium,
1624 2535 1816 2606 βουλὴν
1861 2535 1984 2588 Ἐκ-

389 2633 620 2704 κλησίας
641 2632 778 2684 Θεοῦ
806 2632 966 2703 βουλῇ
992 2635 1058 2703 τῇ
1095 2633 1216 2685 καθ’
1247 2632 1485 2703 ἑκάστην
1507 2631 1662 2683 πόλιν
1700 2628 1984 2693 συνεξετά-

391 2725 523 2791 ζων,
562 2734 802 2778 senatum
837 2724 1083 2779 Ecclesia:
1111 2724 1204 2779 Dei
1238 2726 1444 2778 senatui
1488 2725 1562 2777 in.
1591 2723 1826 2793 qualibet
1851 2723 1983 2774 civi-

393 2829 503 2874 tate
539 2819 825 2871 constituto
857 2833 1190 2887 comparans,
1233 2826 1286 2871 et
1315 2815 1608 2886 βουλευτὰς
1636 2814 1986 2869 Christianos

395 2911 714 2982 βουλευταῖς
746 2910 1028 2981 gentilium
1075 2925 1378 2979 opponens.
1421 2907 1486 2961 lli
1524 2917 1705 2961 autem
1764 2905 1985 2977 βουλευ-

390 3003 484 3056 ταὶ
527 3002 824 3056 Christiani
859 3017 990 3056 sane
1038 3001 1258 3055 fuerunt
1307 2999 1626 3071 presbyteri.
1699 2998 1831 3054 Post
1882 2999 1985 3053 hos

394 3093 567 3163 igitur
601 3092 851 3146 ascendit
885 3091 951 3146 ad
989 3093 1418 3160 principem.seu
1457 3106 1734 3144 summum
1771 3090 1825 3143 in
1856 3105 1993 3143 uua-

395 3199 614 3254 qnaque
658 3184 877 3238 civitate
910 3183 1322 3255 magistratum:
1349 3181 1505 3236 Οὕτω
1535 3181 1593 3234 δὲ
1634 3182 1727 3235 καὶ
1759 3181 1996 3254 ἄρχοντα

396 3275 726 3348 Ἐκκλησίας
758 3276 995 3347 ἑκάστης
1045 3275 1252 3339 πόλεως
1293 3274 1513 3346 ἄρχοντι
1536 3273 1642 3326 τῶν
1673 3275 1729 3325 ἐν
1746 3277 1810 3344 τῇ
1843 3271 1994 3327 πόλει

399 3371 742 3443 συγκριτέον.
779 3370 981 3423 Eodem
1015 3369 1168 3421 modo
1203 3383 1442 3438 princeps
1466 3365 1715 3419 Ecclesia:
1746 3366 1998 3419 uniuscu-

397 3465 584 3532 jusque
612 3463 843 3516 civitatis
873 3478 993 3515 cun:
1018 3476 1223 3514 summa
1253 3459 1614 3528 eorumquiin
1637 3459 1850 3511 civitate
1875 3467 1996 3510 sunt

400 3557 720 3628 magistratu
748 3556 1096 3626 conferendas
1121 3553 1298 3610 est.Ut
1319 3564 1502 3608 autem
1531 3554 1836 3624 presbyteri
1864 3553 1988 3624 βου-

402 3649 593 3703 λευταὶ
629 3659 796 3713 sunt,
829 3649 902 3703 ita
938 3648 1123 3720 ἄρχων
1167 3647 1494 3719 Ἐκκλησίας
1544 3647 1837 3717 episcopus
1891 3655 1996 3713 est,

401 3751 464 3796 ut
498 3743 612 3811 ipse
639 3742 692 3795 in
719 3741 1131 3796 commentariis
1164 3741 1231 3795 ad
1258 3739 1570 3794 Matthaeum
1595 3759 1607 3793 :
1635 3739 1709 3792 υύ
1733 3739 1998 3810 μιμητέον

401 3832 480 3902 τῷ
512 3832 731 3904 ἄρχοντι
766 3834 864 3904 τῆς
904 3833 1231 3902 Ἐκκλησίας
1273 3831 1362 3887 τὸν
1398 3832 1634 3902 ἄρχοντα
1677 3831 1784 3886 τῶν
1807 3831 1996 3884 ἐθνῶν.

405 3921 574 3991 quue
599 3938 726 3976 cum
757 3923 1009 3991 Athenis,
1038 3923 1287 3976 Corinthi
1336 3931 1391 3976 et
1419 3924 1784 3988 Alexandriae,
1800 3932 1912 3976 tum
1945 3923 1998 3976 in

407 4031 741 4086 Unaquaqne
789 4014 1030 4080 civitate,
1066 4024 1200 4070 teste
1259 4014 1512 4087 Origene,
1549 4016 1806 4070 obtinuit.
1851 4014 1996 4070 Idem

407 4111 573 4163 etiam
622 4108 847 4163 homilia
902 4108 974 4162 20
1027 4108 1081 4160 in
1109 4107 1313 4162 Lucam
1345 4125 1357 4160 :
1387 4106 1446 4161 Si
1487 4106 1642 4162 Iesus
1694 4106 1871 4160 Filius
1903 4106 2002 4160 Dei

408 4202 696 4271 subjicitur
745 4200 938 4271 Ioseph
986 4209 1031 4254 et
1071 4199 1284 4262 Mariat,
1332 4215 1424 4270 ego
1449 4215 1551 4252 non
1601 4198 1861 4268 subjiciar
1891 4201 2001 4268 epi-

410 4310 591 4363 scopo,
628 4294 719 4364 qui
750 4292 881 4346 mihi
907 4308 939 4344 a
971 4292 1076 4343 Deo
1103 4290 1382 4344 ordinatus
1411 4299 1486 4343 est
1527 4299 1679 4361 pater
1704 4291 1848 4343 ?non
1877 4289 1999 4342 sub-

402 4361 570 4460 jiciar
596 4361 918 4456 presbytero,
943 4382 1034 4453 qui
1066 4382 1192 4434 mihi
1219 4381 1435 4436 Domini
1461 4382 1765 4453 dignatione
1799 4395 2005 4450 prwpo-
2033 4372 2082 4430 ἰ)
2110 4367 2165 4420 in
2199 4381 2304 4419 πηδ-
2340 4372 2529 4418 ηοὸῑνο
2559 4361 2590 4415 ﬁ

409 4477 546 4531 situs
586 4478 706 4531 est?
739 4475 811 4530 lta
847 4475 938 4529 ille
972 4474 1152 4528 adhuc
1176 4473 1418 4541 juvenis,
1451 4475 1690 4528 nondum
1723 4473 2008 4544 presbyter

409 4569 612 4625 factus.
643 4569 908 4639 Agnoscit
931 4581 1108 4629 autem
1129 4569 1183 4623 in
1215 4567 1456 4623 Ecclesia
1491 4566 1861 4621 Alexandrina
1892 4564 2009 4634 epi-

408 4677 636 4731 scopum
670 4677 699 4717 a
729 4662 837 4716 Deo
865 4665 986 4731 ipso
1017 4672 1280 4731 tanquam
1301 4668 1510 4730 patrem
1533 4658 1870 4719 ordinatum,
1897 4671 2007 4709 non

410 4754 598 4810 minus
629 4769 794 4823 quam
828 4752 1208 4824 presbyterum
1247 4751 1460 4805 Domini
1503 4749 1820 4819 (lignatione
1869 4762 2009 4818 prte-

407 4843 850 4915 positum.Unde
903 4845 958 4897 in
986 4842 1400 4898 commentariis
1445 4841 1510 4894 ad
1556 4839 1868 4894 Matthzeum
1903 4838 2006 4890 ait:

408 4939 570 4997 Οὕτω
593 4940 651 4996 δὲ
687 4941 780 4995 καὶ
813 4941 990 5010 γονεῖς
1025 4939 1236 5003 πάντας
1269 4937 1395 5001 τοὺς
1441 4933 1844 5004 ἀνεπιλήπτους
1891 4931 2014 4983 ἐπι-

410 5035 647 5098 σκόπους
665 5034 901 5097 καὶτοὺς
918 5032 1284 5103 ἀνεγκλήτους
1319 5025 1720 5100 πρεσϐυτέρους
1747 5024 1812 5075 λα
1821 5021 2013 5093 μϐάνει

406 5147 494 5194 τις
526 5129 641 5184 ἀνθ’
675 5121 750 5180 ὧν
796 5125 1157 5180 καταλέλοιπε
1217 5122 1333 5176 δύο.
1395 5117 1486 5173 Ita
1540 5112 2013 5185 irreprehensibiles

411 5223 684 5292 episcopos
708 5235 886 5272 omnes
913 5227 963 5271 et
1003 5215 1332 5288 presbyteros
1365 5209 1664 5277 inculpatos
1693 5207 1747 5257 in
1773 5215 2013 5273 parentes

413 5317 640 5370 assumit
697 5313 962 5383 quispiam
1009 5328 1104 5380 pro
1157 5307 1359 5360 duobus
1411 5301 1522 5354 illis
1578 5313 1707 5368 quos
1761 5298 2012 5349 deseruit.

420 5408 570 5473 Quin
603 5408 766 5462 etiam
822 5414 1150 5460 vetustatem
1211 5396 1640 5466 dignitatemque.
1688 5390 2018 5460 episcopalis

415 5499 822 5567 orsliuispaulo
843 5507 968 5568 post
998 5491 1243 5564 depingit
1275 5508 1287 5542 :
1337 5485 1510 5554 Ἀγὼν
1534 5483 1589 5536 δέ
1623 5481 1847 5536 ἐστικαὶ
1883 5480 2018 5533 καθ-

415 5585 562 5648 ελεῖν
593 5589 763 5660 οἴημα
782 5589 870 5642 διὰ
893 5589 954 5640 τὸ
982 5590 1045 5639 ἐκ
1082 5583 1334 5654 πατέρων
1361 5574 1753 5647 διατετράφθαι
1790 5574 1846 5625 ἐν
1897 5572 2022 5642 Χρι.

501 5704 546 5734 ⁸³
572 5702 731 5758 Joan.
765 5721 886 5770 XIII,
930 5703 1012 5755 ll.

2016 3023 2062 3082 Ο

2081 1799 2326 1872 episc0pi
2354 1774 2742 1865 interpretatur
2774 1810 2788 1846 :
2818 1790 2876 1844 Ὀ
2895 1789 2952 1842 δέ
2980 1785 3312 1858 ἡγούμενος,
3341 1781 3490 1835 οὕτω
3515 1779 3571 1832 δὲ
3596 1774 3673 1832 οϊ-

2077 1915 2173 1968 μαι
2197 1891 2483 1964 ὀνομάζειν
2500 1888 2591 1941 τὸν
2608 1884 2772 1940 καλοῦ
2783 1899 2940 1955 μενον
2960 1882 3017 1934 ἐν
3033 1880 3152 1941 ταῖς
3178 1873 3536 1944 Ἑκκλησίαις
3553 1869 3673 1924 ἐπί-

2078 2001 2300 2048 σκοπον,
2348 1983 2424 2046 ῶς
2474 1981 2502 2032 ὁ
2545 1980 2659 2041 τοῖς
2712 1970 3178 2047 ὑπηρετουμένοις
3234 1963 3673 2033 διακονούμενος.

2077 2079 2332 2147 Princeps
2368 2089 2486 2128 vero
2518 2072 2538 2143 (
2569 2072 2647 2124 sic
2678 2078 2855 2122 autem
2888 2062 3158 2134 appellare
3186 2059 3439 2114 existimo
3491 2056 3580 2125 qui
3622 2053 3676 2107 in

2081 2169 2338 2223 Ecclesiis
2367 2167 2640 2236 episcopus
2667 2156 2904 2227 vocatur)
2932 2166 3187 2222 tanquam
3231 2148 3324 2219 qui
3367 2147 3679 2199 ministran-

2084 2258 2223 2312 tibus
2257 2235 2551 2318 ministrat,
2607 2249 2700 2304 καὶ
2733 2247 2909 2301 ταῦτα
2944 2244 3041 2316 μὲν
3071 2243 3100 2294 ὁ
3131 2238 3225 2293 τοῦ
3252 2235 3392 2290 Θεοῦ
3440 2235 3682 2289 διδάσκει

2082 2351 2229 2421 ἡμᾶς
2257 2349 2437 2416 λόγος,
2466 2355 2622 2416 atque
2652 2343 2762 2396 lucc
2795 2337 3004 2409 quidem
3027 2334 3173 2387 docet
3197 2348 3289 2384 nos
3316 2329 3415 2382 Dei
3440 2328 3676 2382 verbum.

2083 2441 2217 2496 Nam
2252 2449 2310 2493 ut
2337 2447 2523 2509 postea
2552 2436 2808 2489 observat
2837 2449 2850 2486 :
2881 2429 3071 2483 Peccat
3095 2427 3149 2480 in
3182 2425 3354 2478 Deum
3385 2423 3686 2492 quicunque

2085 2535 2357 2604 episcopus
2385 2531 2474 2601 qui
2524 2545 2625 2582 non
2672 2525 2826 2597 quasi
2868 2520 3131 2576 conservis
3168 2532 3348 2572 servus
3384 2515 3684 2569 ministrat.

2087 2627 2176 2681 sed
2216 2625 2369 2696 quasi
2402 2624 2668 2675 dominus.
2701 2620 2846 2675 Idem
2878 2619 2934 2673 in
2959 2615 3296 2671 Ezechielctu
3325 2610 3558 2666 homilia
3584 2609 3682 2662 16:

2090 2717 2195 2781 Qui
2224 2733 2341 2769 vero
2366 2713 2672 2784 religionem
2697 2712 2902 2781 penitus
2952 2705 3360 2770 aversuntur,in
3397 2711 3608 2756 tantum
3631 2707 3687 2752 ut

2090 2825 2191 2862 non
2227 2815 2406 2860 curent
2427 2808 2492 2859 de
2507 2806 2770 2874 episcopo,
2795 2802 2858 2855 de
2881 2798 3222 2871 presbyteris,
3252 2795 3316 2848 de
3346 2791 3688 2855 diaconibus,

2091 2901 2154 2952 de
2171 2897 2429 2966 fratribus
2449 2897 2567 2962 ,sed
2607 2912 2723 2949 cum
2750 2895 2889 2947 omni
2907 2891 3230 2962 procacitate
3254 2883 3689 2956 delinquunt,si-

2092 2986 2246 3038 miles
2280 2984 2414 3053 ﬁunt
2469 2983 2734 3037 meretrici
2787 2998 2907 3035 cum
2936 2979 3137 3049 fiducia
3188 2978 3516 3047 prastilutw.
3546 2973 3612 3028 Et
3635 2973 3692 3028 in

2101 3077 2298 3131 Isaiam
2337 3076 2564 3130 humilia
2601 3074 2633 3128 6
2663 3093 2677 3128 :
2716 3073 2856 3143 Ergo
2878 3073 2973 3125 hoc
3000 3072 3151 3136 dicit,
3183 3079 3239 3122 ut
3267 3070 3548 3137 episcopus
3569 3067 3695 3122 mit-

2101 3179 2211 3223 tens
2248 3184 2439 3240 aquam
2473 3168 2525 3220 in
2551 3165 2736 3236 pelvim
2761 3175 2810 3218 et
2845 3173 3034 3217 exutus
3063 3161 3288 3215 vestibus
3321 3160 3458 3223 suis,
3497 3168 3545 3212 et
3569 3173 3700 3227 pra:-

2100 3261 2301 3314 cinctus
2343 3259 2506 3312 linteo
2548 3274 2626 3310 me
2664 3255 2974 3310 extendente
3005 3253 3139 3306 lavet
3170 3251 3324 3320 pedes
3369 3250 3561 3302 meos?
3608 3245 3696 3301 Si-

2099 3353 2309 3424 quidem
2337 3367 2458 3416 vos,
2517 3349 2718 3419 inquit,
2751 3347 2962 3402 debetis
3019 3345 3254 3399 invicem
3292 3343 3483 3396 lavare
3539 3339 3699 3409 pedes

2099 3452 2313 3499 vestros
2350 3443 2413 3497 “.
2456 3439 2516 3496 Si
2533 3443 2628 3494 hoc
2683 3450 2759 3494 est
2796 3438 2932 3508 quod
2969 3437 3208 3500 dicitur,
3263 3451 3417 3487 nemo
3471 3443 3699 3488 vestrum

2101 3537 2415 3592 mandatum
2444 3533 2692 3589 servabit.
2717 3530 2886 3584 Nemo
2914 3529 3050 3582 enim
3071 3527 3470 3598 quibuscnnqnc
3491 3527 3698 3580 venien-

2104 3631 2241 3683 tibus
2269 3644 2543 3682 assumens
2596 3625 2817 3679 linteum
2851 3624 3110 3676 diaconus
3165 3619 3243 3672 vel
3267 3618 3562 3687 presbyter,
3598 3617 3702 3669 sive

2101 3721 2372 3788 episcopus
2403 3717 2545 3770 lavat
2575 3715 2747 3783 pedes.
2796 3712 2898 3767 Sed
2933 3712 2980 3764 si
3009 3708 3278 3778 intelligas
3302 3725 3364 3761 ea
3401 3724 3522 3778 qua:
3573 3707 3703 3760 scri-

2101 3823 2194 3881 pta
2230 3820 2376 3874 sunt,
2405 3809 2496 3878 qui
2535 3823 2649 3861 vere
2685 3805 2824 3858 beati
2856 3811 2976 3856 sunt
3005 3800 3237 3870 episcopi
3265 3799 3553 3852 servientes
3602 3795 3704 3848 Ec-

2103 3903 2279 3957 clesia:
2308 3903 2524 3954 mittunt
2563 3915 2756 3970 aquam
2781 3898 2843 3950 de
2875 3894 3170 3964 Scripturis
3193 3893 3244 3945 in
3269 3890 3462 3959 pelvim
3488 3891 3701 3954 animw,

2103 4003 2153 4048 et
2189 4001 2392 4046 tentant
2415 3992 2602 4060 pedum
2627 3986 3008 4056 discipulorum
3050 3982 3228 4037 sordes
3256 3981 3458 4046 lavare,
3488 3991 3536 4033 et
3567 3979 3706 4034 elue-

2106 4104 2181 4152 re,
2215 4097 2261 4140 et
2290 4085 2566 4156 projicere.
2591 4082 2659 4136 Et
2688 4083 2763 4135 sic
2793 4079 3097 4134 custodiunt
3123 4075 3356 4145 episcopi
3391 4073 3705 4127 mandatum

2104 4192 2376 4251 sequentes
2407 4177 2612 4232 Iesum.
2644 4174 2734 4229 Sic
2762 4183 2809 4233 et
2852 4169 3162 4242 presbyteri.
3213 4167 3428 4235 Quibus
3467 4180 3706 4222 consen-

2105 4275 2252 4328 tiunt
2278 4289 2342 4328 ea
2378 4287 2501 4340 qua:
2523 4271 2576 4325 in
2611 4265 3025 4322 commentariis
3057 4263 3109 4315 in
3145 4259 3416 4315 Joannem
3449 4258 3702 4327 legimus,

2596 4359 2772 4413 delius
2805 4372 2970 4427 quam
3003 4355 3056 4408 in
3114 4351 3278 4407 editis
3311 4357 3705 4420 reprzesentata

2109 4476 2164 4530 p.
2204 4459 2310 4512 590
2347 4476 2360 4511 :
2393 4456 2503 4509 Καὶ
2541 4454 2614 4525 μὴ
2646 4451 2934 4523 θαυμάσῃς
2979 4450 3028 4501 εί
3059 4447 3280 4514 ἀνάγειν
3331 4461 3389 4496 σε
3422 4443 3506 4496 δεῖ
3548 4442 3629 4504 τὸ,
3658 4442 3710 4493 εί

2110 4549 2298 4618 ἁγίων
2335 4545 2528 4612 πόδας
2563 4545 2809 4612 ἔνιψεν,
2842 4543 2976 4595 ὅπου
3024 4536 3339 4592 κελεύονται
3372 4536 3427 4587 αἱ
3458 4533 3707 4601 ἀνάλογοι

2109 4642 2225 4703 τοῖς
2261 4635 2656 4710 πρεσϐυτέροις
2691 4630 3046 4706 πρεσϐύτιδες
3075 4624 3212 4682 εἶναι
3255 4627 3350 4682 καὶ
3396 4624 3711 4679 καλοδιδάσ-

2113 4731 2292 4786 καλοι.
2315 4731 2459 4802 Ὅρα
2479 4727 2535 4780 δέ
2561 4728 2609 4779 εί
2638 4725 2711 4796 μὴ
2739 4724 2832 4778 καὶ
2858 4720 3096 4796 ἐργῶδές
3118 4721 3234 4772 ἐστι
3261 4716 3324 4769 τὸ
3354 4716 3517 4783 πάνθ’
3539 4717 3712 4768 ὁντιν-

2114 4824 2210 4878 οῦν
2241 4821 2687 4893 μαθητευόμενον
2738 4816 2816 4886 τῷ
2850 4813 3072 4886 Χριστῴ
3106 4812 3329 4865 θέλοντα
3387 4809 3490 4882 τὴν
3524 4807 3711 4875 λέγου-

2123 4937 2223 4972 σαν
2254 4917 2496 4987 ἐντολὴν,
2529 4914 2628 4966 καὶ
2661 4913 2834 4981 ὑμεῖς
2868 4910 3141 4980 ὀφείλετε
3156 4895 3452 4970 ἀλλήλων
3483 4904 3716 4956 νίπτειν

2114 5015 2262 5077 τοὺς
2294 5009 2505 5073 πόδας,
2541 5007 2616 5068 ὡς
2649 5005 2998 5074 ὀφειλόμενον
3031 5001 3190 5072 ἔργον
3223 4997 3430 5052 ἐθέλειν
3453 4996 3628 5048 ποιεῖν
3653 4992 3714 5045 τὸ

2115 5103 2270 5173 νίψαι
2319 5103 2448 5162 τοὺς
2504 5097 2848 5167 σωματικοὺς
2900 5093 2995 5146 καὶ
3042 5090 3339 5160 αἰσθητοὺς
3391 5087 3562 5149 πόδας
3605 5084 3716 5135 τῶν

2118 5195 2388 5264 ἀδελφῶν,
2445 5191 2585 5244 ὥστε
2635 5191 2762 5252 τοὺς
2805 5191 2863 5240 ἐν
2897 5183 3260 5258 ὁποιᾳποτοῦν
3309 5182 3566 5241 ὑποθέσει
3601 5178 3715 5250 βίου

2116 5287 2486 5359 τυγχάνοντας
2520 5281 2742 5343 πιστοὺς
2796 5278 2954 5332 τοῦτο
3000 5281 3194 5338 ποιεῖν,
3237 5275 3347 5334 εἴτε
3401 5275 3459 5326 ἐν
3519 5269 3717 5337 ἐκκλησ-

2121 5383 2377 5451 σιαστικῇ
2434 5376 2724 5436 δοκοῦντας
2780 5369 2917 5426 εἶναι
2950 5373 3191 5443 ὑπεροχῇ
3242 5369 3578 5428 ἐπισκόπους
3623 5361 3719 5413 καὶ

2122 5471 2555 5549 πρεσϐυτέρους,
2592 5467 2700 5519 εἴτε
2749 5466 2843 5519 καὶ
2891 5466 2948 5516 ἐν
3002 5463 3183 5525 ἄλλοις
3237 5462 3527 5530 κοσμικοῖς
3577 5468 3718 5505 τισιν

2123 5565 2428 5637 ἀξιώμασιν
2456 5579 2468 5592 ”
2508 5561 2645 5614 ὥστε
2688 5559 2824 5633 μετὰ
2839 5555 2998 5610 τοῦτο
3020 5556 3114 5610 καὶ
3142 5554 3233 5607 τὸν
3250 5552 3529 5624 Δεσπότην
3561 5549 3718 5621 ﬁxe”
