3770 6354
139 283 234 338 9.2!

877 277 928 336 J.
971 279 1341 336 PEARSONII
1383 279 1710 336 VINDICIE
1753 277 2178 336 IGNATIANE.
2211 312 2282 325 -
2321 281 2502 338 PARS
2541 281 2583 337 l.

3293 289 3400 342 222

132 403 216 455 ἐπὶ
244 401 303 454 τὸ
335 401 540 454 νῑπτειν
585 401 712 464 τοὺς
749 400 918 464 πόδας
951 401 1046 455 τοῦ
1097 401 1446 466 πιστεύοντος
1495 401 1621 455 δούλ

1911 401 2070 456 lotali
2097 403 2280 457 ordine
2312 403 2636 474 gloriantur,
2660 404 2949 459 secundum
2973 406 3214 460 ordinem
3242 423 3400 461 suum

134 493 216 547 ml.
246 494 370 556 τοὺς
399 493 574 561 γονεῖς
609 491 706 546 τοῦ
731 491 849 546 υἱοῦ
869 508 884 523 ο
919 493 1059 563 ὅπερ
1114 491 1234 556 ἔθος
1274 488 1364 562 ἦν,
1409 493 1471 545 οὑ
1501 493 1711 560 γίνεται

133 587 182 641 δὲ
211 585 375 655 νῦν,ἢ
405 586 482 648 εἰς
516 583 824 656 ὑπερϐολὴν
859 583 1242 649 σπανιώτατα,
1280 584 1374 638 καὶ
1418 584 1570 657 παρὰ
1600 587 1712 645 τοῖς

134 677 259 731 πάνυ
312 674 699 745 ἁπλουστέροις
748 673 843 727 καὶ
879 674 1290 747 ἀγροικοτέροις
1322 675 1550 743 γίνεται.
1598 673 1712 728 Nec

137 769 324 823 mireris
355 770 404 821 si
435 768 533 822 tibi
573 766 936 837 exponendum
981 767 1052 820 sit
1093 769 1388 837 anagogico
1427 784 1581 821 sensu
1614 767 1710 819 hoc

135 863 340 926 dictum,
376 859 434 914 Si
469 869 786 916 sanctorum
822 861 989 931 pedes
1016 860 1169 928 lavit,
1195 859 1556 929 ubijubentur
1598 860 1710 915 illic

134 969 237 1024 quia
263 951 577 1023 presbyteris
608 953 851 1023 analoga:
865 963 990 1008 sunt
1015 954 1338 1024 presbytides
1369 955 1585 1008 honesta
1605 954 1706 1007 do-

133 1062 252 1100 cere.
303 1042 430 1096 Vide
463 1059 584 1097 vero
625 1059 805 1098 annon
853 1031 1018 1097 etiam
1045 1045 1369 1098 laboriosum
1399 1045 1461 1113 ﬁt
1492 1043 1707 1098 cuilibet

133 1137 374 1206 discipulo
398 1135 620 1201 Christi,
650 1133 846 1190 volenti
884 1134 1106 1205 implere
1145 1134 1453 1188 mandatum
1483 1135 1661 1187 dicens
1686 1148 1705 1186 :

133 1227 190 1281 Et
213 1241 305 1281 vos
345 1225 556 1281 debetis
606 1226 697 1280 alii
750 1226 984 1280 aliorum
1025 1227 1208 1281 lavare
1259 1226 1444 1296 pedes,
1474 1227 1522 1280 si
1582 1227 1704 1280 velit

132 1317 417 1388 corporales
468 1329 531 1371 ac
556 1317 826 1372 sensibiles
882 1320 1113 1388 fratrum
1144 1318 1298 1388 pedes
1329 1319 1528 1383 lavare,
1558 1327 1614 1371 ut
1638 1318 1705 1386 [i-

132 1411 255 1465 deles
283 1412 336 1464 in
363 1412 547 1479 quovis
573 1421 695 1465 vita:
715 1428 899 1482 genere
923 1414 1203 1467 existentes
1227 1412 1323 1464 hoc
1353 1411 1575 1479 faciant,
1597 1412 1704 1464 sive

131 1500 208 1570 qui
228 1500 468 1554 videntur
499 1516 612 1553 esse
633 1501 689 1553 in
727 1500 1058 1556 sublimitate
1083 1501 1444 1555 ecclesiastica
1472 1501 1702 1570 episcopi

131 1600 173 1643 et
197 1590 500 1660 presbyteri,
527 1593 634 1645 sive
663 1593 717 1645 in
759 1593 1076 1663 quibusdam
1120 1593 1245 1647 aliis
1300 1593 1583 1646 mundanis
1617 1593 1702 1645 di—

132 1682 438 1753 gnitatibus;
466 1685 596 1739 adeo
623 1695 679 1739 ut
706 1686 841 1739 hanc
867 1689 929 1739 ob
953 1701 1172 1741 causam
1216 1685 1473 1739 Dominus
1498 1701 1700 1756 quoque

1814 494 2062 548 incedunt
2093 505 2145 549 et
2168 505 2332 565 agunt
2354 497 2534 549 omnia
2560 513 2678 566 qua:
2709 497 2802 551 illo
2832 501 3016 554 ordine
3044 499 3206 570 digna
3229 508 3348 552 sunt
3369 499 3395 552 .’

1814 585 1934 653 (sed
1963 593 2023 639 ut
2063 585 2117 638 in
2167 600 2272 639 ms.
2311 595 2538 653 nostro,
2575 603 2694 656 qua:
2732 588 2788 640 in
2837 590 2933 644 illo
2968 589 3153 643 ordine
3181 589 3400 658 dignum

1809 678 1970 748 est?)
2013 676 2278 732 Similiter
2319 687 2497 731 autem
2543 687 2593 730 et
2657 679 2867 734 diaconi
2907 691 3062 752 putas
3109 679 3400 733 secundum

1810 771 2047 824 ordinem
2089 771 2374 824 ministerii
2406 773 2492 826 sui
2536 775 2831 828 incedunt?
2881 774 2952 828 Et
2981 775 3118 827 unde
3153 782 3230 827 est
3259 771 3398 842 quod

1808 879 1947 932 saepe
1974 863 2224 916 audimus
2261 863 2624 932 blasphemare
2654 866 2892 919 homines
2942 874 2992 919 et
3031 865 3226 918 dicere.
3259 862 3400 916 Ecce

1807 957 1988 1026 qualis
2011 955 2302 1024 episcopus
2327 996 2342 1020 ,
2383 963 2478 1010 aut
2525 957 2704 1025 qualis
2748 958 3055 1029 presbyter,
3094 956 3181 1010 vel
3219 954 3399 1025 qualis

1806 1048 2075 1104 diaconus
2101 1049 2115 1102 !
2156 1045 2346 1102 Nonne
2380 1051 2490 1102 hare
2513 1048 2787 1113 dicuntur,
2823 1048 2912 1102 ubi
2942 1048 3021 1103 vel
3051 1047 3294 1101 sacerdos
3318 1045 3398 1100 vel

1807 1141 2054 1193 minister
2098 1140 2192 1192 Dei
2229 1142 2368 1193 visus
2423 1140 2584 1209 fuerit
2628 1140 2686 1193 in
2717 1140 2896 1210 aliquo
2926 1149 3110 1193 contra
3156 1139 3397 1192 ordinem

1804 1248 1960 1287 suum
2000 1233 2196 1294 venire,
2232 1241 2283 1286 et
2312 1231 2519 1303 aliquid
2551 1240 2738 1285 contra
2765 1231 3148 1284 sacerdotalem
3185 1230 3262 1284 vel
3291 1228 3396 1284 Le-

1804 1327 2021 1380 viticum
2049 1325 2290 1379 ordinem
2327 1326 2548 1396 gerere?
2572 1323 2776 1378 Verum
2800 1325 3081 1377 enimvero
3107 1321 3391 1393 Origenes,

1804 1415 1851 1472 si
1885 1414 2168 1470 Blondello
2200 1414 2534 1468 credendum
2571 1414 2665 1483 sit,
2686 1427 2807 1470 utut
2830 1414 2934 1466 tria
2963 1413 3017 1466 in
3060 1411 3200 1466 clero
3247 1412 3397 1479 capi-

1805 1519 1916 1563 tum
1947 1525 2156 1578 genera,
2182 1508 2553 1561 consuetudini
2577 1507 2922 1560 ecclesiarum
2956 1506 3159 1575 favens,
3192 1504 3394 1556 admit-

1802 1611 1909 1656 tere
1932 1602 2133 1671 passim
2168 1600 2447 1664 videatur;
2494 1600 2585 1654 hic
2624 1607 2808 1652 tamen
2838 1639 2851 1662 ,
2887 1599 3036 1651 binos
3065 1606 3272 1650 tantum
3301 1611 3394 1650 sa—

1801 1693 2084 1746 cerdotum
2117 1700 2170 1745 et
2207 1691 2595 1753 diaconorum,
2631 1689 2876 1760 magistri
2907 1687 3192 1742 Clementis
3214 1701 3394 1739 exem-

130 1777 282 1828 veniat
306 1777 374 1828 ad
412 1777 670 1831 lavandos
709 1778 863 1848 pedes
903 1781 1039 1833 servi
1072 1779 1352 1845 credentis,
1376 1787 1426 1831 et
1456 1788 1697 1848 parentes
1733 1777 1773 1835 Β
1803 1784 1911 1854 pla,
1953 1782 2150 1853 gradus
2185 1783 2442 1852 agnoscit.
2482 1780 2596 1851 Ego
2629 1797 2778 1846 vero,
2803 1789 2858 1833 et
2885 1779 3028 1848 apud
3061 1778 3397 1832 Clementem

130 1871 252 1937 ﬁlii:
276 1871 412 1939 quod
449 1873 505 1924 in
538 1889 681 1926 more
706 1875 934 1942 positum
953 1884 1105 1939 erat;
1134 1875 1224 1928 sed
1249 1892 1385 1928 nunc
1411 1892 1514 1927 non
1532 1875 1592 1943 ﬁt
1625 1874 1703 1928 vel

127 1980 266 2029 supra
293 1964 510 2016 modum
525 1966 798 2019 rarissime
823 1975 872 2020 et
890 1967 1030 2035 apud
1048 1967 1335 2020 admodum
1352 1967 1617 2036 simplices
1640 1984 1703 2019 ac

128 2057 404 2108 rusticiores
426 2057 512 2124 ﬁt.
539 2056 598 2109 Et
622 2072 684 2111 ca
708 2058 871 2112 etiam
905 2075 1026 2127 quae
1057 2068 1204 2112 torno
1229 2073 1282 2111 χι
1309 2058 1361 2110 in
1390 2056 1701 2111 Matthzeum

126 2148 304 2214 scripta
327 2157 459 2200 sunt
487 2165 498 2198 :
526 2149 598 2200 Τὸ
615 2149 660 2200 δ’
680 2149 862 2218 ὅμοιον
886 2152 1028 2221 ἐρεῖς
1050 2150 1142 2203 κα)⁸
1159 2150 1251 2201 ἐπὶ
1263 2147 1356 2202 τοῦ
1373 2148 1699 2221 ὀρεγομένου

126 2235 403 2304 ἐπισκοπῆς
434 2236 528 2290 διὰ
558 2237 654 2308 τὴν
687 2240 836 2308 παρὰ
865 2238 1171 2306 ἀνθρώποις
1190 2237 1422 2309 δόξαν,ἢ
1457 2237 1555 2308 τὴν
1594 2237 1702 2290 ἀπὸ

127 2327 400 2398 ἀνθρώπων
459 2329 771 2395 κολακείαν,
832 2333 864 2403 ἢ
905 2332 996 2384 τὸν
1035 2333 1144 2386 ἀπὸ
1194 2332 1304 2385 τῶν
1365 2332 1700 2402 προσιόντων

126 2417 248 2488 λόγῳ
271 2421 545 2491 πορισμὸν
568 2421 820 2475 διδόντων
854 2425 1126 2494 προσάσει
1151 2424 1251 2494 τῆς
1285 2423 1588 2486 εὐσεϐείας.
1642 2422 1699 2475 Ὁ

127 2510 236 2576 γοῦν
260 2510 498 2574 τοιοῦτος
533 2512 834 2577 ἐπίσκοπος
879 2515 940 2568 οὐ
991 2513 1183 2568 καλοῦ
1215 2515 1394 2584 ἔργου
1426 2513 1703 2582 ἐπιθυμεῖ

128 2601 230 2652 οὐδὲ
258 2601 478 2657 δύναται
531 2599 672 2660 εἶναι
718 2606 1162 2671 ἀνεπίληπτος,
1213 2606 1334 2659 οὐδὲ
1377 2603 1695 2670 νηφάλιος,

129 2693 230 2745 οὐδὲ
258 2695 546 2763 σώφρων,
591 2696 804 2766 μεθύων
852 2699 956 2750 ὑπὸ
1002 2697 1202 2768 δόξης,
1239 2699 1331 2751 καὶ
1381 2698 1698 2760 ἀκολάστως

129 2786 273 2856 αὐτῆς
299 2787 741 2858 ἐμφορούμενος·
777 2789 837 2840 τὸ
885 2790 940 2842 δὲ
983 2791 1115 2843 αὐτὸ
1151 2789 1245 2843 καὶ
1294 2791 1422 2862 περὶ
1459 2790 1696 2862 πρεσϐυ-

129 2878 276 2949 τέρων
309 2880 400 2932 καὶ
439 2879 710 2934 διακόνων
743 2884 907 2952 ἐρεῖς.
939 2881 1205 2935 Similiter
1237 2892 1412 2936 autem
1461 2883 1603 2937 dices
1631 2883 1695 2936 de

129 2985 176 3022 eo
201 2972 280 3040 qui
312 2973 673 3041 episcopatum
699 2973 985 3040 desiderat,
1016 2985 1072 3030 ut
1101 2976 1325 3046 gloriam
1360 2977 1500 3046 apud
1523 2977 1694 3029 Itami-

129 3078 201 3115 nes
229 3075 596 3134 consequatur,
629 3066 704 3120 vel
735 3066 1008 3119 hominum
1053 3070 1462 3121 assentationem
1493 3077 1689 3137 captet,

1806 1878 2168 1948 magistrum,
2219 1876 2301 1929 sic
2352 1875 2517 1928 etiam
2555 1873 2698 1943 apud
2734 1871 3028 1942 Origenem
3064 1868 3395 1938 discipulum

1805 1980 1917 2025 tres
1946 1969 2149 2039 gradus
2182 1966 2426 2030 invenio,
2455 1980 2626 2019 unum
2670 1964 2886 2018 diaconi
2916 1963 2970 2016 in
3001 1961 3194 2016 ordine
3234 1961 3395 2014 mini-

1804 2063 1994 2127 sterii,
2042 2062 2218 2126 duos,
2272 2057 2513 2128 episcopi
2551 2057 2800 2123 scilicet,
2852 2064 2907 2109 et
2956 2053 3295 2124 presbyteri,
3338 2053 3395 2105 in

1804 2155 1994 2208 ordine
2017 2151 2334 2212 sacerdotii,
2372 2162 2430 2202 ut
2463 2157 2517 2202 et
2553 2148 2668 2218 ipse
2701 2163 2760 2202 se
2800 2146 3061 2216 explicat,
3086 2153 3142 2198 et
3179 2142 3395 2214 plenius

1803 2245 1863 2299 Β.
1883 2243 2122 2314 Cyrillus
2139 2239 2523 2295 Alexandrinae
2537 2236 2797 2292 Ecclesia:
2819 2233 3131 2304 patriarcha
3155 2231 3252 2295 lib.
3296 2247 3395 2284 xm

1802 2336 1880 2388 De
1911 2335 2224 2388 adoratione
2254 2333 2310 2384 in
2334 2332 2529 2401 spiritu
2561 2338 2609 2382 et
2645 2329 2866 2382 veritate
2891 2342 2907 2379 :
2945 2325 3009 2377 Εἰ
3039 2323 3096 2377 δέ
3121 2341 3202 2386 τις
3222 2321 3396 2375 ’ἐλοιτο

1801 2427 1894 2480 καὶ
1916 2427 2016 2496 τῆς
2055 2425 2381 2495 Ἐκκλησίας
2427 2422 2522 2494 τὴν
2551 2421 2706 2487 τάξιν
2752 2417 3256 2490 πολυπραγμονεῖν,
3292 2413 3394 2485 τὴν

1799 2521 1858 2572 ὲν
1886 2521 2034 2591 νόμῳ
2055 2516 2512 2590 προανατύπωσιν
2545 2511 3023 2582 καταθαυμάσειεν
3057 2509 3122 2562 ἂν
3144 2505 3370 2568 εἰκότως

1814 2615 2163 2677 Ἐπισκὸποις
2201 2612 2298 2683 μὲν
2341 2611 2472 2683 γὰρ,
2496 2609 2592 2666 ἅτε
2625 2609 2690 2679 δὴ
2730 2608 2852 2660 τότε
2897 2602 3256 2676 καθηγεῖσθαι
3301 2599 3396 2653 λα-

1799 2710 2020 2781 χοῦσιν,
2059 2707 2153 2760 uati.
2199 2706 2298 2776 μὲν
2338 2706 2453 2766 τοῖς
2483 2704 2577 2756 ἐπὶ
2610 2699 2708 2771 τὴν
2758 2698 2894 2769 μείω
2925 2697 3171 2750 διέπουσι
3215 2692 3393 2758 τάξιν,

1800 2800 2195 2874 πρεσϐυτέροις
2222 2797 2280 2852 δέ
2313 2811 2480 2866 φημι,
2513 2791 2876 2848 πεπίστευται
2917 2787 2977 2840 τὸ
3014 2786 3395 2856 Θυσιαστήριον

1798 2893 1891 2945 καὶ
1923 2890 1992 2943 τὰ
2016 2890 2124 2942 ἔσω
2156 2886 2250 2941 τοῦ
2287 2883 2802 2953 καταπετάσματος,
2843 2874 2924 2941 οἷς
2957 2877 3022 2930 ἂν
3055 2875 3257 2948 πρέποι
3294 2873 3394 2926 καὶ

1795 2985 1920 3052 λέγε
1930 2982 2073 3044 σθαι,
2091 2981 2202 3035 Καὶ
2225 2977 2573 3047 φυλάξουσι
2593 2973 2705 3040 τὴν
2719 2975 2737 3024 1
2746 2969 3018 3039 ερατειάι·
3034 2965 3233 3022 αὐτῶν
3245 2979 3264 2999 ⁶
3278 2966 3395 3018 δια-

1796 3076 1974 3138 κὸνοις
1991 3091 2055 3142 γε
2076 3072 2174 3143 μὲν
2191 3070 2272 3132 τὸ,
2293 3066 2644 3130 Φυλάξουσι
2666 3063 2772 3129 τὰς
2795 3059 3078 3132 φυλακὰς
3096 3057 3208 3126 τῆς
3238 3071 3392 3124 σκη-

130 3155 191 3206 vel
210 3167 456 3217 qumtum
481 3157 548 3211 ab
565 3159 640 3212 eis
667 3161 915 3228 accipiat,
943 3163 1036 3229 qui
1071 3177 1360 3214 sermonem
1401 3161 1527 3230 fidei
1577 3177 1619 3213 at

1899 3187 1932 3230 π.
1951 3164 2106 3228 Quod
2130 3163 2173 3215 si
2201 3161 2317 3232 quis
2353 3159 2478 3213 velit
2509 3157 2668 3210 etiam
2701 3152 2954 3206 Ecclesia:
2993 3149 3234 3203 ordinem
3263 3163 3388 3216 pcr-

131 3248 376 3314 plectentes
410 3251 632 3320 pietatis
658 3267 821 3304 causa
850 3252 1000 3304 dant.
1040 3251 1184 3304 Talis
1221 3252 1384 3320 igitur
1421 3253 1692 3320 episcopus

132 3339 308 3393 bonum
333 3356 474 3410 opus
508 3357 614 3393 non
645 3341 954 3407 desiderat,
983 3360 1149 3412 neque
1191 3354 1360 3410 potest
1405 3360 1517 3397 esse
1555 3344 1692 3397 irre-

131 3432 506 3498 prehensibilis,
536 3449 696 3503 neque
717 3433 957 3500 sobrius,
977 3452 1139 3506 neque
1162 3437 1400 3508 prudens
1417 3438 1484 3501 ¹⁷,
1517 3445 1696 3506 utpote

132 3523 203 3589 qui
225 3523 385 3592 gloria
410 3525 591 3578 ebrius
618 3527 708 3592 sit,
733 3535 784 3579 et
812 3530 1224 3597 intemperanter
1251 3546 1312 3582 ea
1335 3530 1498 3598 fuerit
1519 3530 1698 3598 ingur-

135 3614 324 3684 gitatus.
346 3615 499 3670 Idem
526 3635 729 3689 quoque
759 3619 825 3672 de
854 3619 1173 3689 presbyteris
1195 3629 1243 3674 et
1272 3621 1511 3674 diaconis
1534 3621 1694 3676 dices.

134 3700 235 3758 llazc
263 3707 342 3760 vel
372 3723 438 3762 ex
473 3708 705 3773 Graecis,
741 3709 826 3763 vel
861 3711 929 3763 ab
964 3708 1299 3782 Hieronymo
1355 3713 1490 3765 satis
1521 3711 1698 3765 lidcli-

137 3804 200 3849 ter
227 3801 387 3854 versis
428 3801 702 3870 producta
735 3819 748 3854 :
783 3803 984 3872 quibus
1037 3813 1092 3858 et
1144 3805 1234 3858 illa
1287 3822 1409 3876 qtne
1443 3805 1698 3860 Ruftinus

136 3888 491 3960 interpretatus
548 3905 628 3950 est
682 3897 844 3949 etiam
899 3907 1264 3953 consentanea
1315 3909 1463 3954 sunt.
1517 3895 1584 3954 Ut
1629 3915 1695 3954 ex

137 3977 329 4039 humilia
360 3987 413 4040 in
440 3986 713 4042 Numeros
737 3991 999 4056 secunda,
1041 4006 1205 4060 quam
1241 3991 1459 4046 tandem
1495 4007 1524 4045 a
1557 3990 1698 4046 Ruf-

137 4078 229 4132 ﬁno
248 4095 450 4136 versam
515 4098 636 4138 esse
693 4094 926 4148 constat,
975 4100 1042 4137 ex
1083 4086 1308 4154 prologo
1354 4085 1408 4137 in
1462 4083 1697 4140 Emerici

139 4167 302 4238 Bigotii
341 4173 535 4230 codice
597 4187 807 4246 reperto
863 4187 917 4232 et
959 4166 1032 4234 ab.
1081 4177 1316 4232 Henrico
1364 4176 1584 4232 Valesio
1629 4177 1697 4232 ad

139 4261 398 4320 Eusebium
442 4268 616 4332 edito,
656 4271 749 4338 qui
801 4271 963 4323 etiam
1016 4271 1068 4324 in
1110 4270 1440 4325 bibliotheca
1485 4271 1697 4341 collegii

143 4359 288 4411 nostri
319 4358 416 4414 SS.
454 4359 743 4415 Trinitatis
777 4373 952 4416 exstat
998 4380 1099 4417 ms.
1159 4362 1226 4418 Et
1255 4364 1447 4418 titulus
1473 4365 1696 4434 quidem

1797 3259 2026 3328 quirere,
2059 3255 2211 3308 illam
2235 3269 2351 3323 qua:
2380 3253 2435 3304 in
2481 3250 2590 3320 lege
2627 3257 2702 3301 est
2744 3244 3230 3315 pi'w/igurationem
3267 3240 3393 3309 jure

1797 3350 2183 3405 admirabitur.
2213 3344 2492 3415 Episcopis
2520 3341 2680 3406 enim,
2714 3356 2775 3392 ac
2799 3340 2844 3392 si
2885 3347 3007 3390 tunc
3033 3334 3394 3404 principatum

1797 3442 1970 3500 sortiti
2002 3448 2196 3501 essent,
2231 3448 2390 3506 atque
2420 3435 2580 3487 etiam
2612 3433 2679 3485 iis
2709 3432 2799 3501 qui
2825 3430 3136 3499 inferiorem
3165 3426 3394 3496 gradum

1798 3542 2010 3606 gerunt,
2051 3528 2366 3604 presbyteris
2406 3527 2662 3596 inquam,
2699 3521 3060 3576 concreditum
3101 3528 3176 3570 est
3222 3516 3396 3568 altare

1797 3639 1847 3682 et
1873 3643 1991 3697 qua:
2019 3633 2140 3677 sunt
2168 3624 2312 3676 intra
2341 3619 2532 3684 velum,
2563 3617 2750 3687 quibus
2777 3615 2939 3668 etiam
2971 3613 3080 3664 dici
3111 3609 3346 3663 convenit
3372 3624 3392 3661 :

1801 3718 1868 3772 Et
1921 3715 2233 3772 custodient
2299 3709 2666 3767 sacerdotium
2721 3722 2930 3772 suum;
2977 3702 3218 3756 diaconis
3273 3715 3394 3753 vero

1800 3811 1983 3865 illud:
2017 3806 2345 3864 Custodient
2377 3802 2662 3858 custodias
2689 3797 3050 3854 tabernaculi.
3090 3794 3165 3848 Ex
3189 3791 3390 3846 Bullini

1800 3904 1965 3957 etiam
2010 3899 2265 3955 versione
2317 3894 2572 3966 Origenis
2621 3889 3017 3947 Commentarii
3065 3888 3120 3941 in
3163 3885 3391 3939 Cantica

1800 3991 2142 4048 canticorum
2193 3988 2485 4042 habentur.
2520 3983 2580 4037 In
2634 3981 2858 4038 bomilia
2908 3989 3116 4043 autem,
3148 3986 3208 4030 nt
3245 3991 3393 4032 nunc

1799 4093 2051 4149 vocatur,
2089 4079 2331 4137 secunda
2364 4079 2465 4132 ista
2499 4077 2772 4147 legimus:
2808 4074 2953 4128 Vidit
2990 4082 3038 4126 et
3064 4072 3235 4126 sedem
3264 4086 3396 4139 pne.

1801 4197 1984 4234 rerum
2008 4180 2146 4248 ejus,
2173 4178 2272 4249 (de
2304 4176 2495 4247 regina
2533 4171 2677 4228 Saba
2699 4181 2754 4228 et
2785 4171 3081 4227 SalomOne
3112 4155 3394 4236 loquitur)

1802 4273 2260 4336 ecclesiasticum,
2301 4279 2428 4340 puto
2453 4311 2469 4334 ,
2501 4266 2742 4321 ordinem
2777 4265 2931 4329 dicit,
2975 4261 3148 4332 quiin
3187 4261 3393 4330 episco-

1803 4377 1960 4438 patus
1993 4365 2072 4419 vel
2109 4363 2419 4434 presbyterii
2445 4361 2655 4414 sedibus
2698 4359 2941 4411 habetur.
2986 4354 3131 4407 Vidit
3166 4362 3215 4405 ct
3247 4350 3395 4404 ordi-

139 4447 197 4501 ita
227 4466 277 4505 se
304 4453 464 4508 habet
505 4471 519 4508 :
554 4453 749 4524 Incipit
774 4456 1043 4526 prologus.
1087 4495 1104 4512 .
1147 4497 1162 4511 .
1209 4497 1224 4510 .
1265 4496 1281 4512 .
1325 4497 1339 4510 .
1431 4456 1699 4512 Numero-
1724 4491 1776 4550 Β
1805 4460 2044 4513 nationes
2071 4456 2151 4512 vel
2178 4457 2434 4512 stationes
2462 4454 2830 4508 ministrorum
2854 4447 2990 4518 ejus,
3019 4446 3393 4508 diaconorum,

140 4555 233 4592 rum
257 4544 320 4596 ad
348 4543 650 4599 Ursacium.

198 4633 404 4707 Reliqua
447 4639 594 4693 enim
651 4639 939 4694 manifeste
981 4647 1110 4693 sunt
1162 4655 1317 4694 erasa
1343 4680 1358 4703 ,
1397 4640 1467 4694 ob
1492 4639 1690 4695 Bullini

143 4741 332 4793 nomen,
362 4740 420 4784 ut
451 4731 688 4785 videtur.
727 4730 913 4785 Prima
949 4731 1192 4800 epistolae
1227 4733 1523 4797 sententia,
1566 4742 1693 4786 utar

143 4820 279 4874 verbis
310 4822 434 4888 tibi,
478 4824 681 4892 frater,
731 4823 872 4878 beati
901 4826 1191 4894 martyris,
1234 4827 1358 4879 bene
1407 4826 1689 4890 admones,

143 4908 316 4968 Donate
350 4917 663 4970 charissime
688 4958 701 4982 ,
737 4915 795 4973 S.
843 4915 1174 4988 Cyprianum
1223 4928 1370 4973 certe
1417 4919 1689 4990 intelligit,

147 5005 276 5074 cujus
303 5008 393 5063 illa
435 5011 601 5065 verba
636 5021 764 5064 sunt
820 5011 876 5064 in
923 5011 1080 5064 initio
1118 5011 1373 5065 secundae
1403 5010 1690 5080 epistolaa:

147 5092 259 5150 Bene
299 5100 577 5165 admones,
610 5101 818 5154 Donate
866 5101 1195 5154 charissime.
1229 5100 1457 5170 Reliqua
1493 5101 1548 5155 in
1583 5116 1688 5155 ms.

147 5200 306 5244 nostro
351 5209 475 5250 cum
527 5195 830 5266 Bigotianis
885 5211 1116 5266 prorsus
1164 5197 1538 5263 conveniunt,
1584 5197 1693 5252 nisi

147 5283 264 5345 quod
307 5300 401 5354 pro
437 5290 585 5343 breve
631 5287 815 5341 saltim
858 5287 1071 5358 legatur
1109 5287 1250 5342 brevi
1292 5288 1470 5353 saltu,
1500 5301 1554 5344 et
1591 5305 1693 5360 pro

148 5371 234 5424 hcc
276 5390 614 5449 perurgente,
653 5380 827 5434 multo
862 5380 1086 5446 rectius,
1118 5380 1228 5434 hcce
1257 5393 1570 5452 perurgente
1603 5390 1693 5446 te;

150 5457 402 5523 Ursacium
431 5471 579 5526 etiitn
614 5471 934 5542 alloquitur,
965 5483 1026 5526 ut
1051 5473 1188 5529 bene
1210 5475 1523 5529 observavit
1547 5473 1694 5528 Huc-

150 5556 252 5618 ὕας,
285 5561 358 5617 Ex
398 5567 648 5622 versione
701 5569 865 5638 igitur
899 5568 1098 5622 Bullini
1133 5569 1248 5623 [nec
1293 5566 1545 5638 Origcnis
1589 5568 1692 5622 ha-

151 5663 350 5712 oentur:
385 5659 617 5715 Putasne
641 5663 732 5732 qui
765 5663 1060 5718 sacerdotio
1087 5662 1401 5733 funguntur,
1436 5672 1483 5716 ct
1518 5661 1569 5715 in
1601 5678 1690 5718 sa-

209 5770 242 5801 "
269 5771 287 5826 ι
309 5772 442 5829 Tim.
473 5792 557 5844 ιιι,
581 5778 636 5832 2.

1804 4561 1862 4606 ut
1898 4550 2030 4604 mihi
2061 4549 2292 4614 videtur,
2325 4546 2563 4600 ordinem
2591 4549 2851 4597 memorat
2886 4538 3178 4593 astantium
3210 4535 3396 4588 divino

1797 4644 2118 4699 ministerio.
2174 4639 2241 4694 Et
2291 4639 2457 4710 paulo
2505 4645 2678 4707 post:
2736 4634 2866 4688 Haec
2917 4648 3039 4702 ergo
3085 4629 3264 4684 omnia
3298 4627 3390 4684 ubi

1797 4736 1925 4791 vidit
1978 4735 2033 4789 in
2068 4735 2224 4788 domo
2267 4732 2404 4802 regis
2450 4729 2696 4800 paciﬁci,
2741 4728 2848 4780 imo
2878 4721 3102 4778 Christi.
3148 4719 3228 4774 Ita
3275 4728 3396 4792 tres

1755 4831 1760 4839 “
1797 4831 2026 4885 ordines
2065 4830 2120 4884 in
2155 4825 2400 4883 Ecclesia
2438 4822 2647 4878 Christi
2681 4822 2786 4876 sub
2819 4817 3004 4873 Veteri
3039 4815 3396 4881 Testamento

1797 4926 2180 4995 pneliguratos
2224 4923 2404 4978 docet.
2434 4919 2584 4974 Duos
2623 4926 2835 4971 tantum
2879 4910 3196 4966 Blondellus
3229 4906 3392 4968 vidit,

1797 5017 1941 5085 quod
1972 5015 2132 5072 sedes
2153 5023 2268 5069 tum
2294 5009 2630 5082 presbyteris
2664 5018 2778 5062 tum
2821 5004 3094 5076 episcopis
3139 4999 3391 5054 tribuan-

1767 5171 1770 5174 _
1799 5116 1910 5160 tur.
1937 5104 2014 5160 De
2045 5121 2154 5176 qna
2187 5119 2246 5158 re
2279 5103 2431 5158 alibi.
2464 5098 2689 5155 Interim
2726 5095 2982 5168 Origenis
3024 5087 3293 5147 sententia
3325 5086 3397 5139 de

1796 5201 2017 5254 diverso
2047 5197 2222 5269 gradu
2247 5211 2462 5260 eorum,
2487 5193 2582 5264 qui
2620 5192 2674 5246 in
2712 5187 2989 5246 cathedris
3023 5181 3227 5254 populo
3255 5194 3394 5248 prae-

1797 5293 2069 5357 sidebant,
2099 5290 2234 5346 satis
2257 5299 2443 5360 aperta
2479 5297 2564 5342 est
2599 5301 2666 5340 ex
2699 5283 2767 5337 iis
2805 5295 2926 5349 quae
2962 5272 3189 5330 bomilia
3220 5287 3274 5324 ιιι
3337 5270 3392 5323 in

1798 5383 2088 5438 Jeremiam
2128 5382 2354 5453 protuli,
2390 5379 2485 5435 ubi
2524 5379 2765 5448 seipsum
2791 5377 3043 5426 numerat
3066 5366 3208 5420 inter
3231 5360 3394 5416 καθε-

1797 5476 2060 5547 ζομένους
2093 5477 2150 5528 ὲν
2180 5471 2608 5547 πρεσϐυτερείῳ,
2633 5479 2687 5521 et
2718 5475 2900 5547 tamen
2920 5454 3275 5531 agnoscittbv
3293 5453 3394 5524 τὴν

1797 5569 2018 5624 πάντων
2035 5568 2192 5640 ἡμῶν
2209 5561 2689 5636 ἐγκεχειρισμένον
2705 5556 2878 5627 ἀρχήν
2898 5572 2911 5584 ’
2931 5551 3172 5620 alibique
3191 5547 3393 5640 distin-

1796 5662 1913 5735 guit
1946 5662 2087 5718 inter
2107 5653 2667 5726 imauomxbvbpdvev
2696 5659 2748 5705 ct
2766 5641 3190 5720 πρεσΰυτερείου
3204 5636 3371 5712 τιμήν
