3770 6294
428 251 531 305 39.3

1456 252 1513 307 S.
1557 250 1903 308 lGNATlUS.
1939 280 2010 291 ——-
2066 244 2595 303 PROLEGOMENA.
3573 246 3653 301 eis

500 371 604 425 Sed
627 372 932 429 Salmasius
955 373 1007 429 id
1035 373 1334 446 inOrigene
1359 374 1676 445 vidit,quod
1696 373 1880 429 videre
1906 388 2012 426 non
2044 385 2089 439 Α
2120 368 2240 437 ipso
2273 368 2520 437 apostolo
2567 366 2882 436 derivasse;
2933 363 3225 436 Origenem
3272 364 3523 421 Demetrii
3551 383 3653 438 syn-

427 467 607 535 potuit
634 465 981 534 Blondellus,
1033 483 1143 538 quo
1179 470 1375 539 probet
1423 485 1595 523 unum
1644 478 1854 523 tantum
1890 468 2008 538 epi-

427 560 579 627 scopi
623 571 678 614 et
722 562 1028 633 presbyteri
1074 564 1305 631 gradum
1349 563 1416 619 ab
1452 563 1582 629 illo,
1615 574 1675 616 ut
1710 572 1761 616 et
1813 578 1843 616 a
1884 561 2011 616 Cle-

427 666 645 719 mente,
691 655 968 724 proditum
1000 674 1015 711 :
1051 654 1225 710 Unum
1271 657 1416 712 enim
1440 698 1454 720 .
1486 657 1702 726 inquit,
1758 658 2011 730 σύστημα

428 747 699 813 agnoscit,
734 746 830 800 hoc
874 756 983 815 est,
1017 749 1297 820 collegium
1339 750 1612 804 hominum
1652 752 1757 805 vita
1804 760 2011 819 specta-

428 846 603 890 torum
638 846 688 891 et
727 837 996 903 doctrina,
1031 857 1063 895 a
1096 858 1198 912 qua
1229 843 1454 913 singqu
1488 842 1720 898 ecclesiae
1750 842 2010 913 guberna-

430 927 644 984 bantur.
664 927 737 985 Ut
761 934 1091 988 sententiam
1109 930 1361 1005 Origenis
1386 934 1452 990 de
1471 935 1573 991 hoc
1589 953 1699 991 uno
1717 944 2010 1006 systemate

426 1021 818 1090 gubernatorio
875 1026 1163 1093 ostendat,
1211 1027 1392 1082 locum
1454 1028 1601 1083 hunc
1646 1044 1713 1082 ex
1756 1028 1851 1083 lib.
1908 1043 2009 1081 vin

426 1109 627 1166 Contra
676 1112 888 1170 Celsum
922 1116 1299 1174 infelicissime
1345 1119 1598 1175 adducit:
1639 1120 1829 1191 Ἡμεῖς
1861 1120 1917 1174 δὲ
1952 1122 2010 1175 ἐν

425 1204 635 1279 ἑκάστῃ
661 1207 813 1261 πόλει
841 1208 970 1264 ἄλλο
1004 1209 1253 1282 σύστημα
1287 1212 1564 1283 πατρίδος,
1599 1212 1817 1267 κτισθὲν
1864 1214 2009 1285 λόγῳ

424 1295 560 1351 Θεοῦ
588 1300 963 1372 ἐπιστάμενοι,
995 1304 1121 1367 τοὺς
1142 1304 1403 1370 δυνατοὺς
1431 1306 1574 1378 λόγῳ
1604 1309 1698 1361 καὶ
1740 1307 1839 1379 βίῳ
1871 1310 2011 1377 ὑγιεῖ

424 1388 743 1459 χρωμένους
771 1396 963 1464 ἄρχειν
991 1393 1085 1447 ἐπὶ
1114 1393 1174 1447 τὸ
1196 1394 1384 1468 ἄρχειν
1416 1396 1726 1468 ἐκκλησιῶν
1759 1414 2011 1471 παρακα-

424 1478 647 1551 λοῦμεν.
669 1480 840 1549 Quem
877 1483 953 1540 ita
984 1486 1051 1540 ad
1077 1501 1238 1541 suum
1263 1490 1605 1558 propositum
1635 1491 1811 1559 primo
1840 1491 2010 1546 inter-

424 1579 711 1639 pretatur:
747 1571 861 1627 Nos
882 1592 1002 1630 vero
1028 1577 1082 1630 in
1114 1578 1339 1647 singulis
1363 1581 1668 1635 civitatibus
1708 1582 1859 1635 aliud
1890 1598 2009 1635 car-

426 1677 547 1731 pus,
584 1663 698 1718 sive
735 1660 1012 1736 collegium
1045 1670 1236 1738 patria:
1261 1670 1411 1724 verba
1439 1671 1537 1726 Dei
1576 1674 1876 1727 institutum
1907 1691 2005 1728 na-

2112 460 2406 525 chronum,
2444 458 2699 514 eumdem
2736 458 2985 513 ordinem
3029 473 3098 513 ex
3123 458 3267 529 typis
3307 458 3579 528 legalibus,
3602 474 3652 512 ex

2113 551 2277 605 dictis
2330 549 2656 616 Salvatoris,
2710 566 2778 606 ex
2827 552 3114 621 praeceptis
3163 551 3478 621 apostolicis
3517 552 3655 605 dedu-

2114 645 2264 700 xisse
2291 686 2307 713 ,
2340 660 2441 700 nec
2472 660 2716 715 unquam
2766 660 2890 699 cum
2927 646 3306 716 presbyteratu
3353 644 3652 707 confudisse,

2114 741 2209 795 sed
2241 739 2551 810 episcopos,
2588 738 2939 809 presbyteros
2964 778 2979 803 ,
3008 738 3278 793 diaconos
3313 753 3521 806 semper
3555 754 3653 792 cum

2112 830 2322 903 lgnatio
2366 847 2712 886 numerasse.
2751 829 2824 885 Ut
2868 840 3055 901 postea
3091 830 3334 887 Isidorus
3381 829 3652 892 Pelusium,

2112 925 2396 996 presbyter
2447 923 2738 995 [Egyptius
2762 962 2778 988 ,
2832 925 3147 994 episcopum
3207 923 3377 977 τύπον
3424 922 3514 976 τοῦ
3552 923 3656 993 Χρι-

2112 1014 2241 1069 στοῦ
2280 1016 2518 1089 appellat
2564 1016 2659 1072 lib.
2698 1032 2744 1082 ι,
2781 1017 2943 1086 epist.
2989 1015 3127 1081 156,
3162 1016 3534 1087 episcopatum
3577 1016 3655 1085 τὴν

2108 1108 2204 1162 τοῦ
2237 1092 2495 1162 τοσούτου
2531 1108 2701 1180 ὕψους
2732 1108 3032 1173 ἀνάϐασιν,
3065 1109 3160 1163 lib.
3189 1124 3229 1175 ι,
3258 1108 3426 1178 epist.
3464 1107 3556 1161 104
3578 1125 3591 1173 ;
3616 1116 3657 1162 et

2109 1197 2171 1253 τὸ
2218 1201 2319 1272 τῆς
2365 1202 2673 1273 ἐπισκοπῆς
2697 1203 2790 1255 καὶ
2831 1201 3003 1272 ὄνομα
3043 1202 3138 1255 καὶ
3179 1202 3416 1272 πρᾶγμα
3464 1200 3590 1253 Ocior
3614 1204 3661 1257 ὃν

2110 1290 2205 1346 καὶ
2235 1294 2484 1364 κρεῖττον
2519 1291 2701 1362 πάσης
2734 1290 3009 1354 πολιτείας
3039 1307 3099 1344 τε
3133 1291 3227 1345 καὶ
3262 1290 3455 1357 ἀξίας,
3489 1290 3574 1347 lib.
3601 1306 3657 1357 ιι,

2109 1383 2272 1453 epist.
2312 1382 2449 1447 125,
2472 1393 2525 1438 et
2555 1399 2753 1438 nomen
2780 1392 2836 1438 et
2881 1399 2994 1438 rem
3038 1384 3210 1452 ipsam
3244 1383 3488 1438 divinam
3519 1398 3658 1451 agno-

2111 1476 2247 1542 scit,
2279 1486 2443 1546 prout
2490 1492 2520 1531 a
2556 1478 2932 1548 presbyteratu
2978 1477 3372 1547 distinguitur:
3407 1476 3515 1546 agit
3540 1475 3658 1528 enim

2111 1569 2178 1623 de
2221 1570 2576 1639 episcopatu,
2609 1586 2774 1640 quem
2814 1568 3013 1624 Hiera:
3060 1569 3343 1640 presbyter
3402 1570 3658 1624 recusarit.

2114 1660 2240 1717 "rec
2274 1662 2442 1732 igitur
2466 1662 2716 1717 doctrina
2764 1662 2833 1716 de
2870 1661 3215 1717 institutione
3248 1661 3545 1731 apostolica
3571 1660 3661 1728 epi-

427 1757 596 1808 vimus
623 1758 866 1812 doctrina
894 1770 942 1813 et
990 1762 1095 1815 vita
1118 1780 1250 1816 sana
1292 1765 1551 1818 utentium
1598 1777 1755 1835 atque
1805 1767 1874 1820 ad
1926 1784 1989 1821 re-

2112 1769 2403 1824 scaporum
2429 1769 2496 1807 ex
2526 1762 2709 1809 mente
2728 1753 2954 1820 Christi,
2970 1754 3037 1809 de
3062 1755 3229 1825 gradu
3251 1769 3281 1808 a
3316 1752 3660 1824 presbyteratu

426 1850 651 1917 gendum
679 1850 1008 1921 idoneorum,
1041 1872 1171 1925 quos
1218 1858 1505 1912 invitamus
1540 1860 1611 1912 ad
1635 1859 2008 1929 prwfectnram

425 1943 768 1998 ecclesiarum
802 1950 1207 2015 capessendam.
1264 1951 1396 2006 Dein
1430 1953 1720 2018 observat,
1753 1970 1849 2024 per
1876 1953 2006 2010 illud

428 2033 682 2106 σύστημα
712 2038 769 2090 ὲν
806 2039 1014 2114 ἑκάστῃ
1048 2041 1200 2096 πόλει
1232 2043 1450 2099 κτισθὲν
1485 2044 1628 2117 λόγῳ
1658 2046 1793 2099 Θεοῦ
1827 2047 2005 2117 palam

423 2140 545 2181 esse
590 2141 717 2183 eum
766 2131 1067 2204 intelligere
1111 2137 1509 2210 presbyterium
1558 2139 1827 2210 cujusque
1865 2141 2003 2195 civi-

425 2219 552 2274 tatis
600 2237 630 2275 a
685 2221 795 2279 Deo
839 2241 936 2294 per
985 2230 1266 2297 apostolos
1313 2230 1648 2286 institutum.
1703 2234 1821 2287 lmo
1873 2248 2005 2289 vero

425 2307 603 2375 palam
639 2318 723 2365 est
753 2312 868 2368 hate
900 2316 1083 2371 omnia
1116 2333 1239 2372 esse
1268 2330 1539 2387 contorta,
1564 2332 1618 2375 et
1648 2323 1847 2377 misere
1879 2339 2007 2379 coa-

424 2406 509 2451 cta
536 2416 550 2453 :
594 2415 702 2454 non
735 2405 881 2457 enim
917 2405 1238 2475 simpliciter
1269 2409 1521 2481 σύστημα
1544 2412 1685 2467 dixit
1718 2412 2005 2484 Origenes,

424 2503 533 2541 non
554 2489 831 2562 collegium
859 2493 1126 2551 hominum
1154 2499 1260 2552 vita
1286 2511 1640 2570 spectatorum
1668 2514 1717 2558 et
1738 2504 2004 2573 doctrina,

423 2593 455 2629 a
489 2594 593 2647 qua
616 2582 845 2653 singula:
882 2586 1115 2641 ecclesia:
1144 2589 1599 2660 gubernabantur,
1633 2606 1691 2649 ut
1721 2596 1847 2651 inde
1877 2612 2007 2667 pre-

422 2670 724 2741 sbyterium
760 2685 1019 2744 eruatur;
1056 2680 1149 2734 sed
1184 2681 1434 2753 σύστημα
1470 2686 1745 2758 πατρίδος,
1791 2699 1845 2744 et
1877 2692 2005 2760 qui»

422 2762 543 2816 dem
576 2764 723 2834 ἄλλο,
755 2767 808 2821 id
840 2778 924 2824 est
965 2774 1270 2844 συστήματι
1305 2778 1564 2849 πατρίδος
1597 2781 1738 2849 apud
1777 2784 2004 2852 gentiles

424 2852 481 2905 in
511 2855 699 2910 eadem
747 2858 970 2914 civitate
1020 2865 1360 2932 oppositum.
1406 2869 1713 2941 Προτρέπει
1758 2872 1803 2925 δ’
1837 2875 1986 2944 ἡμᾶς

421 2944 632 3044 Κέλσος
674 2949 773 3040 καῖ’
807 2950 911 3044 ’ἐπὶ
940 2951 999 3004 τὸ
1050 2953 1238 3026 ἄρχειν
1286 2957 1388 3029 τῆς
1439 2962 1716 3033 πατρίδος.
1750 2963 1891 3029 Quin
1934 2966 2003 3020 ad

422 3038 772 3102 magistratus
800 3038 855 3091 in
888 3042 1071 3109 patria
1096 3046 1349 3115 gerendas
1377 3048 1624 3103 hortatur
1655 3070 1751 3107 nos
1780 3053 1963 3110 Celsus
1982 3072 2001 3111 :

422 3129 717 3194 respondet
770 3129 1073 3202 Origenes,
1142 3136 1491 3197 Christianos
1549 3145 1700 3199 aliud
1769 3159 2000 3216 sgstema

420 3221 614 3286 patriae
643 3236 961 3293 agnoscere,
993 3237 1048 3281 et
1080 3229 1134 3282 in
1188 3231 1282 3285 illo
1325 3244 1618 3305 systemate
1647 3240 2000 3310 magistratus

421 3324 641 3379 creare;
698 3314 858 3384 plane
906 3326 967 3373 ut
1027 3321 1156 3376 alibi
1193 3324 1441 3394 loquitur
1477 3328 1544 3384 de
1588 3329 1847 3388 Ecclesiis
1881 3333 1997 3402 Dei,

420 3413 476 3459 ct
505 3405 758 3463 ecclesiis
799 3412 988 3480 populi
1029 3413 1085 3468 in
1142 3417 1331 3472 eadem
1363 3408 1580 3477 civitate
1607 3464 1622 3487 ,
1675 3424 1743 3479 de
1780 3442 1889 3495 qua
1940 3443 1999 3483 re

420 3511 609 3566 supra.
645 3497 951 3559 Salmasius
1004 3506 1214 3561 nullam
1251 3512 1581 3567 mentionem
1618 3513 1745 3570 facit
1775 3518 1997 3586 patriae,

418 3591 513 3643 sed
546 3595 816 3650 convertit
847 3596 902 3649 in
934 3609 1173 3669 systema
1205 3603 1597 3661 virorum'vita
1625 3620 1994 3679 spectatorum

418 3690 474 3737 et
505 3682 773 3754 doctrina,
812 3688 973 3758 plane
1004 3702 1193 3745 contra
1230 3706 1465 3751 tuentem
1489 3697 1762 3769 Origenis,
1797 3712 1851 3756 et
1878 3719 1999 3756 ver-

420 3774 616 3830 borum
657 3783 1148 3839 constructioncm.
1195 3785 1275 3841 Tu
1338 3790 1413 3844 ita
1464 3802 1644 3848 vertas
1678 3812 1690 3848 :
1729 3794 1844 3849 Nos
1878 3814 1997 3851 vero

418 3866 475 3919 in
498 3884 811 3939 unaquaque
844 3875 1053 3931 civitate
1082 3880 1230 3933 aliud
1262 3892 1493 3951 systcma
1537 3886 1649 3940 sive
1678 3900 1869 3940 coetum
1898 3905 1997 3957 pa-

420 3959 541 4011 tria:
574 3962 725 4014 verba
756 3964 853 4019 Dei
882 3967 1185 4023 institutum
1215 3987 1599 4043 cognoscentes,
1627 3989 1857 4046 potentes
1887 3999 1999 4037 ser-

421 4066 570 4105 mone
594 4063 642 4106 et
695 4056 802 4110 cita
859 4076 994 4113 sana
1028 4074 1230 4119 utentes
1280 4066 1349 4119 ad
1402 4070 1777 4138 pra’fecturam
1828 4075 1996 4128 eccle-

419 4144 623 4197 siarum
657 4147 1027 4206 adltortamur.
1065 4153 1225 4211 Prius
1256 4159 1473 4227 quidem
1504 4163 1690 4233 ἄρχειν
1719 4180 1843 4219 cum
1875 4182 1996 4222 ma-

419 4235 614 4292 nifeste
673 4242 971 4313 παρέλκοι,
1032 4246 1086 4299 in
1143 4248 1592 4319 interpretatione
1660 4257 1845 4312 omisi.
1905 4258 1997 4314 Sic

417 4340 601 4384 autem
637 4335 821 4388 omnia
858 4336 1005 4391 clara
1041 4348 1190 4405 sunt,
1226 4352 1278 4395 et
1302 4359 1395 4412 per
1428 4344 1558 4401 illud
1591 4347 1718 4401 ἄλλο
1744 4351 1996 4423 σύστημα

2110 1847 2401 1912 distincto,
2450 1847 2655 1917 illoque
2707 1846 3109 1914 eminentiore,
3156 1847 3334 1916 deque
3383 1845 3660 1899 obcdientia

2110 1938 2245 2007 ipsis
2299 1948 2563 2008 tanquam
2614 1937 2873 1994 Patribus
2927 1955 2957 1994 a
3001 1940 3222 1994 Christo
3267 1938 3578 1993 constitutis
3611 1938 3662 1989 ab

2110 2030 2365 2086 omnibus
2410 2033 2753 2101 praestanda,
2786 2048 2813 2087 a
2850 2032 2907 2087 S.
2964 2034 3170 2103 lgnatio
3213 2032 3281 2087 ad
3322 2032 3661 2102 quorumdam

2109 2119 2395 2177 hominum
2438 2124 2719 2193 fastidium
2753 2142 2916 2195 usque
2948 2126 3169 2195 repetita
3211 2136 3261 2179 et
3302 2124 3589 2187 inculcata,
3621 2124 3662 2175 in

2108 2213 2479 2268 Alexandrina
2533 2214 2775 2271 Ecclesia
2834 2215 2936 2271 fuit
2968 2216 3377 2286 receptissima,
3412 2217 3467 2269 in
3508 2216 3665 2271 schola

2108 2305 2444 2361 cati-chetica
2473 2307 2674 2360 eximia
2710 2308 2931 2377 quidem
2979 2308 3067 2362 illa
3101 2317 3155 2362 et
3201 2308 3447 2362 maxime
3483 2322 3663 2361 memo-

2107 2396 2269 2449 rabili
2297 2396 2366 2451 ab
2399 2397 2557 2453 initio
2589 2400 2901 2469 proposita,
2952 2416 2981 2455 a
3012 2400 3291 2456 Clemente
3326 2403 3575 2470 parcius,
3610 2404 3667 2455 ab

2107 2487 2347 2562 Origene
2379 2492 2447 2547 ad
2476 2494 2798 2549 earumdem
2831 2496 3113 2549 hominum
3154 2495 3387 2551 fortasse
3412 2496 3663 2551 fastidium

2110 2583 2340 2652 repetita
2393 2594 2450 2639 et
2500 2586 2805 2654 inculcata;
2863 2587 3039 2642 forma
3079 2587 3243 2643 etiam
3294 2589 3574 2659 regimiuis
3614 2590 3667 2640 ab

2109 2673 2317 2745 lguatio
2366 2677 2421 2730 in
2470 2676 2731 2734 Asiaticis
2770 2679 3019 2735 ecclesiis
3066 2682 3226 2736 toties
3262 2682 3554 2736 decantata
3585 2682 3668 2733 luit

2107 2766 2366 2822 omnibus
2425 2772 2673 2826 numeris
2721 2771 3065 2828 Alexandriae
3111 2784 3504 2843 repraesentata
3575 2774 3668 2827 lino

2109 2872 2216 2910 non
2262 2866 2474 2915 tantum
2519 2861 2799 2934 lgnatiana
2833 2862 3093 2920 Ecclesia:
3123 2864 3299 2920 forma
3333 2866 3405 2919 ab
3438 2864 3665 2934 Origene,

2105 2948 2468 3007 celeberrimo
2526 2954 3025 3012 Alexandrinorum
3104 2957 3415 3028 magistro,
3491 2958 3668 3025 ubique

2114 3048 2374 3111 tmquam
2397 3048 2768 3106 vetustissima
2792 3057 2845 3103 et
2869 3064 2898 3103 a
2927 3049 3142 3119 proavis
3193 3050 3425 3106 deducta
3452 3052 3673 3105 celebra-

2106 3140 2232 3198 tur;
2280 3136 2373 3188 scd
2405 3146 2458 3189 ct
2496 3135 2689 3207 lgnatit
2723 3139 2969 3208 epistola:
3002 3140 3071 3194 ab
3112 3140 3232 3209 ipso
3257 3157 3521 3209 expresse
3559 3152 3667 3194 sunt

2101 3225 2301 3290 citatas,
2330 3235 2389 3281 ut
2416 3228 2523 3282 late
2547 3230 2911 3286 ostendimus.
2942 3231 3082 3286 Fieri
3122 3232 3307 3301 itaque
3339 3248 3452 3285 non
3487 3241 3667 3301 potest,

2104 3325 2161 3370 ut
2194 3307 2580 3388 argumentum
2618 3322 2840 3393 aliquod
2884 3324 3179 3390 formetur,
3214 3324 3361 3393 quod
3418 3323 3667 3395 lgnatium

2100 3411 2447 3479 epistolicum
2495 3415 2883 3471 Alexandrinis
2923 3416 3259 3486 incognitum
3308 3414 3486 3472 fuisse
3518 3430 3668 3485 usque

2100 3502 2168 3555 ad
2192 3502 2417 3560 Eusebii
2444 3516 2690 3576 tempora
2721 3507 3079 3563 demonstret.

2178 3624 2284 3679 Sed
2318 3625 2371 3677 id
2411 3626 2542 3679 satis
2575 3635 2783 3680 constat
2806 3668 2820 3692 ,
2868 3627 3045 3696 inquit
3075 3614 3159 3681 vir
3190 3626 3557 3682 doctissimus
3579 3666 3591 3689 ,
3617 3640 3669 3678 es

2099 3718 2332 3787 quadam
2384 3717 2649 3787 singulari
2696 3718 2841 3771 illius
2897 3717 3152 3772 Ecclesiw
3198 3718 3492 3771 traditione
3534 3716 3671 3785 plane

2100 3811 2413 3880 penitusque
2449 3810 2804 3877 adversante;
2841 3826 3071 3879 eamque
3108 3810 3461 3864 traditionem
3502 3820 3670 3879 postea

2100 3918 2262 3957 usum
2286 3910 2465 3957 vocat.
2513 3902 2712 3957 Mirum
2742 3903 2959 3972 quidem
2994 3903 3039 3957 si
3085 3903 3285 3971 aliquis
3322 3918 3459 3957 usus
3484 3945 3498 3965 ,
3534 3902 3672 3969 isque

2100 3994 2431 4065 peculiaris,
2494 3993 2899 4051 demonstraret
2944 3997 3130 4050 omnia
3176 4011 3299 4064 quae
3350 3996 3423 4050 ab
3476 3994 3671 4066 lgnatio

2100 4086 2304 4155 scripta
2348 4087 2740 4157 perhibentur,
2798 4087 2968 4142 fuisse
3011 4088 3117 4142 illis
3145 4088 3404 4143 omnibus
3460 4103 3671 4159 prorsus

2098 4177 2405 4247 incognita,
2440 4180 2582 4249 apud
2612 4196 2753 4249 quos
2788 4196 2919 4235 usus
2951 4181 3039 4234 ille
3077 4179 3212 4234 forte
3242 4181 3508 4235 obtinuit.
3537 4178 3666 4245 Quid

2097 4272 2229 4324 milii
2248 4272 2451 4341 profers
2484 4275 2639 4326 unius
2665 4272 2810 4325 urbis
2839 4272 3268 4326 consuetudinem
3290 4274 3314 4327 .’
3338 4274 3525 4327 aiebat
3554 4274 3669 4325 olim

2098 4360 2467 4435 Hieronymus
2503 4381 2515 4417 :
2547 4365 2843 4433 praesertim
2882 4366 2927 4419 si
2976 4366 3279 4435 cogitemus
3322 4366 3670 4419 consuetudi-

416 4424 673 4497 πατρίδος
716 4428 853 4482 nihil
886 4430 1032 4484 aliud
1076 4432 1301 4505 intelligi
1354 4446 1565 4506 potest,
1611 4457 1775 4510 quam
1813 4454 1989 4499 coetus

2112 4469 2253 4519 nem,
2294 4453 2411 4508 sive
2459 4469 2615 4508 usum
2632 4456 2783 4509 illum
2803 4468 2871 4507 ex
2899 4468 3085 4508 eorum
3110 4456 3378 4510 sententia
3413 4458 3511 4525 qui
3558 4472 3671 4511 eum

416 4515 674 4575 Ecclesiae
740 4524 1025 4592 gentilium
1083 4528 1318 4583 coetibus
1371 4534 1676 4601 oppositus.
1732 4536 1889 4602 Quod
1943 4548 1998 4593 et

415 4611 580 4665 verba
613 4628 734 4682 qua:
767 4632 896 4671 mox
925 4633 1233 4688 sequuntur
1260 4621 1549 4677 manifeste
1580 4628 1817 4694 probant
1844 4646 1855 4682 :
1888 4630 1999 4683 Καὶ

416 4702 467 4755 εί
493 4704 749 4775 ἄρχουσιν
781 4709 830 4761 οἱ
859 4709 1040 4773 καλῶς
1072 4712 1332 4783 ἄρχοντες
1365 4715 1421 4767 ὲν
1446 4718 1510 4788 τῇ
1552 4717 1844 4791 Ἐκκλησία
1891 4720 1998 4775 ὑπὸ

416 4796 518 4865 τῆς
551 4796 691 4851 κατὰ
733 4799 863 4853 Θεὸν
910 4803 1186 4875 πατρίδος,
1232 4804 1375 4874 λέγω
1407 4807 1462 4861 δὲ
1487 4848 1500 4873 ,
1533 4809 1633 4879 τῆς
1676 4811 1997 4884 Ἐκκλησίας

416 4884 792 4957 ἐκλεγόμενον
819 4888 1047 4961 ἄρχουσι
1094 4893 1236 4947 κατὰ
1264 4895 1332 4949 τὰ
1378 4897 1482 4950 ὑπὸ
1509 4897 1602 4950 τοῦ
1640 4900 1775 4952 Θεοῦ
1803 4918 1998 4973 προτε-

412 4974 684 5045 ταγμένα.
714 4976 791 5029 Ac
820 4979 885 5044 si,
905 4981 996 5049 qui
1020 4982 1143 5037 bene
1173 4997 1408 5040 ortesunt
1456 4986 1729 5054 Ecclesiae,
1760 5008 1792 5043 a
1817 4993 1996 5059 patria

412 5068 701 5122 secundant
738 5069 942 5140 Deum,
981 5075 1077 5129 hac
1103 5088 1180 5132 est
1232 5078 1496 5149 Ecclesia,
1541 5083 1694 5137 electi
1736 5086 1992 5154 praesint,

402 5159 564 5228 juxta
588 5166 905 5236 praescripta
924 5168 1020 5223 Dei
1051 5182 1259 5242 regunt.
1291 5174 1548 5245 Idemque
1579 5178 1820 5233 maxime
1858 5196 1993 5235 con-

413 5254 635 5311 firmant
678 5276 802 5330 quae
852 5277 921 5317 ex
972 5264 1164 5319 eodem
1200 5265 1372 5337 Opere
1433 5268 1633 5324 Contra
1678 5271 1891 5326 Celsum
1926 5275 1995 5330 de

394 5348 646 5404 Ecclesia
686 5353 816 5422 Dei,
853 5364 908 5409 et
945 5356 1177 5413 ecclesia
1224 5360 1408 5429 populi
1459 5361 1513 5416 in
1546 5363 1737 5418 eadem
1775 5364 1994 5421 civitate

411 5446 541 5492 ante
571 5441 923 5503 adduximus.

481 5529 563 5587 Ex
598 5534 686 5591 his
714 5542 1065 5612 perspicuum
1096 5554 1181 5601 est
1201 5546 1537 5606 Clementem
1558 5550 1993 5611 Alexandrinum

409 5622 718 5718 esSchola
772 5629 1051 5703 Pantami,
1082 5648 1211 5694 ante
1257 5639 1595 5699 Demetrium
1649 5646 1991 5718 episcopum,

413 5716 763 5789 episcopatus
814 5728 1042 5795 gradum
1091 5735 1471 5807 presbytcratu
1530 5716 1870 5810 superiorem
1921 5742 1989 5799 ab

2100 4545 2463 4607 tradiderunt,
2511 4544 2602 4598 diu
2652 4556 2779 4599 ante
2826 4544 3124 4616 lguatium,
3167 4545 3236 4599 ab
3284 4546 3401 4617 ipsa
3451 4548 3672 4601 Alexan-

2100 4636 2272 4691 drinae
2312 4634 2570 4691 Ecclesia:
2623 4635 2944 4691 [illidationc
2996 4648 3358 4708 usurpatum,
3400 4656 3567 4709 quam
3614 4639 3672 4691 ad

2097 4727 2485 4797 evangelistam
2538 4728 2994 4796 celeberrimum,
3037 4739 3090 4785 et
3137 4728 3194 4783 S.
3232 4729 3376 4783 Petri
3423 4732 3671 4784 comitem

2099 4818 2430 4874 referebant.
2491 4818 2753 4875 Poterant
2809 4837 2940 4876 sane
2987 4822 3343 4877 Alexandrini
3391 4834 3447 4878 et
3488 4824 3674 4894 lgnatii

2098 4912 2301 4982 scripta
2334 4912 2597 4982 recipere,
2621 4921 2675 4967 et
2708 4914 3038 4983 peculiarem
3071 4914 3311 4985 aliquem
3344 4931 3506 4970 usum
3540 4915 3671 4985 apud

2100 5004 2249 5073 ipsos
2283 5005 2352 5060 ab
2405 5006 2562 5060 initio
2595 5007 2954 5074 obtinentem,
2981 5007 3108 5063 licet
3153 5008 3262 5064 illis
3307 5008 3450 5065 forte
3490 5010 3675 5065 adsero

2098 5106 2336 5163 santem,
2369 5101 2625 5154 retinere.
2654 5097 2819 5170 ldque
2843 5099 3024 5154 facere
3048 5116 3141 5156 eos
3170 5101 3415 5157 voluisse
3446 5103 3531 5157 vel
3563 5101 3677 5155 inde

2098 5190 2358 5246 credibile
2405 5200 2511 5258 est,
2563 5193 2709 5263 quod
2772 5208 2909 5247 usus
2958 5193 3045 5247 ille
3093 5193 3385 5262 peculiaris
3437 5195 3674 5254 dicitur.

2097 5281 2344 5353 adeoque
2375 5285 2606 5340 aliarum
2628 5286 2874 5341 omnium
2907 5286 3266 5341 ecclesiarum
3292 5287 3675 5342 consuetudini

2099 5374 2420 5430 adversans.
2462 5374 2643 5442 Quare
2692 5377 2839 5431 enim
2891 5393 2959 5432 ex
3016 5377 3358 5449 solalgnatii
3411 5378 3677 5435 sententia

2098 5465 2200 5521 sibi
2237 5466 2537 5536 patefacta,
2582 5483 2708 5524 eum
2758 5468 3171 5539 relinquerent,
3216 5486 3379 5540 quem
3418 5472 3677 5527 adversus

2096 5557 2446 5614 traditionem
2508 5560 2755 5616 omnium
2800 5561 3158 5618 ecclesiarum
3215 5562 3486 5620 hactenus
3547 5563 3676 5618 reti-

2097 5650 2370 5705 nuerant?
2392 5652 2500 5707 Aut
2534 5654 2579 5709 si
2611 5655 2693 5709 vis
2732 5663 2879 5709 tanta
2911 5652 3223 5710 auctoritati
3246 5654 3546 5724 lgnatiaase
3587 5654 3679 5708 tri-

2098 5743 2312 5798 bucnda
2348 5762 2467 5801 esse
2496 5745 2763 5814 videatur,
2800 5746 2972 5802 inulto
3007 5744 3212 5803 rectius
3243 5761 3309 5801 cx
3345 5761 3451 5803 usu
3480 5744 3597 5804 tali.
3634 5743 3677 5799 si
