3770 6318
141 376 232 429 225

853 371 905 425 J.
938 368 1306 424 PEARSONH
1348 368 1675 427 VlNDlCI/E
1710 370 2137 430 lGNATlAI‘eE.
2167 405 2236 418 -
2271 375 2452 430 PARS
2487 377 2527 432 Ι.

3277 384 3385 438 226

140 494 252 561 quis
286 506 519 561 unquam
546 488 669 556 fuit,
693 490 947 546 concludi
985 490 1204 560 poterit,
1236 488 1504 559 lgnatium
1537 490 1688 545 illum
1721 498 1769 553 Α
1796 492 2119 563 Dionysium
2146 496 2203 548 in
2233 512 2376 550 more
2405 497 2501 551 illo
2530 500 2897 568 comprehendi
2932 502 3097 556 coluit
3120 501 3389 575 Hierony-

143 584 461 654 epistolicum
487 582 873 637 Alexandrinis
898 580 1071 637 fuisse
1101 583 1403 651 cognitum,
1437 584 1564 652 quia
1588 599 1698 636 non

144 677 224 732 diu
259 684 542 745 postquam
574 674 819 744 epistola:
853 674 919 729 iis
955 674 1210 728 videntur
1249 674 1539 743 evulgatus,
1566 689 1699 728 usus

143 769 222 822 ille
248 767 461 831 cviluit,
510 767 623 821 imo
668 766 921 831 evanuit;
957 781 1082 818 nam
1108 807 1124 829 ,
1160 772 1297 819 teste
1340 763 1699 836 Hieronymo,

144 860 337 913 duravit
385 858 766 912 tantummodo
802 857 871 911 ad
916 856 1223 914 Heraclam.
1259 857 1376 925 qui,
1411 856 1535 911 vivo
1572 856 1696 910 Ori-

144 967 263 1021 gene
286 959 338 1004 et
363 951 637 1004 scribente
657 989 672 1012 ,
723 950 901 1018 primo
932 954 1075 1017 apud
1108 949 1513 1003 Alexandrinos
1544 948 1701 1019 lgna-

144 1044 392 1095 tianorum
420 1051 581 1104 teste,
604 1040 781 1095 iactus
806 1050 890 1094 est
919 1040 1234 1108 episcopus,
1266 1050 1319 1093 et
1345 1039 1694 1110 Dionysium,

142 1134 223 1203 qui
249 1131 459 1203 Origeni
492 1134 730 1187 maxime
768 1132 1005 1186 favebat.

206 1226 300 1280 Sed
329 1227 608 1280 videamus
633 1226 849 1279 tandem
875 1225 1054 1294 qualis
1074 1225 1163 1279 illc
1194 1240 1327 1279 usus
1353 1223 1537 1287 fuerit,
1563 1240 1701 1293 quo-

142 1320 289 1372 modo
320 1317 529 1389 lgnatio
563 1318 901 1384 adversans;
927 1320 1075 1387 quali
1113 1320 1503 1387 consequentia
1539 1320 1698 1388 lgna-

141 1411 393 1462 tianornm
445 1410 717 1477 ignoratio
748 1410 872 1462 inde
905 1420 1199 1478 sequatur,
1227 1418 1281 1463 et
1312 1409 1440 1476 quid
1488 1409 1577 1461 illa
1631 1409 1697 1463 ad

140 1503 369 1571 generale
390 1502 666 1556 silentium
688 1513 812 1555 ante
826 1500 1123 1556 Eusebium
1141 1500 1323 1566 faciat,
1343 1502 1427 1557 cui
1450 1501 1700 1554 innititur

141 1611 326 1661 negans
348 1603 755 1662 argumentum.
781 1591 928 1647 Usus
954 1593 1043 1645 ille
1075 1594 1369 1662 peculiaris
1394 1592 1697 1647 secundum

140 1684 513 1754 Hieronymum
560 1685 721 1754 epist.
770 1684 870 1749 85,
926 1685 1017 1738 ubi
1048 1693 1239 1739 contra
1280 1701 1375 1739 eos
1424 1685 1697 1753 disputat,

134 1776 218 1845 qui
263 1776 528 1831 diaconos
576 1776 907 1847 presbyteris
963 1774 1377 1841 anteferebant,
1428 1775 1517 1829 hic
1565 1783 1694 1829 est:

1803 601 1950 648 mus,
2005 585 2184 654 inquit
2237 588 2360 655 ille;
2401 590 2627 646 ultimus
2678 594 2842 661 igitur
2892 595 3193 648 secundum
3256 612 3383 650 eum

1804 691 2011 730 morem
2049 677 2227 733 factus
2261 689 2346 734 est
2379 682 2671 751 episcopus
2700 683 3031 747 Demetrius,
3057 702 3202 742 anno
3230 688 3387 743 Com-

1806 768 1951 821 modi
2009 768 2094 831 lO,
2148 769 2364 825 Domini
2413 773 2536 827 190.
2595 773 2864 839 Quocirca
2915 776 3279 849 Hieronymus
3331 788 3386 833 ct

1803 858 2105 931 Eutychius
2152 877 2262 916 non
2304 863 2493 919 leviter
2539 867 2604 921 de
2642 878 2885 937 tempore
2931 870 3242 939 discrepare
3294 872 3381 926 di-

1805 953 1960 1006 cendi
1993 962 2140 1009 sunt.
2174 953 2360 1024 Itaque
2394 967 2450 1011 ut
2487 959 2628 1013 hanc
2673 962 2908 1016 duorum
2944 966 3163 1017 testium
3204 964 3383 1021 disso-

1805 1044 2050 1097 nantiam
2101 1046 2345 1111 tolleret,
2380 1049 2574 1103 miram
2612 1052 3020 1107 distinctionem
3053 1057 3384 1127 exc0gitavit

1807 1133 2095 1200 Seldenus,
2130 1148 2182 1192 ct
2218 1154 2343 1194 cum
2389 1152 2618 1210 uterque
2669 1144 2736 1197 de
2771 1145 2947 1211 iacto,
3002 1147 3118 1202 sive
3158 1150 3226 1202 de
3279 1166 3382 1204 usu

1804 1231 2184 1284 tantummodo
2217 1232 2495 1300 loquatur,
2526 1244 2579 1289 et
2610 1237 2868 1293 historice
2918 1254 3031 1293 rem
3067 1241 3210 1295 unde
3254 1257 3380 1295 nar—

1803 1331 1907 1387 rat,
1948 1324 2094 1377 Alter
2125 1324 2189 1378 de
2226 1326 2401 1394 facto,
2450 1326 2657 1395 inquit,
2698 1329 2934 1397 loquitur
2965 1332 3121 1383 simul
3160 1348 3223 1384 ac
3258 1332 3383 1401 jure

1802 1413 1905 1466 loci
1946 1416 2211 1485 simplici,
2267 1428 2548 1487 antequam
2570 1419 2681 1472 ulla
2716 1424 2928 1475 omnino
2962 1440 3087 1477 usus
3122 1436 3213 1477 aut
3250 1427 3384 1495 [acti

1803 1508 2030 1560 mutatio
2056 1508 2131 1559 ibi
2174 1509 2632 1575 introduceretur;
2660 1512 2797 1565 alter
2822 1514 2885 1567 de
2902 1516 3028 1582 jure
3075 1518 3304 1585 simplici
3330 1530 3382 1573 et

1803 1598 2037 1651 instituti
2078 1601 2391 1656 mutatione.
2447 1601 2491 1655 0
2544 1603 2862 1670 praeclaram
2911 1614 3077 1673 atque
3126 1609 3381 1663 subtilem

1803 1690 2233 1756 distinctionem,
2268 1702 2323 1747 et
2370 1695 2587 1762 qualem
2642 1695 2881 1751 fortasse
2933 1698 3165 1755 diversis
3212 1699 3384 1755 Justi-

1805 1782 1983 1836 nianei
2004 1784 2145 1851 juris
2178 1785 2454 1852 perioehis
2489 1787 2749 1855 adoptare
2791 1789 2997 1857 poteris
3024 1809 3035 1842 :
3082 1791 3167 1845 his
3198 1801 3379 1846 autem

136 1867 267 1920 Nam
316 1878 363 1921 et
393 1868 735 1922 Alexandria:
767 1887 797 1921 a
840 1868 1028 1921 Marco
1055 1868 1406 1938 evangelista,
1434 1884 1596 1938 usque
1629 1868 1699 1921 ad
1734 1844 1774 1897 Β
1806 1873 2083 1929 historicis
2112 1876 2539 1931 narratiunculis
2572 1896 2850 1949 nunquam
2879 1882 3151 1950 quadrare
3194 1894 3383 1939 osten-

138 1959 407 2013 lleraclam
434 1971 485 2014 et
519 1960 837 2029 Dionysium
868 1962 1158 2028 episcopos,
1188 1959 1478 2028 presbyteri
1503 1974 1701 2026 semper

135 2069 278 2105 unum
305 2068 369 2106 ex
416 2070 473 2106 se
512 2052 735 2106 electum
767 2054 820 2105 in
850 2052 1130 2106 excelsiori
1171 2053 1343 2122 gradu
1382 2052 1699 2105 collocatum

130 2145 413 2211 episcopum
459 2143 846 2208 nominabant;
872 2144 1133 2213 quomodo
1158 2144 1205 2195 si
1238 2144 1503 2197 exercitus
1535 2144 1702 2213 impe-

132 2247 343 2290 ratorem
371 2236 563 2305 faciat,
598 2246 690 2288 aut
721 2237 931 2290 diaconi
964 2238 1163 2306 eligant
1184 2236 1247 2289 de
1278 2253 1352 2301 se,
1370 2252 1518 2305 quem
1542 2236 1701 2289 indu-

131 2328 302 2381 strium
336 2330 599 2391 noverint,
620 2338 667 2381 et
706 2346 786 2381 art
802 2330 1141 2382 hidiaconum
1165 2338 1363 2383 vocent.
1385 2327 1697 2383 Secundum

131 2428 291 2472 autem
324 2418 654 2490 Eutycbium
698 2420 1015 2490 hujusmodi
1059 2428 1179 2474 est:
1215 2420 1509 2475 Constituit
1542 2437 1699 2473 evan-

128 2509 300 2579 gelisla
331 2510 552 2565 Marcus
586 2528 693 2565 una
732 2527 851 2564 cum
882 2512 1094 2565 Anania
1144 2513 1455 2581 patriarcha
1500 2512 1700 2565 duode-

130 2604 216 2654 cim
241 2603 592 2673 presbyteros,
614 2604 703 2673 qui
734 2621 915 2673 nempe
939 2621 1055 2657 cum
1072 2606 1379 2674 patriarcha
1404 2614 1695 2669 manerent,

129 2695 242 2748 adeo
279 2705 334 2749 ut
370 2713 494 2749 cum
524 2706 732 2749 vacaret
762 2698 1184 2765 patriarcltatus,
1212 2714 1373 2750 unum
1404 2714 1431 2751 e
1463 2698 1530 2751 1‘2
1582 2714 1699 2762 pre-

129 2786 330 2855 sbyteris
352 2787 629 2857 eligerent,
655 2788 804 2856 cujus
835 2789 996 2855 capiti
1030 2788 1218 2857 reliqui
1241 2789 1480 2842 undecim
1510 2805 1697 2841 manus

129 2876 436 2945 imponentes
483 2879 588 2947 ipsi
622 2878 1016 2944 benedicerent,
1057 2889 1106 2933 et
1146 2882 1507 2949 patriarcham
1549 2898 1693 2935 crea-

128 2979 248 3030 rent,
280 2970 476 3023 deinde
505 2972 675 3024 virum
703 2971 932 3041 aliquem
965 2973 1219 3041 insignem
1246 2972 1518 3042 eligerent,
1545 2989 1698 3043 quem

125 3077 279 3114 secum
313 3062 683 3133 presbyterum
714 3064 1111 3128 constituerent,
1130 3062 1243 3115 loco
1273 3064 1385 3132 ejus
1413 3066 1502 3134 qui
1525 3066 1697 3133 factus

1803 1966 1978 2019 deris!
2017 1965 2262 2020 Priorem
2300 1979 2507 2036 partem
2544 1968 2879 2041 Hieronymo
2924 1974 3202 2043 assignat;
3256 1992 3381 2031 eum

1804 2060 1919 2113 vult
1955 2068 2070 2114 tum
2095 2061 2163 2113 de
2198 2060 2363 2124 facto,
2395 2072 2507 2115 tum
2544 2062 2611 2116 de
2656 2064 2780 2131 jure
2813 2064 2914 2119 loci
2948 2066 3181 2135 simplici
3208 2069 3384 2123 disse-

1802 2165 1958 2216 rere,
1987 2168 2110 2206 cum
2149 2152 2271 2217 ille,
2307 2153 2453 2206 milia
2504 2154 2729 2207 omnino
2759 2155 2826 2209 de
2861 2155 2986 2225 jure
3035 2156 3177 2211 facta
3224 2175 3371 2213 mcu-

1805 2241 1970 2303 tione,
2002 2242 2068 2296 de
2106 2241 2251 2297 facto
2279 2244 2660 2297 tantummodo
2687 2245 2960 2315 loquatur,
2995 2248 3237 2318 illudque
3272 2260 3381 2303 tam

1802 2334 2041 2388 breviter
2075 2343 2295 2404 tamque
2347 2336 2583 2390 obscure
2640 2338 2850 2399 tradat,
2884 2348 2944 2391 ut
2985 2339 3072 2392 vix
3121 2341 3252 2409 quid
3290 2358 3385 2395 vu-

1803 2425 1965 2479 luerit
2001 2428 2287 2496 intelligas.
2340 2427 2641 2497 Presbyteri
2673 2446 2833 2483 unum
2878 2446 2942 2483 ea:
2978 2448 3031 2484 se
3073 2431 3294 2485 electum
3329 2434 3384 2485 in

1800 2520 2078 2571 excelsiori
2119 2521 2289 2589 gradu
2321 2521 2638 2573 collocatum
2667 2523 2968 2590 episcopum
3000 2523 3382 2587 nominabant;

1802 2624 1912 2678 quo
1932 2611 2076 2678 jure,
2108 2627 2283 2679 quave
2309 2612 2505 2680 injuria
2534 2614 2637 2667 hoc
2669 2612 2870 2668 factum
2896 2615 2987 2675 sit,
3015 2613 3382 2687 Hieronymus

1803 2717 1910 2766 non
1948 2702 2117 2769 dicit;
2171 2704 2283 2757 imo
2334 2704 2465 2773 quid
2499 2704 2648 2758 aliud
2706 2704 2968 2770 fecerint,
3023 2722 3187 2776 quam
3234 2707 3382 2775 quod

1800 2794 2119 2862 episcopum
2167 2794 2543 2858 naminarint,
2597 2812 2705 2851 non
2748 2799 2927 2852 docet.
2978 2798 3107 2852 Vult
3158 2800 3379 2869 quidem

1804 2880 2073 2938 Seldenus
2124 2899 2189 2938 ex
2224 2885 2405 2940 verbis
2455 2884 2773 2956 Hieronymi
2804 2888 2987 2958 colligi
3037 2889 3235 2943 debere
3288 2906 3386 2959 pa-

1803 2974 2098 3029 triarcham
2125 2991 2153 3029 a
2180 2976 2515 3047 presbyteris
2529 2978 2760 3031 electum
2783 2988 2838 3033 et
2854 2980 3167 3034 ordinatum
3188 2981 3383 3048 fuisse,

1801 3080 1925 3120 cum
1972 3064 2337 3138 Hieronymus
2386 3078 2644 3123 neutrum
2696 3068 2910 3125 doceat.
2974 3070 3115 3126 Dicit
3157 3073 3382 3141 quidem

124 3164 188 3205 est
224 3156 571 3222 patriarcha,
617 3166 674 3210 ut
712 3157 791 3210 ita
842 3173 1044 3226 semper
1085 3166 1353 3211 exstarent
1394 3158 1689 3211 duodecim.
1724 3190 1768 3249 ε
1802 3157 2122 3227 episcopum
2155 3174 2219 3214 ex
2259 3160 2590 3231 presbyteris
2642 3159 2908 3227 electum,
2950 3178 2981 3217 a
3024 3164 3382 3234 presbyteris,

127 3242 291 3315 Neque
310 3247 471 3301 desiit
504 3248 847 3302 Alexandria:
872 3249 1178 3302 institutum
1206 3253 1301 3302 hoc
1324 3249 1387 3301 de
1425 3249 1695 3320 presbyte-

124 3337 208 3400 ris,
252 3346 310 3389 ut
360 3338 567 3391 scilicet
611 3339 947 3406 patriarchas
996 3349 1232 3393 crearent
1272 3354 1338 3392 ea:
1377 3341 1696 3410 presbyteris

126 3426 209 3493 l2,
230 3445 391 3498 usque
424 3430 496 3482 ad
531 3439 767 3499 tempora
791 3429 1086 3484 Alexandri
1111 3431 1431 3501 patriarcha:
1458 3432 1694 3487 Alexan-

120 3519 280 3583 drini,
312 3522 406 3591 qui
440 3522 547 3590 fuit
605 3536 668 3575 ea:
712 3538 930 3576 numero
972 3522 1067 3576 illo
1108 3538 1364 3579 cccxvm.
1416 3522 1528 3582 Hos
1580 3528 1696 3579 vult

124 3609 335 3668 Dallzeus
381 3616 439 3668 in
468 3630 683 3669 summa
717 3616 793 3669 rei
825 3616 1159 3679 consentire,
1191 3618 1257 3671 de
1284 3626 1526 3686 tempore
1561 3616 1691 3669 levi-

124 3715 195 3758 tcr
218 3706 553 3778 discrepare.
602 3707 755 3773 Quod
797 3712 937 3763 enim
967 3712 1294 3770 institutum.
1334 3711 1532 3781 inquit,
1568 3709 1695 3765 Ilie-

123 3812 351 3867 ronymus
394 3802 468 3855 ad
495 3801 840 3871 Dionysium,
867 3804 902 3856 i.
935 3818 984 3857 e.
1016 3806 1082 3857 ad
1143 3815 1195 3857 a.
1229 3803 1289 3856 D.
1315 3804 1441 3870 264,
1474 3804 1694 3857 durasse

118 3889 252 3955 dicit,
292 3895 348 3946 id
383 3893 683 3964 Eutychius
732 3894 801 3947 ad
829 3895 1213 3960 Alexandrum,
1247 3897 1284 3950 i.
1321 3911 1370 3950 e.
1404 3897 1472 3950 ad
1538 3911 1595 3951 a.
1626 3897 1690 3953 D.

122 3983 315 4038 circiter
345 3987 491 4050 508,
528 4002 883 4055 perseverasse
908 3987 1038 4042 vult.

183 4076 370 4133 Verum
422 4080 565 4134 mihi
611 4097 724 4135 non
768 4082 905 4136 adeo
952 4082 1086 4137 levis
1128 4081 1491 4151 discrepantia
1543 4081 1693 4136 vide-

121 4176 194 4219 tur
217 4186 231 4222 :
254 4186 377 4224 cum
410 4171 567 4225 enim
600 4170 967 4242 Hieronymus
1002 4188 1212 4228 morem
1244 4188 1371 4228 eum
1404 4188 1580 4244 usque
1619 4174 1687 4228 ad

121 4256 382 4316 Heraclam
413 4272 471 4318 et
525 4262 845 4335 Dionysium
889 4264 1121 4320 durasse
1162 4265 1334 4331 dicit,
1386 4275 1479 4320 aut
1521 4265 1689 4320 dura-

120 4351 298 4407 tionem
328 4364 597 4424 tanquam
630 4356 894 4411 incertam
946 4356 1132 4420 tradit,
1168 4366 1265 4412 aut
1303 4368 1449 4413 certe
1482 4359 1693 4413 indicat

117 4436 379 4499 Heraclam
430 4444 609 4499 fuisse
653 4445 910 4499 ultimum
946 4446 1041 4515 qui
1094 4444 1312 4515 priori,
1368 4442 1684 4516 Dionysium

1803 3264 1909 3302 non
1947 3250 2143 3317 docet;
2193 3252 2371 3321 potuit
2421 3262 2603 3308 alitem
2646 3269 2714 3310 ex
2764 3255 3096 3326 presbyteris
3144 3255 3213 3310 ab
3262 3257 3386 3312 aliis

1798 3341 1947 3411 eligi,
1976 3342 2059 3396 vel
2091 3357 2122 3397 a
2169 3344 2393 3413 populo,
2429 3345 2513 3399 vel
2550 3345 2618 3399 ab
2650 3347 2929 3417 episcopis
2964 3348 3123 3414 aliis;
3159 3357 3214 3401 ct
3251 3362 3385 3403 sane

1798 3432 2052 3487 videntur
2076 3434 2145 3487 ab
2171 3435 2572 3504 antiquissimis
2600 3438 2938 3505 temporibus
2968 3454 2999 3492 a
3032 3439 3235 3508 populo
3253 3439 3383 3510 eligi

1795 3522 2142 3579 Alexandria:
2173 3526 2437 3595 episcopi.
2478 3526 2647 3596 ldque
2695 3544 2760 3583 ex
2815 3529 3042 3598 antiqua
3076 3543 3382 3585 consuetu-

1795 3615 1923 3670 dine
1965 3617 2035 3671 ab
2070 3615 2380 3686 Epiphanio
2436 3618 2723 3674 observata
2771 3620 2956 3691 colligi
3000 3622 3227 3676 meliore
3255 3622 3382 3691 jure

1796 3714 1976 3776 potest
2002 3724 2016 3771 ;
2057 3707 2216 3776 cujus
2249 3706 2364 3762 haec
2396 3708 2559 3762 verba
2591 3719 2719 3763 sunt
2756 3711 2952 3765 haeresi
2984 3708 3053 3765 69
3083 3726 3096 3761 :
3136 3709 3297 3773 Ἔθος
3323 3711 3381 3764 δὲ

1794 3800 1852 3851 ἐν
1888 3799 2262 3872 Ἀλεξανδρείᾳ
2292 3801 2365 3871 μὴ
2387 3801 2654 3872 χρονίζειν
2691 3802 2829 3872 μετὰ
2860 3802 3119 3871 τελευτὴν
3155 3802 3380 3855 ἐπισκό-

1795 3910 1898 3945 που
1928 3895 2054 3955 τοὺς
2082 3892 2535 3963 καθισταμένους,
2569 3894 2684 3946 ἀλλ’
2722 3893 2838 3965 ἅμα
2882 3893 3123 3962 γίνεσθαι
3156 3895 3380 3965 εἰρήνης

1792 3982 1974 4044 ἕνεκα,
1998 3982 2091 4033 τοῦ
2122 3983 2195 4053 μὴ
2232 3981 2573 4053 παρατριϐὰς
2596 3982 2842 4049 γίνεσθαι
2875 3983 2930 4034 ὲν
2952 3985 3063 4044 τοῖς
3079 3981 3248 4044 λαοῖς,
3270 3981 3379 4033 τῶν

1795 4073 1893 4141 μὲν
1922 4072 2071 4125 τόνδε
2102 4072 2383 4137 θελόντων,
2414 4073 2522 4126 τῶν
2549 4074 2605 4126 δὲ
2629 4073 2798 4126 τόνδε.
2824 4073 3168 4127 Alexandriae
3200 4083 3380 4126 autem

1790 4166 2111 4217 consuetudo
2157 4173 2256 4224 est,
2297 4173 2352 4217 ut
2398 4176 2517 4234 post
2567 4166 2795 4234 episcopi
2850 4175 3070 4218 mortem
3104 4180 3379 4218 successor

1790 4271 1893 4307 non
1936 4256 2140 4309 diutius
2185 4256 2503 4323 diﬁ'eratur,
2549 4257 2641 4310 sed
2676 4255 2897 4310 subinde
2922 4295 2937 4319 ,
2978 4257 3126 4322 pacis
3166 4257 3376 4311 tuendae

1789 4347 1988 4415 gratia.
2033 4346 2345 4417 subrogetur
2365 4386 2379 4407 .
2409 4362 2471 4399 ne
2497 4348 2621 4400 aliis
2651 4348 2811 4409 hunc,
2831 4347 2954 4401 aliis
2985 4346 3137 4401 illum
3184 4356 3375 4415 postu-

1788 4438 2052 4502 lantibus,
2092 4438 2356 4508 inpopulo
2373 4438 2559 4509 jurgia
2591 4450 2638 4493 et
2655 4440 3015 4493 contentiones
3030 4439 3371 4496 exsisterent.

118 4543 277 4588 autem
310 4537 559 4606 primum
585 4536 678 4605 qui
716 4537 826 4591 alio
853 4552 1008 4591 more
1050 4535 1229 4591 factus
1259 4544 1343 4591 est
1366 4536 1681 4605 episcopus.
1720 4542 1761 4596 n
1812 4578 1817 4583 .
1856 4530 1985 4586 Haec
2029 4538 2209 4585 autem
2259 4530 2605 4584 consuetudo
2646 4530 2905 4599 supponit
2947 4531 3213 4599 populum
3241 4530 3372 4585 Ale-

117 4620 374 4693 Heraclas,
399 4628 708 4684 secundum
730 4626 1050 4694 Eusebium,
1077 4627 1367 4683 undecimo
1388 4628 1684 4682 Alexandri

118 4730 242 4773 anno
266 4728 497 4776 creatus
525 4728 611 4775 est
630 4720 926 4790 episcopus
968 4719 1401 4786 Alexandrinus,
1438 4720 1543 4775 hoc
1577 4729 1681 4787 est,

118 4809 170 4862 Δ.
196 4809 251 4865 0.
283 4811 415 4868 232.
454 4811 531 4867 At
562 4811 862 4884 Eutychius
897 4811 1268 4866 Alexandrum
1302 4812 1679 4881 patriarcham

119 4903 329 4961 vetuisse
358 4905 556 4970 tradit,
590 4920 660 4961 ne
687 4903 946 4974 deinceps
974 4905 1350 4974 patriarcham
1379 4904 1683 4974 presbyteri

119 5005 373 5065 crearent;
406 4997 629 5068 primus
683 4996 851 5068 igitur
897 4996 990 5067 qui
1043 4997 1153 5051 alio
1186 5010 1339 5051 more
1385 4994 1561 5051 factus
1601 5004 1684 5050 est

119 5084 437 5143 Alexandriae
469 5087 803 5157 episcopus,
839 5088 1142 5143 secundum
1176 5087 1505 5159 Eutychium
1530 5129 1546 5153 ,
1579 5086 1682 5141 fuit

118 5171 383 5232 Alexandri
415 5192 711 5233 successor
731 5177 1090 5240 Athanasius,
1119 5178 1213 5246 qui
1236 5176 1301 5231 A.
1323 5175 1384 5231 D.
1410 5176 1535 5244 526,
1560 5186 1682 5247 post

117 5271 378 5325 concilium
412 5268 699 5324 Nicaeaum
741 5279 959 5325 creatus
990 5277 1092 5325 est.
1130 5268 1278 5323 Inter
1330 5269 1495 5337 igitur
1527 5285 1683 5325 crea-

118 5359 292 5416 tionem
322 5362 577 5419 Heraclre
599 5402 614 5428 ,
642 5363 737 5433 qui
784 5362 1011 5417 ultimus
1044 5377 1074 5415 a
1120 5361 1453 5433 presbyteris
1501 5358 1678 5415 factus

119 5461 203 5515 est,
216 5464 434 5510 auctore
448 5453 808 5527 Hieronymo,
823 5465 877 5508 et
896 5454 1368 5509 consecrationem
1389 5452 1678 5508 Athanasii

120 5543 194 5609 qui
232 5546 437 5615 primus
470 5548 541 5602 ab
588 5545 864 5616 episcopis
908 5554 1266 5601 consecratus
1307 5554 1414 5612 est,
1449 5555 1677 5599 auctore

120 5630 378 5707 Eutychio,
415 5640 551 5695 anni
599 5638 771 5694 ferme
802 5646 1020 5694 centum
1054 5648 1202 5694 sunt.
1238 5640 1360 5693 lmo
1406 5638 1674 5708 majorem

119 5721 519 5799 discrepantiam
544 5729 636 5784 hic
668 5729 917 5800 agnoscit
945 5727 1237 5796 Seldenus,
1270 5729 1482 5800 primus
1514 5729 1676 5798 hujus

119 5823 395 5885 argumenti
442 5822 831 5878 architectus:
885 5820 996 5876 Nec
1048 5822 1188 5876 enim
1243 5821 1532 5877 lleraclam
1584 5837 1674 5875 nec

1786 4623 2051 4690 xandriae,
2082 4632 2143 4677 ut
2173 4622 2228 4676 in
2257 4621 2380 4676 aliis
2409 4620 2685 4687 ecclesiis,
2719 4636 2850 4676 suas
2882 4621 2935 4675 in
2966 4620 3221 4691 eligendo
3255 4623 3375 4692 cpi-

1784 4730 1954 4787 scopo
1986 4715 2294 4785 antiquitus
2323 4726 2505 4785 partes
2547 4714 2827 4770 habuisse.
2855 4713 3017 4770 Certe
3050 4713 3371 4783 Eusebiani,

1783 4808 1878 4878 qui
1925 4808 2260 4864 creationem
2312 4806 2372 4861 S.
2415 4805 2703 4863 Athanasii
2738 4807 3005 4877 abrogare
3056 4808 3370 4872 voluerunt,

1781 4900 2055 4956 defectum
2106 4898 2393 4970 popularis
2443 4899 2729 4954 electionis
2774 4898 3143 4969 objiciebant,
3174 4900 3373 4970 etepi-

1784 4992 1938 5061 scopi
1976 4990 2234 5062 Egypti,
2280 4990 2335 5045 in
2381 4990 2594 5062 synodo
2638 4990 2992 5061 congregati,
3021 4990 3253 5060 epistola
3300 4990 3368 5043 ad

1783 5099 1977 5141 omnes
2027 5083 2285 5141 Ecclesiae
2328 5083 2613 5138 catholica:
2664 5082 2951 5152 episcopos
2985 5082 3188 5149 scripta
3235 5095 3369 5134 con—

1782 5178 2013 5232 trarium
2062 5191 2261 5247 magna
2310 5176 2481 5231 animi
2528 5175 2880 5230 contentione
2919 5180 3273 5228 asseruerunt
3312 5180 3368 5225 et

1781 5269 1961 5325 testati
2003 5278 2165 5335 sunt,
2195 5270 2277 5322 ὃτι
2308 5269 2365 5323 δὲ
2397 5271 2507 5323 πᾶν
2554 5268 2615 5321 τὸ
2660 5266 2865 5337 πλῆθος
2904 5265 3001 5318 καὶ
3043 5266 3151 5327 πᾶς
3181 5265 3211 5316 ὁ
3238 5262 3367 5329 λαὸς

1778 5363 1879 5433 τῆς
1920 5361 2214 5431 καθολικῆς
2260 5358 2612 5430 Ἐκκλησίας,
2661 5357 2852 5427 ὥσπερ
2899 5357 2962 5407 ἐκ
3009 5355 3138 5423 μιᾶς
3185 5352 3366 5425 ψυχῆς

1779 5453 1873 5506 καὶ
1918 5451 2169 5523 σώματος
2216 5448 2630 5519 συνεληλυθότες
2675 5444 2934 5505 ἀνεϐόων,
2983 5440 3245 5514 ἔκραζον,
3278 5444 3365 5495 αἰ-

1776 5543 1995 5606 τοῦντες
2039 5543 2354 5597 Ἀθανάσιον
2404 5540 2703 5592 ἐπίσκοπον
2750 5533 3154 5606 τῇἘκκλησίᾳ.
3208 5532 3363 5597 Quod

1779 5637 1947 5689 omnis
1992 5635 2316 5697 multitudo,
2363 5631 2633 5699 omnisque
2677 5628 2902 5697 populus
2950 5625 3223 5679 catholica:
3256 5623 3362 5677 Ec-

1777 5729 1971 5789 clesite,
2000 5736 2250 5797 tanquam
2276 5739 2342 5778 ea:
2383 5738 2491 5775 una
2520 5722 2700 5775 anima
2728 5731 2777 5774 et
2808 5736 3024 5790 corpore
3060 5716 3363 5789 congregati

1780 5818 2099 5874 clamoribus
2133 5814 2701 5884 vociferationibusque
2747 5813 3085 5883 postularunt
3114 5810 3361 5865 Athana-
