3770 6292
400 349 505 402 2η

1405 346 1462 400 S.
1503 343 1851 401 lGNATlUS.
1889 371 1959 383 —-
1996 345 2529 402 PROLEGOMLNA.
3565 349 3649 404 Ξίὸ

401 470 543 523 sium
586 467 837 522 Ecclesia:
883 469 1180 537 episcopum
1227 467 1384 532 dari;
1412 467 1560 536 quod
1594 482 1768 536 neque
1803 466 1859 518 hi
1889 481 1986 519 ne-
2013 478 2060 534 Α
2095 466 2433 532 Ileracleani,
2467 480 2540 520 tot
2567 485 2782 522 numero
2818 470 3052 527 instituti
3069 479 3213 534 sunt,
3263 471 3380 523 sine
3413 470 3649 537 episcopis

402 578 512 632 que
550 562 627 616 illi
681 560 972 623 fecissent,
1007 559 1053 612 si
1103 558 1286 627 pepuli
1341 556 1600 626 suffragia
1650 557 1703 609 in
1734 557 1984 625 eligendo

402 653 660 723 episcopo
693 651 999 720 antiquitus
1040 651 1221 703 locum
1248 650 1459 702 nullum
1501 648 1843 702 habuissent.
1870 646 1984 701 lmo

403 743 699 814 Gregorius
746 742 1124 796 Nazianzenus
1173 749 1313 794 orat.
1363 740 1427 794 21
1478 741 1618 794 hanc
1663 739 1982 794 electionem

403 852 514 890 non
560 835 866 905 prioribus,
899 834 992 887 sed
1025 833 1426 902 posterioribus
1468 833 1727 901 opponit,
1753 848 1986 900 eamque

403 925 755 995 apostolicam
806 925 1059 993 appellat.
1099 922 1254 975 Οὕτω
1297 923 1395 992 μὲν
1427 918 1520 975 οὖν
1553 923 1648 976 καὶ
1679 923 1767 976 διὰ
1788 922 1982 984 ταῦτα,

400 1016 564 1086 ψήφῳ
609 1016 702 1068 τοῦ
747 1016 875 1067 λαοῦ
911 1015 1111 1077 παντὸς
1134 1053 1149 1077 ,
1185 1016 1246 1066 οὐ
1273 1013 1415 1066 κατὰ
1453 1013 1545 1066 τὸν
1579 1013 1804 1085 ὕστερον
1830 1017 1984 1086 νική-

401 1125 569 1160 σαντα
604 1107 904 1178 πονηρὸν,
931 1106 1054 1159 οὐδὲ
1098 1105 1334 1174 φονικῶς
1379 1123 1439 1158 τε
1490 1106 1585 1159 καὶ
1625 1108 1980 1178 τυραννικῶς,

397 1201 513 1254 ἀλλ’
535 1199 906 1263 ἀποπολικῶς
944 1217 1004 1251 τε
1045 1198 1138 1250 καὶ
1171 1196 1556 1268 πνευματικῶς
1583 1199 1676 1250 ἐπὶ
1708 1200 1801 1250 τὸν
1828 1200 1984 1270 Μάρ-

399 1309 500 1344 κου
530 1291 718 1363 θρόνον
765 1290 1046 1357 ἀνάγεται.
1086 1287 1176 1342 Sic
1207 1289 1394 1358 igitur,
1440 1303 1596 1358 atque
1625 1289 1686 1341 ob
1724 1306 1812 1343 eas
1854 1308 1983 1343 cau-

398 1400 519 1449 sas,
556 1384 717 1435 totius
750 1381 929 1452 populi
978 1381 1284 1449 su/fragiis,
1318 1396 1419 1432 non
1469 1391 1644 1432 autent
1693 1384 1981 1434 secundum

397 1490 620 1542 pravum
656 1471 954 1540 emmplum
979 1471 1116 1540 quod
1169 1480 1352 1538 postea
1400 1469 1648 1533 inolevit,
1687 1486 1848 1539 neque
1892 1487 1983 1538 per

398 1566 503 1618 vim
537 1581 599 1617 ac
639 1565 833 1616 credent
855 1604 870 1630 ,
899 1563 990 1616 sed
1019 1561 1312 1631 apostolico
1343 1571 1391 1614 et
1429 1561 1699 1627 spirituali
1727 1562 1881 1614 modo
1912 1563 1980 1614 ad

402 1655 576 1730 Marci
608 1655 854 1707 thronum
881 1653 1137 1707 evehitur.
1177 1652 1315 1707 Cum
1359 1652 1525 1723 igitur
1569 1661 1720 1706 totus
1751 1653 1981 1722 pepulus

397 1747 658 1802 electioni
705 1747 946 1816 episcopi
987 1761 1045 1800 se
1091 1746 1382 1807 insereret,
1433 1754 1486 1798 et
1532 1745 1726 1800 civitas
1759 1747 1982 1815 amplis-

398 1840 540 1894 sima
587 1849 772 1903 esset,
829 1849 884 1893 et
929 1839 1173 1892 maxime
1233 1835 1679 1892 Christianorum
1750 1854 1980 1893 numero
2012 1832 2054 1886 Β

394 1930 723 1996 abundaret,
768 1940 821 1984 et
853 1939 1113 2000 praeterea
1145 1929 1444 1999 presbyteri
1487 1944 1618 1984 suos
1654 1929 1726 1983 ibi
1783 1931 1979 1985 distin—

392 2033 516 2077 ctos
569 2033 748 2077 costus
794 2023 908 2077 sive
967 2021 1243 2076 Ecclesias
1297 2022 1560 2077 haberent
1614 2023 1979 2093 (observante

394 2112 720 2181 Epiphanio,
754 2113 884 2166 liter.
919 2111 1028 2166 69:
1069 2111 1226 2165 Ὅσαι
1261 2111 1369 2182 γὰρ
1400 2112 1686 2183 ἐκκλησίαι
1706 2115 1805 2185 τῆς
1842 2115 1979 2168 καθ-

387 2203 581 2273 ολικῆς
626 2203 950 2275 Ἐκκλησίας
1005 2204 1063 2256 ὲν
1123 2201 1500 2275 ’Λλεξανδρείᾳ
1545 2205 1650 2256 ὑπὸ
1689 2207 1786 2259 ἕνα
1825 2208 1981 2278 ἀρχι-

394 2295 695 2347 επίσκοπον
718 2291 896 2359 οὖσαι,
930 2295 1024 2346 καὶ
1051 2297 1170 2347 κατ’
1207 2295 1342 2347 ἰδίαν
1366 2295 1589 2358 ταύταις
1618 2298 1871 2367 ὲπιτεταγ
1884 2298 1980 2370 μέ-

391 2403 475 2439 νοι
504 2385 642 2438 εἰσίν
673 2386 1054 2458 πρεσϐύτεροι,
1076 2386 1162 2440 διὰ
1191 2387 1290 2450 τὰς
1313 2389 1770 2459 ὲκκλησιαστικὰς
1793 2390 1980 2462 χρείας

391 2474 502 2528 τῶν
534 2477 856 2548 οἰκητόρων.
892 2477 1104 2531 Etenim
1139 2488 1391 2548 quotquot
1430 2479 1772 2534 Alexandria:
1801 2482 1980 2534 catho-

392 2570 515 2624 lica:
559 2570 942 2622 communionis
985 2570 1238 2624 Ecclesiw
1286 2581 1437 2636 sunt,
1467 2574 1556 2624 uni
1590 2573 1978 2642 archiepiscopo

393 2661 670 2730 subjectw,
705 2679 830 2716 suus
861 2663 1046 2732 cuique
1075 2663 1388 2731 prtcpositus
1417 2673 1494 2715 est
1527 2663 1816 2733 presbyter,
1854 2682 1980 2734 pro-

393 2764 511 2822 pter
539 2755 926 2808 ecclcsiasticas
963 2755 1319 2808 habitantium
1349 2757 1684 2810 necessitates
1703 2773 1722 2821 ;
1756 2766 1980 2814 notante

389 2848 558 2901 etiam
615 2847 959 2912 Sozomeno,
1009 2847 1105 2901 lib-
1157 2863 1208 2910 ι,
1255 2862 1374 2915 cap.
1434 2848 1501 2901 15
1545 2865 1558 2900 '.
1595 2845 1743 2901 Εἶναι
1777 2849 1887 2921 γὰρ
1920 2851 1979 2904 ὲν

404 2937 781 3010 ’Λλεξανδρείᾳ
811 2938 950 3001 ἔθος,
985 2937 1234 3008 καθάπερ
1263 2939 1356 2991 καὶ
1395 2937 1522 3002 νῦν,
1555 2939 1671 3002 ἐνὸς
1703 2939 1855 3003 ὄντος
1882 2940 1978 2994 τοῦ

391 3031 536 3085 κατὰ
561 3031 776 3084 πάντων
803 3030 1133 3093 ἐπισκόπου,
1163 3029 1568 3101 πρεσϐυτέρους
1604 3031 1709 3103 ἰδίᾳ
1747 3031 1848 3095 τὰς
1887 3033 1979 3085 ἐκ·

392 3123 623 3193 κλησίας
656 3123 926 3193 κατέχειν,
967 3123 1062 3176 καὶ
1107 3123 1197 3176 τὸν
1225 3125 1282 3176 ἐν
1312 3123 1501 3186 αὐταῖς
1539 3123 1666 3176 λαὸν
1705 3125 1973 3193 συνάγειν.

395 3213 554 3268 Hunc
582 3217 721 3268 enim
765 3230 966 3268 morem
1011 3231 1122 3268 esse
1170 3213 1534 3278 Alexandriw,
1562 3216 1652 3284 qui
1683 3217 1976 3270 etiamnum

391 3315 590 3371 manet,
623 3314 701 3371 ut,
731 3322 850 3358 cum
889 3321 1024 3358 unus
1057 3306 1326 3374 episcopus
1357 3307 1597 3359 omnibus
1621 3308 1826 3374 pricsit,
1858 3324 1978 3378 pre-

387 3398 590 3467 sbyteri
617 3399 905 3466 separatim
938 3396 1186 3450 ecclesias
1218 3397 1510 3463 obtineant,
1542 3409 1593 3451 et
1619 3399 1873 3468 populum
1905 3401 1974 3454 ad

387 3489 518 3544 illas
553 3489 825 3543 convenire
852 3488 1073 3542 solitum
1102 3487 1406 3558 colligant);
1444 3488 1674 3559 ideoque
1704 3491 1846 3559 apud
1875 3506 1975 3560 po-

390 3581 580 3650 pulum
630 3590 792 3634 suum
825 3595 1078 3649 magnam
1114 3579 1350 3648 quisque
1399 3581 1778 3635 auctoritatem
1830 3582 1976 3636 obti-

389 3682 565 3736 neret,
597 3672 890 3726 electiones
938 3671 1122 3725 subito
1152 3671 1322 3725 factas
1367 3687 1491 3726 esse
1537 3673 1837 3741 putandum
1867 3682 1972 3737 est,

389 3777 460 3816 ne
531 3779 687 3816 mora
753 3763 1079 3816 tumultibus
1130 3762 1574 3832 factionibusque
1626 3765 1971 3818 occasionem

390 3855 680 3922 praeberet.
729 3852 965 3921 Indeque
1020 3863 1208 3906 uatum
1265 3868 1472 3906 morem
1527 3853 1680 3906 illum
1732 3855 1971 3908 Alexan—

391 3945 568 3998 drinis
593 3952 741 3998 certe
771 3944 1100 4013 peculiarem
1133 3959 1228 4012 par
1254 3953 1337 3997 est
1369 3944 1614 4007 credere,
1649 3960 1810 4013 quem
1854 3960 1971 3997 me-

390 4043 572 4088 morat
614 4032 902 4088 Liberatus
933 4035 986 4087 in
1034 4033 1314 4088 Breviario
1347 4052 1360 4087 :
1401 4034 1735 4088 Consuetudo
1762 4036 1970 4104 quidem

388 4136 472 4180 est
514 4125 877 4188 Alexandriw,
923 4124 1077 4178 illum
1119 4125 1207 4196 qui
1249 4125 1498 4195 defuncto
1527 4127 1778 4192 succedit,
1812 4143 1972 4180 excu-

389 4218 510 4269 bias
539 4232 696 4285 super
733 4217 969 4285 defuncti
997 4232 1187 4284 corpus
1217 4233 1392 4286 agere,
1428 4232 1745 4286 manumque
1788 4217 1970 4271 dexte-

392 4325 512 4362 ram
551 4308 666 4378 ejus
703 4309 866 4378 capiti
915 4325 1011 4362 suo
1059 4310 1344 4375 imponere,
1385 4319 1436 4362 et
1487 4309 1691 4378 sepulto
1727 4310 1967 4364 manibus

390 4400 502 4453 suis
536 4399 772 4469 accipere
815 4399 952 4452 collo
999 4416 1095 4453 suo
1137 4399 1201 4455 Β.
1247 4400 1421 4454 Marci
1451 4401 1710 4469 pallium,
1756 4410 1806 4454 et
1846 4411 1968 4455 tunc

2088 559 2287 628 factam
2310 576 2442 620 esse,
2475 561 2790 628 conjectura
2830 562 2990 629 plane
3012 571 3096 614 est
3114 562 3265 614 omni
3289 561 3651 615 verisimilitu-

2087 652 2215 707 dine
2240 651 2523 707 destituta.
2551 651 2710 719 Nam,
2741 654 2957 708 etiamsi
2992 651 3401 709 ordinationem
3435 653 3651 722 patriar-

2086 747 2320 811 ehalem,
2341 762 2464 800 cum
2499 747 2553 800 in
2573 746 2806 817 Egypto
2829 749 3013 816 plures
3037 747 3282 817 episcopi
3310 755 3524 811 essent,
3555 747 3653 800 sine

2085 841 2356 911 episc0pis
2389 841 2586 895 factam
2601 857 2722 896 esse
2749 842 2932 895 credet
2961 856 3142 906 nemo,
3171 840 3296 909 quis
3325 850 3515 893 tamen
3537 853 3652 908 prte-

2086 933 2270 997 stabit,
2300 932 2632 1003 Hieronymo
2657 941 2846 986 notum
2872 931 3065 996 fuisse,
3089 942 3214 986 ante
3240 932 3508 985 Demetrii
3535 940 3651 984 tetas

2085 1042 2218 1096 pora
2251 1026 2460 1080 nullum
2494 1026 2546 1079 in
2580 1025 2815 1097 Egypto
2843 1037 3044 1095 praeter
3075 1026 3297 1080 unicum
3342 1025 3650 1078 Alexandri-

2085 1135 2217 1174 num
2248 1119 2524 1174 exstitisse
2553 1121 2867 1188 episcopum
2891 1119 2915 1170 ?
2937 1117 3239 1188 Eutychius
3270 1118 3530 1170 omnium
3556 1116 3647 1185 pri-

2084 1231 2209 1270 tnus
2235 1216 2340 1269 hoc
2379 1213 2687 1283 prodidisse
2724 1211 3183 1281 deprehenditur,
3217 1227 3248 1264 a
3302 1225 3418 1278 quo
3472 1207 3626 1264 Hiero

2084 1323 2284 1377 nymus
2312 1309 2453 1362 idem
2486 1306 2698 1360 discere
2753 1319 2862 1358 non
2918 1303 3114 1374 potuit.
3163 1302 3277 1358 lmo
3319 1304 3450 1372 quis
3487 1302 3645 1356 credet

2085 1399 2501 1471 Hieronymum,
2523 1399 2568 1452 si
2591 1399 2690 1452 hoc
2717 1396 3079 1463 novissel,vel
3109 1398 3153 1450 si
3175 1395 3337 1449 fando
3371 1392 3652 1463 aliquando

2084 1495 2418 1561 audivisset,
2480 1494 2530 1548 id
2564 1494 2632 1547 ab
2660 1492 2894 1562 Evagrio
2937 1492 3118 1546 celare
3154 1492 3400 1546 voluisse
3451 1493 3507 1544 in
3563 1492 3650 1542 hnc

2084 1597 2428 1659 argumento,
2453 1586 2598 1656 quod
2633 1585 2805 1654 magis
2827 1583 2894 1637 ad
2924 1585 3298 1640 exornandam
3331 1583 3648 1653 presbyterii

2082 1682 2402 1752 dignitatern
2450 1682 2627 1735 multo
2680 1680 2936 1736 fecisset?
2979 1677 3166 1748 Neque
3196 1678 3364 1748 igitur
3395 1675 3651 1745 Hierony-

2083 1790 2208 1828 mus
2238 1775 2305 1828 de
2333 1773 2409 1828 rei
2433 1773 2557 1842 jure
2592 1774 2892 1842 quidquam
2922 1773 3166 1842 scripsit,
3198 1786 3377 1840 neque
3419 1771 3490 1823 de
3522 1770 3650 1823 factu

2085 1880 2298 1940 tempus
2326 1879 2438 1924 tam
2467 1859 2782 1940 scrupuluse
2837 1867 3112 1930 limitavit,
3162 1866 3256 1921 sed
3275 1863 3650 1918 tantummodo

2081 1973 2322 2020 veterem
2357 1963 2650 2032 quamdam
2673 1963 3045 2028 traditionem,
3071 1975 3236 2030 quam
3270 1974 3300 2011 a
3329 1957 3525 2011 nescio
3557 1973 3650 2026 quo

2081 2066 2388 2128 acceperat,
2424 2057 2558 2110 satis
2584 2057 2818 2111 obscure
2840 2055 3148 2123 descripsit,
3175 2062 3230 2107 et
3257 2053 3323 2107 ad
3362 2052 3649 2106 retunden-

2081 2151 2206 2205 dam
2257 2151 2614 2204 diaconorum
2663 2150 3027 2218 quorumdam
3083 2147 3343 2202 Romana:
3400 2144 3649 2199 Ecclesia:

2082 2241 2429 2296 insolentiam
2463 2243 2769 2311 usurpavit.

2150 2331 2336 2403 Neque
2360 2333 2533 2404 magis
2563 2332 2919 2403 Eutyehiana:
2949 2333 3250 2386 narrationi
3305 2332 3544 2385 alterum
3572 2329 3646 2385 di-

2081 2425 2393 2479 stinctionis
2424 2425 2735 2478 membrum
2790 2424 3124 2494 respondet;
3159 2424 3464 2496 Eutychius
3512 2426 3647 2479 enim

2082 2534 2192 2572 non
2217 2518 2284 2572 de
2309 2517 2434 2587 jure
2460 2517 2722 2587 disputat,
2752 2519 2845 2572 sed
2877 2518 2941 2571 de
2959 2513 3122 2582 facto,
3159 2520 3225 2571 de
3253 2534 3405 2571 more
3429 2519 3648 2582 scilicet,

2081 2620 2245 2680 atque
2281 2612 2572 2665 duralione
2605 2621 2658 2666 et
2699 2611 3071 2681 exspiratione
3095 2611 3214 2680 ejus
3235 2653 3250 2675 ,
3301 2629 3468 2682 quam
3502 2617 3648 2664 attri-

2081 2704 2200 2758 buit
2231 2704 2409 2759 edicto
2437 2704 2734 2758 Alexandri
2772 2705 3117 2774 patriarchae.
3147 2703 3327 2773 Neque
3372 2705 3552 2769 desiit,
3578 2705 3651 2756 in-

2079 2799 2217 2867 quit,
2242 2814 2352 2852 mos
2381 2797 2469 2850 ille
2494 2797 2916 2866 presbyterorum
2936 2796 3278 2850 Alexandria:
3304 2796 3649 2849 constituendi

2079 2888 2440 2957 patriarcham
2492 2902 2555 2940 ea:
2586 2888 2652 2940 iis
2681 2887 2957 2940 duodecim
3012 2888 3324 2956 presbyteris
3372 2902 3536 2956 usque
3589 2887 3648 2937 ad

2082 2991 2284 3049 tempus
2312 2979 2626 3034 Alexandri.
2651 2977 2788 3032 Male
2813 2989 2992 3032 autem
3017 2981 3173 3034 docet
3205 2979 3472 3032 Seldenus
3506 2975 3651 3047 Euty-

2081 3077 2266 3130 cliium
2290 3074 2569 3128 decretum
2605 3073 2915 3128 Alexandro
2936 3073 3192 3136 tribuere,
3215 3075 3362 3143 quod
3392 3089 3422 3127 a
3440 3071 3649 3126 Nicaam

2003 3173 2046 3230 C
2080 3170 2317 3226 concilio
2374 3167 2581 3223 factum
2636 3177 2742 3233 est,
2802 3183 3014 3223 canone
3064 3177 3294 3236 quarto;
3354 3167 3648 3238 Eutycbius

2076 3265 2226 3319 enim
2255 3263 2420 3318 tradit
2458 3263 2852 3328 Alexandrum,
2915 3278 3025 3317 non
3085 3273 3293 3315 tantum
3350 3262 3647 3316 instituisse

2078 3359 2410 3414 creationem
2469 3357 2794 3426 patriarcha:
2843 3372 2938 3425 per
2989 3356 3300 3424 episc0pos,
3361 3354 3458 3411 sed
3491 3356 3645 3409 etiam

2075 3451 2395 3506 electionem
2425 3465 2490 3504 ex
2515 3450 2639 3503 aliis
2675 3465 2841 3520 quam
2873 3448 3258 3502 Alexandrinis
3296 3449 3645 3518 presbyteris,

2075 3546 2142 3599 de
2163 3560 2270 3614 qua
2317 3559 2376 3598 re
2403 3544 2538 3597 nihil
2587 3543 2752 3598 habet
2778 3559 2955 3598 canon
3007 3543 3097 3596 ille
3143 3539 3436 3595 Nicrcuus:
3481 3554 3648 3609 neque

2077 3647 2222 3692 recte
2248 3637 2494 3707 conjicit,
2522 3652 2788 3691 canonem
2847 3636 3002 3689 illum
3059 3651 3126 3688 ex
3154 3645 3280 3689 voto
3331 3633 3643 3694 Alexandri,

2075 3740 2171 3785 aut
2193 3745 2345 3784 more
2375 3730 2466 3782 illo
2486 3729 2855 3784 Alexandrino
2889 3738 3070 3782 ortum
3097 3726 3388 3792 habuisse;
3432 3725 3646 3778 minime

2074 3825 2219 3877 enim
2261 3823 2619 3878 dubitandum
2642 3831 2727 3877 est
2756 3823 2888 3890 quin
2913 3821 3123 3890 primus
3159 3836 3361 3885 canon,
3391 3821 3486 3889 qui
3515 3819 3643 3873 dici-

2074 3928 2164 3972 tur
2200 3918 2558 3986 apostolicus.
2589 3917 2681 3970 diu
2708 3927 2833 3971 ante
2875 3916 3029 3994 illum
3065 3930 3331 3969 canonem
3368 3913 3642 3968 Nicaenutn

2072 4014 2326 4070 conditus
2350 4015 2448 4068 sit:
2497 4013 2824 4074 Ἐπίσκοπος
2858 4009 3270 4082 χειροτονείσθω
3298 4010 3406 4062 ὑπὸ
3427 4008 3641 4062 ἐπισκό-

2073 4124 2191 4160 πων
2209 4107 2303 4160 δύο
2335 4107 2367 4175 ἢ
2404 4105 2589 4176 τριῶν.
2619 4104 2789 4159 Nemo
2807 4105 2976 4170 enim,
3005 4115 3293 4173 postquam
3323 4101 3530 4157 Nicaeni
3549 4100 3642 4155 Pa-

2071 4215 2184 4259 tres
2211 4213 2320 4258 tres
2349 4205 2638 4272 episcopos
2686 4202 2752 4255 ad
2801 4201 3200 4255 ordinationem
3253 4199 3638 4268 postulassent,

2045 4300 2210 4354 duos
2239 4297 2490 4354 sullicere
2518 4298 2768 4352 dixisset.
2823 4295 2963 4361 Quid
2997 4296 3144 4364 quod
3186 4309 3313 4364 pars
3338 4294 3546 4350 decreti
3577 4294 3640 4347 ab

2069 4390 2379 4445 Alexandro
2426 4389 2596 4453 facti,
2649 4404 2750 4442 nec
2803 4389 2871 4442 ad
2900 4402 3166 4441 canonem
3217 4384 3503 4440 Nicasnum
3540 4387 3640 4440 ullo

389 4489 622 4560 legitime
667 4492 860 4545 sedere.
915 4491 1041 4545 Erat
1088 4491 1257 4562 igitur
1284 4490 1628 4546 Alexandria:
1675 4507 1871 4560 magna
1909 4492 1962 4545 in
1998 4511 2042 4565 ι)
2072 4483 2234 4538 modo
2254 4481 2554 4552 pertinens,
2582 4481 2822 4535 maxime
2851 4480 3086 4534 notanda
3113 4479 3203 4544 sit,
3229 4478 3378 4548 quod
3400 4479 3639 4533 videatur

389 4581 642 4650 eligendo
669 4582 952 4650 episeopo,
979 4582 1133 4651 pacis
1165 4581 1362 4652 gratia,
1407 4579 1707 4647 festinatio,
1738 4590 1792 4635 et
1819 4582 1968 4636 insu-

391 4671 488 4727 lita
518 4687 632 4740 prae
660 4672 869 4726 honore
902 4671 963 4727 S.
1018 4672 1206 4740 Marci,
1249 4673 1304 4727 in
1350 4674 1589 4728 creando
1618 4674 1963 4728 caeremonia.

393 4764 501 4818 Sed
531 4761 896 4835 Hieronymus
942 4781 1119 4835 neque
1161 4765 1382 4820 modum
1421 4765 1477 4820 in
1504 4766 1790 4832 electione,
1819 4765 1967 4836 quod

391 4852 460 4906 ad
491 4851 750 4922 sullragia
782 4853 996 4920 attinet,
1031 4869 1208 4923 neque
1231 4857 1586 4911 eaaremonias
1608 4856 1663 4910 in
1690 4847 1998 4911 creatione'

392 4943 686 5010 adhibitos,
727 4960 902 5014 neque
935 4946 1027 5014 jus
1061 4946 1229 5000 ullum
1259 4963 1371 5016 prie
1394 4948 1606 5002 caeteris
1633 4948 1968 5018 presbyterio

391 5039 582 5093 datum
622 5045 718 5090 aut
756 5052 1081 5092 concessum
1129 5047 1542 5105 commemorat,
1579 5040 1685 5093 nisi
1717 5040 1864 5108 quod
1900 5055 1964 5093 ex

391 5133 528 5202 ipsis
557 5131 624 5186 de
657 5130 802 5186 facto
823 5146 1002 5200 usque
1031 5131 1098 5185 ad
1138 5129 1423 5186 Heraclam
1470 5131 1760 5201 episcopus
1797 5131 1966 5200 elige-

393 5233 567 5287 retur,
597 5231 652 5277 et
678 5222 748 5276 ab
780 5221 914 5292 ipsis
942 5223 1402 5292 promulgaretur.

423 5329 428 5333 '
465 5312 602 5368 Nam
644 5314 791 5384 quod
821 5311 1088 5367 Seldenus
1115 5313 1550 5368 comminiscitur
1577 5313 1965 5385 Hieronymum

393 5421 635 5458 securum
667 5406 730 5459 de
758 5416 984 5474 tempore
1009 5405 1293 5458 Heraclam
1318 5415 1682 5471 antevertente,
1708 5408 1966 5476 quoniam

394 5495 654 5564 cognovit
689 5497 898 5550 nullum
937 5496 992 5550 in
1029 5495 1268 5567 Egypto
1306 5506 1434 5551 ante
1479 5507 1721 5567 tempora
1776 5498 1966 5553 Deme-

395 5587 486 5638 trii
517 5586 832 5654 episcopum
885 5588 1077 5653 fuisse,
1129 5587 1197 5639 ad
1226 5585 1474 5640 citeriora
1523 5589 1830 5642 descendere
1873 5605 1967 5642 no-

394 5679 558 5732 luisse
580 5688 846 5748 tempora:
875 5682 1001 5750 quia
1040 5682 1126 5734 via:
1149 5681 1332 5749 forsan
1352 5682 1494 5735 credi
1527 5683 1782 5750 potuisset
1815 5683 1964 5734 ordi-

396 5769 663 5824 nationem
690 5771 1096 5826 uatriarchalem
1119 5811 1133 5839 ,
1166 5781 1442 5842 postquam
1486 5773 1732 5841 episcopi,
1773 5775 1960 5829 saltem

2071 4575 2398 4645 restringere
2447 4589 2657 4630 morem
2697 4574 2985 4644 antiquum
3021 4572 3089 4627 de
3123 4572 3374 4643 eligendo
3412 4573 3637 4641 patriar-

2070 4668 2171 4721 cha
2197 4683 2305 4722 non
2326 4667 2394 4721 ad
2417 4667 2737 4721 electionem
2767 4681 2798 4719 a
2821 4665 3175 4735 presbyteris,
3199 4664 3295 4719 sed
3316 4681 3382 4719 ex
3417 4665 3637 4733 presby-

2069 4759 2201 4814 teris
2226 4759 2450 4823 factam,
2475 4758 2544 4813 de
2573 4774 2680 4829 qua
2713 4759 2780 4812 ad
2815 4757 2980 4812 verba
3011 4755 3330 4828 Hieronymi
3380 4756 3635 4811 diximus.

2066 4851 2368 4922 Antiquum
2388 4852 2534 4905 enim
2563 4866 2770 4906 morem
2797 4852 3030 4908 desiisse
3047 4850 3230 4917 tradit,
3255 4865 3320 4905 eo
3342 4851 3495 4920 quod
3524 4850 3639 4903 Ale-

2069 4947 2277 5002 xander
2303 4945 2529 5000 decrevit
2559 4954 2636 5011 ut,
2685 4936 2900 4999 vacante
2948 4945 3340 5014 patriarchatu,
3395 4946 3636 5016 eligerent

2066 5055 2130 5092 ea:
2151 5055 2458 5108 quacunque
2483 5039 2693 5093 tandem
2732 5039 2962 5108 regione,
2979 5041 3087 5092 sive
3127 5055 3192 5092 ea:
3227 5040 3508 5093 duodecim
3537 5040 3634 5093 illis

2065 5129 2524 5197 presbyteris,sive
2537 5127 2661 5181 aliis
2691 5129 2862 5180 virum
2884 5128 3113 5198 aliquem
3135 5130 3412 5195 eximium,
3438 5147 3638 5200 perspe-

2067 5234 2166 5276 cta:
2187 5221 2491 5290 probitatis,
2514 5237 2734 5292 eumque
2757 5223 3120 5291 patriarcham
3149 5233 3416 5277 crearent.
3439 5224 3636 5279 Electio

2068 5315 2234 5386 igitur
2257 5313 2360 5367 viri
2383 5312 2691 5384 cuiuspiam
2731 5314 2958 5381 eximii,
3011 5325 3312 5384 perspecta;
3351 5319 3636 5386 probitatis

2066 5405 2351 5473 antiquum
2385 5419 2593 5459 morem
2624 5406 2937 5471 evacuavit;
2985 5421 3095 5475 quo
3135 5419 3418 5476 spectasse
3448 5411 3634 5465 viden-

2066 5506 2155 5550 tur
2181 5496 2269 5550 illa
2314 5498 2829 5565 pseudo-Ambrosii
2879 5499 2934 5553 in
2965 5516 3086 5570 cap.
3137 5501 3171 5555 4
3210 5501 3277 5555 ad
3335 5501 3630 5572 Ephesios:

2066 5588 2303 5658 Denique
2354 5589 2495 5659 apud
2539 5587 2831 5661 Egyptum
2878 5591 3166 5662 presbyteri
3217 5596 3633 5665 consignant,si

2064 5688 2294 5750 pries'ens
2342 5697 2447 5735 non
2491 5684 2561 5737 sit
2607 5686 2900 5752 episcopus.
2946 5683 3050 5739 Sed
3100 5687 3226 5756 quia
3253 5698 3522 5756 eruperunt
3551 5705 3639 5742 ω·-

2065 5782 2278 5843 quentes
2303 5775 2590 5844 presbyteri
2611 5777 2813 5844 indigni
2842 5779 3064 5834 inveniri
3084 5779 3153 5833 ad
3172 5781 3436 5836 primatus
3458 5792 3635 5836 tener
