3770 6308
129 382 214 434 9‘29

782 364 832 419 J.
873 356 1235 416 PEARSONII
1272 350 1596 410 VINDICIAZ
1632 341 2053 402 IGNATIANIE.
2086 372 2155 384 —-
2192 340 2374 397 PARS
2414 338 2453 392 l.

3235 317 3340 369 25L

129 506 222 563 dos,
246 501 503 552 immutata
526 502 600 546 est
634 488 793 551 ratio,
825 484 1174 555 prospiciente
1199 479 1444 542 concilio,
1477 486 1653 530 utnon
1688 476 1733 529 Α
1829 467 1971 533 Quid
2040 436 2247 535 praeteri
2270 461 2593 517 electionem
2644 450 2944 527 presbyteri
3002 448 3345 504 Alexandria:

129 594 253 654 ordo,
274 589 353 644 sed
378 585 614 641 meritum
632 587 833 635 crearet
856 577 1156 646 episcopum
1173 571 1464 625 multorum
1487 582 1663 620 sacer-

130 680 479 750 dotumjudicio
511 675 880 733 constitutum,
906 685 968 721 ne
994 668 1244 737 indignus
1291 673 1478 716 temere
1507 675 1665 713 usur-

132 784 270 842 paret,
297 785 341 826 et
360 780 487 825 esset
512 767 694 821 ntultis
724 762 1063 817 scandalum.

188 868 276 922 Sed
298 876 629 936 quaecunque
657 858 729 913 sit
766 856 910 909 inter
943 852 1333 921 Hieronymum
1396 856 1451 902 et
1498 846 1666 916 Euty-

132 962 286 1017 cbiutn
332 953 713 1024 discrepantia,
760 965 826 1004 ex
853 961 1067 1003 summa
1096 944 1171 998 rei
1201 943 1272 996 ita
1309 942 1553 1008 disputat
1584 938 1668 990 vir

133 1049 473 1105 doctissimus:
511 1043 756 1114 lgnatius
778 1050 933 1111 negat
960 1040 1072 1091 sine
1094 1037 1337 1104 episcopo
1375 1032 1666 1101 quidquam

136 1137 414 1208 faciendum.
456 1133 612 1202 Apud
636 1129 1020 1184 Alexandriam
1042 1124 1352 1195 presbyteri,
1403 1121 1514 1172 sine
1559 1118 1669 1183 epi-

135 1246 278 1298 scopo,
332 1244 425 1279 non
465 1234 672 1277 tantum
721 1221 1105 1291 presbyterum,
1152 1216 1240 1269 sed
1288 1215 1469 1273 etiam,
1528 1210 1665 1279 quod

136 1316 781 1386 maximum,patriarcltam
812 1314 1041 1381 faciunt.
1099 1308 1335 1361 Nescivit
1385 1320 1504 1373 ergo
1548 1302 1669 1353 Ale-

136 1413 329 1467 xandria
378 1410 703 1464 contrariunt
756 1422 912 1459 usum
987 1419 1096 1457 esse
1136 1417 1249 1453 vere
1295 1396 1666 1466 apostolicunt.

138 1505 370 1576 lgnatium
395 1518 516 1571 ergo
540 1500 873 1570 epistolicum
898 1508 1082 1551 notum
1115 1510 1216 1547 non
1249 1491 1455 1544 habuit.

195 1595 488 1665 Responderi
515 1592 712 1661 primo,
740 1586 1147 1643 Hammondum
1189 1592 1439 1637 nostrum
1472 1580 1667 1634 disser.

136 1687 179 1747 '5,
205 1701 308 1753 cap.
340 1683 422 1747 l0,
462 1682 590 1735 huic
622 1681 726 1750 ipsi
750 1686 1075 1749 argumento
1108 1690 1138 1727 a
1164 1672 1446 1727 Blondello
1477 1687 1541 1724 ex
1572 1668 1674 1723 Eu-

135 1777 271 1845 tychii
301 1775 598 1828 Annalibus
619 1773 907 1839 desumpta
939 1783 1049 1822 non
1080 1765 1272 1836 paucis
1299 1761 1668 1833 respondisse,

138 1871 190 1921 ad
218 1885 325 1937 qua:
358 1868 489 1920 nihil
552 1866 637 1920 ltic
687 1863 903 1932 reponit
938 1860 1190 1913 Dallaeus.
1246 1856 1420 1923 Quam
1472 1852 1675 1909 silentii

136 1956 635 2026 causambabuerit,
676 1954 895 2013 nescio;
944 1949 1281 2021 diligentiam
1337 1948 1526 2000 saltem
1558 1945 1677 2012 ejus

135 2051 316 2102 solitam
343 2049 425 2103 hic
448 2048 857 2102 desideramus.
883 2043 1207 2112 Respondeo
1231 2038 1497 2100 secundo,
1519 2052 1677 2090 usum

136 2141 255 2195 hunc
277 2140 698 2195 Alexandrinum
728 2180 743 2204 ,
767 2137 948 2206 qualis
976 2136 1153 2205 qualis
1213 2133 1333 2196 fuit,
1398 2146 1505 2184 non
1558 2145 1681 2183 esse

135 2232 399 2300 disciplinae
420 2232 718 2299 lgttatianae
752 2230 890 2283 adeo
923 2226 1287 2289 contrarium,
1315 2232 1368 2275 et
1391 2238 1457 2277 ex
1474 2222 1683 2275 diame-

138 2336 205 2378 tro
230 2325 550 2393 oppositum,
589 2333 647 2376 ιιι
696 2322 824 2375 ittde
856 2320 1129 2389 ignoratio
1168 2315 1361 2385 lgnatii
1409 2312 1680 2382 epistolici

138 2418 289 2487 colligi
318 2418 508 2486 possit.
548 2412 796 2468 Obtinuit
828 2410 973 2464 enim
1009 2410 1064 2462 in
1097 2408 1385 2460 vacatione
1429 2403 1597 2467 sedis,
1630 2409 1685 2454 et

140 2510 194 2564 ad
221 2509 526 2563 electionem
557 2515 652 2559 aut
683 2503 1078 2573 promotionem
1112 2510 1322 2553 tantum
1352 2518 1359 2548 ι
1389 2506 1563 2566 peclat
1591 2512 1605 2547 :
1632 2503 1686 2546 at

140 2602 195 2654 de
215 2600 477 2655 vacatione
532 2598 681 2653 sedis
706 2638 721 2661 ,
757 2596 823 2648 de
868 2594 1158 2655 electione,
1196 2600 1289 2643 aut
1340 2586 1685 2657 promotiotte

142 2696 347 2765 episcopi
382 2694 517 2748 nihil
545 2691 767 2760 scripsit
792 2687 1053 2756 lgnatins.
1082 2685 1400 2752 Alloquitur
1422 2679 1682 2750 pupulum

142 2788 498 2850 Christianum,
515 2796 755 2851 eumque
778 2780 842 2834 ad
876 2777 1241 2833 obedientiam
1265 2773 1540 2844 episcopis
1569 2771 1686 2825 suis

144 2882 227 2935 sibi
263 2880 559 2950 prmpositis
584 2874 950 2946 praestandam
995 2872 1245 2924 hortatur
1271 2908 1285 2932 ,
1336 2876 1390 2921 et
1434 2867 1571 2920 nihil
1632 2866 1685 2918 in

142 2971 497 3026 ecclesiasticis
534 2966 770 3036 negotiis
807 2964 926 3019 sine
984 2962 1091 3015 illis
1125 2959 1393 3030 agendum
1450 2968 1637 3011 monet
1668 2975 1684 3022 ;

144 3065 271 3133 quid,
298 3064 552 3132 episcopo
580 3061 864 3123 defuncto,
894 3054 1204 3109 faciendum
1224 3054 1315 3115 sit,
1349 3050 1688 3104 minimedo-

144 3163 228 3207 cet.
256 3154 559 3223 Alloquitur
582 3166 682 3205 eos
711 3150 777 3203 ad
807 3163 947 3217 quos
984 3144 1177 3200 scribit
1210 3145 1276 3198 de
1308 3142 1578 3211 episc0pis
1602 3140 1686 3192 vi-
1719 3176 1759 3232 ο

144 3248 384 3313 ventibus,
414 3262 521 3299 non
553 3244 621 3297 de
648 3241 901 3304 mortuis,
934 3239 1000 3292 de
1024 3238 1161 3303 suis,
1196 3250 1303 3288 non
1353 3234 1420 3287 de
1472 3232 1687 3287 alienis.

147 3338 367 3407 Seipsutn
419 3338 555 3391 satis
588 3333 824 3403 explicat
881 3329 1123 3399 Epistola
1159 3328 1226 3380 ad
1284 3324 1687 3396 Smyrnenses:

149 3430 317 3483 Nullus
358 3433 468 3483 sine
530 3430 775 3497 episcopo
832 3422 1036 3493 aliquid
1084 3429 1327 3489 operetur
1361 3434 1543 3471 eorum
1573 3433 1690 3486 qua

144 3525 418 3575 conveniunt
447 3522 517 3575 ad
542 3520 861 3578 Ecclesium,
901 3516 1047 3568 verbi
1080 3512 1274 3583 gratia,
1297 3510 1394 3563 illa
1420 3511 1579 3577 ﬁrma
1602 3509 1694 3561 de-

146 3629 265 3664 mum
311 3613 637 3667 eucharistia
694 3619 964 3675 reputetur
993 3644 1008 3669 ,
1047 3619 1164 3672 quae
1200 3600 1293 3653 sub
1324 3602 1439 3667 ipso
1488 3608 1583 3661 est,
1617 3597 1694 3652 vel

146 3723 277 3773 quam
300 3708 475 3775 utique
504 3705 618 3774 ipse
644 3701 975 3757 concesserit.
1036 3695 1158 3748 Non
1196 3694 1403 3746 licitum
1459 3701 1536 3744 est
1583 3691 1695 3743 sine

147 3799 356 3864 episcopo
374 3814 537 3867 neque
571 3796 864 3863 baptizare,
912 3804 1071 3857 neque
1096 3802 1297 3853 agapen
1340 3784 1552 3851 facere;
1592 3782 1695 3835 hoc

148 3897 235 3948 est.
264 3889 426 3943 cilicia
463 3888 648 3942 divina
673 3900 783 3937 non
814 3895 943 3938 sunt
993 3881 1044 3932 iit
1100 3877 1343 3931 Ecclesia
1390 3873 1694 3944 peragenda

151 3977 531 4048 sineepiscopo,
554 3986 651 4031 aut
678 3975 801 4044 ejus
825 3969 1206 4027 concessione.
1237 3966 1313 4020 Ita
1335 3965 1695 4035 Polycarpum

149 4070 433 4140 episcopum
462 4079 677 4133 monet,
711 4076 769 4121 ut
797 4066 934 4120 nihil
957 4064 1077 4118 sine
1122 4060 1390 4114 sententia
1433 4058 1553 4126 ejus
1583 4057 1695 4110 fiat.

154 4158 210 4215 Ut
233 4174 397 4216 autem
432 4163 549 4216 haec
577 4157 879 4213 admonitio
929 4155 1233 4223 Polycarpo
1268 4152 1394 4204 data
1450 4153 1700 4216 spectare

152 4270 242 4307 non
268 4257 434 4323 potuit
462 4254 531 4308 ad
560 4266 648 4313 ea,
688 4265 811 4318 qua:
860 4248 979 4316 ipso
1004 4254 1223 4299 mortuo
1267 4242 1321 4295 in
1380 4250 1701 4294 successore

154 4346 507 4400 constituendo
535 4339 845 4413 peragenda
876 4345 1084 4399 essent,
1109 4337 1183 4389 ita
1204 4348 1304 4387 nec
1341 4331 1586 4399 reliquae.
1643 4326 1699 4381 Si

153 4438 490 4491 extendantur
535 4434 703 4489 verba
733 4430 926 4502 lgnatii
976 4429 1125 4495 ultra
1147 4441 1308 4481 suum
1363 4423 1702 4493 propositum

154 4529 295 4582 etiam
328 4530 394 4583 ad
419 4541 713 4597 episcopos
752 4524 982 4586 alienos,
1030 4535 1172 4589 quos
1214 4518 1302 4573 ille
1334 4525 1516 4571 tamen
1559 4532 1701 4569 nun-

156 4632 295 4685 quam
314 4620 572 4689 respexit,
606 4616 762 4681 illud,
798 4613 933 4667 nihil
962 4614 1075 4666 sine
1102 4612 1344 4680 episcopo
1380 4607 1701 4677 [aciendum,

160 4726 247 4765 non
271 4721 441 4781 potest
460 4710 725 4781 applicari
758 4707 825 4761 ad
859 4706 1183 4761 electionem
1227 4701 1396 4756 futuri
1431 4699 1703 4769 episcopi;

158 4800 200 4852 id
220 4803 350 4856 enim
382 4803 435 4856 in
477 4798 873 4855 vetustissimis
898 4796 1148 4850 ecclesiis
1183 4807 1467 4861 nunquam
1500 4789 1702 4843 factum

158 4902 243 4954 est,
285 4904 340 4946 ut
392 4909 502 4947 non
534 4894 658 4947 sine
689 4889 947 4959 episcopo
969 4886 1288 4955 episcopum
1331 4881 1528 4951 eligere
1558 4889 1708 4933 tene-

159 4990 342 5039 rentur.
371 4984 451 5037 An
489 4982 545 5036 id
562 4978 769 5034 dixisse
789 4975 1034 5047 lgnatius
1072 4971 1393 5041 cpistolicus
1431 4966 1706 5037 putandus

159 5081 258 5126 est:
293 5074 419 5128 Sine
453 5074 715 5142 episcopo
775 5067 1052 5129 neminem
1112 5062 1431 5131 episcopum
1484 5054 1708 5126 eligite?

161 5161 291 5227 Quod
322 5166 386 5219 ad
414 5164 737 5219 electionem
764 5160 930 5230 igitur
957 5157 1173 5219 attinet,
1206 5151 1577 5206 certissimum
1601 5156 1705 5210 est,

160 5270 260 5308 eam
282 5272 370 5325 per
400 5257 751 5326 presbyteros
780 5251 863 5306 vel
884 5266 948 5304 cx
975 5243 1308 5318 presbyteris
1354 5242 1552 5293 iactam
1590 5237 1709 5291 sine

162 5347 410 5416 episcopo,
432 5363 546 5401 non
578 5345 748 5400 fuisse
773 5342 1006 5399 consilio
1039 5337 1323 5408 lgnatiano
1348 5329 1705 5387 contrariam.

166 5435 459 5511 Ubicunque
490 5440 635 5494 facta
659 5448 743 5492 est
786 5435 902 5489 sive
934 5447 1029 5502 per
1080 5428 1450 5499 presbyteros.
1481 5420 1567 5476 vel
1598 5419 1710 5488 ple—

164 5530 285 5597 bem,
317 5534 428 5587 sive
470 5547 543 5587 ex
600 5526 951 5599 presbyteris,
995 5524 1111 5577 sive
1143 5537 1208 5575 ex
1242 5519 1366 5573 aliis
1387 5555 1403 5580 ,
1436 5515 1553 5569 sine
1595 5526 1682 5580 cpt

164 5639 307 5694 scopo
332 5626 560 5680 omnino
582 5623 697 5677 lieri
726 5619 921 5691 potuit.
960 5614 1103 5670 Usus
1136 5612 1303 5683 igitur
1342 5608 1429 5663 hic
1454 5603 1713 5660 Ecclesia:

166 5715 518 5771 Alexandrinae
572 5715 625 5767 in
663 5711 910 5782 eligendo
945 5706 1202 5776 episcopo
1234 5700 1344 5755 dici
1397 5713 1502 5753 non
1535 5702 1711 5767 potest

166 5806 436 5876 disciplina:
465 5807 539 5863 ab
571 5804 778 5875 lgnatio
803 5799 1016 5857 tradita:
1044 5791 1378 5853 contrarius.

1761 562 2021 629 episcopo
2073 555 2430 618 contulerint,
2490 553 2756 605 incertum
2796 555 2909 601 est:
2955 543 3021 597 In
3068 538 3345 597 excelsiori

1763 653 1933 723 gradu
1991 650 2311 704 collocatum
2375 646 2677 715 episcOpum
2734 638 3102 699 nominabant,
3166 632 3348 702 inquit.

1765 743 2151 814 Hieronymus.
2183 739 2263 792 Ex
2302 746 2413 791 tam
2448 733 2797 805 generalibus
2824 728 3009 783 verbis
3034 725 3164 795 quid
3208 738 3349 793 prat-

1765 840 1849 886 ter
1872 831 2195 885 electionem
2222 826 2586 881 determinate
2636 821 2840 875 factum
2872 818 2943 872 sit
2973 815 3201 884 intelligi
3234 827 3344 867 non

1764 930 1965 991 potest.
2001 917 2300 989 Eutychius
2330 914 2503 978 addit,
2537 912 2757 967 eosdem
2786 907 2951 977 capiti
3005 908 3125 974 ejus
3152 919 3350 959 manus

1768 1012 2123 1082 imposuisse,
2168 1007 2533 1071 benedixisse,
2580 1013 2635 1057 et
2696 999 3065 1071 patriai-citant
3109 1013 3348 1051 creasse.

1752 1105 1875 1183 ’Sed
1929 1103 2257 1173 Eutychium
2328 1115 2396 1153 ex
2457 1112 2611 1151 more
2681 1094 2768 1149 sui
2838 1094 3023 1148 saeculi
3106 1094 3351 1147 locutum

1727 1182 1740 1198 ’
1770 1198 1969 1260 fuisse,
2002 1193 2239 1249 dubitari
2272 1208 2379 1247 non
2413 1198 2610 1259 potest.
2667 1186 3001 1241 Patriarcha:
3047 1186 3193 1239 enim
3241 1183 3354 1253 pri-

1769 1288 1958 1343 maevis
1995 1285 2253 1340 Ecclesite
2282 1282 2665 1336 Alexandrinae
2696 1278 3037 1346 temporibus
3081 1276 3216 1329 nulli
3269 1275 3355 1328 in-

1771 1391 1854 1435 ter
1905 1379 2254 1433 Christianos
2312 1375 2483 1429 fuere.
2548 1373 2693 1427 Idem
2736 1381 2851 1423 tum
2902 1370 2969 1423 de
3007 1367 3355 1437 impositione

1744 1488 2055 1530 'manuum.
2081 1481 2197 1524 tum
2227 1470 2292 1521 de
2324 1465 2700 1520 benedictione
2741 1462 2905 1516 sentit
2961 1459 3266 1527 Salinasius
3298 1458 3352 1510 in

1770 1566 2047 1635 Apparatu
2072 1577 2090 1614 :
2138 1559 2298 1619 Puto,
2330 1556 2528 1625 inquit,
2557 1553 2881 1623 Eutycltium
2913 1551 2981 1603 ad
3010 1556 3163 1603 suam
3223 1556 3357 1601 seta-

1775 1668 1877 1711 tem
1899 1654 2205 1723 respexisse,
2239 1666 2344 1719 qua
2371 1647 2488 1716 jam
2515 1646 2578 1698 ab
2613 1642 2903 1697 Alexandri
2931 1655 3091 1708 usque
3121 1638 3359 1705 patriar-

1774 1746 1886 1800 cha:
1941 1754 1990 1798 et
2046 1741 2255 1795 Nicwni
2294 1737 2505 1791 concilii
2535 1731 2854 1803 temporibus
2878 1728 3107 1798 episcopi
3134 1724 3355 1794 imposi-

1709 1836 1750 1890 B
1780 1841 1920 1892 tione
1953 1850 2204 1888 manuum
2252 1830 2731 1889 consecrabantur,
2780 1834 2830 1878 et
2879 1821 3127 1875 similiter
3168 1816 3357 1871 existi-

1781 1940 1951 1977 masse
1990 1921 2200 1991 quando
2248 1918 2537 1987 presbyteri
2590 1914 2848 1983 eligebant
2907 1912 3208 1979 episcopum
3263 1907 3360 1958 hoc

1780 2014 1958 2067 eodeni
1987 2013 2091 2063 ritu
2125 2024 2244 2062 usos
2274 2023 2403 2059 esse.
2433 2004 2639 2057 Diserte
2671 2012 2842 2053 tamen
2871 1998 3221 2062 Hieronymus
3246 1992 3361 2044 sine

1782 2102 2192 2163 consecratione,
2226 2098 2320 2149 hoc
2343 2105 2419 2149 est
2443 2092 2550 2145 sine
2578 2102 2828 2141 manuum
2855 2086 3210 2155 impositione,
3243 2083 3359 2149 epi—

1784 2211 1995 2264 scopum
2017 2192 2080 2244 de
2102 2207 2155 2243 se
2183 2188 2397 2257 elegisse
2427 2194 2631 2237 narrat.
2667 2177 2941 2248 Quidquid
2982 2176 3149 2247 igitur
3202 2173 3358 2226 dixe-

1784 2263 2254 2351 ritﬂieronyutus
2279 2279 2345 2332 de
2400 2275 2688 2333 electione,
2744 2268 3009 2340 quidquid
3062 2263 3363 2334 Eutyeltius

1786 2394 1849 2433 ex
1907 2375 2097 2429 eadem
2146 2370 2476 2431 traditione,
2519 2377 2577 2419 ut
2630 2366 2862 2427 volunt,
2916 2361 2982 2414 de
3015 2356 3364 2427 intpositlone

1788 2480 2050 2521 tnannum
2080 2462 2283 2524 addita,
2307 2472 2471 2527 quant
2500 2472 2565 2510 ex
2599 2454 2684 2508 sui
2722 2451 2907 2535 saeculi
2937 2463 3089 2503 more
3122 2455 3363 2500 tantum-

1788 2557 1954 2612 modo
1985 2553 2335 2623 excogitavit,
2363 2560 2415 2603 et
2455 2546 2788 2617 presbyteris
2825 2556 3111 2613 perperam
3153 2538 3322 2592 aliixit
3349 2554 3363 2601 ;

1788 2651 1905 2706 ﬁeri
1936 2657 2109 2719 potest
2139 2645 2320 2700 utalia
2346 2642 2565 2697 traditio
2587 2641 2751 2693 etiam
2783 2652 2909 2690 vera
2938 2636 3030 2697 sit,
3053 2648 3173 2701 qua:
3200 2632 3364 2685 etiam

1790 2752 1928 2804 tum.
1967 2756 2092 2795 cum
2121 2756 2186 2792 ex
2224 2734 2557 2806 presbyteris
2586 2733 2789 2786 electos
2817 2730 2987 2783 fuisse
3017 2726 3209 2780 volunt
3235 2722 3365 2775 llic-

1791 2849 2054 2905 ronytnus
2086 2842 2140 2887 et
2186 2828 2509 2899 Eutychius,
2544 2824 2835 2893 episcopos
2867 2817 3267 2872 Alexandrinos
3300 2814 3369 2867 ab

1790 2928 1914 2982 aliis
1944 2926 2227 2981 ordinatos
2255 2922 2425 2976 fuisse
2454 2918 2723 2988 perbibet.
2782 2913 2949 2967 Libro
2978 2911 3123 2963 enitr.
3155 2908 3367 2962 Consti-

1792 3021 2055 3074 tutionuin
2093 3014 2506 3085 apostolicarum
2542 3025 2641 3073 vn,
2673 3023 2795 3076 cap.
2828 3004 2920 3069 48,
2953 3003 3215 3071 legimus:
3260 2997 3370 3068 Τῆς

1792 3114 1848 3167 δὲ
1895 3108 2286 3179 Ἀλεξανδρέων
2350 3101 2621 3165 Ἀννιανὸς
2668 3098 2883 3171 πρῶτος
2934 3095 3039 3149 ἀπὸ
3089 3091 3206 3162 (vel
3231 3090 3369 3159 ὑπὸ)

1793 3206 2024 3276 Μάρκου
2069 3197 2455 3268 εὐαγγελιστοῦ
2503 3190 2977 3264 κεχειροτόνηται·
3015 3185 3263 3255 δεύτερκς
3318 3182 3373 3235 δὲ

1808 3275 2067 3359 Ἀϐίλλιος
2106 3292 2212 3346 ὑπὸ
2245 3292 2429 3345 Λουκᾶ
2462 3288 2554 3341 καὶ
2588 3284 2750 3339 αὐτοῦ
2786 3277 3197 3349 εὐαγγελιστοῦ.
3249 3275 3376 3328 Ale-

1794 3388 2075 3443 xandrina:
2099 3382 2352 3437 Ecclesia:
2376 3381 2576 3450 printus
2613 3376 2850 3429 Anianns
2874 3390 2905 3425 a
2931 3371 3112 3424 Marco
3152 3383 3373 3436 evange-

1795 3482 1922 3535 lista
1952 3478 2230 3531 ordinatus
2259 3484 2370 3537 est;
2403 3469 2660 3525 secundus
2691 3476 2865 3518 autem
2895 3462 3100 3514 Abilius
3151 3476 3184 3511 a
3227 3456 3373 3510 Luca

1796 3570 1979 3623 itidem
2001 3565 2340 3635 evangelista.
2362 3560 2570 3626 Quarto
2586 3554 2879 3610 Domitiani
2915 3566 3057 3605 anno
3077 3591 3091 3614 ,
3127 3549 3178 3601 in
3206 3545 3379 3600 Chro-

1797 3663 1921 3716 nico
1948 3656 2287 3727 Hieronymi,
2326 3652 2560 3716 Abilius,
2593 3659 2653 3703 ut
2686 3663 2801 3715 Ipse
2832 3644 2967 3705 vult,
2996 3658 3061 3696 ex
3094 3639 3375 3709 presbyte-

1799 3754 1877 3808 ris
1909 3753 2137 3814 electus,
2170 3748 2471 3801 secundum
2502 3742 2817 3796 Graacorum
2861 3733 3214 3789 traditionem
3243 3745 3273 3781 a
3314 3727 3372 3780 S.

1799 3845 1947 3899 Luca
1980 3843 2266 3897 ordinatus
2290 3848 2393 3892 est.
2432 3835 2612 3889 Abilio
2641 3833 2831 3900 (quem
2861 3828 3080 3880 Melium
3105 3823 3378 3893 appellare

1798 3938 2013 3991 videtur
2042 3943 2233 3987 auctor
2272 3930 2405 3984 Vitae
2448 3927 2506 3980 S.
2546 3925 2717 3978 Marci
2745 3934 3076 3990 anonyntus,
3121 3932 3226 3969 non
3254 3923 3377 3966 tan-

1801 4041 1915 4083 tunt
1945 4029 2072 4098 quia
2109 4028 2163 4079 in
2188 4040 2348 4077 manu
2376 4020 2612 4075 exaratis
2667 4014 2934 4069 codicibus
2969 4010 2999 4081 β
3027 4016 3081 4063 et
3110 4025 3149 4077 μ
3189 4006 3376 4060 eadem

1801 4120 1913 4175 fere
1945 4092 2117 4189 ligura
2134 4118 2348 4187 pingere
2373 4130 2484 4167 mos
2510 4112 2635 4178 fuit,
2656 4119 2714 4162 ut
2744 4116 2901 4159 notat
2926 4100 3256 4155 lilondellus,
3284 4092 3379 4150 scd

1801 4215 1964 4268 etiam
1997 4212 2142 4281 quod
2167 4226 2204 4279 η
2237 4217 2291 4263 et
2319 4226 2335 4259 t
2358 4222 2425 4260 ex
2458 4204 2719 4257 allinitate
2746 4191 3215 4268 pronuntiationis
3240 4199 3381 4255 saepe

1804 4306 1858 4359 in
1885 4321 2017 4359 mss.
2052 4301 2366 4372 promiscue
2397 4307 2767 4364 usurpentur:
2816 4304 2991 4357 neque
3021 4285 3247 4339 Latinus
3276 4280 3380 4334 Le—

1805 4400 2088 4470 gendarius
2123 4412 2189 4450 ex
2214 4394 2398 4448 Abilio
2426 4390 2647 4443 Mclium
2694 4384 2842 4449 fecit,
2898 4381 2992 4436 sed
3019 4421 3034 4445 ,
3065 4378 3279 4446 opinor,
3313 4374 3383 4426 ab

1733 4512 1777 4566 ι)
1806 4466 2209 4559 antiquioribus
2259 4486 2332 4539 ita
2375 4483 2640 4550 scriptum
2699 4475 2940 4538 invenit;
2970 4480 3115 4525 certe
3147 4466 3384 4541 Severus

1807 4598 1873 4636 ex
1900 4580 2273 4647 antiquiorum
2303 4569 2677 4629 monumentis
2723 4581 2848 4619 eum
2880 4560 3173 4614 Melianum
3199 4561 3383 4617 vocat,

1807 4689 1970 4744 quem
1998 4645 2089 4725 alii
2120 4670 2383 4731 Abilium,
2414 4660 2718 4733 Eutychius
2748 4654 3082 4717 Philetium)
3118 4645 3388 4702 successit

1806 4741 2043 4828 Ccrdon,
2068 4761 2135 4816 ad
2162 4753 2322 4828 cujus
2353 4752 2762 4809 ordinationem
2809 4753 2867 4799 ut
2903 4752 2957 4797 et
2997 4741 3230 4794 aliorum
3265 4745 3388 4804 post

1808 4866 2025 4919 eum,et
2050 4864 2176 4907 ante
2205 4848 2564 4910 Demetrium,
2588 4839 2831 4912 episcopi
2862 4853 2925 4891 ex
2951 4850 3013 4887 ea
3045 4832 3265 4900 regione
3296 4842 3386 4879 ac—

1809 4957 2117 5010 cesserunt,
2147 4954 2206 5000 ut
2234 4943 2401 4998 tradit
2438 4939 2695 4996 Severus,
2730 4932 2823 5004 qui
2848 4928 3080 4983 Arabice
3115 4923 3265 4976 Vitas
3292 4936 3387 4987 pa-

1810 5042 2176 5098 triarcltarum
2192 5032 2693 5090 Alexandrinorum
2724 5022 2967 5091 scripsit,
3002 5015 3143 5086 apud
3174 5007 3388 5063 Eccln-l-

1808 5135 2037 5188 lensem.
2071 5127 2324 5181 Nondum
2354 5124 2521 5193 igitur
2550 5126 2716 5189 patet,
2768 5112 3117 5184 presbyteros
3150 5101 3387 5155 Alexan-

1811 5224 1946 5279 driae
1976 5219 2347 5292 patriarcham
2401 5214 2620 5277 fecisse,
2650 5206 2789 5279 quod
2842 5202 3134 5257 maximum
3177 5204 3276 5256 est,
3331 5199 3391 5242 ut

1812 5316 1991 5387 inquit
2040 5314 2315 5368 Dallaaus:
2371 5306 2546 5361 multo
2579 5304 2760 5357 minus
2814 5302 2983 5364 patet.
3041 5285 3391 5358 presbyteros

1809 5411 2190 5482 presbyterum
2225 5404 2439 5467 iecisse,
2471 5398 2615 5468 quod
2641 5396 2757 5463 sine
2776 5381 3114 5454 Hieronymi,
3141 5379 3259 5434 sine
3282 5374 3391 5428 Eu-

1812 5469 2002 5574 iychii:
2030 5499 2151 5553 sine
2176 5492 2484 5565 cuiuspiam
2519 5483 2842 5563 auctoritate
2880 5474 3064 5531 tradit.
3123 5469 3392 5525 Seldenus

1813 5595 2034 5665 quidem
2065 5606 2133 5644 ex
2167 5602 2232 5643 eo
2257 5579 2575 5651 Hieronymi
2602 5560 2723 5630 loco
2744 5572 2923 5641 palam
2947 5580 3067 5620 esse
3093 5560 3227 5622 vult,
3258 5556 3389 5626 legi-

1814 5650 2003 5741 timam
2032 5681 2161 5735 olint
2190 5671 2523 5748 presbyteris
2554 5659 2941 5721 Alexandrinis
2963 5650 3251 5711 ordinandi
3279 5657 3392 5698 tum

1815 5778 2133 5847 episcopum
2163 5761 2619 5827 Alexandrinum,
2644 5766 2761 5811 tum
2799 5748 3147 5824 presbyteros
3202 5735 3393 5795 saltem
