3824 6198
356 241 454 297 251

1386 242 1444 296 S.
1492 236 1843 301 ICNATIUS.
1878 276 1947 284 —
1969 243 2507 300 PROLEGOMENA.

3540 246 3647 303 952

359 364 414 415 in
454 359 699 415 Ecclesia
725 360 1096 416 Alexandrina
1126 360 1441 418 facultatem
1494 365 1738 419 habitam
1785 381 1943 431 esse;
1978 378 2019 429 Α
2050 378 2100 419 et
2125 367 2377 429 castella;
2409 366 2743 435 metropolim
2770 376 2950 419 autem
2979 367 3133 420 habet
3189 366 3379 421 Tomes
3399 410 3415 432 ,
3468 370 3649 422 urbem

357 455 454 507 sed
480 453 761 522 quomodo
806 454 932 507 inde
962 454 1147 522 colligi
1186 456 1382 524 possit,
1418 472 1529 510 non
1560 457 1740 513 docet.
1784 458 1948 514 Certe

358 543 728 615 Hieronymus
752 545 821 600 de
864 546 1214 601 ordinatione
1239 548 1547 620 presbyteri
1581 566 1691 604 non
1717 550 1945 605 omnino

356 636 617 700 louuitur,
652 637 757 691 hoc
794 645 901 701 est,
935 638 1002 692 de
1037 639 1360 710 presbytero
1392 656 1490 709 per
1542 641 1943 696 ordinationem

353 732 521 793 facto,
546 728 658 782 imo
689 744 868 799 neque
897 731 963 784 de
989 731 1340 785 ordinatione
1357 732 1669 803 cujuspiam
1702 750 1795 803 per
1820 751 1943 805 pre-

354 821 633 891 sbyterum
661 821 805 877 facta
825 838 892 876 eo
922 823 1027 877 loci
1060 823 1287 893 intelligi
1332 834 1551 893 potest,
1605 827 1733 895 quia
1775 829 1939 882 verba

352 930 476 984 qua:
518 916 767 984 proxime
809 925 1156 985 sequuntur,
1196 926 1252 970 et
1282 917 1595 987 periocham
1652 919 1936 985 claudunt,

354 1009 468 1062 haec
501 1017 657 1062 sunt:
696 1006 837 1072 Quid
860 1011 1001 1062 enim
1026 1009 1179 1077 facit,
1199 1023 1415 1079 excepta
1441 1010 1797 1077 ordinatione,
1829 1015 1941 1083 epi-

350 1118 537 1170 scopus
566 1144 582 1167 ,
626 1104 765 1171 quod
795 1102 1064 1171 presbyter
1100 1119 1204 1155 non
1252 1104 1426 1172 facit!
1446 1104 1527 1159 Ad
1571 1107 1939 1177 quodcunque

351 1193 496 1247 enim
533 1201 750 1261 tempus
776 1193 895 1248 haec
927 1194 1089 1247 verba
1123 1194 1455 1258 referantur,
1508 1196 1555 1251 si
1601 1198 1670 1252 de
1713 1199 1940 1253 ordina-

351 1282 501 1338 tione
536 1299 632 1353 per
666 1284 1047 1352 presbyterum
1078 1283 1224 1339 facta
1257 1286 1472 1340 locutus
1490 1284 1707 1353 fuisset,
1735 1287 1825 1343 hic
1855 1288 1937 1343 lo-

350 1392 475 1432 cum
522 1378 727 1431 babere
766 1394 875 1432 non
904 1387 1150 1447 possent.

420 1470 559 1524 Cum
616 1470 783 1539 igitur
812 1488 947 1526 usus
972 1473 1060 1526 ille
1085 1473 1153 1525 de
1202 1472 1472 1528 electione
1505 1483 1559 1527 et
1587 1475 1935 1541 promotione

349 1562 595 1631 episcopi
638 1562 1017 1625 Alexandrini,
1058 1563 1239 1631 qualis
1264 1563 1445 1633 qualis
1496 1563 1680 1626 fuerit,
1717 1568 1936 1635 (neque

345 1655 497 1707 enim
530 1654 931 1707 ordinationem
995 1653 1323 1719 Salmasius,
1382 1671 1560 1723 neque
1609 1657 1931 1711 electionem

348 1747 596 1802 admittit
622 1746 969 1816 Blondellns)
1003 1749 1135 1802 nulli
1185 1747 1349 1802 eﬂ‘ato
1407 1747 1689 1819 lgnatiano
1730 1751 1937 1806 directe

346 1850 699 1910 tepponatur,
730 1853 785 1894 et
830 1848 1103 1910 supponat
1134 1841 1299 1894 etiam
1357 1842 1606 1896 eamdem
1656 1842 1937 1912 regiminis

348 1932 584 1987 formam
608 1931 952 1987 Alexandriae
976 1933 1045 1987 ab
1062 1932 1220 1987 initio
1238 1948 1454 2002 semper
1470 1933 1745 1999 ﬂoruisse,
1769 1951 1934 2005 quam

352 2024 585 2095 requirit
632 2035 686 2079 et
718 2024 905 2078 laudat
935 2024 1217 2094 lgnatius;
1251 2040 1489 2103 euntque
1543 2026 1780 2082 durante
1832 2029 1937 2083 hoc

350 2134 479 2181 usu,
512 2118 617 2173 sub
647 2127 893 2187 tempora
928 2117 1209 2184 Demetrii,
1266 2115 1549 2188 Origenes,
1592 2120 1937 2176 Alexandria:

349 2210 556 2265 schola:
572 2210 968 2264 celeberrimus
997 2207 1320 2274 catechista,
1339 2209 1531 2279 lgnatii
1557 2212 1818 2280 epistolas
1846 2229 1937 2267 no-

347 2300 492 2354 verit
535 2301 931 2370 citaveritque;
957 2315 1025 2355 ex
1051 2300 1157 2355 hoc
1200 2302 1306 2353 ritu
1350 2302 1530 2371 colligi
1584 2304 1735 2356 nullo
1771 2305 1935 2358 modo

353 2401 558 2462 potest,
588 2392 858 2464 Ignatium
897 2392 1246 2461 epistolicum
1277 2395 1376 2447 toti
1422 2396 1805 2452 Alexandrina:
1840 2397 1936 2453 Ec-

349 2487 537 2542 clesiae
567 2488 787 2557 penitus
812 2489 1057 2556 ignotum
1092 2486 1284 2540 fuisse.

427 2579 536 2633 Sed
560 2589 617 2633 et
639 2580 789 2633 aliud
816 2580 1095 2650 quiddam,
1124 2582 1304 2651 inquit
1344 2580 1599 2646 Dallzeus,
1626 2599 1728 2635 non
1760 2585 1933 2637 minus

351 2671 598 2725 mirabile
628 2673 775 2725 docet
812 2671 1136 2743 Eutychius,
1167 2690 1361 2744 nempe
1394 2677 1547 2727 annis
1595 2692 1627 2727 a
1655 2675 1836 2729 Marco
1867 2678 1934 2730 ad

349 2761 679 2816 Demetrium
708 2772 1117 2833 praeterpropter
1147 2765 1253 2819 120
1272 2806 1288 2830 ,
1315 2764 1521 2818 nullum
1562 2774 1730 2820 totum
1764 2765 1935 2838 Egy-

351 2855 521 2907 utiam
548 2853 842 2909 Ecclesium
869 2857 1167 2926 episcopum
1196 2868 1387 2927 praeter
1424 2875 1583 2912 unum
1609 2860 1935 2914 Alexandri-

350 2960 479 2998 num
511 2945 771 3001 habuisse.
831 2945 985 3001 Unde
1019 2949 1100 3003 sic
1142 2948 1415 3018 disputat:
1474 2948 1720 3020 Ignatius
1759 2969 1936 3006 neces-

2053 474 2304 527 magnam
2330 468 2381 512 et
2413 457 2742 527 opulentam.
2772 498 2787 512 .
2813 498 2828 513 .
2857 497 2871 511 .
2901 498 2915 511 .
2963 456 3121 513 Vetus
3154 470 3337 513 autem
3371 459 3489 514 illic
3521 478 3647 514 con-

2047 555 2272 607 suetudo
2289 555 2583 608 etiamnum
2613 563 2827 620 manet,
2871 564 2929 609 ut
2961 558 3122 610 totius
3163 556 3337 626 gentis
3393 556 3647 611 ecclesias

2047 663 2183 702 unus
2217 658 2425 701 tantum
2449 658 2594 718 regat
2617 649 2912 717 episcopus.
2942 646 3069 702 llaec
3098 648 3452 702 Sozomeuus
3481 646 3647 701 refert

2046 738 2115 792 ad
2157 756 2221 793 ea
2269 749 2535 809 tempora,
2564 741 2766 810 quibus
2793 738 3053 793 Vetranio
3084 739 3393 793 Tomorum
3427 740 3646 808 episco-

2044 839 2149 892 pus
2178 825 2303 889 fnit,
2330 828 2426 896 qui
2454 826 2687 882 Nicaeum
2717 827 2913 897 synodi
2938 829 3245 882 doctrinam
3266 827 3644 897 amplecteba-

2044 928 2154 973 tur.
2203 918 2397 975 Plures
2449 929 2633 975 autem
2680 922 2927 977 ecclesiae
2954 921 3006 975 in
3039 921 3266 992 Scythia
3297 932 3434 977 tunc
3471 920 3643 976 fuisse

2043 1010 2321 1075 videntur,
2348 1025 2515 1079 quam
2545 1010 2770 1066 fuerunt
2792 1012 2845 1065 in
2865 1011 3101 1083 IEgypto
3124 1022 3250 1067 ante
3276 1011 3639 1067 Demetrium.

2040 1099 2178 1155 Nam
2208 1103 2528 1172 quicunque
2553 1105 2919 1174 cogitaverit,
2952 1121 3119 1174 quam
3145 1104 3638 1174 superstitionibus

2041 1195 2342 1263 gentilibus
2370 1210 2434 1249 ea
2476 1211 2610 1264 gens
2639 1197 2819 1251 dedita
2876 1196 3065 1259 fuerit,
3116 1207 3254 1266 quot
3310 1196 3633 1252 Iudaeorum

2041 1284 2211 1338 millia
2230 1283 2559 1339 Christianae
2582 1284 2830 1354 religioni
2850 1284 3062 1339 infensa
3092 1285 3204 1339 illic
3237 1284 3634 1349 habitaverint,

2039 1385 2301 1445 quantam
2330 1377 2653 1432 seditionem
2682 1378 2881 1434 illisub
2904 1378 3144 1446 Trajano
3172 1378 3223 1431 in
3254 1376 3449 1447 Libya,
3469 1375 3636 1447 Egy-

2038 1475 2133 1535 pto
2167 1474 2223 1521 et
2260 1468 2621 1535 Alexandria,
2657 1468 2867 1540 Cyrene
2894 1478 2950 1522 et
2971 1469 3271 1534 Thebaide,
3307 1477 3445 1524 teste
3470 1468 3637 1522 Euse-

2039 1558 2152 1623 bio,
2187 1559 2572 1625 exeitaverint,
2597 1576 2874 1630 quamque
2906 1571 3018 1615 tota
3050 1560 3220 1629 Libya
3269 1570 3395 1613 tunc
3419 1602 3436 1627 ,
3469 1561 3635 1614 inter-

2040 1650 2193 1720 fectis
2222 1650 2542 1716 cultoribus,
2560 1652 2807 1707 desolata
2831 1654 2921 1714 sit,
2950 1663 3006 1706 ut
3024 1655 3125 1707 nist
3150 1663 3334 1723 postea
3360 1655 3633 1709 Adrianus

2045 1740 2335 1811 imperator
2362 1742 2612 1796 collectas
2639 1744 2770 1796 illuc
2799 1744 3012 1797 aliunde
3032 1745 3274 1799 colonias
3301 1744 3631 1808 deduxisset.

2038 1850 2207 1888 vacua
2233 1836 2444 1904 penitus
2478 1845 2645 1903 terra,
2671 1838 2866 1891 abraso
2898 1838 3200 1891 habitatore
3230 1847 3539 1904 mansisset,
3574 1844 3633 1890 ut

2040 1923 2209 1980 refert
2228 1924 2485 1991 Orosius,
2512 1925 2673 1983 facile
2698 1930 3027 1994 consentiet,
3047 1928 3234 1998 plures
3261 1930 3316 1983 in
3341 1930 3630 1999 provincia

2040 2018 2281 2089 Scythia:
2309 2019 2656 2075 Christianos
2687 2020 2857 2076 fuisse
2881 2023 2983 2077 sub
3018 2021 3264 2088 Valente,
3307 2039 3480 2092 quam
3508 2021 3629 2076 fue-

2038 2118 2164 2164 rant
2188 2119 2316 2163 ante
2358 2120 2603 2181 tempora
2634 2110 2897 2168 Demetrii
2933 2114 2985 2167 in
3018 2114 3346 2186 Egyptiaca
3375 2115 3626 2169 dioecesi.

2036 2201 2175 2256 Cum
2207 2202 2355 2256 enim
2382 2201 2587 2259 Valens
2612 2202 3004 2259 Vetranionem
3038 2206 3360 2275 episcopum
3395 2206 3451 2260 in
3480 2205 3627 2260 exsi-

2036 2292 2172 2345 liutu
2199 2292 2400 2347 abduci
2437 2293 2714 2363 jussisset,
2763 2295 2833 2349 ab
2870 2295 3123 2349 instituto
3153 2297 3385 2361 destitit,
3416 2312 3487 2352 ne
3513 2304 3628 2350 tota

2038 2384 2126 2437 illa
2158 2385 2439 2453 provincia
2474 2386 2732 2455 episeopo
2775 2387 3019 2455 subjecta
3064 2387 3430 2444 defectionem
3465 2389 3628 2441 moli-

2040 2486 2207 2532 retur.
2261 2476 2399 2533 Huic
2433 2477 2774 2543 Vetranioni,
2818 2481 3035 2549 Opinor,
3076 2481 3346 2535 successit
3399 2479 3624 2535 Theoti-

2038 2584 2193 2634 mus,
2231 2567 2464 2639 Scythia!
2520 2570 2803 2625 Tantorum
2831 2573 3134 2641 episcopus,
3179 2573 3273 2641 qui
3316 2576 3373 2627 in
3428 2589 3627 2627 morem

2032 2664 2371 2733 dialogorum
2392 2677 2441 2718 et
2474 2667 2660 2717 veteris
2686 2664 2998 2734 eloquentia:
3030 2665 3205 2718 breves
3252 2667 3626 2717 commaticos-

2030 2770 2133 2824 que
2191 2764 2450 2809 tractatus
2486 2757 2652 2811 edidit
2684 2795 2696 2818 .
2756 2756 2970 2825 aliaque
3002 2757 3247 2824 scripsit,
3285 2764 3345 2809 ut
3381 2758 3627 2826 loquitur

2039 2843 2404 2917 Hieronymus
2428 2848 2483 2901 in
2507 2849 2790 2918 Catalogo.
2813 2846 2913 2901 Hic
2936 2856 3113 2901 autem
3140 2846 3197 2902 S.
3225 2847 3625 2919 Chrysostotuo

2038 2940 2275 2994 maxime
2311 2940 2466 3004 favit,
2514 2951 2568 2995 et
2619 2942 2925 3011 Epiphanio
2958 2942 3286 2996 adversatus
3316 2941 3439 3006 est,
3477 2940 3625 3011 quod

346 3041 555 3097 sarium
585 3056 697 3093 esse
714 3040 925 3108 definit,
958 3042 1092 3095 nihil
1117 3042 1317 3130 absque.
1330 3044 1571 3113 episcopo
1600 3047 1830 3114 operari.
1862 3046 1931 3100 At

2037 3030 2289 3103 Origenis
2308 3036 2510 3104 scripta
2531 3036 2943 3096 condemnaret,
2965 3034 3126 3102 cujus
3151 3034 3325 3087 libros
3361 3034 3482 3104 ipse
3512 3044 3627 3088 stu-

348 3148 507 3186 omne
541 3133 896 3186 ministerium
947 3123 1364 3189 ecclesiasticum
1389 3141 1583 3207 absque
1608 3139 1851 3209 episcopo
1880 3139 1935 3193 in
1971 3122 2008 3131 ν
2037 3122 2193 3179 diose
2223 3123 2489 3190 defend“;
2551 3125 2695 3180 ωιάο
2723 3125 3032 3193 efﬁngimus
3064 3140 3214 3187 cum,
3270 3125 3361 3178 illa
3396 3140 3626 3194 ρηεεετ·

352 3222 595 3276 omnibus
632 3221 896 3293 AZggpti,
946 3235 1163 3295 excepta
1212 3226 1543 3281 Alexandria
1571 3269 1585 3292 ,
1632 3230 1935 3284 civitatibus

345 3314 423 3368 ad
454 3316 518 3368 Α.
549 3313 611 3368 υ.
637 3315 739 3370 190
758 3328 1032 3385 peractum
1056 3325 1154 3371 est.
1178 3317 1503 3388 ﬁgyptiacu
1548 3321 1719 3390 igitur
1744 3320 1935 3377 Eccle-

352 3408 435 3461 sia
460 3406 1091 3478 Ignatiumepistolicum
1121 3427 1225 3464 non
1255 3412 1419 3465 novit.

425 3499 754 3570 Respondeo
786 3503 986 3570 primo,
1016 3502 1267 3559 mirabile
1289 3504 1510 3573 quidem
1557 3515 1640 3561 est
1667 3506 1814 3577 quod
1836 3507 1936 3562 do-

347 3590 783 3662 cetEutychius,
822 3592 917 3647 sed
947 3591 992 3646 si
1030 3608 1221 3648 verum
1255 3594 1418 3647 etiam
1448 3605 1615 3659 esset,
1652 3612 1761 3649 non
1811 3597 1935 3651 inde

348 3694 695 3753 sequeretur,
747 3692 919 3739 totam
964 3682 1342 3754 Egyptiacam
1390 3684 1693 3741 Ecclesium
1739 3689 1934 3756 lgnatii

348 3775 614 3843 epistolas
658 3775 961 3844 ignorasse.
1012 3775 1215 3831 Omnes
1255 3778 1401 3830 enim
1453 3776 1712 3834 Ecclesia:
1762 3779 1934 3852 JEgy—

346 3869 565 3938 ptiacm,
593 3869 708 3921 sive
729 3869 967 3937 aliquem
999 3870 1315 3938 episcopum
1338 3870 1646 3937 habuerint,
1675 3873 1788 3927 sive
1814 3875 1936 3927 nul-

345 3958 488 4021 lum,
516 3957 776 4027 subjecta:
817 3968 975 4012 erant
1008 3958 1267 4028 episcopo
1320 3960 1728 4029 Alexandrino;
1759 3981 1935 4035 neque

347 4048 460 4103 hoc
490 4056 653 4118 negat
687 4046 1010 4117 Eutychius.
1036 4046 1279 4117 lgnatius
1302 4048 1525 4118 quidem
1549 4052 1767 4115 asserit,
1802 4052 1933 4107 illud

343 4140 572 4195 demum
621 4140 987 4195 ministerium
1026 4139 1464 4196 ecclesiasticum
1518 4150 1670 4197 recte
1723 4143 1933 4213 peragi,

345 4230 501 4301 quod
530 4230 613 4285 vel
637 4230 741 4285 sub
768 4228 886 4299 ipso
918 4229 1176 4300 episcopo
1211 4230 1293 4296 lit,
1321 4231 1406 4286 vel
1448 4232 1597 4303 quod
1631 4232 1751 4303 ipse
1795 4248 1933 4289 con-

349 4322 602 4379 cesserit.
638 4323 709 4377 At
759 4322 873 4377 hoc
898 4321 1017 4376 ﬁeri
1047 4322 1226 4392 potuit
1271 4323 1325 4377 in
1359 4323 1705 4395 Egyptiacis
1752 4326 1934 4381 eccle-

2039 3216 2135 3271 tim
2187 3226 2389 3284 aetate,
2446 3217 2714 3288 lgnatium
2749 3219 2964 3273 nescire
3018 3233 3127 3271 non
3174 3218 3448 3286 potuisse,
3503 3219 3625 3272 licet

2038 3316 2203 3363 tantae
2233 3309 2533 3378 provincia:
2558 3309 2755 3365 unicus
2777 3309 3073 3379 cpiscopus
3101 3317 3381 3378 praeesset.

2104 3400 2430 3471 Respondeo
2459 3405 2722 3471 secundo,
2768 3405 3110 3459 historiolam
3142 3405 3291 3458 illam
3339 3404 3410 3459 de
3447 3405 3623 3459 tribus

2036 3494 2311 3564 episcopis
2340 3510 2371 3547 a
2397 3494 2670 3550 Demetrio
2696 3497 2932 3566 primum
2965 3496 3018 3550 in
3046 3494 3283 3567 Egypto
3317 3494 3483 3551 factis
3514 3496 3620 3549 mi-

2038 3588 2184 3641 nime
2224 3588 2329 3641 lide
2356 3587 2579 3657 dignam
2634 3604 2778 3655 esse,
2821 3589 2938 3645 sive
2986 3596 3297 3655 auctorem,
3348 3589 3469 3643 sive
3506 3603 3619 3642 rem

2038 3680 2211 3750 ipsam
2244 3690 2479 3750 spectes.
2524 3679 2744 3736 Primus
2776 3680 3046 3735 mirabilis
3087 3680 3251 3749 hujus
3283 3679 3621 3734 narrationis

2036 3783 2231 3826 auctor
2260 3781 2345 3827 est
2368 3771 2694 3844 Eutychius,
2748 3774 3059 3843 patriarcha
3118 3774 3341 3843 quidem
3378 3774 3618 3828 Alexan-

2035 3864 2250 3928 drinus,
2279 3863 2375 3918 sed
2406 3864 2570 3919 nimis
2616 3865 2685 3919 ab
2713 3865 3020 3934 originibus
3055 3864 3204 3920 illius
3230 3863 3495 3919 Ecclesiae
3534 3880 3621 3917 re-

2035 3965 2236 4023 motus,
2260 3966 2450 4026 utpote
2479 3957 2677 4012 decimi
2700 3958 2887 4013 saeculi
2916 3958 3150 4026 scriptor
3183 3975 3197 4011 :
3238 3957 3617 4013 Melchitarum

2033 4052 2256 4122 quidem
2296 4051 2610 4121 episcopus,
2644 4050 2736 4106 sed
2783 4065 2895 4120 quo
2951 4051 3125 4105 multo
3155 4051 3335 4119 major
3361 4050 3467 4106 fuit
3488 4049 3615 4104 Ale-

2033 4142 2280 4198 xandria:
2326 4140 2521 4197 eodem
2581 4149 2825 4212 tempore
2878 4141 3253 4198 lacobitarum
3324 4145 3616 4213 episcopus

2033 4234 2331 4300 Macarius,
2355 4242 2410 4287 et
2435 4233 2526 4289 cui
2552 4233 2718 4287 etiam
2744 4249 2869 4289 cum
2900 4236 3105 4304 populo
3143 4251 3265 4303 suo,
3326 4234 3611 4299 Melchitis,

2034 4328 2284 4395 inquam,
2316 4324 2521 4394 quibus
2555 4326 2793 4394 praefuit,
2826 4327 3063 4380 maxima
3102 4328 3358 4382 simultas
3384 4328 3505 4384 fuit.
3540 4330 3613 4383 Ita

348 4416 452 4472 siis
484 4416 747 4487 episctmo
767 4414 1140 4469 Alexandrino
1169 4412 1453 4483 subjectis,
1493 4430 1616 4485 qua:
1648 4414 1799 4470 nullo
1823 4416 1933 4470 alio
1965 4432 2011 4489 Β
2039 4419 2186 4473 enim
2223 4418 2291 4472 de
2325 4415 2433 4470 hoc
2476 4414 2745 4487 Eutychio
2779 4418 3032 4487 loquitur
3063 4418 3402 4476 Elmacinus.
3439 4420 3613 4491 Hujus

349 4511 613 4581 episcopo
641 4507 966 4580 gauderent.
998 4505 1138 4562 Hinc
1164 4506 1333 4577 igitur
1376 4506 1650 4579 ignoratio
1698 4508 1935 4580 lgnatia-

343 4617 551 4655 norum
607 4616 717 4655 non
768 4599 1038 4669 sequitur.
1088 4596 1418 4669 Scytharum
1445 4599 1739 4670 episcopus
1770 4601 1935 4654 inter—

341 4690 455 4746 fuit
484 4691 719 4746 concilio
740 4687 823 4742 Nic
841 4705 981 4753 aeno,
1015 4688 1219 4744 Euseb.
1238 4687 1315 4742 De
1337 4688 1446 4742 vita
1464 4688 1803 4743 Constantini
1834 4688 1929 4741 lib.

347 4799 440 4850 tu,
468 4797 519 4838 c.
551 4781 609 4849 7,
641 4796 765 4836 cum
800 4780 1080 4851 lgnatiana
1102 4789 1288 4835 essent
1310 4780 1625 4836 notissima.
1653 4779 1810 4835 Unus
1833 4796 1932 4834 au-

349 4885 462 4933 tem
490 4876 546 4930 in
576 4884 689 4929 tota
714 4872 940 4945 Scythia
968 4873 1266 4943 episcopus
1298 4871 1421 4927 fuit.
1454 4872 1801 4927 Sozomenus
1830 4872 1928 4925 lib.

350 4985 449 5037 VII,
472 4984 524 5024 c.
555 4968 653 5024 i9:
701 4966 918 5038 Ἀμέλει
945 4966 1149 5019 Σκύθαι
1176 4964 1369 5018 πολλαὶ
1403 4966 1587 5029 πόλεις
1639 4964 1793 5027 ὄντες
1836 4964 1934 5018 ἕνα

350 5063 552 5125 πάντες
585 5060 887 5116 ἐπίσκοπον
920 5058 1125 5130 ἔχουσι.
1164 5059 1318 5114 Certe
1374 5062 1430 5112 in
1476 5059 1751 5129 provincia
1802 5055 1933 5125 Scy-

346 5156 499 5221 thiw,
517 5156 752 5225 quamvis
784 5151 967 5207 multa
991 5151 1141 5205 urbes
1158 5152 1288 5214 sint,
1306 5167 1439 5205 unus
1462 5160 1537 5203 est
1570 5150 1800 5200 ennium
1818 5150 1931 5215 epi-

347 5265 560 5318 scopus.
591 5250 657 5303 Et
687 5249 783 5302 lib.
825 5263 901 5313 γι,
933 5262 1053 5315 cup.
1090 5246 1153 5300 21
1181 5264 1194 5300 :
1238 5243 1411 5297 Τοῦτο
1438 5243 1498 5296 τὸ
1548 5242 1699 5303 ἔθνος
1733 5238 1933 5303 πολλὰς

351 5340 454 5410 μὲν
481 5338 593 5409 ἔχει
625 5341 718 5393 καὶ
751 5339 933 5401 πόλεις
953 5338 1048 5393 καὶ
1081 5336 1275 5408 κώμας
1294 5336 1388 5389 καὶ
1422 5334 1656 5405 φρούρια.
1678 5350 1691 5362 ·
1732 5334 1933 5405 μητρό-

354 5423 509 5487 πολις
541 5424 597 5478 δέ
631 5429 747 5479 ὲστι
781 5428 971 5497 Τόμις,
1007 5426 1161 5488 πόλις
1198 5423 1406 5496 μεγάλη
1442 5424 1535 5476 καὶ
1568 5422 1927 5492 εὑδαεμωνηη

356 5515 540 5568 Εἰσέτι
573 5514 628 5567 δὲ
663 5517 756 5567 καὶ
790 5516 883 5568 νῦν
936 5516 1055 5579 ἔθος
1089 5515 1318 5567 παλαιὸν
1370 5513 1555 5566 ἐνθάδε
1595 5515 1787 5584 κρατεῖ
1837 5512 1930 5564 τοῦ

355 5609 556 5669 παντὸς
600 5607 782 5670 ἔθνους
815 5610 909 5661 ἕνα
940 5608 1040 5670 τὰς
1074 5607 1371 5678 ἐκκλησίας
1404 5608 1743 5659 ἐπισκοπεῖν.
1805 5605 1931 5659 "tu:

350 5697 625 5755 provincia
648 5698 972 5764 Scytharum
1004 5698 1202 5750 multas
1237 5699 1390 5751 urbes
1418 5708 1468 5752 et
1514 5698 1651 5751 rimc
1701 5699 1928 5746 continet

2036 4520 2266 4577 tempore
2295 4507 2467 4561 multa
2500 4508 2713 4577 fuerunt
2738 4510 2994 4576 dissidia,
3023 4520 3071 4564 et
3098 4513 3408 4566 continuum
3438 4514 3614 4566 odium

2032 4603 2175 4657 inter
2202 4604 2379 4670 ipsum
2413 4609 2464 4654 et
2502 4601 2752 4670 populum
2795 4602 2934 4671 ejus.
2981 4602 3138 4669 Quod
3186 4604 3351 4659 etiam
3387 4614 3614 4660 testatur

2035 4690 2151 4745 Ebn
2178 4690 2281 4744 Abi
2318 4688 2602 4745 Osaibeate
2632 4690 2685 4745 in
2718 4690 2838 4746 Vita
2883 4691 3159 4765 Eutychii.
3185 4693 3256 4750 Ut
3283 4705 3465 4750 autem
3499 4712 3614 4749 ma-

2031 4779 2210 4849 jorem
2246 4782 2374 4835 huic
2419 4782 2661 4836 Arabico
2708 4783 2964 4852 scriptori
3004 4785 3167 4840 [idem
3196 4788 3455 4843 conciliet
3502 4786 3617 4841 Sel-

2036 4873 2241 4937 deuus,
2267 4872 2403 4926 Mihi
2432 4890 2578 4937 sane,
2605 4874 2804 4942 inquit,
2832 4874 3126 4947 Eutychius
3154 4878 3209 4931 in
3230 4878 3372 4933 hisce
3406 4890 3483 4933 est
3514 4878 3615 4933 vel-

2034 4967 2116 5018 uti
2139 4965 2287 5019 Beda
2331 4966 2485 5034 plane
2515 4964 2825 5041 Egyptius,
2862 4976 2917 5021 et
2958 4983 3189 5023 rursus:
3224 4969 3460 5023 Annales
3503 4969 3612 5039 ejus

2034 5060 2165 5127 ipsis
2194 5058 2447 5112 Ecclesia:
2477 5060 2851 5115 Alexandrina:
2892 5061 3123 5114 archiois
3168 5062 3403 5130 plurima
3436 5062 3615 5115 debere

2034 5151 2216 5205 nullus
2246 5152 2453 5205 dubito.
2513 5150 2659 5205 Satis
2691 5153 2911 5221 quidem
2946 5152 3231 5220 magnifice
3255 5154 3324 5208 de
3349 5153 3616 5226 Eutychio

2033 5254 2087 5298 et
2107 5243 2412 5297 Annalibus
2441 5242 2562 5311 ejus
2598 5243 2713 5297 hazc
2741 5244 2885 5298 dicta
2915 5254 3044 5298 sunt
3069 5263 3083 5309 ;
3115 5244 3208 5299 sed
3238 5246 3358 5300 sine
3386 5247 3496 5300 ulla
3527 5262 3615 5300 ve-

2034 5336 2215 5389 ritatis
2237 5335 2437 5403 specie.
2464 5334 2639 5389 Arabs
2664 5337 2811 5389 enim
2847 5337 2935 5389 ille
2969 5351 3075 5389 non
3102 5346 3313 5392 tantum
3348 5336 3490 5391 Beda
3522 5354 3614 5390 no-

2036 5438 2152 5481 stro
2205 5427 2367 5494 longe
2418 5426 2607 5494 junior
2662 5426 2786 5490 fuit,
2825 5428 2978 5481 etab
3011 5428 3319 5496 originibus
3362 5429 3614 5484 Ecclesia:

2032 5518 2296 5570 remotior
2350 5521 2560 5583 (utpote
2590 5518 2683 5586 qui
2716 5526 2876 5572 natus
2905 5518 2976 5571 sit
3025 5518 3090 5571 A.
3125 5518 3187 5572 D.
3216 5518 3345 5586 876,
3371 5537 3496 5575 cum
3522 5536 3614 5574 na-

2035 5607 2160 5661 talis
2201 5604 2358 5659 Bedte
2403 5608 2520 5662 dies
2564 5610 2631 5662 ad
2680 5609 2745 5661 A.
2782 5608 2846 5661 D.
2872 5609 2978 5663 675
3015 5609 3311 5673 referatur,
3346 5619 3407 5665 ut
3458 5613 3614 5666 annis

2036 5698 2283 5751 pluribus
2306 5714 2470 5766 quam
2502 5700 2609 5752 2‘80
2641 5710 2832 5754 roster
2862 5702 3113 5768 superior
3140 5707 3467 5767 auuareat);
3523 5703 3613 5759 sed
