3770 6308
114 302 195 355 εδδ

745 306 795 363 J.
832 309 1197 368 PEARSONII
1240 316 1556 376 VINDICUE
1601 320 2019 388 IGNATlAN/E.
2056 368 2123 377 —-
2157 338 2336 395 PARS
2366 343 2406 397 1.

3186 365 3293 420 εδι

109 420 315 476 etiamad
340 422 675 493 antiquitates
716 427 975 507 Ecclesia:
1007 450 1121 490 sua:
1164 439 1433 496 eruendas
1454 453 1617 512 atque
1645 446 1691 503 A
1720 463 1944 519 s«:0pum
1977 452 2308 524 Rohensem,
2367 462 2701 522 Thaddaeum
2745 472 3061 547 episcopum
3094 480 3288 539 Massi-

109 511 398 547 σηιξη-..1η
435 516 604 547 mn‘ln
649 518 966 547 :mn-....a:--
1000 532 1047 547 Α.
1094 525 1327 547 :._-_.2__
1366 544 1380 547 _
1408 538 1470 547 ,-.
1540 529 1576 547 τι
2088 546 2099 547 γ

107 511 401 580 explicandas
435 516 604 568 multo
649 518 966 587 imparatior
996 532 1050 578 et
1094 525 1329 596 ineptior
1357 538 1493 583 erat.
1533 511 1611 585 De

104 604 299 660 tu'chiris
338 614 507 659 autem
566 607 932 676 Alexandria),
992 615 1194 685 quibus
1231 618 1472 675 Annales
1530 631 1610 678 tot

105 698 259 751 debere
280 706 439 767 putat,
470 715 697 769 prorsus
743 704 1062 763 incredibile
1098 719 1202 764 est.
1233 710 1383 767 Libri
1415 730 1607 771 omnes

106 789 392 845 bibliothecae
435 789 836 862 Alexandrinae,
865 814 1023 869 capta
1053 817 1081 856 a
1110 802 1406 861 Meslemiis
1447 808 1601 876 urbe,

103 885 247 939 statim
272 886 556 955 perierunt.
614 888 790 944 Jussit
822 894 1018 950 Amrus
1052 896 1242 952 Ebno‘l
1267 899 1340 953 As
1371 902 1604 973 dispergi

99 993 163 1030 eos
186 992 262 1045 per
286 978 456 1033 balnea
488 980 830 1038 Alexandria:
861 996 1013 1057 atque
1064 990 1173 1043 illis
1202 992 1600 1067 calefaciendis,

98 1070 326 1123 comburi:
349 1071 419 1124 ita
445 1074 617 1141 spatio
650 1078 888 1131 semestri
907 1084 1203 1151 consumpti
1231 1095 1373 1152 sunt,
1409 1098 1601 1144 ultra-

96 1160 157 1215 dit
172 1160 427 1233 Gregorius
459 1165 831 1226 Abuliaraius.
864 1172 1007 1227 Audi
1034 1176 1163 1245 quid
1186 1177 1385 1247 factum
1415 1182 1521 1250 [uer
1535 1184 1598 1246 it,

96 1250 233 1319 inquit
264 1252 360 1319 ille,
396 1263 443 1307 et
470 1256 683 1313 mirare.
714 1257 829 1315 lmo
877 1264 1050 1333 magis
1090 1267 1276 1322 mirari
1301 1282 1596 1340 oporteret,

94 1343 127 1396 si
160 1352 260 1412 post
294 1360 452 1402 annos
501 1347 669 1406 ferme
720 1352 826 1407 ‘200
878 1371 1177 1425 paucorum
1218 1359 1593 1421 Melchitarum

92 1435 322 1504 cpiscopus
357 1440 601 1509 origines
636 1442 891 1501 Ecclesia:
920 1448 1303 1509 Alexandrinae
1331 1455 1403 1510 ibi
1446 1457 1599 1513 inve-

91 1524 213 1579 niret.
235 1524 376 1580 Certe
403 1535 511 1581 tam
556 1531 890 1602 negligenter
921 1534 1306 1595 Alexandrinae
1337 1540 1595 1599 Ecclesia:

90 1613 318 1669 historiam
350 1621 639 1687 pertexuit,
671 1631 732 1677 ut
773 1640 881 1679 non
908 1629 1083 1698 magis
1114 1629 1279 1700 hujus
1324 1649 1488 1703 quam
1520 1634 1596 1691 al-

88 1704 217 1761 terius
257 1707 544 1779 cujuspiam
598 1727 954 1772 monumenta
1007 1719 1111 1789 ipsi
1164 1724 1382 1794 cognita
1420 1725 1591 1783 fuisse

1716 554 1938 596 ncnsem
1997 555 2052 599 et
2084 546 2486 609 Theodoretum
2522 558 2839 632 episcopum
2887 568 3283 646 Ancyrensem,

1711 648 1850 700 quos
1886 651 2071 693 coram
2106 642 2435 713 imperatore
2476 659 2642 722 atque
2693 657 3010 725 patriarcha
3060 681 3283 739 compa-

1709 725 1888 781 ruisse
1912 727 2103 798 docet;
2134 749 2231 803 per
2286 736 2618 799 Thaddazum
2669 746 3059 810 Massiliensem
3102 725 3282 815 Theo—

1707 816 1903 873 dorum
1947 820 2393 893 Mopsuestenum
2430 834 2760 909 intelligens,
2784 852 2838 897 et
2867 843 3276 906 Theodoretum

1705 921 1805 975 pro
1850 909 2076 981 Cyrensi
2117 915 2487 989 Ancyrensem
2537 929 2833 996 appellans.
2892 934 3079 993 Solum
3128 942 3275 997 enim

1704 995 1852 1053 Ibant
1878 1012 2023 1058 recte
2050 1009 2295 1065 nominat
2314 1010 2641 1084 Robensem,
2667 1021 2771 1077 hoc
2787 1034 2867 1081 est
2912 1026 3270 1089 Edessenum.

1705 1084 1856 1143 Roha
1899 1093 2042 1147 enim
2088 1104 2143 1150 et
2176 1099 2409 1154 Ἔδεσσα
2446 1105 2634 1160 eadem
2679 1109 2891 1169 civitas.
2923 1084 3275 1177 Unde

1701 1179 1928 1248 pbaraio
1972 1184 2153 1256 Abgar
2176 1190 2472 1259 rex'Rohae,
2522 1199 2613 1265 qui
2639 1203 2779 1270 apud
2810 1203 3102 1264 Eusebium
3134 1213 3274 1270 dici-

1701 1279 1790 1323 tur
1824 1272 2096 1348 Ἀὅγαρος
2124 1281 2404 1354 τοπάρχης
2444 1286 2713 1360 Ἐδέσσης.
2739 1292 2868 1349 Erat
2891 1307 3072 1356 autem
3094 1303 3272 1376 Αὐρα-

1698 1376 1810 1428 rus,
1843 1365 1959 1421 sive
1989 1368 2233 1439 Abgarus
2271 1391 2563 1435 commune
2614 1398 2812 1441 nomen
2859 1388 3154 1451 Osdroenae
3184 1414 3271 1454 rem

1696 1456 1971 1525 gulorum,
2005 1478 2242 1532 quorum
2288 1471 2437 1541 regia
2496 1474 2713 1535 Edessa:
2749 1481 2871 1550 fuit,
2924 1496 2984 1541 ut
3036 1499 3268 1549 testatur

1692 1543 2015 1622 Proc0pius.
2045 1554 2189 1611 Idem
2228 1562 2395 1617 tradit
2442 1564 2740 1625 Antonium
2784 1574 2928 1631 inter
2969 1578 3179 1636 Roham
3211 1593 3267 1638 et

1691 1633 1969 1696 Haranum
1999 1648 2241 1705 occisum
2273 1667 2414 1723 esse,
2452 1667 2512 1712 ut
2540 1659 2593 1714 in
2627 1662 2845 1720 Eusebii
2877 1668 3154 1729 Chronico
3188 1676 3266 1731 lc-

1690 1729 1905 1799 gitnus:
1939 1735 2203 1795 Antonius
2235 1744 2557 1817 interﬁcitur
2596 1755 2735 1810 inter
2764 1756 3022 1817 Edessam
3053 1778 3101 1821 et
3124 1767 3262 1822 Car-

86 1808 304 1865 appareat.
335 1801 568 1857 Marcum
594 1808 982 1877 evangelistam
1015 1813 1183 1867 tradit
1206 1831 1352 1871 nono
1374 1816 1585 1873 Claudii
1619 1801 1661 1856 Β
1691 1836 1800 1904 ras.
1838 1821 1914 1877 Ita
1939 1823 2126 1894 Rohrc,
2166 1830 2268 1886 hoc
2314 1801 2399 1890 cs't
2444 1836 2664 1898 Edessa:
2693 1844 3076 1909 Constantium
3107 1855 3263 1914 Hele-

86 1902 189 1914 ,ω
235 1892 362 1914 ιι---
423 1897 441 1914 ι
479 1898 493 1909 .
750 1901 762 1914 .
992 1905 1004 1914 .
1129 1905 1175 1914 --
1315 1909 1327 1914 -
1389 1911 1421 1914 __
1448 1912 1492 1914 η

84 1902 192 1943 anno
224 1892 585 1952 Alexandriam
640 1901 877 1967 venisse,
924 1905 1102 1974 primo
1129 1905 1360 1965 Neronis
1388 1911 1586 1967 ibidem

84 1983 287 2053 martyrio
310 1998 622 2044 coronatum
668 2007 824 2059 esse;
872 2007 925 2050 et
974 2006 1153 2053 tamen
1205 2000 1348 2055 idem
1397 2002 1582 2071 refert,

82 2077 269 2141 tempore
314 2074 536 2135 Neronis
608 2081 828 2138 Petrum
902 2088 1191 2157 scripsisse
1230 2092 1583 2163 Evangelium

80 2160 222 2228 Marci,
248 2166 465 2225 dictante
504 2171 705 2241 Marco,
748 2176 803 2230 in
842 2179 975 2235 urbe
1002 2179 1198 2238 Roma.
1228 2182 1353 2240 Haec
1381 2202 1489 2241 non
1514 2202 1579 2243 ex

78 2254 351 2315 Alexandriae
392 2264 659 2333 archivis,
689 2269 780 2324 sed
807 2270 1038 2329 diversis
1082 2276 1461 2348 scriptoribus,
1487 2284 1581 2353 qui

76 2348 291 2403 contraria
336 2352 693 2423 tradiderunt,
746 2359 863 2415 sine
887 2362 1095 2432 judicio
1131 2367 1332 2423 hausit.
1381 2371 1580 2427 Conci-

76 2433 173 2489 liare
196 2438 293 2493 haec
316 2443 529 2511 quidem
557 2447 729 2503 voluit.
756 2448 1043 2522 Seldenus,
1075 2458 1169 2512 sed
1199 2458 1423 2517 frustra.
1452 2462 1577 2517 Non

74 2527 201 2580 totum
242 2542 401 2587 autem
453 2545 701 2609 tempore
751 2541 1005 2614 Neronis,
1044 2550 1135 2603 sed
1168 2568 1307 2607 anno
1339 2554 1575 2621 ejusdem

73 2620 217 2685 primo,
263 2640 453 2682 necesse
493 2640 574 2685 est
623 2644 679 2687 ut
714 2635 865 2690 vellet
910 2651 1087 2695 noster
1106 2640 1453 2715 'Evangelium
1476 2648 1574 2703 hoc

73 2710 290 2779 scriptum,
319 2718 451 2786 quod
481 2722 663 2788 palam
692 2736 769 2780 est
793 2743 857 2781 ea:
884 2730 950 2784 iis
1000 2748 1117 2802 qua:
1145 2710 1291 2805 infra
1333 2738 1486 2795 habet
1509 2742 1575 2797 de

72 2801 180 2855 tritu
214 2818 306 2860 tum
334 2808 475 2867 Petri
506 2822 620 2869 tum
649 2816 820 2874 Marci
854 2823 1031 2877 eodem
1063 2826 1117 2879 in
1144 2844 1306 2885 anno.
1334 2829 1392 2886 Si
1423 2834 1569 2889 enim

72 2902 343 2960 supponatur
375 2898 728 2975 Evangelium
762 2909 925 2967 Marci
957 2916 1219 2986 scriptum
1262 2919 1435 2979 fuisse
1457 2925 1570 2995 pri-

73 2989 135 3029 mo
173 2976 370 3041 Nemnis
420 3004 587 3058 anno,
625 2994 831 3067 reliqua
885 3010 1066 3059 tamen
1121 3013 1427 3068 consistere
1457 3030 1567 3070 non

71 3078 259 3132 possunt.
291 3073 362 3131 Eo
392 3082 535 3136 enim
594 3100 738 3141 anno
768 3105 878 3160 quo
926 3105 1177 3155 mortuus
1221 3115 1302 3157 est
1345 3103 1565 3163 Marcus

69 3155 340 3223 Alexandriae
367 3187 470 3227 non
507 3179 687 3245 potuit
713 3155 900 3239 Romae
942 3188 1150 3245 dictare
1169 3192 1514 3267 Evangelium
1542 3219 1557 3268 ;

69 3259 197 3318 neque
222 3259 350 3315 enim
396 3262 718 3339 Eutychius,
755 3289 928 3345 neque
965 3281 1254 3352 quisquam
1284 3289 1425 3344 alius
1462 3292 1562 3346 do-

68 3348 123 3390 cet
144 3340 351 3405 Marcum
381 3352 618 3429 Egypto
677 3363 742 3417 ad
785 3340 1006 3423 Petrum
1036 3340 1427 3447 commigrasse
1450 3382 1561 3436 Ro-

69 3448 383 3513 mam:neque
433 3447 484 3502 id
533 3448 738 3507 factum
792 3455 987 3513 docere
1027 3464 1206 3531 potuit
1252 3465 1560 3540 Eutychius

66 3528 193 3592 primo
214 3530 425 3593 Neronis
463 3554 632 3610 anno,
684 3560 805 3600 cum
839 3548 953 3617 ipse
989 3553 1166 3609 tradat
1208 3554 1431 3614 Petrum
1467 3578 1560 3618 oc-

66 3615 189 3673 cisum
214 3638 321 3680 esse
354 3643 495 3684 anno
526 3632 619 3699 2‘2,
658 3646 781 3703 post
806 3641 1114 3707 passionem
1166 3646 1403 3717 Domini,
1457 3654 1561 3711 hoc

64 3717 134 3771 est.
169 3724 273 3770 ante
316 3718 601 3789 imperium
651 3723 901 3784 Neronis.
953 3729 1079 3788 Haec
1127 3746 1308 3794 autem
1372 3745 1555 3800 omnia

63 3812 152 3856 sunt
192 3806 464 3867 aetnam.
522 3812 968 3875 Patriarcharum
1020 3827 1265 3894 nomina,
1318 3841 1374 3885 et
1416 3835 1555 3890 mira

62 3892 222 3958 quidem
256 3914 405 3970 sape,
437 3904 622 3973 prodit
649 3905 947 3979 Eutycbius
974 3930 989 3967 :
1021 3928 1197 3971 annos
1220 3892 1385 3975 etiam
1417 3939 1555 3978 enu-

61 3992 207 4052 merat,
242 4004 320 4044 res
348 4002 527 4063 gestas
573 3996 800 4053 minime
852 4015 1265 4064 commemorat.
1297 4010 1432 4066 Cum
1482 4016 1552 4071 ad

60 4066 321 4134 Demetrium
366 4086 633 4152 pervenit,
681 4088 826 4157 quod
871 4101 996 4147 ante
1029 4095 1261 4164 dixerat,
1321 4104 1547 4172 repetit:

58 4160 218 4221 Primus
236 4171 315 4225 ille
348 4178 774 4242 patriarcharum
825 4184 1090 4255 episcopos
1122 4188 1175 4242 in
1207 4160 1428 4263 Egypli
1460 4195 1549 4248 di-

60 4254 156 4309 tione
188 4262 475 4333 ordinavit;
530 4278 595 4323 ιιι
632 4279 686 4325 et
730 4272 797 4327 de
848 4254 1110 4333 HeraCla:
1142 4279 1275 4349 Ejus
1321 4294 1549 4354 tempore

1689 1924 1812 1964 nam
1847 1913 2122 1974 invenisse
2172 1923 2338 1979 refert
2365 1926 2686 2000 Eutychius.
2720 1938 2875 2003 Quod
2907 1944 2953 1997 si
2975 1947 3262 2006 observas~

1686 2011 1768 2055 set
1797 2001 2084 2074 Seldenus,
2127 2020 2488 2101 nunquam.in
2513 2020 2871 2095 Entychianis
2921 2034 3036 2090 suis
3089 2038 3260 2097 dixis-

1686 2100 1798 2146 set:
1834 2094 2059 2151 Ubinam
2088 2101 2199 2156 ha’c
2228 2094 2526 2182 thoa,'ego
2551 2132 2631 2170 me
2668 2123 2866 2177 nescire
2887 2126 3081 2198 fateor,
3118 2148 3258 2188 nun-

1683 2198 1849 2253 quam
1907 2189 1974 2243 ad
2014 2191 2240 2263 Ῥαφίαν
2289 2199 2583 2260 Phoenicia:
2633 2211 2824 2267 urbem
2880 2189 3255 2290 confugisset,

1684 2291 1966 2348 nunquam
2000 2283 2126 2340 inde
2157 2286 2465 2360 Drepanum
2508 2298 2561 2352 in
2610 2299 2860 2374 Bithynia
2916 2283 3254 2383 dedu'xisset.

1681 2381 1960 2439 nunquam
1985 2378 2145 2431 verba
2165 2378 2394 2439 Cedreni
2423 2389 2547 2461 περὶ
2563 2391 2660 2461 τὴν
2679 2395 2780 2465 τῆς
2798 2400 3001 2466 Δακέας
3021 2406 3174 2461 πόλιν
3197 2378 3254 2465 in

1681 2462 1809 2531 περὶ
1828 2464 1927 2534 τὴν
1948 2466 2046 2536 τῆς
2079 2469 2304 2540 Ῥαφίας
2333 2476 2486 2532 πόλιν
2524 2462 2937 2556 commutasset,
2972 2462 3254 2569 totamque

1681 2547 1775 2569 ..η
1953 2558 1964 2569 .
1992 2558 2002 2568 .
2130 2562 2140 2569 .

2924 2547 2936 2556 ,
2981 2547 3251 2569 quam."

1679 2547 1899 2610 Helenae
1951 2558 2237 2618 historiam
2276 2581 2373 2635 per
2409 2586 2468 2625 se
2491 2574 2626 2631 satis
2659 2577 2924 2638 incertam
2959 2596 3037 2642 tot
3065 2593 3251 2663 conje-

1675 2647 1850 2701 cturis
1879 2652 2461 2731 emendationibusque
2508 2665 2853 2727 incertiorem
2902 2677 3247 2741 reddidisset.

1675 2733 1924 2802 Quatuor
1974 2742 2159 2814 itaque
2197 2750 2345 2807 viros
2376 2753 2429 2808 in
2460 2755 2690 2816 historia
2723 2766 3094 2826 ecclesiastica
3149 2791 3249 2831 no-

1674 2826 1921 2886 tissimos
1965 2850 2148 2891 coram
2180 2838 2491 2902 Iustiniano
2521 2857 2895 2925 comparuisse
2944 2862 3110 2919 tradit
3138 2865 3247 2922 Eu-

1675 2921 1909 2990 tychius,
1945 2927 2038 2995 qui
2070 2945 2263 2987 onmcs
2298 2935 2389 2989 ditt
2417 2951 2543 2996 ante
2568 2921 2764 3000 mortui
2793 2947 3019 3008 fuerant
3051 2974 3065 3010 :
3103 2974 3244 3027 quo-

1673 3026 1794 3066 rum
1827 3018 2072 3074 omnium
2104 3025 2525 3094 antiquissimus
2551 3035 2971 3109 eratOrigenes,
2996 3060 3102 3099 non
3128 3050 3243 3119 cpi—

1673 3118 1876 3175 scopus
1930 3109 2331 3186 Manbagensis,
2367 3122 2462 3177 sed
2511 3127 2794 3199 presbyter
2843 3144 2898 3188 et
2943 3139 3241 3197 catechista

1664 3196 2087 3272 Alexandrinus,
2144 3207 2261 3278 ipse
2307 3211 2689 3286 Adamantius,
2724 3238 2885 3292 quem
2933 3225 3243 3291 Demetrius

1665 3288 1899 3363 Egypto
1949 3296 2177 3368 fugavit,
2214 3302 2378 3374 idque
2403 3322 2507 3374 ope
2551 3312 2715 3367 trium
2739 3288 3238 3390 Eutychianoruiu

1662 3383 2073 3454 episcoporum,
2130 3401 2189 3447 ut
2237 3396 2505 3456 Seldenus
2563 3383 2892 3463 hariolatur:
2920 3412 3026 3468 Sed
3055 3418 3237 3486 qualis

1663 3471 1739 3525 illi
1764 3474 1831 3529 de
1856 3475 2132 3537 Demetrio
2166 3484 2298 3542 ﬁdes
2326 3490 2634 3550 adhibenda
2678 3508 2779 3566 est,
2806 3503 2899 3571 qui
2942 3471 3234 3579 Origenem

1662 3567 1930 3623 nescivit?
1959 3569 2057 3641 Hic
2081 3584 2263 3631 autem
2296 3578 2604 3643 Demetrius
2634 3597 2696 3644 ut
2724 3599 2834 3648 tres
2859 3596 3152 3669 episcopos
3174 3604 3233 3659 in

1662 3655 1882 3729 .Egypti
1931 3663 2140 3722 ditione
2165 3670 2457 3741 ordinavit,
2487 3677 2559 3732 ita
2594 3681 2661 3736 ad
2689 3690 2799 3739 tres
2824 3655 3112 3759 episcopos
3136 3710 3234 3751 ex-

1660 3756 1743 3803 tra
1775 3750 2069 3824 Egyptum
2095 3760 2339 3830 scripsit.
2376 3764 2457 3820 Eo
2500 3778 2746 3841 tempore,
2787 3750 2984 3848 inquit,
3013 3750 3231 3856 scripsit

1658 3838 1956 3899 Demetrius
1985 3852 2295 3916 patriarcha
2346 3838 2739 3920 Alexandrinus
2775 3870 2845 3923 ad
2864 3838 3098 3930 'Galiium

1655 3948 1869 4003 scopum
1912 3938 2478 4018 Ilierosolymitanum,
2513 3954 2810 4015 Maximum
2860 3968 3228 4033 patriarchans

1653 4022 2036 4083 Antiochenum
2064 4043 2113 4086 et
2178 4034 2437 4094 Victorem
2494 4049 2861 4113 patriarcham
2907 4056 3223 4130 Romanum,

1650 4114 1715 4168 de
1747 4120 1949 4174 ratione
1995 4131 2225 4194 computi
2269 4128 2549 4189 Paschalis
2584 4148 2635 4192 et
2650 4141 2848 4211 jejunii
2886 4145 3225 4208 Christiano~

1650 4223 1789 4272 rum,
1818 4221 1867 4263 et
1897 4219 2157 4283 quomodo
2190 4236 2221 4272 a
2249 4218 2511 4281 Paschate
2557 4228 2873 4289 Iudaeorum
2904 4241 3219 4302 deducatur.

1646 4300 1716 4356 At
1750 4304 1983 4361 Gabium
2016 4308 2129 4379 ipse
2173 4316 2335 4370 tradit
2382 4318 2447 4371 17
2476 4321 2683 4380 Aurelii
2727 4344 2872 4383 anno
2905 4300 3218 4411 Hierosoly;

1646 4396 1752 4448 mis
1777 4396 2095 4469 episcopum
2133 4416 2375 4461 creatum
2406 4421 2516 4466 tres
2546 4421 2753 4471 tantum
2780 4436 2954 4479 annos
2984 4428 3216 4485 sedisse:

1324 4442 1328 4443 '
1652 4442 1751 4448 “"'
1781 4442 2095 4469 'r'vvvru-u
2134 4442 2180 4458 v-
2194 4442 2375 4461 ιαιυιιι
2406 4442 2442 4464 ιι
2458 4442 2516 4466 ηδ
2546 4442 2753 4471 ιίιιιιυιη
2780 4442 2954 4479 annos
2984 4442 3216 4485 sealsse:

56 4450 160 4493 om.
176 4442 293 4509 Quid
318 4459 496 4507 autem
529 4453 587 4507 in
614 4453 856 4514 Ecclesia
887 4470 1018 4517 tunc
1047 4469 1309 4537 temporis
1338 4469 1541 4528 factum
1575 4495 1620 4549 ι)
1650 4492 1744 4537 aut
1782 4485 1947 4557 igitur
1976 4492 2079 4546 sub
2125 4496 2235 4551 line
2284 4498 2494 4570 impari;
2550 4506 2778 4577 Aurem,
2810 4525 2904 4570 aut
2926 4519 3029 4573 sub
3058 4522 3216 4580 initio

56 4536 380 4580 esl.unnmndn
419 4541 680 4580 Πρεηοηοε
731 4549 840 4580 nn.
883 4553 1115 4580 “4.-...-
1178 4574 1280 4580 _-_.
1327 4576 1397 4580 μη
1453 4565 1463 4576 .
1760 4575 1771 4580 -
1848 4573 1858 4580 .
1905 4578 1931 4580 _

54 4795 99 4851 de
118 4805 267 4872 quinto
297 4818 527 4872 concilio
560 4795 748 4891 agens,
797 4824 914 4881 haec
951 4829 1174 4887 scribit:
1203 4795 1333 4891 Furit
1377 4838 1537 4893 etiam

55 4892 217 4957 kmpore
246 4900 534 4963 Iustiniani
563 4910 812 4983 Origenes
840 4918 1112 4990 episcopus
1140 4922 1531 4999 Manbagensis,

51 4983 547 5068 lilli"uatempsgchosin
577 5008 826 5074 asseruit,
865 5015 1297 5071 resurrectionem
1317 5037 1530 5091 negans.

58 5066 94 5091 Δ.
117 5072 154 5091 ιι
206 5080 216 5091 ι

117 5072 182 5131 hic
206 5080 323 5152 ipse,
339 5066 513 5159 quem
541 5066 855 5167 episcopum
901 5066 1325 5176 Manbaaensem
1349 5066 1529 5183 viscat,

572 5157 589 5164 -
726 5157 739 5167 .
1045 5157 1325 5176 ν-σν---νω
1362 5157 1529 5183 ηννη,

52 5157 146 5220 alius
174 5187 262 5228 non
280 5157 390 5235 erat
412 5198 577 5253 quam
609 5185 870 5260 Origenes
897 5192 1275 5269 Adamantius,
1308 5204 1533 5262 notissi-

50 5259 133 5306 mus
150 5256 222 5315 ille
244 5266 432 5325 scholae
473 5256 852 5336 Alexandrinae
880 5285 1171 5352 przeieotus
1192 5256 1529 5350 et'Demetrii

48 5344 330 5448 ‘lNChtonus.
366 5359 503 5417 Eum
540 5373 743 5437 tamen,
790 5373 836 5427 si
861 5344 1127 5448 Eutychio
1171 5379 1301 5438 huic

48 5438 474 5509 Intitulustinianus
512 5456 806 5529 imperator
856 5438 1381 5544 Constantinopolim
1434 5495 1529 5534 ac-

48 5526 220 5644 timuit,
242 5547 289 5594 et
324 5526 619 5619 Eutychius
668 5557 977 5626 patriarcha
1027 5526 1526 5644 Consta‘ntinopoli-

429 5617 440 5619 _
668 5617 687 5626 _
1044 5617 1052 5618 ,

48 5617 159 5711 ξῆῐιυε
192 5642 679 5703 excommunicavrt.
727 5650 951 5709 Addidit
990 5668 1173 5714 autem
1200 5660 1277 5716 illi
1324 5673 1431 5722 tres
1466 5668 1523 5727 in

48 5710 182 5770 limere
207 5729 255 5776 et
292 5738 848 5800 excommunicatione
905 5750 1156 5828 comites,
1209 5754 1357 5812 Ibam
1400 5761 1516 5831 epi-

253 5814 500 5885 Parnm.
535 5827 649 5891 Gtt.
702 5832 776 5894 V.

1646 4573 1858 4630 statim'
1893 4578 2179 4638 Commodi
2243 4592 2443 4660 scripta
2491 4604 2574 4648 est
2627 4573 3038 4671 baec’epistola.
3092 4612 3214 4680 Quo

1955 4687 2055 4728 nec
2085 4674 2391 4736 Demetrius
2441 4682 2785 4746 Alexandria:
2839 4674 3210 4766 prmiuit,sed

1948 4778 2047 4819 nec
2075 4766 2260 4823 Victor
2306 4769 2512 4830 Romae,
2548 4778 2641 4831 sed
2674 4779 3019 4845 Eleutherus.
3049 4793 3211 4857 Certo

1638 4861 1764 4900 cum
1786 4850 2027 4917 epistolae
2057 4871 2124 4910 ex
2154 4858 2363 4917 oriente
2390 4866 2457 4918 ad
2490 4865 2760 4927 Victorem
2787 4876 2853 4931 de
2877 4880 3207 4944 celebrando

1637 4936 1902 4997 Paschate
1931 4946 2113 5003 missae
2157 4962 2308 5020 sunt,
2355 4954 2648 5019 Narcissus
2699 4965 3202 5046 Hierosolymorum

1634 5031 1921 5105 cpiscopus
1953 5037 2090 5108 fuit;
2140 5042 2283 5100 inter
2316 5044 2587 5108 Gaianum
2634 5068 2838 5128 autem,
2885 5031 3047 5135 quem
3092 5069 3201 5126 Ga-

1631 5120 1783 5179 bium
1810 5129 2045 5199 appellat
2067 5131 2389 5207 Eutychius,
2417 5152 2471 5196 et
2502 5144 2843 5220 Narcissum,
2880 5120 3075 5213 liorem
3099 5177 3199 5231 pa-

1633 5214 1884 5273 triarchae
1929 5218 2323 5297 Hierosolymis
2377 5235 2656 5295 sederunt.
2706 5241 2892 5313 Neque
2919 5263 3049 5302 vero
3088 5252 3197 5308 ulla

1626 5582 1845 5650 sentire,
1872 5585 2034 5657 idque
2055 5602 2241 5660 patere
2274 5612 2341 5651 ex
2370 5598 2565 5656 litteris
2593 5603 2660 5657 ad
2690 5620 2749 5660 se
2779 5607 3010 5666 invicem
3052 5616 3190 5672 mis-

1625 5672 1723 5739 sis,
1750 5678 1898 5734 nulla
1920 5679 2179 5740 Demetrii
2228 5691 2508 5745 mentione
2555 5693 2719 5751 facta.
2751 5697 2884 5765 Quae
2914 5703 3051 5760 dixit
3088 5707 3184 5779 igi-

1620 5770 1711 5817 tur
1734 5765 1800 5821 dc
1830 5766 2106 5830 Demetrio
2162 5776 2484 5850 Eutychius,
2534 5802 2599 5839 ex
2635 5790 2874 5849 archivis
2927 5765 3179 5852 Ecclesia

2866 5887 2906 5947 8
