3824 6198
428 245 535 301 255

1364 282 1371 285 -
1445 236 1503 294 S.
1545 237 1892 295 IGNATIUS.
1926 269 1995 278 —
2022 236 2554 294 PROLEGOMENA.

3578 241 3672 299 256

429 363 813 421 Alexandrina
850 377 960 417 non
1002 359 1230 427 habuit;
1262 358 1547 415 videamus
1575 375 1643 416 an
1669 360 1904 417 certiora
1934 358 2001 413 de
2031 363 2079 419 Α
2106 360 2216 428 ipse
2262 359 2355 413 ille
2400 356 2714 428 patriarcha
2776 356 3022 412 Adriano
3072 357 3253 415 dictus
3312 360 3384 416 de
3423 360 3672 431 episcopo

433 458 770 521 Alexandro,
835 453 940 509 sub
996 469 1105 523 quo
1159 460 1399 507 veterem
1433 451 1881 506 consuetudinem
1911 451 2005 505 de-

431 552 592 608 siisse
615 550 712 616 ait,
731 546 911 603 tradat
932 566 945 601 :
964 544 1285 611 Alexander,
1302 544 1500 615 inquit,
1519 543 1784 597 Achillam
1804 544 2005 598 socium

430 657 610 707 suum,
654 639 745 709 qui
790 645 911 691 ante
948 636 1125 705 ipsum
1172 633 1483 704 patriarcha
1514 634 1709 703 fuerat,
1743 633 1807 686 de
1834 633 2005 703 gradu

430 729 785 802 patriarchali
834 727 1045 797 dejecit,
1083 726 1233 797 quia,
1270 726 1399 779 Aria
1442 734 1666 795 recepto,
1697 735 1881 778 contra
1905 724 2007 779 Pe-

434 825 504 877 tri
530 821 881 876 Alexandrini
922 817 1238 872 mandatum
1259 817 1479 887 fecerat.
1532 815 1670 871 Cum
1713 818 1827 887 ipse
1846 825 2006 871 antea

433 922 733 981 narrasset,
779 911 1071 978 Achillam,
1122 918 1413 980 postquam
1438 923 1531 963 sex
1556 923 1729 963 annos
1771 908 2006 977 sederat,

432 1015 713 1062 mortuum
754 1003 949 1059 fuisse.
979 1000 1270 1069 Quomodo
1298 998 1464 1071 igitur
1491 998 1559 1053 ad
1606 999 1768 1053 linem
1791 1000 2010 1055 concilii

428 1098 658 1164 Nicani,
686 1096 996 1152 Alexander
1023 1109 1150 1150 eum
1180 1092 1252 1147 de
1283 1092 1455 1164 gradu
1488 1090 1843 1162 patriarchali
1868 1091 2009 1163 deji-

430 1207 555 1247 cere
584 1190 807 1262 potuit?
834 1188 1223 1258 Decepiteum,
1249 1193 1310 1240 ut
1330 1184 1549 1255 opinor,
1582 1184 1822 1240 nominis
1857 1185 2012 1240 simi-

432 1285 626 1339 litudo.
655 1282 786 1337 Erat
815 1281 962 1337 enim
1008 1278 1251 1333 Achillas
1280 1276 1502 1347 quidam
1534 1276 1835 1347 presbyter,
1875 1275 2011 1331 Ario

433 1373 811 1439 consentiens,
847 1383 1011 1441 quem
1050 1366 1214 1422 simul
1243 1380 1371 1421 cum
1399 1364 1531 1419 Ario
1558 1365 2011 1419 excommunica-

432 1469 510 1522 vit
538 1465 864 1522 Alexander.
896 1460 1016 1516 Non
1058 1468 1143 1516 est
1184 1459 1352 1531 igitur
1372 1458 1507 1514 adeo
1541 1457 1647 1512 ﬁde
1678 1458 1877 1529 dignus
1903 1456 2014 1510 Eu-

433 1559 672 1631 tychius,
699 1564 761 1611 ut
788 1555 838 1611 ei
868 1563 964 1608 aut
1015 1551 1141 1618 soli,
1185 1552 1282 1607 au‘t
1323 1551 1503 1621 primo
1554 1549 1719 1620 hujus
1767 1549 2013 1605 historia

434 1649 708 1705 conditori
744 1646 1058 1703 credamus.

2110 450 2485 505 Alexandrino
2530 450 2758 519 intelligi
2802 450 3002 505 debere
3040 452 3192 506 nullo
3222 452 3389 507 modo
3447 452 3671 509 videtur.

2107 543 2225 598 Non
2266 552 2477 598 tantum
2510 544 2640 613 quia
2669 542 2863 596 titulus
2891 543 2980 598 ille
3008 543 3144 598 nulli
3166 544 3431 614 episcopo
3462 558 3527 598 ea
3565 554 3675 599 ata-

2112 646 2182 703 te,
2215 647 2310 692 aut
2336 635 2588 707 sequenti
2626 636 2829 690 saculo
2856 635 3095 690 tributus
3123 650 3246 691 esse
3268 643 3565 706 appareat:
3591 636 3675 691 sed

2108 737 2162 784 et
2190 729 2335 800 quod
2362 743 2425 782 ea
2457 743 2579 797 qua
2610 727 2677 780 de
2707 725 3022 796 patriarcha
3045 734 3232 781 narrat
3255 727 3555 794 Adrianus,
3580 726 3677 795 epi-

2110 834 2276 888 scopo
2320 816 2692 871 Alexandrino
2737 817 2964 873 minime
3011 818 3356 874 conveniant.
3410 815 3569 884 Cum,
3597 816 3674 871 in-

2109 910 2250 979 quit,
2298 906 2590 977 Ai‘gyptum
2638 909 2866 972 venerit;
2901 908 3144 978 loquitur
3195 907 3363 980 igitur
3389 908 3461 964 de
3494 923 3561 963 eo
3590 908 3674 977 qui

2110 998 2453 1068 Alexandria
2508 997 2759 1052 habitare
2817 1012 2928 1051 non
2980 997 3210 1063 solebat,
3242 997 3341 1053 sed
3392 997 3678 1067 aliquando

2112 1097 2323 1144 tantum
2360 1087 2653 1159 Egyptum
2692 1088 2863 1154 adire,
2919 1096 3105 1156 utpote
3130 1088 3227 1158 qui
3278 1088 3337 1142 in
3363 1088 3477 1143 alia
3504 1088 3677 1158 aliquit

2111 1182 2333 1252 regione
2366 1182 2587 1235 viveret.
2623 1179 2762 1234 Cum
2796 1180 2937 1234 forte
2968 1179 3262 1251 Egyptum
3298 1189 3534 1250 peteret,
3561 1194 3680 1236 θοα-

2111 1282 2234 1329 ctus
2265 1279 2365 1328 est
2396 1288 2505 1326 non
2536 1280 2751 1326 tantum
2806 1269 3151 1341 Serapidem,
3184 1270 3280 1326 sed
3314 1280 3369 1325 et
3405 1270 3679 1335 Christum

2111 1365 2329 1431 colere;
2354 1364 2421 1417 ab
2450 1364 2737 1432 utriusque
2770 1362 2936 1433 igitur
2979 1364 3127 1417 cultu
3168 1372 3287 1419 erat
3316 1363 3556 1418 alienus.
3587 1362 3679 1416 Mi-

2112 1473 2206 1512 ror
2262 1458 2448 1526 itaque
2494 1456 2752 1525 cuiquam
2806 1457 2859 1508 in
2895 1464 3133 1509 mentem
3180 1455 3368 1511 venire
3420 1456 3680 1527 potuisse,

2113 1550 2231 1605 hac
2261 1549 2328 1603 de
2358 1549 2616 1619 episcOpo
2669 1547 3043 1601 Alexandrino
3095 1547 3240 1602 dicta
3283 1547 3496 1615 fuisse;
3534 1551 3684 1619 quasi

2113 1643 2205 1697 ille
2228 1641 2525 1712 Egyptum
2561 1639 2855 1710 aliquando
2882 1648 3095 1694 tantum
3121 1649 3349 1710 peteret,
3376 1650 3433 1696 et
3464 1658 3591 1697 cum
3617 1642 3689 1698 ibt

504 1739 828 1810 Respondeo
859 1737 1041 1804 tertio,
1070 1735 1232 1806 plane
1279 1735 1595 1792 incredibile
1615 1750 1757 1802 esse,
1784 1743 1847 1790 ut
1872 1734 2007 1789 vnul-
2038 1722 2081 1777 Β
2110 1742 2275 1802 esset,
2304 1734 2586 1789 Christum
2615 1734 2795 1789 colere
2830 1739 3154 1804 cogeretur;
3204 1735 3520 1804 prasertim
3567 1750 3686 1791 cum

434 1833 521 1887 lus
550 1831 715 1886 fuerit
738 1831 794 1889 in
838 1837 951 1885 tcta
990 1827 1236 1899 JEgypto
1282 1829 1574 1898 episcopus
1602 1835 1801 1896 prater
1826 1825 2005 1881 solum

433 1922 886 1988 Alexandrinum,
934 1931 1061 1976 ante
1108 1918 1367 1975 Demetrii
1422 1919 1854 1989 patriarchatum
1892 1936 1907 1985 ;
1952 1926 2007 1972 et

434 2015 791 2071 assertionem
842 2012 1173 2069 contrariam
1202 2028 1268 2067 ex
1288 2010 1520 2080 'optimis
1546 2010 1790 2065 historia
1810 2024 2007 2063 monu-

432 2107 633 2162 mentis
662 2103 1031 2160 demonstrari
1066 2116 1249 2172 posse.
1305 2100 1521 2169 Scripta
1562 2107 1646 2154 est
1675 2097 1908 2168 epistola
1937 2096 2007 2150 ab

433 2193 674 2248 Adriano
705 2193 1033 2262 imperatore
1055 2190 1122 2243 ad
1151 2187 1474 2243 Servianum
1523 2187 1804 2243 consulem
1858 2186 2007 2240 circa

434 2302 486 2338 ιι.
526 2285 590 2340 D.
616 2284 722 2339 152
754 2284 1037 2354 sexaginta
1079 2280 1250 2337 ferme
1302 2282 1461 2337 annis
1494 2288 1785 2350 antequam
1833 2278 2009 2333 factus

434 2387 522 2431 est
567 2378 875 2448 patriarcha
909 2375 1248 2429 Demetrius:
1282 2389 1388 2427 non
1414 2373 1556 2428 enim
1590 2372 1678 2427 ille
1716 2371 2009 2442 episcopus

440 2466 617 2522 factus
642 2475 726 2522 est
793 2480 846 2521 a.
880 2465 944 2520 D.
973 2466 1166 2523 l75.ut
1186 2464 1415 2519 immani
1458 2464 1882 2534 prochronismo
1912 2461 2012 2517 do-

436 2568 525 2613 cet
547 2556 853 2611 Salmasius
882 2557 936 2610 in
961 2556 1271 2627 Apparatu;
1303 2555 1394 2610 sed
1432 2571 1577 2610 anno
1603 2555 1892 2610 Commodi
1917 2555 2011 2609 de-

437 2646 601 2713 cimo,
629 2657 688 2701 ut
717 2647 879 2702 refert
903 2645 1172 2702 Eusebius
1198 2646 1257 2701 in
1324 2642 1603 2709 Chronico,
1654 2645 1798 2700 circa
1856 2656 1909 2697 a.
1945 2643 2007 2696 Ι).

440 2739 567 2796 190.
616 2737 771 2793 lianc
790 2736 990 2793 Latine
1030 2740 1289 2808 scriptam
1340 2737 1580 2808 Phlegon
1623 2736 1859 2792 libertus
1888 2736 2011 2806 ejus

435 2831 806 2896 conservavit,
852 2840 907 2885 et
956 2828 1177 2885 Flavius
1210 2828 1481 2898 Vopiscus
1531 2846 1596 2885 ex
1629 2845 1695 2885 eo
1736 2830 2010 2886 transcri-

436 2924 568 2995 psit,
601 2931 661 2977 ut
694 2922 808 2991 ipse
840 2920 1006 2976 refert
1037 2921 1090 2975 in
1127 2920 1247 2977 Vita
1277 2918 1571 2978 Saturnini.
1600 2919 1775 2991 Hujus
1804 2921 2015 2992 episto-

2105 1838 2399 1897 utrumque
2439 1825 2753 1881 Judaorum
2786 1826 3111 1895 patriarcha
3146 1842 3211 1882 ea
3256 1834 3420 1880 atate
3470 1827 3688 1882 notissi-

2106 1930 2330 1977 motam
2371 1919 2539 1989 probe
2582 1918 2892 1973 conveniat.
2948 1916 3263 1972 Judaorum
3313 1917 3685 1986 patriarchau.

2106 2011 2371 2081 intelligo,
2395 2009 2489 2079 qui
2516 2009 2569 2063 in
2593 2007 2883 2062 Palaestina
2920 2008 3155 2075 vivebat,
3185 2024 3291 2063 non
3332 2010 3429 2074 qui
3448 2010 3686 2064 Alexan-

2107 2105 2239 2160 dria
2267 2102 2591 2158 constitutus
2622 2099 2743 2165 fuit,
2781 2110 2839 2154 ut
2862 2101 3128 2171 putabant
3172 2099 3385 2156 Petitus
3408 2111 3467 2156 et
3494 2101 3685 2157 Petrus

2109 2213 2141 2253 a
2168 2195 2371 2251 Marca.
2404 2195 2480 2250 De
2524 2210 2633 2264 quo
2674 2194 2917 2263 loquitur
2960 2193 3225 2264 Origenes
3254 2193 3394 2264 Περὶ
3417 2193 3626 2265 ἀρχῶν,
3654 2194 3689 2247 l.

2110 2304 2186 2356 ιν,
2221 2305 2270 2345 c.
2302 2290 2326 2342 1
2353 2306 2366 2341 :
2401 2287 2595 2341 Dicunt
2627 2301 2931 2356 permanere
2961 2285 3132 2338 adhuc
3175 2284 3469 2354 principem
3511 2301 3577 2339 ea:
3603 2302 3687 2355 gs-

2109 2400 2231 2438 nere
2270 2381 2449 2447 Judaa,
2496 2381 2681 2447 istaut,
2737 2378 2996 2445 videlicet,
3054 2378 3143 2448 qui
3183 2388 3261 2431 est
3291 2378 3465 2448 gentis
3516 2395 3691 2432 eorum

2109 2478 2373 2547 princeps,
2404 2490 2554 2546 quem
2587 2473 2860 2527 nominant
2913 2470 3294 2541 patriarcham.
3321 2470 3600 2541 Loquitur
3627 2471 3693 2526 de

2111 2586 2172 2625 re
2203 2570 2329 2639 ipsi,
2355 2584 2479 2624 cum
2521 2564 2925 2620 Alexandrinus
2966 2573 3134 2628 esset,
3162 2579 3270 2617 non
3309 2563 3689 2632 incomperta;

2112 2670 2168 2717 et
2194 2660 2564 2732 patriarcham
2612 2671 2723 2711 non
2757 2655 2889 2710 huic
2920 2663 3017 2710 aut
3046 2654 3124 2708 illi
3162 2654 3376 2724 regioni
3422 2655 3690 2724 praposi-

2113 2760 2253 2817 tum,
2285 2750 2377 2804 sed
2412 2748 2576 2803 totius
2605 2745 2780 2818 gentis
2803 2742 3109 2815 principem
3140 2743 3425 2798 describit.
3461 2743 3565 2800 Hie
3591 2745 3692 2814 igi-

2114 2850 2205 2897 tur
2250 2842 2294 2896 si
2344 2840 2480 2895 l'orte
2529 2839 2824 2909 Egyptum
2892 2835 3123 2902 veniret,
3175 2844 3229 2890 et
3277 2834 3603 2905 Serapidem
3640 2847 3695 2891 et

2114 2930 2390 2985 Christum
2425 2931 2602 2985 colere
2619 2932 2931 3001 cogebatur.
2957 2928 3275 2984 Patriarcha
3303 2927 3474 2996 igitur
3502 2927 3695 2982 Adria-

437 3018 503 3072 la
553 3016 720 3071 verba
766 3024 929 3069 sunt:
976 3007 1292 3084 Egyptum,
1340 3031 1497 3085 quam
1546 3015 1676 3067 mihi
1726 3013 2010 3079 laudabas,
2041 3056 2082 3114 ο
2116 3020 2171 3073 ui
2196 3035 2319 3073 cum
2354 3020 2798 3091 archisynagogis
2825 3019 3135 3075 Judaorum
3180 3017 3572 3089 proculdubio
3594 3032 3696 3071 nu-

437 3106 688 3164 Serviane
727 3105 1059 3172 charissime,
1093 3116 1258 3159 totam
1291 3107 1457 3159 didici
1485 3107 1664 3169 levem,
1703 3104 2011 3174 pendulam,

437 3211 485 3253 et
516 3198 583 3251 ad
607 3197 786 3251 omnia
818 3195 977 3265 fama?
996 3206 1256 3249 momenta
1274 3196 1597 3249 volitantem.
1621 3192 1714 3248 Illi
1735 3198 1827 3265 qui
1851 3191 2013 3248 Sera-

435 3288 527 3355 pin
555 3283 755 3346 colunt,
783 3280 1080 3337 Christiani
1111 3292 1269 3337 sunt:
1294 3293 1341 3337 et
1372 3283 1545 3337 decoti
1566 3298 1685 3336 sunt
1717 3282 1903 3354 Serapi
1924 3284 2012 3355 qui

434 3392 490 3429 se
519 3373 722 3429 Christi
746 3376 1015 3445 episcopos
1057 3374 1263 3430 dicunt.
1302 3374 1470 3429 Nemo
1498 3376 1611 3429 illic
1633 3366 2012 3447 archisynago-

434 3485 531 3539 qus
552 3466 885 3533 Judamrum,
911 3484 1058 3522 nemo
1078 3466 1386 3535 Santaritis,
1410 3484 1560 3522 nemo
1584 3464 2012 3523 Christianorum

430 3560 721 3631 presbyter,
740 3576 839 3613 non
859 3560 1283 3627 mathematicus,
1300 3576 1400 3612 non
1418 3576 1666 3629 aruspex,
1687 3575 1787 3613 non
1801 3560 2010 3630 aliptes.

435 3648 557 3722 Ipse
572 3652 665 3709 ille
680 3652 987 3722 patriarcha
1004 3668 1121 3704 cum
1140 3649 1434 3722 Egyptum
1458 3653 1671 3719 venerit,
1685 3652 1747 3705 ab
1771 3652 1893 3707 aliis
1918 3651 2013 3708 Se-

434 3745 672 3815 rapidem
696 3744 942 3807 adorare,
971 3744 1034 3795 ab
1053 3744 1175 3796 aliis
1201 3745 1408 3814 cogitur
1423 3742 1715 3798 Christum.
1742 3744 2014 3803 Habemus

436 3836 526 3890 hic
559 3834 954 3904 patriarcham,
995 3833 1200 3888 Christi
1253 3835 1566 3904 episcopos,
1594 3843 1649 3889 et
1675 3834 2014 3890 Christiano-

435 3942 559 3981 rum
599 3925 967 3996 presbyteros.
1000 3924 1068 3978 Et
1096 3925 1463 3995 patriarcham
1508 3926 1726 3995 quidem
1756 3942 1861 3980 nou
1892 3936 2014 3980 tan-

437 4030 554 4074 tum
588 4018 970 4083 Casaubonus,
1024 4019 1117 4073 sed
1171 4028 1226 4073 et
1266 4016 1571 4073 Salmasius
1620 4035 1720 4089 pro
1757 4021 2012 4090 episcopo

438 4108 810 4161 Alexandrino
838 4107 1021 4160 habet.
1056 4103 1138 4158 En
1182 4106 1503 4176 episcopum,
1558 4105 1736 4176 inquit
1761 4107 1868 4170 ille,
1898 4106 2016 4160 Ale-

436 4200 761 4253 xandrinum
795 4198 1021 4252 Adriani
1046 4197 1361 4267 temporibus
1386 4198 1751 4268 patriarcham
1769 4200 1969 4253 dictum
1988 4203 2014 4257 Ξ)

442 4291 567 4347 Νυη
596 4291 760 4362 igitur
791 4298 899 4344 tam
936 4307 1112 4344 recens
1135 4299 1212 4343 est
1240 4291 1564 4360 patriarcha:
1609 4308 1794 4346 nomen
1829 4293 1885 4347 in
1909 4291 2013 4346 Ec-

2118 3108 2412 3163 nierandus
2440 3118 2542 3162 est.
2576 3106 2777 3163 Christi
2822 3118 3001 3163 autem
3030 3106 3296 3178 episcopi,
3342 3115 3399 3160 et
3430 3106 3698 3161 Christia-

2117 3216 2315 3255 norum
2354 3201 2656 3271 presbyteri
2688 3202 2755 3255 ad
2779 3199 3081 3256 Ecclesiam
3110 3198 3499 3270 JEgyptiacam
3530 3199 3699 3269 perti-

2116 3290 2337 3345 nebant.
2369 3286 2434 3342 Et
2461 3297 2605 3344 recte
2638 3291 2779 3345 inter
2807 3305 3029 3359 sparsos
3066 3290 3132 3343 ad
3158 3289 3250 3358 j'us
3279 3286 3695 3343 Justiniaueum

2114 3382 2276 3437 ﬂores
2323 3382 2573 3437 observat
2612 3380 2767 3453 Hugo
2799 3381 3060 3437 Grotius:
3100 3381 3390 3452 Episcopos
3431 3380 3699 3435 Christia-

2114 3490 2207 3529 nos
2241 3492 2271 3527 a
2299 3474 2612 3543 presbyteris
2656 3475 2936 3545 distinguit
2978 3473 3248 3526 Adrianus
3300 3474 3619 3543 imperator,
3640 3473 3697 3525 in

2112 3565 2335 3638 epistola
2378 3582 2496 3638 qua:
2542 3576 2619 3621 est
2678 3565 2818 3636 apud
2883 3562 3159 3635 Vopiscum
3226 3563 3545 3619 Saturnino.
3609 3565 3695 3618 Au

2114 3660 2260 3714 enim
2292 3659 2359 3714 de
2390 3659 2499 3714 illis
2539 3659 2614 3713 ita
2640 3658 2957 3729 loqueretur
2985 3657 3281 3725 Adrianus,
3310 3656 3364 3744 si
3385 3657 3697 3728 presbyteri

2116 3752 2215 3808 soli
2270 3752 2324 3806 in
2360 3750 2599 3822 JEgypto
2651 3760 2782 3806 tunc
2840 3750 3103 3820 temporis
3136 3748 3395 3815 fuissent,
3449 3749 3699 3820 episcopi

2116 3846 2251 3900 nulli
2266 3846 2289 3899 ?
2304 3845 2501 3899 Mirum
2528 3844 2930 3915 subterlugium
2954 3854 3037 3900 est
3050 3859 3161 3915 quo
3183 3844 3359 3899 utitur
3382 3842 3661 3900 Seldcuus
3676 3864 3697 3899 ς

2118 3934 2239 3989 Non
2266 3943 2373 3988 tam
2400 3934 2464 3989 de
2493 3936 2771 4005 episcopis,
2808 3950 2966 4005 quam
3009 3935 3073 3988 de
3111 3935 3186 3989 eis
3221 3934 3311 4005 qui
3339 3950 3395 3988 se
3422 3935 3701 4004 episcopos

2114 4026 2188 4079 ibi
2218 4024 2418 4091 dixere,
2453 4024 2688 4095 loquitur
2736 4024 3043 4089 Adrianus;
3075 4026 3233 4095 quasi
3258 4025 3354 4095 qui
3386 4042 3447 4083 se
3476 4026 3705 4096 episco-

2115 4132 2214 4188 pos
2242 4116 2451 4186 dixere,
2478 4117 2719 4187 episcopi
2759 4132 2870 4173 non
2917 4126 3120 4172 essent.
3172 4116 3290 4171 Non
3316 4133 3415 4174 eos
3444 4128 3707 4191 accusat,

2115 4208 2263 4279 quod
2292 4224 2492 4265 nomen
2524 4209 2871 4275 simularent,
2892 4216 2995 4263 aut
3023 4209 3207 4263 ﬁctum
3242 4209 3349 4265 sibi
3371 4223 3701 4279 sumerent;

2117 4302 2212 4358 sed
2244 4302 2391 4372 quod
2418 4301 2733 4372 religionem
2764 4301 3075 4371 proderent,
3100 4302 3248 4371 quod
3289 4301 3520 4373 Serapin
3548 4306 3705 4359 cole-

439 4386 602 4440 ειεδία
647 4383 976 4448 (ῙῙινίδιίαηαν
1011 4398 1169 4452 quam
1218 4382 1433 4452 quidam
1474 4383 1638 4437 υίάενὶ
1666 4383 1865 4448 votum.
1896 4385 2014 4452 qui-
2045 4391 2090 4446 D
2123 4401 2259 4458 rent,
2288 4392 2382 4461 qui
2431 4407 2490 4447 se
2530 4406 2639 4446 non
2668 4390 2991 4462 simpliciter
3020 4392 3328 4461 episcopos,
3360 4395 3455 4448 sed
3480 4393 3706 4449 Christi

440 4479 533 4531 bus
560 4476 729 4546 placet
755 4492 846 4529 nec
875 4472 927 4527 Ν
932 4475 1086 4528 icami
1108 4473 1269 4544 primi
1300 4473 1512 4527 concilii
1536 4482 1689 4540 aetas,
1724 4483 1873 4528 tanto
1897 4485 2014 4543 post

439 4567 738 4622 Adrianum
762 4565 1062 4633 intervallo,
1094 4566 1357 4620 usitatum
1402 4565 1540 4619 illud
1571 4567 1709 4619 inter
1751 4562 2015 4620 Christia-

444 4680 536 4717 nos
568 4663 732 4732 fuisse
748 4678 841 4731 pro
870 4678 927 4714 eo
954 4661 1044 4731 qui
1078 4662 1177 4715 toti
1210 4660 1421 4715 diceeesi
1469 4669 1718 4730 praeerat,
1753 4671 1801 4715 et
1833 4661 2016 4716 dimac-

439 4772 555 4809 seos
580 4755 836 4809 exarabas
865 4754 1156 4808 dicebatur.
1190 4752 1332 4820 Quos
1374 4754 1504 4808 alibi
1550 4754 1829 4823 refellam;
1856 4766 1903 4810 et
1928 4772 2015 4809 sa-

445 4846 514 4898 tis
543 4847 625 4897 hic
647 4845 791 4898 locus
830 4844 1091 4912 confutet.
1124 4841 1411 4909 Quomodo
1459 4844 1769 4914 prastiterit
1826 4852 2013 4915 postea

442 4935 497 4990 i'd
530 4935 673 5004 quod
709 4935 812 4989 hoc
842 4933 962 4988 loco
988 4934 1283 5004 promittit,
1319 4934 1441 4989 aliis
1486 4934 1902 5005 disquirendum
1928 4950 2015 4989 re-

443 5028 652 5097 linquo.
694 5025 861 5080 Certe
905 5026 1044 5081 libro
1073 5025 1149 5080 De
1171 5027 1409 5097 primatu
1439 5043 1610 5097 papw,
1665 5043 1783 5098 cap.
1818 5029 1872 5093 4,
1914 5043 2014 5081 ηο-

443 5136 567 5174 men
593 5119 914 5189 patriarchae
946 5118 1125 5173 adhuc
1160 5118 1378 5184 retinet,
1410 5119 1477 5173 de
1526 5118 1764 5172 exarcho
1812 5118 2013 5188 dioece-

444 5228 566 5267 seos
598 5212 775 5275 aliter,
823 5212 1038 5281 Opinor,
1089 5212 1273 5268 sentit.
1313 5209 1374 5266 Si
1410 5211 1526 5280 quis
1557 5210 1871 5279 patriarcha
1904 5221 2013 5263 tum

442 5315 657 5359 vocatus
710 5312 808 5369 est,
860 5314 918 5356 ut
972 5306 1035 5357 de
1078 5306 1318 5374 episcopo
1371 5302 1737 5358 Alexandrino
1781 5312 2011 5365 constat,

441 5412 593 5467 quem
623 5396 849 5450 Adriani
880 5397 1214 5465 imperatoris
1266 5410 1375 5448 avo
1411 5395 1489 5447 sic
1530 5392 1851 5462 appellatum
1903 5394 2014 5461 epi-

443 5486 578 5537 stola
606 5486 717 5549 eius
747 5487 975 5539 ostendit
1001 5487 1055 5539 in
1075 5484 1356 5539 Saturnini
1383 5482 1505 5537 Vita
1525 5500 1556 5536 a
1581 5481 1766 5536 Flavio
1795 5481 2013 5551 Vopisco

444 5576 638 5643 posita,
667 5592 768 5628 non
799 5590 913 5629 eam
941 5593 1033 5645 per
1057 5576 1193 5629 illud
1232 5586 1433 5645 tempus
1472 5574 1717 5626 habuisse
1741 5572 2013 5641 signiﬁca-

446 5666 635 5719 tionem
668 5679 862 5721 certum
885 5675 984 5732 est,
1028 5682 1185 5733 quam
1229 5664 1411 5720 habuit
1441 5671 1645 5734 postea.
1687 5661 1821 5718 Mihi
1860 5676 2012 5731 vero,

2115 4482 2401 4551 episcopos
2428 4479 2691 4547 dicerent,
2721 4481 2965 4551 adeoque
3014 4481 3346 4537 Christiana
3399 4483 3705 4554 religionis

2115 4587 2303 4628 curam
2326 4572 2430 4627 sibi
2452 4573 2631 4641 primo
2672 4573 2791 4628 loco
2822 4572 3191 4640 vindicarent;
3219 4574 3365 4643 quod
3401 4589 3529 4628 cum
3554 4573 3708 4627 alia-

2115 4680 2238 4718 rum
2278 4663 2647 4719 Ecclesiarum
2695 4665 2934 4735 episcopi
2988 4664 3057 4720 ad
3105 4666 3529 4721 sacriﬁcandum
3577 4666 3701 4721 diis

2116 4756 2396 4827 gentilium
2420 4756 2539 4827 cogi
2570 4755 2722 4810 nullo
2759 4755 2921 4810 modo
2960 4764 3208 4825 possent,
3243 4756 3320 4810 illi
3360 4757 3431 4812 ob
3454 4756 3702 4811 insitam

2116 4847 2261 4916 genti
2306 4847 2578 4901 levitatem
2629 4845 2875 4916 Serapim
2913 4846 3226 4903 adorarent.
3280 4847 3360 4903 De
3413 4848 3709 4918 episcOpis

2115 4936 2278 5006 igitur
2307 4935 2549 5007 loquitur
2589 4935 2900 4992 Adrianus:
2939 4934 3121 5007 Neque
3161 4948 3335 4991 autem
3360 4938 3480 4991 hinc
3510 4941 3707 5008 sequi.

2117 5037 2226 5092 tur,
2279 5027 2578 5095 episcopum
2620 5028 2693 5080 ibi
2744 5026 2910 5095 fuisse
2961 5035 3083 5081 tunc
3107 5028 3337 5098 aliquem
3366 5038 3564 5099 prater
3588 5046 3701 5099 ριν

2117 5118 2405 5173 triarcham
2436 5117 2622 5184 alium,
2670 5134 2776 5188 qua
2806 5119 3036 5188 episcopi
3085 5136 3270 5173 nomen
3315 5130 3409 5173 aut
3447 5120 3706 5191 dignitas

2112 5208 2399 5278 presbyteri
2424 5209 2631 5262 nomine
2654 5210 2900 5277 superius
2940 5209 3197 5277 habitum,
3224 5220 3315 5264 aut
3342 5212 3408 5265 ab
3428 5228 3490 5266 eo
3518 5212 3708 5265 diuer-

2114 5314 2253 5365 sum,
2279 5298 2456 5367 inquit
2476 5298 2583 5352 ille.
2612 5297 2780 5365 Quasi
2802 5315 2932 5356 vero
2955 5301 3227 5358 Adrianus
3263 5303 3591 5374 cognoverit
3631 5304 3706 5356 il-

2114 5389 2207 5443 lud
2237 5402 2519 5454 arcanum,
2556 5390 2702 5459 quod
2752 5393 2840 5447 isti
2885 5401 3168 5462 tantopere
3212 5395 3514 5458 venditant,
3582 5394 3707 5449 ali-

2114 5478 2332 5549 quando
2379 5479 2581 5533 eisdem
2631 5484 2816 5537 vocari
2868 5483 3157 5554 episcopos
3197 5495 3253 5540 et
3297 5487 3703 5558 presbyteros:

2114 5570 2271 5641 quasi
2304 5570 2395 5625 ille
2421 5573 2795 5641 apostolorum
2840 5576 3293 5631 consuetudinem
3337 5588 3703 5647 sequeretur,

2113 5670 2166 5720 et
2187 5662 2342 5721 aliter
2362 5679 2454 5723 eas
2479 5681 2640 5723 voces
2673 5668 2941 5737 acceperit
2985 5683 3051 5726 ac
3085 5669 3247 5735 vulgo
3285 5669 3539 5727 homines
3568 5679 3708 5725 tum
