3770 6312
84 278 163 330 257
718 266 770 322 J.
809 266 1175 322 PEARSUMI
1203 265 1525 321 VINDICM‘I
1548 264 1971 322 lGNATlANrE.
2010 296 2079 307 -ο
2119 266 2300 322 PARS
2338 267 2385 322 1.

3166 275 3266 333 238

81 391 215 448 locuti
236 402 369 445 sunt.
397 388 550 444 Certe
578 386 854 443 Adrianus
880 386 1169 457 episcopos
1199 400 1229 440 a
1256 386 1587 457 presbyteris
1615 390 1662 445 Α
1692 385 1852 449 solet,
1888 386 2002 441 haec
2025 388 2161 442 mire
2189 389 2256 443 ad
2302 404 2419 444 rem
2456 404 2613 444 suam
2641 392 3095 453 accommodavit.
3125 394 3264 453 Nam

80 494 229 554 aperte
249 480 536 550 distinguit,
564 479 895 549 eosdemque
929 479 1240 548 superiores
1288 476 1437 533 facit.
1466 475 1589 531 Pri-

80 590 149 629 mo
174 574 279 627 loco
315 570 507 625 Christi
543 570 831 639 episcopos
878 569 1146 635 nominat,
1194 578 1401 623 etcum
1432 567 1591 623 Chri-

78 669 267 730 stianos,
295 672 399 716 tum
429 663 589 717 etiam
618 662 761 726 illos,
784 661 966 731 quasi,
989 661 1216 726 scilicet,
1246 660 1591 715 Christiano-

78 775 176 815 rum
218 754 490 827 principes,
540 751 733 822 Serapi
780 753 1006 808 devotos
1050 766 1173 808 esse
1210 751 1374 807 dicit:
1403 760 1595 821 postea

80 852 375 923 presbyteros
419 846 688 911 nominat,
716 860 925 914 eosque
950 844 1108 915 quasi
1159 843 1469 909 inferiores,
1496 854 1593 899 aut

80 921 193 998 inter
205 921 464 1009 aruspices
487 946 540 994 et
574 938 770 1007 aliptas
794 946 1067 996 numerat.
1096 944 1191 990 aut
1231 936 1512 1005 aruspices
1540 947 1594 989 et

80 1036 240 1105 aliptas
280 1030 447 1097 facit;
487 1044 609 1099 qua:
657 1028 844 1083 omnia
898 1028 1307 1083 distinctionem
1363 1026 1594 1081 manife-

80 1136 192 1181 stam
216 1134 263 1179 et
294 1122 651 1194 imparitatem
702 1128 923 1187 sonant,
992 1119 1343 1190 episc0pique
1392 1133 1592 1172 nomen

79 1236 163 1275 non
194 1226 383 1273 tantum
410 1232 441 1270 a
464 1215 683 1271 nomine
710 1213 1012 1285 presbyteri
1040 1212 1380 1279 distinctum,
1414 1212 1508 1268 sed
1540 1218 1596 1266 et

80 1310 286 1381 superius
312 1308 552 1363 habiturn
574 1308 889 1363 ostendunt.

134 1402 191 1457 Ut
214 1402 443 1457 omittam
464 1415 528 1455 ea
551 1415 673 1469 quae
695 1399 760 1452 de
784 1397 1096 1468 episcopatu
1125 1395 1467 1468 Egyptiaco,
1485 1409 1596 1466 quo

80 1504 180 1551 ante
203 1493 469 1565 epistolam
500 1491 724 1545 Adriani
744 1490 949 1546 excidit
972 1488 1320 1555 Valentinus,
1344 1496 1398 1543 et
1418 1503 1597 1559 parm-

79 1588 173 1651 ciis,
198 1586 379 1656 quibus
409 1581 701 1653 praefectus
737 1580 973 1637 Eusebio
1021 1580 1224 1635 dicitur
1263 1578 1593 1646 Demetrius,

80 1678 367 1732 tradiderunt
396 1672 771 1728 Hammondus
795 1682 850 1727 et
870 1670 1259 1737 Thorndicius,
1280 1678 1487 1725 certum
1512 1675 1597 1724 est

1694 476 1750 530 in
1801 477 2081 533 Addendis
2110 479 2179 534 ad
2208 495 2334 550 pag.
2384 480 2511 548 l99,
2551 482 2591 536 l.
2644 498 2739 537 vni
2807 482 3085 555 Apologia:
3123 503 3265 544 suae:

1694 568 1945 634 Ascribe,
1995 569 2207 641 inquit,
2259 571 2537 643 Origenem
2583 576 3006 647 presbyterorum
3059 580 3271 638 decreto

1692 659 1905 729 pulsum
1938 662 2097 732 refert
2122 662 2347 719 Photius
2374 665 2491 719 cod.
2515 664 2644 721 9.97.
2671 666 2776 724 Tot
2802 670 3022 741 quidem
3052 673 3269 731 codices

1693 748 1922 808 Photius
1967 768 2075 807 non
2128 754 2321 823 habet;
2372 756 2468 811 sed
2521 756 2658 823 haec,
2705 760 2825 815 sine
2867 766 3268 833 controversia,

1698 841 1861 897 verba
1880 842 2124 912 respexit
2152 860 2275 914 qua:
2304 860 2429 915 pag.
2450 845 2557 900 297
2580 846 2850 903 habentur
2874 866 2887 901 :
2922 851 2986 903 Ἦ
3017 851 3073 904 δὲ
3116 851 3271 925 [Σύν-

1693 932 1834 1005 οδος]
1863 933 2188 1006 ψηφίζεται,
2220 938 2452 1007 synodus
2474 937 2739 992 decretum
2765 941 2918 1010 facit,
2945 943 3124 1014 inquit
3156 945 3268 1001 Eu-

1696 1024 1883 1080 sebius
1926 1026 2070 1097 apud
2120 1026 2379 1083 Photium
2403 1069 2419 1094 ,
2458 1030 2697 1101 synodus
2742 1036 3145 1105 episcoporum,
3180 1037 3271 1094 cui

1697 1117 2065 1174 interfuerunt
2102 1120 2311 1192 aliquot
2348 1122 2671 1194 presbyteri.
2713 1123 2829 1180 Hoc
2871 1136 3053 1183 autem
3083 1128 3272 1184 decre-

1700 1220 1814 1266 tum
1847 1212 2064 1282 synodi,
2098 1214 2187 1267 cui
2226 1213 2557 1284 praesidebat
2597 1213 2932 1284 Demetrius,
2964 1228 3019 1272 et
3060 1218 3116 1272 in
3161 1235 3270 1290 qua

1696 1311 1778 1358 tot
1799 1304 2061 1358 sedebant
2091 1305 2357 1374 episcopi,
2390 1305 2714 1375 simpliciter
2736 1306 3015 1362 decretum
3046 1310 3285 1381 preshyr

1696 1404 1938 1450 terorum
1985 1397 2092 1451 dici
2139 1398 2265 1468 quis
2306 1396 2485 1452 ferat?
2517 1397 2573 1453 Si
2615 1407 2728 1454 tres
2768 1399 3011 1471 episcopi
3057 1411 3271 1456 tantum

1697 1502 1822 1541 cum
1843 1485 2120 1542 Demetrio
2142 1487 2551 1556 convenissent,
2577 1498 2670 1543 aut
2686 1488 2976 1556 Eusebius,
2999 1500 3093 1546 aut
3112 1490 3274 1545 Pam-

1698 1577 1882 1649 philus
1922 1580 2190 1651 synodum
2248 1580 2576 1651 appellasset
2620 1580 3044 1651 episcoporum?
3091 1598 3273 1637 nonne

1700 1667 1906 1737 aliquid
1951 1683 2017 1723 ex
2060 1684 2125 1723 ea
2171 1670 2443 1739 paucitate
2480 1670 2865 1740 episcoporum
2894 1671 2962 1725 ad
3002 1672 3275 1727 defensio-

78 1782 219 1839 neque
239 1766 431 1822 Graecis
458 1779 637 1835 neque
667 1762 880 1818 Latinis
913 1770 1098 1817 notam
1135 1760 1306 1816 fuisse
1344 1760 1597 1815 traditio-
1629 1752 1673 1807 Β
1702 1772 1825 1811 nem
1857 1754 2109 1829 Origcnis
2134 1760 2395 1815 traxisset
2417 1759 2725 1816 Eusebius?
2752 1761 2889 1816 Cum
2915 1764 3273 1833 posteriorem

80 1875 174 1913 nem
201 1859 333 1913 illam
365 1858 430 1912 de
458 1856 730 1926 episcopis
757 1855 810 1909 in
846 1852 1083 1925 [Egypto
1111 1868 1141 1907 a
1181 1852 1453 1907 Demetrio
1484 1851 1598 1921 pri-

80 1967 196 2005 mum
239 1949 412 2005 factis.
460 1948 657 2003 Exstat
706 1946 943 2000 Evaristi
990 1945 1212 2001 nomine
1259 1945 1489 2015 epistola
1529 1944 1599 1999 ad

80 2059 231 2099 omnes
264 2059 353 2113 per
390 2042 686 2113 Egyptum
737 2038 957 2101 fratres,
1009 2038 1112 2093 hoc
1142 2046 1227 2093 est
1276 2039 1595 2108 episcopos;

80 2137 295 2207 largimur
314 2136 556 2206 quidem,
575 2134 716 2188 hanc
742 2131 1029 2201 epistolam
1052 2129 1288 2184 Evaristi
1310 2144 1420 2185 non
1440 2143 1597 2195 esse;

80 2230 152 2283 sed
184 2238 234 2285 ut
257 2239 308 2283 et
326 2227 625 2283 adversarii
659 2226 959 2296 largiantur
998 2238 1224 2279 necesse
1263 2232 1369 2289 est,
1406 2230 1598 2277 aucto-

81 2336 165 2373 rem
207 2320 435 2390 epistola:
485 2318 673 2389 plures
721 2315 1006 2386 episcopos
1057 2312 1292 2368 Evaristi
1337 2321 1494 2367 aetate
1542 2312 1600 2367 in

82 2410 273 2481 [Ἐπριο
301 2410 468 2465 fuisse
500 2410 780 2480 opinatum
815 2422 956 2461 esse.
981 2406 1309 2474 ,Leonidem,
1345 2402 1599 2475 Origenis

82 2499 253 2555 Patrem
282 2500 379 2556 sub
406 2500 565 2555 initio
591 2498 849 2554 Demetrii
878 2496 1048 2553 fuisse
1076 2494 1427 2550 crediderunt
1455 2509 1600 2549 non-

80 2593 201 2646 nulli.
230 2591 297 2647 ita
320 2600 461 2655 certe
502 2591 700 2647 Suidas
731 2606 799 2645 ex
837 2597 1081 2645 veterum
1114 2586 1298 2655 aliquo
1330 2604 1343 2640 :
1395 2586 1603 2658 Ὠριγέ-

80 2701 155 2754 vr;
185 2685 432 2756 Λεωνίδην
476 2680 593 2755 εἶχε
633 2682 842 2754 πατέρα
872 2681 1166 2735 ἐπίσκοπον
1202 2678 1296 2731 καὶ
1327 2679 1597 2751 μάρτυρα.

81 2776 193 2830 idem
216 2777 363 2831 etiam
396 2786 628 2833 testatur
651 2774 1117 2843 Chronograpbus
1140 2771 1279 2839 Joel,
1307 2772 1375 2827 de
1401 2772 1602 2827 Severo

83 2868 359 2939 imperatore
405 2885 624 2941 agens:
668 2868 783 2937 Ἐφ’
818 2858 878 2919 οὗ
927 2866 1197 2936 Λεωνίδης
1238 2868 1266 2919 ὁ
1303 2864 1603 2929 ἐπίσκοπος

80 2961 152 3014 καὶ
176 2961 338 3033 πατὴρ
375 2960 683 3032 Ὠριγένους
710 2957 1078 3030 ἐμαρτύρησε.
1104 2955 1255 3011 Licet
1284 2956 1431 3010 enim
1461 2954 1602 3011 Leo-

82 3054 223 3107 nidem
254 3068 531 3124 nunquam
574 3052 889 3121 episcopum
930 3049 1101 3104 fuisse
1151 3047 1509 3113 crediderim,
1554 3047 1601 3102 is

1700 1850 1993 1920 quemdam
2017 1861 2349 1906 conventum
2379 1852 2661 1920 describit,
2691 1854 2785 1924 qui
2818 1856 3127 1910 sacerdotio
3151 1855 3272 1911 Ori-

1700 1956 1890 2012 genem
1923 1942 2177 2012 privavit,
2218 1943 2365 2015 quod
2398 1945 2553 2015 prius
2590 1946 2643 2000 in
2686 1948 2898 2017 synodo
2926 1947 3131 2003 factum
3164 1967 3272 2004 non

1698 2042 1783 2088 est
1816 2054 1828 2088 :
1873 2033 2009 2086 Ἀλλ’
2039 2034 2133 2102 ὅγε
2166 2037 2474 2107 Δημήτριος
2506 2036 2621 2108 ἅμα
2651 2039 2792 2092 τισὶν
2820 2040 3144 2105 ἐπισκόποις
3180 2043 3272 2095 Αι-

1698 2125 1947 2194 γυπτίοις
1992 2126 2086 2180 καὶ
2129 2126 2231 2197 τῆς
2281 2127 2580 2199 ἱερωσύνης
2626 2128 3003 2202 ἀπεκήρυξεν,
3059 2131 3262 2202 inquit;

1701 2232 1886 2275 nonne
1921 2219 2190 2275 minorem
2230 2236 2521 2275 numerum
2551 2222 2938 2293 episcoporum
2967 2225 3023 2279 in
3053 2226 3257 2296 deposi-

1700 2308 1906 2364 tionem
1946 2311 2067 2381 ejus
2108 2313 2457 2367 consensisse
2491 2313 2710 2367 innuit?
2752 2327 2808 2370 et
2840 2332 2909 2370 an
2948 2319 3274 2386 pauciorum

1700 2413 1864 2468 quam
1894 2400 2059 2453 trium
2089 2400 2477 2470 episcoporum
2510 2401 2945 2473 subscriptiones
2976 2406 3277 2476 accepisset

1701 2486 2048 2545 Demetrius?
2074 2488 2131 2545 Si
2154 2501 2262 2545 tam
2284 2493 2443 2561 pauci
2464 2492 2517 2547 in
2535 2491 2823 2564 Origenem
2840 2498 3275 2566 consensissent,

1700 2580 1849 2650 iique
1864 2596 1896 2635 a
1921 2580 2192 2637 Demetrio
2213 2592 2474 2653 tanquam
2492 2585 2766 2654 auxiliarii
2787 2587 2999 2643 noviter
3018 2589 3274 2654 instituti,

1702 2672 1822 2729 sine
1871 2672 2038 2728 dubio
2079 2671 2340 2745 Origenes
2372 2674 2490 2745 ipse
2526 2675 2594 2730 de
2638 2676 2901 2749 abrogata
2940 2680 3109 2735 veteri
3144 2696 3279 2736 con-

1702 2767 2011 2833 suetudine,
2053 2765 2121 2822 de
2152 2767 2475 2824 auctoritate
2502 2783 2803 2838 paucorum
2832 2772 3278 2843 novitiorumqu:

1701 2858 2084 2928 episcoporum
2127 2858 2466 2929 disputasset
2494 2880 2508 2916 :
2540 2862 2630 2918 ille
2669 2872 2851 2918 autem
2879 2865 2946 2919 de
2978 2867 3137 2921 novis
3166 2882 3275 2920 non

1701 2951 1995 3020 episcopis,
2020 2949 2116 3005 sed
2143 2950 2363 3019 litteris,
2393 2953 2461 3008 de
2490 2954 2869 3023 multitudine,
2903 2972 3010 3011 non
3040 2956 3109 3012 de
3136 2974 3274 3027 pau--
3308 2976 3341 3017 ,-

1704 3042 1870 3097 citate
1897 3056 2109 3109 eorum,
2138 3043 2234 3113 qui
2264 3039 2405 3099 cum'
2436 3042 2710 3101 Demetrio
2747 3048 2798 3101 in
2832 3062 2891 3103 se
2925 3050 3277 3119 conspirave-

82 3154 224 3200 tamen
253 3103 411 3211 certe,
443 3103 699 3215 quisquis
722 3142 824 3197 fuit
844 3184 858 3207 ,
892 3143 984 3211 qui
1029 3128 1265 3211 primum
1302 3140 1455 3195 illum
1484 3139 1601 3210 epi-

1727 3142 1848 3199 ant,
1878 3103 2212 3204 conquestus
2237 3143 2321 3189 est
2355 3150 2368 3186 :
2411 3134 2518 3188 Τοῦ
2550 3135 2747 3208 ἐχθροῦ
2791 3103 3091 3209 πικρότατᾶ
3120 3139 3278 3211 ἡμῶν

82 3255 261 3308 scopum
292 3239 541 3303 tradidit,
570 3235 801 3292 credidit
821 3236 1107 3305 episcopos
1146 3232 1316 3288 fuisse
1352 3233 1409 3287 in
1433 3231 1601 3305 Egy-

1727 3228 2319 3299 ιαταστρατευσαμένου
2365 3227 2453 3281 διὰ
2496 3227 2605 3283 τῶν
2641 3229 2841 3283 καινῶν
2881 3231 3046 3285 αὑτοῦ
3092 3248 3277 3305 γραμ-

80 3340 283 3400 ptoante
327 3329 736 3387 triumviratum
787 3325 1202 3398 Dionysianum.
1254 3324 1417 3381 Notat
1453 3326 1601 3380 enim

1727 3320 1924 3387 ιάτων,
1979 3320 2074 3373 καὶ
2130 3320 2346 3393 ἀληθῶς
2389 3320 2599 3392 ἐχθρῶν
2648 3321 2727 3393 τῷ
2775 3323 3125 3395 Εὑαγγελίῳ,
3183 3324 3278 3379 καὶ

85 3422 303 3479 Seldenus
330 3422 693 3487 Demetrium,
730 3435 1006 3475 summum
1050 3416 1301 3490 Origenis
1347 3417 1603 3473 adversa-

82 3516 212 3583 rium,
233 3526 335 3572 tres
354 3517 485 3583 sibi,
520 3513 711 3585 procul
749 3512 917 3568 dubio
947 3511 1096 3567 velut
1137 3510 1456 3566 auxiliarios
1489 3510 1604 3579 epi-

86 3611 587 3679 swposinstituisse;
614 3608 731 3662 haec
754 3606 918 3676 igitur
943 3602 1215 3657 institutio
1239 3601 1305 3656 ad
1328 3608 1603 3670 postrema

87 3700 296 3757 Demetrii
331 3703 603 3771 pertinet;
645 3699 738 3753 diu
782 3696 929 3752 enim
970 3693 1191 3765 Origeni
1236 3692 1604 3748 amicissimus

86 3794 180 3858 fuit,
203 3805 329 3851 teste
349 3793 593 3850 Eusebio
621 3791 810 3855 lib.vr,
839 3804 889 3843 c.
920 3786 976 3841 8.
1002 3786 1139 3841 Tres
1166 3785 1347 3855 itaque
1370 3783 1606 3839 instituit

88 3860 339 3943 Demetrius
370 3888 663 3957 episcopos
688 3880 1027 3946 auxiliarios,
1068 3886 1131 3932 ut
1162 3892 1352 3933 eorum
1398 3875 1606 3931 scilicet

86 3993 163 4047 ope
182 3978 402 4049 adjutus,
428 3978 646 4047 majore
677 3971 1023 4028 auctoritatis
1043 3969 1286 4040 pondere
1315 3966 1604 4039 Origenem

87 4070 127 4125 in
151 4073 333 4143 synodo
374 4071 752 4143 opprimeret:
784 4080 963 4133 neque
998 4062 1146 4118 enim
1189 4061 1479 4132 quisquam
1511 4076 1607 4130 sy-

1703 3411 1909 3474 πάντας
1952 3411 2079 3474 τοὺς
2128 3412 2187 3463 ὲν
2232 3409 2492 3481 Αἰγύπτῳ
2534 3411 2769 3483 ἀνέμους
2798 3414 2920 3467 καθ’
2950 3415 3105 3485 ἡμῶν
3135 3416 3273 3484 ἐτεία-

1708 3516 1917 3569 ραντος.
1950 3498 2177 3555 Inimico
2214 3502 2467 3556 adversus
2496 3518 2589 3555 nos
2624 3503 2963 3558 acerbissime
2987 3514 3276 3574 pugnante,

1703 3606 1795 3659 per
1835 3606 1960 3645 suas
2005 3607 2165 3645 noras
2213 3591 2423 3646 litteras
2472 3608 2650 3647 revera
2689 3590 2977 3664 Evangelia
3007 3594 3277 3660 inimicas,

1705 3696 1983 3753 omnesque
2021 3680 2245 3753 Egypti
2269 3690 2445 3737 ventos
2475 3682 2723 3738 adversus
2744 3700 2839 3739 nos
2860 3686 3158 3739 concitante
3176 3727 3191 3753 ,
3219 3696 3283 3741 ut

1706 3771 1822 3842 ipse
1849 3772 1917 3828 de
1946 3772 2221 3829 Demetrio
2258 3774 2521 3844 loquitur,
2550 3774 2606 3829 in
2630 3774 2948 3846 praefatione
2978 3778 3109 3833 tomi
3142 3776 3283 3832 sexti

1706 3866 1763 3919 in
1808 3864 2092 3921 Joannem.
2142 3866 2204 3923 Si
2252 3867 2487 3939 denique
2534 3877 2645 3924 tres
2691 3877 2899 3923 tantum
2938 3869 3180 3940 episcopi
3225 3871 3282 3924 in

1708 3955 1945 4029 Egypto
1987 3958 2261 4015 Demetrio
2296 3958 2543 4016 auxiliati
2576 3968 2798 4029 essent,
2835 3976 2903 4015 an
2946 3962 3281 4033 synodorum

1708 4049 1927 4104 illarum
1979 4050 2214 4106 decretis
2242 4051 2615 4108 consensisset
2646 4051 2935 4109 universus
2965 4053 3148 4121 orbis,
3180 4070 3280 4109 ex-

89 4165 247 4220 nodum
284 4164 620 4220 nationalem
653 4174 894 4230 unquam
946 4148 1159 4211 audivit
1204 4164 1452 4210 coactam
1489 4154 1609 4208 sine
1711 4154 1867 4219 cepta
1888 4143 2204 4208 Palatina,
2225 4145 2451 4213 Arabia,
2480 4146 2761 4203 Phaenicia
2785 4159 2840 4203 et
2870 4148 3099 4215 Achaia,
3133 4150 3282 4220 quod

86 4257 325 4328 episcopis.
349 4258 420 4311 At
441 4256 490 4311 si
520 4252 826 4309 Demetrius
852 4251 1031 4305 tribus
1056 4258 1270 4304 tantum
1304 4248 1602 4303 auxiliariis

1727 4242 1944 4289 ,estatur
1990 4232 2048 4289 S.
2106 4233 2507 4306 Hieronymus?
2546 4233 2667 4290 Non
2708 4246 2794 4291 est
2834 4236 3005 4306 igitur
3028 4237 3279 4303 dubium,

88 4321 328 4418 episcopis,
345 4350 526 4419 iisque
551 4354 743 4402 contra
766 4342 1206 4414 antiquissimam
1230 4340 1602 4396 Alexandrinae

1727 4321 1842 4391 quin
1889 4322 2176 4392 episcopos
2204 4338 2273 4378 ex
2311 4321 2546 4394 Egypto
2579 4324 2847 4394 plurimos
2897 4326 2954 4382 in
2994 4325 3281 4398 Origenem

90 4414 452 4509 Ecclesiarimé
484 4434 653 4495 ιοιίυε
688 4436 1021 4509 Εεγριίπεε
1047 4434 1496 4490 consuetudinem
1518 4447 1609 4487 or-
1640 4442 1685 4497 ι)
1713 4414 2074 4470 concitaverit
2124 4414 2485 4509 Demetrius;
2524 4433 2690 4487 quem
2735 4419 2942 4474 idcirco
2987 4418 3128 4475 falso
3173 4430 3284 4476 tres
3364 4500 3369 4501 γ

90 4530 249 4589 diuatis
271 4575 286 4601 ,
324 4534 567 4604 stipatus
598 4540 762 4600 atque
783 4527 1157 4584 communitus
1186 4525 1448 4581 adversus
1480 4522 1608 4579 Ori-

92 4636 242 4689 genem
287 4623 611 4695 synodicam
655 4620 983 4677 sententiam
1032 4617 1388 4689 protulisset;
1439 4632 1508 4671 an
1556 4616 1612 4671 id

89 4709 301 4782 Origenes
327 4716 460 4785 ipse,
495 4730 565 4769 an
592 4712 893 4779 Eusebius,
927 4711 1229 4765 acerrimus
1266 4709 1386 4779 ejus
1414 4709 1613 4780 hyper-

90 4804 271 4872 aspista,
290 4807 593 4863 tacuisset?
620 4804 929 4859 Demetrius
957 4813 1167 4873 synono
1184 4810 1372 4857 coacta
1393 4801 1612 4856 decreto

92 4896 296 4963 sancivit,
324 4896 622 4968 Origenem
663 4893 991 4949 Alexandria
1032 4892 1341 4962 pellendum
1368 4905 1509 4956 esse,
1554 4899 1615 4944 ut

94 4982 132 5037 in
163 4986 399 5060 Apologia
433 4988 661 5044 Eusebii
695 4985 969 5057 proditum
1008 4994 1109 5039 est.
1146 4982 1223 5037 Ex
1256 4983 1347 5037 illa
1376 4982 1461 5036 his
1490 4996 1613 5035 ver-

94 5076 155 5131 bis
177 5095 274 5134 rem
305 5091 493 5136 narrat
516 5079 747 5136 Photius
780 5079 904 5135 cod.
938 5077 1042 5131 ll8
1069 5096 1083 5131 :
1118 5076 1342 5139 Σύνοδος
1366 5074 1611 5147 ἀθροίζε-

93 5186 157 5224 tat
197 5176 493 5230 ἐπισκόπων
536 5175 629 5230 καί
659 5191 819 5229 τινων
861 5170 1246 5244 πρεσϐυτέρων
1287 5167 1428 5223 κατὰ
1469 5168 1611 5238 Ὠρι-

94 5264 270 5331 γένους,
300 5284 421 5339 quae
471 5268 662 5324 minus
703 5276 849 5323 recte
895 5266 965 5319 ab
1006 5263 1202 5318 Huetio
1234 5262 1608 5318 exhibentur:

72 5347 291 5431 .Synodu
334 5360 483 5427 prior
519 5357 771 5426 episcopis
814 5354 1017 5424 aliquot
1049 5362 1098 5407 et
1137 5352 1450 5422 presbyteris
1487 5369 1612 5405 con-

93 5445 227 5511 ﬂata;
264 5466 365 5506 non
408 5453 561 5507 enim
589 5451 692 5506 hoc
717 5448 904 5505 Graeca
934 5448 1145 5513 volunt,
1178 5447 1311 5503 sed:
1341 5446 1613 5519 Sgnodum

94 5536 423 5608 φίκοροηηι,
456 5553 509 5597 et
537 5542 736 5612 aliquot
759 5541 923 5596 etiam
944 5540 1363 5610 presbyterorum
1388 5540 1610 5617 indicat,

96 5634 207 5693 quod
243 5636 381 5692 aliud
426 5646 548 5701 est;
577 5637 889 5707 episcopos,
928 5635 1157 5699 scilicet,
1205 5634 1374 5689 fuisse
1406 5634 1610 5704 plures,

99 5720 271 5789 aliquos
294 5737 472 5786 autem
520 5737 573 5784 et
608 5729 974 5799 presbyteros.
1025 5725 1338 5784 Blondellus
1377 5741 1523 5795 vero,
1556 5736 1613 5780 ut

1714 4515 1928 4562 tantum
1977 4507 2328 4565 constituisse
2369 4508 2569 4576 tradit,
2611 4510 2764 4565 nullo
2811 4522 3066 4578 auctore,
3111 4513 3283 4586 Euty-

1714 4604 1910 4670 chius;
1938 4617 2143 4672 eosque
2173 4602 2230 4657 in
2256 4603 2406 4659 hunc
2444 4603 2623 4673 ipsum
2665 4604 2828 4660 linem
2858 4606 3193 4663 constitutos
3224 4618 3286 4663 ut

1713 4694 2003 4765 Origenem
2026 4694 2287 4765 pellerent
2306 4735 2321 4762 ,
2374 4694 2520 4750 nulla
2548 4710 2673 4752 cum
2711 4697 2925 4754 ratione
2953 4700 3145 4755 statuit
3167 4700 3285 4757 Sel-

1714 4788 1909 4843 denus.

1784 4896 2051 4953 Praeterea
2085 4905 2302 4953 constat
2342 4913 2412 4953 ex
2460 4896 2690 4968 epistola
2722 4900 3017 4956 Alexandri
3050 4902 3307 4958 Alexan—~

1715 4991 1847 5046 driaa
1881 4989 2159 5060 episcopi,
2190 4999 2315 5046 ante
2343 4991 2635 5046 concilium
2680 4990 2960 5048 Nicmnum
2994 5010 3129 5065 pene
3156 5010 3284 5050 cen-

1714 5092 1831 5138 tum
1862 5082 2151 5154 episcopos
2174 5082 2391 5157 Egypti
2418 5086 2765 5142 consensisse
2790 5088 2842 5140 in
2875 5088 3280 5143 condemnatio-

1714 5189 1839 5229 nem
1878 5174 1994 5227 Arii
2018 5182 2071 5228 et
2094 5173 2403 5243 aliquorum
2435 5175 2599 5229 etiam
2624 5175 3028 5246 episcoporum.
3057 5177 3286 5230 Constat

1715 5266 1901 5331 etiam,
1938 5281 2217 5335 nunquam
2244 5266 2360 5321 fieri
2385 5268 2718 5321 mentionem
2756 5267 3074 5336 pauciorum
3110 5268 3163 5320 in
3191 5268 3282 5322 illa

1716 5355 1941 5409 dioecesi
1970 5355 2354 5423 episcoporum
2381 5354 2656 5424 prioribus
2688 5352 3046 5422 temporibus.
3076 5352 3285 5408 Verisi-

1716 5448 2007 5501 millimum
2059 5446 2226 5515 igitur
2281 5456 2404 5512 est,
2459 5460 2567 5499 non
2592 5443 3106 5513 multo-pauciores
3153 5444 3303 5499 olim,

1717 5539 1907 5595 fuisse.
1947 5535 2113 5592 Utad
2136 5553 2201 5592 ea
2220 5547 2470 5608 tempora
2512 5536 2740 5606 propius
2783 5536 3287 5606 accedamus,qu

1716 5629 2016 5700 Eutychius
2046 5627 2328 5698 indigitat:
2357 5627 2648 5697 Dionysius
2674 5627 2767 5696 qui
2792 5626 3032 5681 Heraclze
3062 5642 3284 5682 succes«

1718 5726 1787 5780 sit
1815 5724 2007 5795 quinto
2036 5720 2383 5791 imperatoris
2414 5718 2669 5788 Philippi,
2694 5733 2790 5775 sex
2814 5718 2974 5775 annis
3004 5728 3128 5776 ante
3159 5718 3287 5773 Ori-
