3824 6198
160 330 246 387 Sil
847 330 910 386 1..
933 328 1294 386 PEARSONII
1335 331 1657 388 VINDICLE
1688 332 1698 387 l

1804 331 2110 389 ἈΤΙΑΝᾹΞ.
2142 364 2214 377 --
2248 335 2428 391 PARS
2465 336 2506 392 l.

3279 337 3388 394 242

161 440 309 517 nuper
329 444 633 513 institutos,
661 454 721 499 et
750 445 1170 501 Alexandrinum
1196 445 1565 515 patriarcbam
1598 447 1698 499 ani-

1816 446 1993 512 chare;
2004 434 2298 518 alloquitur
2309 449 2452 503 enim
2470 446 2618 517 φίλον
2635 446 2860 521 πατέρα.
2876 445 3132 519 Hesych.:
3149 446 3383 516 Πάππα,

159 540 484 598 madvertisse
498 539 892 606 nstendant,ut
905 548 1084 610 postea
1103 539 1377 608 vulgarem
1392 539 1711 609 episcopum

159 632 292 695 abba,
326 631 705 698 patriarcham
739 647 953 701 papam,
981 631 1031 686 id
1053 640 1138 686 est
1166 648 1317 685 avum
1354 631 1709 702 appellarent,

158 721 386 792 quoniam
415 719 521 791 ipsi
544 721 800 792 episcopi
828 722 1186 791 patriarcham
1211 723 1401 776 abbam
1429 732 1707 781 vocarent.

159 812 263 868 ﬂre
287 828 410 867 vera
456 828 585 868 esse
636 814 729 869 vel
775 815 902 870 inde
945 816 1119 885 primo
1162 817 1509 886 perspicitur,
1559 815 1709 886 quod

155 903 426 976 Eutychius
474 921 588 960 non
635 917 963 977 perpetuam
1007 909 1378 963 narrationem
1410 917 1578 973 texat,
1615 917 1711 963 aut

154 997 408 1054 historiam
466 997 538 1052 de
604 998 958 1053 institutione
1020 1000 1396 1069 episcoporum
1457 1001 1706 1057 electioni

153 1089 568 1161 presbyterorum
610 1089 933 1146 immediate
974 1091 1296 1162 subiungat,
1329 1093 1423 1148 sed
1452 1094 1708 1162 quaestio-

152 1198 253 1237 nem
276 1182 442 1237 obiter
470 1181 725 1249 inserat,
759 1198 934 1253 quare
962 1183 1267 1253 patriarcha
1304 1183 1707 1240 Alexandrinus

149 1273 301 1328 dictus
326 1272 394 1326 sit
434 1272 625 1342 papa?
658 1271 843 1339 Quam
894 1272 1110 1343 quidem
1144 1274 1501 1343 quaestionem
1542 1274 1707 1331 dissi-

148 1366 293 1421 mulat
321 1364 591 1421 Seldenus
620 1406 636 1429 ,
674 1376 735 1420 ut
765 1376 1025 1438 tanquam
1068 1374 1275 1437 partem
1304 1366 1505 1436 prioris
1533 1366 1707 1422 histo-

148 1458 226 1513 ria:
259 1458 615 1528 posteriorem
658 1459 908 1515 inducat.
952 1458 1027 1514 Ita
1074 1459 1221 1514 enim
1264 1458 1588 1530 Eutychium
1618 1460 1702 1515 lo—

146 1558 369 1618 quentem
398 1558 772 1620 repraesentat
808 1569 821 1606 :
860 1549 917 1604 Is
944 1551 1105 1605 etiam
1132 1550 1350 1619 (nempe
1374 1549 1701 1621 Alexander)

145 1642 268 1709 petiit
288 1642 347 1694 ab
382 1642 479 1704 eis,
522 1658 591 1695 ne
628 1640 951 1709 patriarcha
983 1640 1378 1695 Alexandrinus
1400 1656 1539 1711 papa
1562 1641 1704 1694 vaci-

142 1743 335 1800 tmtttr,
382 1734 527 1804 quod
578 1732 867 1803 signiﬁcat
911 1748 1082 1785 avum.
1120 1730 1198 1786 ita
1235 1732 1397 1787 vertit
1444 1732 1595 1802 petiit
1634 1730 1698 1785 ab

141 1825 218 1889 eis,
249 1835 296 1880 et
323 1842 388 1881 ex
416 1826 531 1881 alio
562 1826 768 1881 codice
801 1826 939 1878 dixit
971 1824 1051 1879 vel
1089 1825 1397 1878 mandatum
1433 1824 1580 1877 dedit
1601 1823 1698 1890 eis,

142 1933 190 1971 ac
217 1918 258 1973 si
289 1918 591 1973 decreverit
637 1916 977 1979 Alexander,
1027 1930 1093 1970 ne
1127 1915 1357 1984 posthac
1388 1913 1700 1984 patriarcha

140 2009 505 2064 Alexandrinus
521 2023 672 2079 papa
694 2008 997 2062 diceretur.
1017 2006 1151 2062 Cum
1170 2006 1285 2077 ipse
1306 2005 1614 2061 Alexander
1632 2019 1700 2059 eo

136 2099 233 2169 ipso
263 2100 476 2155 nomine
510 2116 543 2154 a
593 2099 718 2155 suis
760 2098 927 2167 vulgo
965 2098 1364 2169 indigitaretur.
1408 2096 1699 2166 Inscriptio

136 2191 340 2260 epistola:
366 2192 511 2262 apud
540 2190 923 2246 Athanasium
948 2190 1086 2243 libro
1115 2189 1191 2242 De
1216 2189 1430 2259 synodis
1458 2204 1476 2243 :
1505 2190 1698 2242 Μακα-

137 2283 215 2353 Ρίφ
250 2282 397 2354 πάπᾳ
432 2282 741 2351 ἑπισκόπῳ
764 2280 925 2352 ἡμῶν
955 2277 1286 2350 Ἀλεξάνδρῳ
1316 2280 1365 2331 oi
1400 2277 1699 2349 πρεσϐύτε-

136 2391 200 2445 ροι
220 2377 302 2429 καὶ
329 2379 378 2430 οἱ
410 2376 662 2431 διάκονοι
686 2376 749 2427 ὲν
776 2373 965 2445 Κυρίῳ
983 2374 1214 2445 χαίρειν.
1252 2372 1430 2426 Prima
1457 2370 1698 2442 epistolae

132 2469 363 2523 sententia
400 2485 414 2521 :
464 2469 533 2521 'H
570 2468 769 2530 πίστις
804 2465 960 2538 ἡμῶν
992 2468 1025 2537 ἡ
1060 2467 1125 2519 ὲκ
1158 2464 1469 2536 προγόνων,
1502 2466 1571 2536 ἢν
1604 2463 1697 2518 καὶ

131 2560 215 2611 ἀπὸ
243 2560 326 2613 σοῦ
364 2560 825 2634 μεμαθήκαμεν,
864 2557 1099 2628 μακάριε
1133 2557 1322 2619 πάπα,
1357 2556 1503 2609 ἐστὶν
1535 2558 1694 2627 αὕτη.

129 2648 182 2705 Et
202 2653 249 2706 in
284 2669 513 2724 corpore
552 2653 850 2724 epistolae,
882 2652 956 2714 ὼς
989 2651 1081 2703 καὶ
1117 2650 1180 2703 σὺ
1214 2649 1374 2712 αὐτὸς
1397 2690 1412 2714 ,
1460 2649 1695 2721 μακάριε

130 2746 275 2802 eaea.
306 2748 655 2803 Athanasius
693 2742 993 2799 Alexandri
1017 2757 1303 2797 successor
1328 2741 1695 2795 Alexandrum

128 2853 288 2909 papam
326 2840 583 2905 vocavit,
620 2848 677 2894 et
720 2837 843 2906 ipse
889 2835 957 2889 ab
987 2833 1227 2904 lschyra,
1260 2831 1514 2897 Arsenio,
1552 2832 1697 2886 Con-

129 2934 300 2987 stantio
354 2933 549 2996 πάπας
607 2937 851 2985 vocatus
892 2938 994 2983 est.
1049 2924 1156 2981 Sed
1200 2927 1343 2980 hanc
1383 2926 1697 2981 versionem

127 3025 235 3079 satis
254 3028 548 3097 exagitavit
576 3020 983 3078 Ecchellensis.
1008 3018 1369 3075 Doctissimus
1388 3018 1694 3075 Pocockius

1816 540 2201 611 προσφώνησις
2246 542 2433 605 παιδὸς
2475 542 2609 614 πρὸς
2640 542 2869 616 πατέρα.
2912 539 3172 596 Primaeva
3215 542 3380 613 igitur

1813 630 2140 699 signiﬁcatio
2193 631 2285 684 τοῦ
2320 631 2556 699 πάπας,
2588 633 2671 687 vel
2713 632 2921 702 poetice
2972 630 3241 699 πάππας,
3294 638 3381 689 est

1807 728 1979 787 pater.
2045 722 2190 777 Idem
2249 723 2412 778 etiam
2451 726 2674 780 verbum
2708 725 3021 789 παππάζειν
3054 724 3177 780 inde
3209 724 3379 779 dedu-

1811 820 1962 865 ctum
1996 822 2227 883 usurpat
2258 811 2450 883 Iliad.,
2471 813 2551 876 E:

1816 926 1971 980 Οὐδὲ
1999 928 2057 979 τί
2082 944 2191 996 μιν
2228 928 2435 995 παῖδες
2474 929 2607 982 ποτὶ
2642 930 2889 1000 γούνασι
2935 927 3373 989 παππάζουσιν.

1886 1038 1989 1094 Ubi
2037 1049 2193 1094 vetus
2220 1039 2981 1109 Scholiastes;Ila1:7r-it§ouat,
3009 1043 3210 1096 πάππα
3258 1060 3377 1112 (pui-

1807 1131 1979 1195 νοῦσι,
2008 1132 2217 1203 πατέρα
2246 1130 2490 1187 καλοῦσι.
2520 1131 2817 1204 llesycltius
2843 1144 2966 1203 post
2993 1132 3058 1188 Υ.
3088 1133 3373 1206 Παξοίνης,

1808 1225 1970 1279 habet
2037 1223 2403 1291 παππάζοιεν,
2477 1225 2862 1298 παρακαλοῖεν.
2932 1224 3036 1280 Sed
3086 1235 3376 1296 utrumque

1804 1315 1987 1370 locum
2016 1316 2192 1371 obiter
2216 1317 2633 1371 emaculandum
2663 1319 2872 1379 censui,
2897 1316 2987 1388 qui
3006 1320 3375 1386 postnupcms‘

1804 1409 2042 1464 editores
2064 1408 2243 1465 adhuc
2286 1410 2339 1463 in
2392 1411 2591 1464 mendo
2622 1409 2788 1479 jacet.
2824 1409 3007 1465 Primo
3055 1410 3218 1482 igitur
3263 1410 3379 1463 Ila-

1804 1498 2005 1571 ζοίνης,
2039 1502 2089 1554 οἱ
2120 1503 2242 1554 κατ’
2300 1501 2550 1569 Ἰταλίαν,
2591 1502 2878 1557 manifeste
2922 1512 3179 1571 corrupta
3218 1509 3379 1571 sunt,

1802 1602 1857 1648 et
1888 1595 2059 1651 series
2108 1595 2413 1649 litterarum
2465 1610 2564 1665 pro
2611 1594 2643 1659 ζ
2686 1596 2927 1666 postulat
2975 1595 3024 1660 ξ.
3072 1595 3164 1651 Sic
3216 1597 3385 1667 igitur

1802 1685 1950 1757 legas
1991 1705 2007 1741 :
2061 1686 2249 1752 Παξοὶ,
2302 1687 2453 1758 νῆσοι
2506 1687 2626 1740 κατ’
2682 1687 2930 1751 Ἰταλίαν,
2968 1684 3160 1750 Paxw,
3192 1683 3385 1737 insula:

1731 1802 1774 1857 Β
1803 1797 1961 1851 prope
1987 1778 2229 1834 Italiam.
2290 1777 2361 1832 De
2390 1776 2587 1846 quibus
2622 1773 2824 1830 Plinius
2856 1775 2893 1828 Ι.
2927 1790 2999 1839 iv,
3024 1790 3073 1828 c.
3103 1774 3169 1831 i2
3190 1769 3381 1829 :Circa

1800 1885 1917 1923 eam
1941 1867 2167 1939 aliquot,
2202 1868 2292 1922 sed
2339 1868 2408 1921 ad
2457 1865 2678 1919 Italiam
2723 1881 2936 1935 vergens
2992 1864 3276 1927 Thoranes,
3305 1862 3377 1915 ad

1801 1959 2122 2014 Leucadiam
2152 1957 2321 2013 Paxa:
2364 1958 2503 2024 dum,
2538 1958 2765 2027 quinque
2796 1955 2870 2008 Μ.
2895 1953 3137 2007 discreta:
3172 1968 3205 2004 a
3241 1950 3374 2005 Cor-

1801 2069 1947 2122 cyra.
1982 2050 2057 2107 De
2084 2052 2287 2121 quibus
2313 2051 2475 2105 etiam
2509 2049 2767 2119 Polybius
2807 2044 3190 2115 intelligendus
3212 2042 3247 2095 l.
3283 2057 3318 2094 ιι
3355 2060 3369 2095 :

1800 2144 2095 2197 Συνέὅαλον
2124 2146 2238 2207 τοῖς
2278 2143 2387 2196 τῶν
2434 2141 2662 2213 Ἀχαιῶν
2696 2140 2923 2209 σκάφεσι
2958 2137 3085 2208 περὶ
3121 2136 3246 2197 τοὺς
3275 2151 3377 2187 κα-

1798 2234 1890 2287 λου
1900 2236 2089 2305 μένους
2120 2233 2442 2299 Παξούς,ι’ρι
2464 2233 2626 2300 forte,
2661 2231 2759 2294 τὰς
2778 2229 3115 2300 καλουμένας
3136 2225 3368 2288 Παξούς.

1802 2326 2051 2382 Secundo
2100 2342 2199 2397 pro
2250 2323 2613 2389 παππάζοιεν,
2651 2322 3037 2395 παρακαλοῖεν,
3083 2318 3369 2389 legendum

1799 2418 1980 2487 quivis
2011 2418 2194 2472 statim
2229 2416 2394 2484 videt,
2422 2412 2754 2479 παπάζοιεν,
2784 2412 2995 2484 πατέρα
3036 2409 3269 2465 καλοῖεν.
3293 2406 3374 2464 Ita

1799 2510 1940 2579 apud
1974 2508 2703 2578 Aristophanem,optimum
2752 2507 2947 2575 linguae
2984 2502 3174 2557 Atticm
3205 2502 3374 2556 inter-

1797 2614 2026 2672 pretem,
2056 2600 2313 2673 Trygmus
2344 2601 2483 2655 tilias
2506 2600 2822 2670 alloquitur,
2846 2601 2900 2653 iu
2939 2598 3074 2653 Pace
3109 2615 3126 2648 ι

1883 2740 2053 2793 Ἥνίκ⁹
2080 2739 2145 2794 ἂν
2170 2738 2399 2810 αἰτίζητ’
2430 2738 2593 2809 ἄρτον
2614 2733 2823 2789 πάμπαν
2840 2751 2907 2806 με
2940 2730 3219 2787 καλοῦσαι.

1908 2875 2042 2931 Cum
2070 2892 2257 2947 panem
2284 2877 2457 2946 petitis
2487 2889 2684 2945 papam
2716 2890 2796 2927 me
2822 2880 3083 2927 vocantes.

1867 3014 2038 3081 Quem
2077 3014 2257 3068 locum
2288 3013 2586 3083 respiciens
2630 3010 2974 3081 Ilesychius:
3006 3008 3224 3069 Πάπας,
3270 3022 3379 3060 πα-

129 3128 280 3173 noster
310 3120 381 3173 ita
413 3118 606 3173 reddit
639 3132 653 3168 :
690 3114 853 3179 Quod
893 3122 1067 3167 autem
1102 3121 1345 3185 quaerunt
1382 3110 1692 3184 [nonnulli],
1723 3151 1764 3207 Ο
1797 3106 1923 3207 ξρδς
1949 3105 2313 3178 ὑποκόρισμα.
2340 3103 2405 3159 Et
2433 3104 2508 3158 ita
2531 3101 2961 3207 lilize'TrygamIm
2985 3099 3372 3207 alloquuntur:

129 3223 256 3276 quare
284 3210 607 3280 patriarcha
635 3206 1042 3261 Alexandrinus
1074 3214 1283 3259 vocetur
1315 3205 1495 3274 papa?
1523 3203 1696 3273 (cujus

127 3302 316 3355 laminis
337 3302 699 3371 significatus
726 3306 807 3351 est
837 3300 987 3364 avus)
1019 3292 1315 3367 [sciendum
1336 3292 1461 3365 est].
1495 3292 1567 3347 Ut
1598 3292 1699 3362 igi-

129 3397 197 3444 tur
224 3392 296 3446 illi
343 3390 659 3462 quaestioni
716 3388 1075 3457 responderet
1112 3384 1417 3458 Eutycbius
1443 3427 1458 3451 ,
1502 3387 1595 3441 illa
1630 3386 1697 3442 de

127 3485 268 3540 tribus
308 3502 339 3541 a
379 3484 704 3549 Demetrio,
758 3480 951 3551 viginti
993 3479 1061 3533 ab
1102 3478 1333 3535 Heracla
1383 3479 1542 3535 factis
1581 3478 1698 3548 epi-

127 3577 273 3645 scopis
294 3577 550 3632 inaudita
591 3573 798 3639 tradit,
830 3580 891 3626 ut
918 3572 1098 3627 solent
1130 3572 1229 3637 illi,
1254 3572 1345 3642 qui
1376 3572 1443 3627 de
1468 3571 1699 3626 vocabu-

125 3666 269 3723 lorum
323 3670 653 3741 originibus
719 3666 1023 3734 disputant.
1084 3662 1281 3719 Omnia
1328 3673 1511 3719 autem
1575 3679 1699 3733 qua:

126 3760 261 3815 tradit
287 3772 339 3817 et
370 3762 596 3826 iutilia,
634 3769 695 3814 et
726 3758 869 3813 falsa
914 3766 969 3812 et
1013 3756 1250 3811 absurda
1288 3765 1441 3811 sunt.
1493 3754 1699 3811 Statuit

123 3853 239 3906 enim
280 3856 413 3909 abba
464 3856 595 3910 sive
638 3852 839 3904 πάπαν
882 3849 1193 3919 signiﬁcare
1242 3864 1429 3915 avum,
1478 3848 1695 3903 titulum

125 3942 247 3998 illum
280 3946 625 4016 patriarchas
669 3942 897 4007 datum,
940 3956 1062 3996 eum
1125 3940 1267 3996 alius
1312 3940 1538 4009 reliquis
1583 3938 1697 4009 epi-

122 4038 275 4107 scapis
321 4044 717 4108 competeret;
775 4034 939 4103 idque
994 4035 1173 4104 primo
1219 4032 1597 4098 Alexandria},
1636 4039 1698 4086 ut

122 4140 299 4199 postea,
332 4133 583 4195 scilicet,
623 4128 885 4182 Romano
912 4127 1158 4196 pontiﬁci
1183 4125 1594 4180 attribueretur.
1630 4122 1697 4179 Ut

119 4220 257 4291 igitur
302 4224 419 4281 haec
484 4224 676 4278 fabula
733 4221 954 4292 penitus
1001 4221 1354 4290 explodatur,
1407 4218 1693 4274 ostendam

120 4314 268 4384 primo
291 4333 498 4374 vocem
530 4315 751 4381 πάπαν,
784 4329 905 4383 qua:
934 4312 1173 4368 lleracla:
1197 4313 1399 4367 tributa
1420 4320 1523 4377 cst,
1554 4326 1697 4364 nun-

119 4420 255 4475 quam
284 4410 647 4483 signiticasse
681 4422 861 4460 avum.
887 4404 1085 4461 Vocem
1115 4406 1255 4460 hanc
1290 4403 1693 4475 Syracusanam

1797 3196 1867 3251 Ὦ
1898 3199 2097 3252 παπία.
2133 3197 2208 3252 lta
2239 3214 2432 3253 rursus
2459 3207 2514 3251 et
2546 3196 2601 3250 in
2638 3192 2839 3263 Vespis,
2865 3192 2957 3246 ubi
3000 3190 3335 3246 Scholiastes
3355 3204 3375 3245 :

1797 3291 1998 3344 Παπια
2017 3290 2095 3356 δὲ,
2126 3287 2331 3356 πάτερ.
2353 3287 2480 3342 Erat
2496 3287 2661 3357 igitur
2686 3287 2801 3341 haze
2831 3284 3128 3338 liberorum
3152 3281 3221 3335 ab
3254 3280 3376 3348 ipsa

1798 3382 1995 3452 lingua:
2041 3380 2242 3435 Griecze
2271 3378 2484 3450 origine
2506 3379 2704 3434 blanda
2740 3374 3029 3446 appellatio
3052 3372 3193 3442 patri
3225 3372 3375 3424 data.

1796 3468 2136 3524 Posteriores
2200 3467 2376 3523 Graeci
2441 3466 2689 3521 eamdem
2734 3464 3153 3535 appellationem
3209 3458 3379 3514 etiam

1799 3562 1906 3615 illis
1952 3559 2283 3625 tribuerunt,
2312 3572 2452 3628 quos
2496 3555 2651 3626 quasi
2678 3563 2893 3625 patrum
2929 3553 3047 3606 loco
3087 3548 3376 3603 habemus.

1798 3651 2134 3707 Scholiastes
2165 3646 2421 3702 Homeri:
2444 3646 2677 3711 Πάππα,
2708 3639 3094 3717 προσφώνησις
3121 3636 3382 3708 φιλοφρο-

1795 3742 1990 3816 νητικὴ
2026 3740 2290 3812 νεωτέρου
2319 3738 2455 3811 πρὸς
2490 3734 2878 3808 πρεσϐύτερον.
2904 3730 3159 3787 Iuniores
3196 3728 3381 3785 senio-

1795 3836 1948 3891 ribus
1978 3843 2240 3903 tanquam
2273 3832 2368 3886 ﬁlii
2400 3830 2724 3900 parentibus
2752 3828 2972 3883 titulum
2994 3826 3144 3883 hunc
3171 3822 3382 3878 tribue-

1794 3930 1955 3996 bant;
1987 3936 2042 3982 et
2062 3926 2154 3981 ubi
2182 3924 2327 3979 aetati
2352 3923 2591 3993 dignitas
2612 3922 2795 3991 aliqua
2822 3915 3385 3982 accessit,titulusve-

1794 4019 2097 4076 iterationis
2114 4012 2517 4072 habebatur.Tb
2532 4015 2734 4069 πάππα
2755 4012 2924 4067 καὶτὸ
2948 4011 3107 4065 ἇππα
3128 4009 3191 4061 οὐ
3211 4004 3384 4077 ψιλῶς

1793 4117 1821 4168 6
1860 4112 2061 4184 πατὴρ,
2093 4110 2228 4164 ἀλλὰ
2271 4110 2409 4181 πρὸς
2440 4109 2655 4179 πατέρα
2689 4103 2919 4174 σεπτικὴ
2957 4102 3134 4174 φωνή,
3157 4098 3379 4155 Suidas.

1797 4206 1910 4260 Sub
1940 4206 2043 4259 hac
2073 4202 2442 4258 venerationis
2475 4213 2605 4258 nota
2632 4200 2823 4264 πάπας
2853 4213 2883 4252 a
2916 4195 3145 4262 Graecis,
3178 4209 3319 4264 papa
3354 4198 3415 4246 a'

1795 4298 2027 4364 Latinis,
2065 4298 2339 4368 primmvis
2381 4294 2641 4351 Ecclesia:
2673 4290 3013 4362 temporibus
3036 4288 3385 4343 tribuebatur

1795 4391 2089 4462 episcopis,
2127 4405 2271 4461 quos
2316 4391 2439 4444 loco
2488 4387 2862 4461 Spiritualium
2902 4392 3119 4454 patrum
3179 4378 3389 4435 habue-

120 4470 217 4557 esse
244 4470 437 4559 volunt
479 4499 848 4557 Grammatici
876 4499 1144 4553 nonnulli.
1177 4470 1377 4553 Suidas
1407 4516 1421 4551 :
1446 4495 1603 4550 Οὕτω
1635 4494 1694 4549 δὲ
1726 4496 1769 4551 D
1799 4495 1948 4540 runt.
1994 4482 2154 4538 Nulla
2203 4482 2297 4538 hic
2359 4482 2477 4549 avi,
2533 4480 2685 4537 nulla
2731 4478 2900 4550 patris
2941 4484 3157 4544 patrum
3208 4470 3385 4525 notio.

119 4588 302 4661 λέγεται
543 4590 941 4664 Συρακουσίοις
973 4592 1001 4643 6
1034 4591 1218 4662 πατὴρ
1249 4589 1461 4653 πάπας.
1497 4587 1697 4643 Eusta-

121 4686 281 4742 thius:
315 4688 516 4741 Ἄλλοι
550 4686 609 4738 δὲ
631 4726 647 4749 ,
683 4685 768 4737 ὅτι
804 4682 956 4755 παρὰ
1002 4672 1403 4754 Συρακουσίοις·
1438 4681 1625 4743 πὰπας
1666 4681 1695 4733 6

122 4779 292 4851 πατὴρ.
344 4781 537 4834 Aliter
590 4776 956 4847 Etymologus
1000 4794 1014 4830 :
1062 4774 1231 4827 Οὕτω-
1272 4773 1490 4843 λέγεται
1546 4771 1695 4842 παρὰ

122 4865 497 4936 Συρακουσίοις
544 4869 575 4921 6
622 4865 832 4937 πατὴρ,
883 4867 1010 4929 πᾶς.
1059 4864 1215 4931 Quod
1249 4866 1471 4935 quidem
1502 4878 1694 4917 verum

120 4968 221 5011 esse
242 4968 446 5028 potest,
469 4958 713 5013 alterum
734 4972 849 5010 non
876 4956 1025 5011 item.
1053 4954 1192 5009 Nam
1218 4969 1324 5009 vox
1350 4954 1541 5017 πάπας
1562 4953 1696 5023 ipsis

122 5042 390 5116 Syracusis
440 5051 611 5121 longe
658 5047 941 5118 antiquior
978 5056 1081 5103 est.
1126 5047 1413 5119 Syracusae
1445 5047 1695 5103 enimah

126 5137 295 5197 Archia
336 5142 586 5199 condita:
619 5152 755 5197 sunt
794 5140 880 5195 vel
905 5141 1008 5195 sub
1041 5140 1274 5206 Clidico,
1307 5151 1369 5197 ut
1400 5140 1691 5208 Eusebius,

124 5232 190 5284 vel
230 5236 420 5303 potius
476 5236 586 5291 sub
633 5232 907 5303 [Eschylo
952 5232 1371 5288 Atheniensium
1418 5248 1581 5304 rege,
1634 5234 1697 5287 ut

122 5318 337 5383 Marmor
378 5327 885 5390 Arundellianum;
918 5326 1030 5381 hazc
1062 5336 1243 5381 autem
1272 5342 1377 5381 vox
1410 5326 1516 5381 sub
1561 5325 1693 5380 Dio-

120 5428 263 5481 gneto
326 5422 399 5476 ab
456 5419 709 5477 Homero
766 5430 1031 5488 usurpata
1086 5428 1209 5487 est,
1264 5419 1331 5475 de
1376 5418 1647 5475 Nausicaa
1677 5461 1693 5487 ,

123 5504 317 5577 ϐάρει,
330 5512 372 5566 Ζ
387 5555 402 5579 ,

119 5596 601 5732 λᾷγκί
629 5604 802 5663 στᾶσ
804 5624 843 5660 α
872 5606 1056 5676 φίλον
1084 5605 1306 5674 πατέρα
1337 5602 1656 5674 προσέειπε
1676 5619 1690 5632 .

210 5687 326 5727 zza
364 5680 507 5745 φίλ’.

182 5781 277 5863 Ubi
334 5797 479 5851 vocis
534 5788 929 5858 interpre'atio
989 5792 1291 5848 certissima
1354 5798 1469 5855 est,
1529 5785 1695 5841 Pater

1800 4578 1917 4635 Hoc
1940 4586 2121 4632 autem
2146 4576 2389 4632 secundo
2419 4583 2665 4644 apparet,
2688 4572 2835 4642 quod
2865 4568 3057 4623 titulus
3084 4566 3175 4619 ille
3196 4563 3387 4620 eodem

1797 4688 1912 4727 aevo
1940 4687 2052 4741 quo
2096 4671 2164 4726 de
2206 4668 2437 4724 Heracla
2475 4674 2781 4735 usurpatus
2812 4672 2915 4729 est,
2955 4658 3079 4715 aliis
3114 4655 3393 4729 episcopis

1796 4779 1960 4834 quam
1996 4762 2326 4831 patriarchis
2355 4757 2667 4814 communis
2699 4767 2837 4814 erat.
2871 4754 3065 4810 Clerus
3098 4751 3385 4808 Romanus

1796 4855 1865 4910 ad
1925 4854 2131 4909 clerum
2167 4850 2705 4920 Carthaginiensem:
2751 4848 3049 4902 Didicimus
3108 4845 3382 4900 secessisse

1797 4946 2129 5001 benedictum
2173 4960 2368 5014 papam
2405 4936 2735 5013 Cyprianum
2774 4960 2805 4997 a
2840 4940 3129 4997 Clementia
3156 4939 3380 4994 subdiu-

1796 5056 1946 5094 cono.
1996 5036 2166 5092 lidem
2197 5036 2255 5091 in
2285 5035 2444 5092 titulo
2488 5035 2732 5105 epistolae
2777 5035 2845 5089 ad
2892 5036 3071 5104 ipsum
3115 5033 3375 5101 seriptze:

1797 5132 2069 5203 Cypriane
2101 5146 2253 5200 papa:
2286 5128 2578 5198 presbyteri
2620 5138 2668 5182 et
2696 5126 2935 5181 diaconi
2990 5125 3169 5179 Roma:
3208 5124 3379 5176 consi-

1797 5233 1989 5277 stentes
2018 5221 2167 5277 S.lta
2197 5219 2404 5284 Romaz,
2432 5222 2506 5275 ita
2533 5221 2587 5274 in
2619 5219 2804 5276 Africa
2833 5218 2999 5274 locuti
3038 5226 3169 5270 sunt
3198 5232 3211 5269 :
3248 5212 3381 5269 Uni-

1800 5316 1929 5370 versi
1962 5314 2283 5384 confessores
2305 5312 2575 5382 Cypriano
2602 5326 2753 5380 papa:
2787 5310 2849 5366 S.
2882 5309 3244 5377 Hieronymus
3272 5305 3377 5361 ali-

1798 5408 2019 5480 quando
2091 5406 2461 5476 Theophilum
2548 5405 2895 5474 episcopum.
2946 5399 3378 5455 Alexandrinum

1798 5520 1992 5575 papam
2020 5503 2279 5573 appellat,
2309 5511 2371 5557 ut
2399 5504 2454 5555 in
2488 5498 2754 5569 Apologia
2786 5497 3051 5551 adversus
3070 5492 3375 5558 Bullinum,

1800 5603 1943 5674 Ergo
1970 5612 2020 5658 et
2046 5600 2280 5670 cpistola:
2300 5614 2451 5668 papa:
2473 5594 2747 5663 Theophili
2770 5604 2819 5661 et
2850 5591 3137 5663 Epiphanii
3158 5598 3206 5645 et
3238 5588 3380 5643 alio-

1802 5712 1920 5748 rum
1967 5695 2329 5762 episcoporum
2379 5701 2426 5744 te
2482 5698 2685 5759 petunt,
2719 5699 2768 5744 te
2811 5688 3084 5751 lacerant;
3114 5695 3171 5741 et
3217 5683 3381 5756 paulo
3461 5676 3465 5678 Ὗ

1802 5796 1923 5853 post
1982 5804 1993 5840 :
2054 5784 2223 5839 Lectis
2306 5798 2469 5850 nuper
2552 5797 2699 5852 papcc
2759 5778 3029 5848 Theophili
3105 5776 3378 5843 epistolis,
