3770 6294
433 347 542 407 245

1481 351 1538 407 s.
1578 350 1923 409 lGNATlUS.
1958 338 2025 391 L-
2066 342 2596 402 PROLEGOMENA.

3575 344 3661 398 244

434 464 775 535 iterumque:
794 462 951 519 Nunc
981 465 1210 535 primum
1239 483 1270 518 a
1298 483 1436 537 papa
1454 467 1741 537 Theophila
1764 469 2012 521 didicisse
2043 473 2083 528 Α
2116 458 2260 529 apud
2284 458 2571 527 ιλΕῑῑιίονεε
2595 457 2971 511 intemerata!!!
2995 455 3060 510 ad
3092 472 3189 511 sua
3232 472 3411 528 usque
3437 428 3685 529 tempora-

432 556 731 624 impietates
765 556 901 626 ejus.
940 556 1003 612 Et
1031 558 1084 611 in
1122 558 1352 627 epistola
1383 559 1449 613 ad
1484 559 1661 628 ipsum
1689 560 1813 613 data
1848 578 1862 613 :
1891 559 2006 613 Ad-

431 647 598 701 nitere
625 664 769 717 ergo,
789 664 927 717 papa
957 651 1324 703 amantissime
1371 659 1526 719 atque
1544 650 1860 705 beatissime.
1886 649 2007 704 Non

430 740 579 809 quod
613 740 761 794 hunc
800 741 1020 795 titulum
1052 741 1427 797 Alexandrino
1478 742 1736 811 episcopo
1768 743 2008 811 peculia-

430 845 546 885 rem
593 832 868 898 crederet;
895 833 1248 888 Anastasium
1280 834 1427 888 enim
1463 834 1628 888 simul
1672 850 1794 888 cum
1828 834 2006 889 Theo-

430 921 581 990 philo
624 922 938 986 nominans,
982 924 1156 987 illum,
1199 940 1307 978 non
1354 925 1523 991 hunc,
1556 942 1748 995 papam
1792 939 1952 982 vocat
1988 946 2001 981 :

430 1008 573 1074 Quid
610 1012 819 1081 faciunt
848 1014 1085 1082 epistola:
1117 1015 1389 1086 Theophili
1417 1020 1667 1091 episcopi,
1684 1021 1810 1092 quid
1854 1037 2005 1091 papae

424 1103 727 1169 Anastasii,
755 1105 811 1158 in
845 1114 955 1160 toto
982 1107 1103 1161 orbe
1125 1108 1429 1163 hwreticum
1458 1115 1863 1182 persequentes?
1892 1115 2007 1170 lmo

427 1193 484 1249 in
514 1195 743 1265 epistola
780 1197 846 1252 ad
881 1196 1241 1269 Theophilum
1272 1201 1399 1256 data
1436 1203 1785 1259 Anastasium
1812 1223 2005 1275 papam

426 1287 683 1357 appellat,
719 1286 805 1341 Ex
861 1289 1256 1359 dispensatione
1306 1292 1401 1347 Dei
1432 1294 1633 1364 factum
1679 1308 1827 1366 puto,
1857 1309 1915 1351 ut
1943 1315 2003 1353 eo

426 1379 483 1450 in
507 1386 734 1448 tempore
754 1392 811 1435 tu
833 1397 1035 1451 quoque
1057 1382 1125 1435 ad
1152 1384 1495 1439 Anastasium
1511 1404 1703 1458 papam
1726 1391 1999 1447 scriberes.

424 1470 579 1525 Alios
594 1472 758 1526 etiam
774 1473 964 1528 eodem
989 1474 1209 1530 nomine
1233 1477 1512 1550 indigitat:
1537 1478 1620 1535 Ne
1640 1498 1720 1535 mc
1740 1483 1919 1537 mittas
1933 1484 2002 1537 ad

424 1578 518 1615 sea:
544 1562 717 1617 millia
744 1563 1001 1618 librorum
1032 1568 1167 1637 ejus,
1196 1586 1326 1640 quos
1357 1571 1543 1642 legisse
1573 1570 1779 1627 beatum
1810 1591 2001 1644 papam

424 1649 789 1722 Epiphaniam
807 1660 1141 1727 criminaris;
1166 1673 1217 1716 et
1238 1678 1467 1720 rursus:
1496 1663 1691 1736 Erupit
1710 1666 2000 1737 aliquando

423 1754 614 1800 contra
660 1765 854 1819 papam
903 1752 1280 1823 Epiphaniam,
1330 1756 1594 1829 Apologia
1638 1759 1898 1814 secunda.
1941 1758 1998 1813 ln

2110 551 2517 621 permansisse?
2541 550 2674 604 nihil
2706 550 2922 604 horum.
2946 548 3001 604 Id
3035 564 3201 605 unum
3228 560 3507 617 asserunt,
3525 568 3663 622 supe-

2110 643 2242 698 riori
2266 643 2466 699 saeculo
2492 642 2672 697 nullos
2695 640 2866 697 fuisse
2893 642 2947 696 in
2975 640 3214 697 Ecclesia
3233 641 3550 712 Ethiopica
3567 645 3664 714 epi-

2109 751 2327 807 scopos,
2385 736 2622 789 ahunam
2659 732 2927 789 unum'ab
2953 734 3324 789 Alexandrino
3372 734 3661 805 patriarcha

2107 830 2340 883 electum
2390 836 2444 882 et
2490 836 2757 882 creatum.
2790 825 2993 881 Demus
3028 827 3191 897 igitur
3223 826 3278 881 id
3310 843 3509 882 verum
3531 843 3660 890 esse,

2107 921 2253 990 quod
2299 935 2488 974 eorum
2540 919 2854 973 testimonio
2890 919 3277 983 conﬁrmatur,
3318 918 3545 973 etiamsi
3574 918 3663 975 illis

2106 1013 2265 1084 longe
2303 1012 2489 1082 plures
2517 1012 2852 1066 contrarium
2887 1010 3047 1080 plane
3074 1011 3325 1077 doceant,
3351 1020 3523 1081 atque
3543 1012 3664 1067 inter

2104 1117 2203 1157 eos
2239 1104 2355 1172 ipse
2405 1101 2730 1157 Salmasius.
2766 1104 2847 1156 An
2888 1102 3017 1157 inde
3047 1102 3294 1172 sequitur
3327 1102 3663 1157 traditionem

2108 1194 2501 1265 Eutychianam
2523 1194 2577 1248 in
2593 1192 2830 1265 Egypto
2856 1208 3045 1248 revera
3072 1194 3140 1248 ab
3158 1194 3314 1250 initio
3348 1193 3662 1257 obtinuisse,

2104 1294 2157 1339 et
2172 1301 2388 1340 omnem
2401 1285 2698 1356 lgnatianis
2713 1284 2960 1353 epistolis
2973 1283 3131 1338 ﬁdem
3147 1284 3519 1355 abrogandam
3534 1286 3665 1340 esse?

2106 1374 2248 1428 Nulli
2286 1374 2510 1430 fuerunt
2568 1374 2623 1428 in
2675 1372 2956 1444 JEthiOpia
2990 1373 3234 1445 episcopi
3274 1383 3483 1445 praeter
3513 1390 3664 1428 unum

2102 1465 2336 1521 ahunam
2384 1465 2582 1521 saeculo
2613 1481 2725 1520 1m.
2759 1464 2903 1536 Ergo
2934 1465 3071 1520 nulli
3093 1475 3250 1521 erant
3279 1467 3336 1520 in
3371 1475 3487 1521 tota
3513 1465 3665 1536 Egy-

2102 1558 2282 1627 ptiaca
2325 1558 2548 1615 dioecesi
2590 1560 2768 1628 primo
2788 1558 2873 1613 vel
2905 1558 3145 1614 secundo
3170 1559 3376 1614 szecuio
3410 1575 3586 1629 usque
3609 1560 3666 1615 ad

2101 1664 2153 1703 a.
2209 1648 2273 1704 D.
2314 1649 2419 1704 490
2476 1650 2719 1720 episcopi
2763 1659 2962 1720 praeter
2988 1650 3421 1705 Alexandrinum
3449 1652 3666 1721 patriar-

2103 1743 2300 1809 eham;
2333 1743 2564 1813 ideoque
2600 1742 2845 1813 epistola:
2870 1741 3062 1814 lgnatii
3093 1742 3343 1798 conﬁcta:
3372 1751 3527 1797 sunt.
3561 1740 3662 1797 Non

422 1839 693 1906 procemio
752 1841 1280 1901 Commentariorum
1337 1847 1391 1901 in
1450 1846 1666 1915 30mm,
1738 1848 2001 1906 σωιεταηι
2031 1839 2073 1895 B
2101 1834 2299 1904 probat
2339 1843 2434 1889 aut
2474 1835 2732 1902 admittit,
2762 1835 2958 1905 Opinor
2983 1875 2998 1900 ,
3045 1834 3189 1889 hanc
3224 1834 3663 1904 consequentiam

423 1942 527 1989 non
553 1929 886 2000 ignoramus,
916 1936 1195 1990 Chromati
1217 1954 1358 2008 papa
1387 1941 1717 1995 venerabilis.
1769 1941 1827 1997 In
1883 1941 1999 2012 epi-

421 2016 562 2072 stola
590 2020 658 2074 ad
690 2021 1053 2093 Augustinum
1091 2045 1104 2081 :
1148 2026 1474 2084 Incolumem
1501 2040 1557 2085 et
1588 2034 1689 2085 mei
1718 2050 1999 2088 memorem

421 2110 472 2157 te
496 2103 697 2160 Christi
726 2109 943 2166 Domini
1004 2115 1281 2170 clementia
1320 2127 1555 2187 tueatur,
1596 2121 1805 2177 domine
1845 2141 1997 2178 vene-

420 2194 586 2248 rande
619 2204 672 2249 et
715 2198 1017 2256 beatissime
1060 2220 1223 2274 papa.
1259 2203 1336 2260 Ita
1368 2209 1560 2278 reliqui
1612 2210 1852 2277 ejusdem
1897 2210 1995 2264 αενὶ

419 2298 621 2340 nomen
666 2304 818 2359 papa:
859 2293 1084 2349 cuilibet
1122 2298 1379 2368 episeopo
1410 2300 1740 2355 tribuebant.
1787 2300 1993 2367 Tertio,

419 2373 687 2461 usitatum
731 2377 879 2435 hunc
925 2383 1141 2438 titulum
1198 2388 1361 2441 etiam
1408 2402 1533 2444 ante
1577 2388 1895 2461 Dionysium
1940 2401 1995 2446 et

419 2459 705 2541 lleraclam
740 2469 901 2525 docet
932 2488 1035 2529 nos
1075 2473 1443 2534 Tertullianus
1489 2479 1585 2533 lib.
1618 2479 1693 2533 De
1723 2459 1994 2551 pudicitia

421 2569 543 2623 cap.
576 2556 662 2625 i5,
692 2560 786 2628 qui
836 2562 903 2617 de
944 2565 1202 2637 epise0po
1234 2566 1484 2624 Romano
1518 2572 1634 2626 haec
1680 2573 1840 2628 habet
1872 2592 1887 2629 :
1927 2572 1995 2627 In

417 2660 538 2699 eum
578 2648 805 2705 hominis
856 2656 1078 2726 exitum,
1115 2670 1371 2730 quantum
1409 2672 1577 2732 potes,
1615 2666 1994 2722 misericordia:

418 2740 679 2798 illecebris
702 2747 865 2802 bonus
884 2763 1086 2820 pastor,
1101 2764 1149 2808 et
1172 2755 1471 2811 benedictus
1486 2772 1626 2828 papa
1641 2762 1989 2817 concionaris.

419 2830 557 2887 Cum
587 2835 753 2905 igitur
779 2856 879 2895 vox
912 2860 1051 2914 papa
1079 2862 1356 2917 nunquam
1383 2850 1650 2921 signiticet
1687 2870 1863 2919 avum,
1898 2855 1992 2908 sed

415 2927 677 3015 omnibus
706 2933 978 3004 episcopis
1009 2953 1224 3008 semper
1252 2941 1451 2995 tributa
1491 2944 1580 3008 sit,
1615 2946 1843 3013 etprius
1869 2947 1992 3015 qui-

415 3014 541 3072 dem
591 3022 848 3093 episcopo
880 3024 1131 3084 Romano
1168 3046 1333 3100 quam
1381 3034 1769 3101 Alexandrino,
1805 3014 1987 3092 inania

418 3108 548 3164 Sunt
593 3116 777 3169 omnia
824 3118 895 3173 ob
928 3136 1049 3189 quae
1080 3123 1229 3178 hanc
1280 3126 1562 3182 historiam
1610 3132 1989 3199 excogitarunt

416 3200 659 3297 Arabes;
707 3205 847 3263 falsa
899 3212 1063 3266 etiam
1092 3224 1145 3269 et
1172 3216 1402 3273 historia
1443 3220 1509 3274 ad
1549 3220 1757 3297 horum
1780 3233 1988 3278 tantum

413 3293 885 3356 conﬁrmationem
920 3307 1139 3363 tradita.

484 3385 846 3451 Excussimus
881 3400 1223 3458 traditionem
1253 3404 1651 3479 Egyptiacam,
1681 3426 1842 3480 quam
1889 3426 1989 3465 nos

412 3496 694 3553 nunquam
737 3499 920 3546 natam
970 3494 1139 3552 fuisse
1186 3502 1588 3570 contendimus,
1625 3513 1679 3557 et
1706 3505 1774 3559 ab
1796 3505 1989 3559 Arabi-

411 3575 516 3631 bus
544 3586 925 3640 tantummodo
966 3588 1183 3657 ﬁctam;
1212 3608 1339 3647 ecce.
1377 3604 1557 3650 autem
1591 3599 1754 3652 etiam
1790 3600 1989 3653 redivi-

406 3680 533 3725 vam
567 3678 622 3725 et
642 3672 710 3726 ad
735 3666 880 3731 hunc
905 3695 1078 3748 usque
1108 3682 1253 3737 diem
1289 3687 1636 3754 superstitem
1659 3691 1674 3741 l
1702 3688 1989 3759 Eutychia-

394 3775 535 3856 tnam
588 3770 929 3827 traditionem
982 3777 1163 3845 ﬁrmat
1209 3781 1349 3854 idem
1421 3785 1757 3851 institutum,
1811 3788 1985 3856 inquit

394 3852 665 3927 ‘Dallazus,
723 3860 780 3913 in
834 3865 1210 3933 antiquissima
1258 3852 1320 3921 etv
1346 3856 1689 3927 nobilissima
1733 3852 1985 3929 Ecclesia:

406 3939 750 4011 Ai‘gyptiaca:
773 3953 1008 4020 traduce,
1025 3955 1330 4027 EthiOpica
1348 3963 1770 4030 Christianitate,
1785 3969 1854 4019 ad
1873 3969 1983 4027 lucc

406 4047 569 4125 usque
586 4046 821 4105 tempora
842 4046 1124 4102 servatum.
1147 4046 1212 4100 In
1236 4052 1378 4103 omni
1397 4054 1535 4105 enim
1558 4053 1865 4125 zEthiopira
1892 4058 1983 4111 Ec-

407 4122 571 4219 clesia
603 4145 738 4183 unus
760 4143 836 4186 est
848 4135 963 4202 jam
991 4138 1053 4190 ab
1078 4142 1311 4210 antiquis
1331 4132 1649 4212 temporibus
1688 4122 1979 4219 cpiscopus,

407 4215 607 4283 abuna,
640 4230 698 4273 ut
725 4235 929 4293 vocant,
959 4228 1010 4282 id
1045 4238 1129 4285 est
1151 4235 1481 4301 patriarcha,
1509 4238 1600 4306 qui
1629 4215 1791 4293 etiam
1828 4215 1982 4296 hodie

405 4308 473 4362 ab
517 4310 882 4371 Alexandrino
922 4323 1231 4389 patriarcha
1278 4342 1617 4384 consecratur
1648 4343 1696 4385 et
1725 4334 1977 4387 mittitur.

405 4400 645 4473 Antiqua
676 4416 857 4462 autem
891 4418 1135 4482 tempora
1177 4431 1299 4484 quae
1330 4417 1462 4482 sint,
1495 4429 1681 4489 postea
1709 4422 1976 4488 ostendit;

2102 1926 2188 1979 vir
2208 1926 2584 1982 doctissimus.
2609 1925 2837 1997 Reliqua
2866 1925 3011 1981 enim
3034 1925 3221 1979 omnia
3235 1942 3360 1996 quas
3386 1939 3661 1980 enumera-

2100 2018 2303 2086 vimus,
2358 2019 2424 2074 ad
2476 2015 2871 2091 Eutychianam
2926 2017 3273 2073 traditionem
3325 2017 3661 2084 ﬁrmandam,

2101 2108 2258 2178 plura
2308 2119 2492 2164 autem
2524 2110 2592 2164 ad
2630 2109 2900 2179 lgnatium
2939 2109 3283 2179 epistolicum
3316 2108 3664 2177 rejiciendum

2100 2202 2407 2256 necessaria
2444 2208 2574 2256 sunt
2606 2218 2619 2255 :
2653 2216 2775 2271 quae
2801 2200 2977 2255 adhuc
3008 2201 3159 2256 nullo
3193 2200 3518 2255 testimonio
3541 2214 3665 2255 con-

2101 2295 2409 2361 ﬁrmantur,
2437 2293 2548 2348 imo
2580 2309 2704 2364 quae
2736 2291 2889 2347 nullo
2922 2294 3236 2357 conﬁrmari
3265 2301 3526 2363 possunt.

2170 2384 2356 2440 Primo
2411 2387 2555 2440 enim
2595 2384 2980 2440 Christianitas
3032 2384 3347 2455 EthiOpiea
3399 2384 3473 2439 ab
3520 2383 3663 2439 initio

2097 2492 2207 2531 non
2234 2477 2446 2531 videtur
2464 2476 2636 2532 fuisse
2650 2476 2905 2532 Ecclesiae
2919 2475 3253 2546 Egyptiaca:
3276 2476 3498 2531 tradux.
3514 2474 3661 2542 Nam,

2098 2579 2232 2625 teste
2260 2568 2485 2635 Irenaeo,
2522 2570 2562 2624 l.
2594 2585 2680 2637 ιιι,
2708 2585 2760 2625 e.
2790 2570 2878 2637 i2,
2908 2569 3088 2640 Spado
3129 2569 3323 2640 regina:
3353 2567 3665 2638 Ειιιὶοριιι

2097 2662 2292 2715 missus
2340 2674 2417 2717 est
2465 2662 2521 2715 in
2557 2662 2791 2732 regiones
2837 2660 3128 2732 Ethiopia:
3161 2662 3551 2731 prcedicaturus
3576 2660 3665 2713 hoc

2094 2754 2233 2823 quod
2263 2755 2372 2823 ipse
2392 2755 2708 2809 crediderat.
2737 2753 2884 2808 Idem
2907 2763 3139 2809 testatur
3155 2752 3355 2809 Euseb.
3384 2753 3424 2808 l.
3453 2769 3517 2818 ιι,
3537 2769 3588 2809 c.
3614 2753 3663 2817 i,

2093 2856 2147 2901 et
2180 2847 2238 2902 S.
2277 2846 2698 2903 Hieremiam:
2736 2846 2922 2913 Isaite,
2947 2856 3002 2902 et
3042 2847 3101 2902 S.
3132 2847 3297 2919 Cyril.
3334 2848 3552 2903 catech.
3580 2848 3661 2901 Π.

2097 2936 2250 2994 Unde
2295 2948 2349 2994 et
2384 2939 2674 3010 Ethiopes
2720 2940 2823 3011 ipsi
2868 2957 2899 2995 a
2935 2941 3183 3011 Philippo
3216 2942 3470 3011 apostolo
3514 2957 3573 2996 se
3600 2943 3661 2995 ad

2092 3026 2254 3087 ﬁdem
2289 3048 2585 3089 conversos
2609 3020 2954 3102 proﬁtentur.
2984 3032 3188 3088 Volunt
3216 3034 3383 3088 etiam
3418 3035 3662 3090 nonnulli

2096 3122 2153 3178 S.
2203 3123 2470 3179 Thomam
2528 3124 2881 3195 Ethiopibus
2931 3125 3285 3197 Evangelium
3312 3127 3658 3196 praedicasse,

2017 3187 2058 3247 δ
2093 3214 2184 3268 alii
2209 3215 2268 3268 S.
2298 3214 2637 3282 Matthazum,
2657 3187 2737 3271 ιη’
2755 3216 2913 3272 Socr.
2940 3217 2979 3271 ι.
3006 3233 3047 3284 ι,
3148 3217 3236 3285 19,
3268 3187 3519 3275 Bullinus
3540 3219 3581 3273 l.
3608 3187 3655 3273 x.

2092 3322 2143 3362 c.
2186 3306 2239 3361 9.
2276 3305 2567 3378 Utcunque
2612 3309 2703 3375 sit,
2740 3318 2868 3365 sunt
2897 3309 3044 3364 enim
3087 3310 3280 3380 primae
3339 3312 3661 3382 evangelica:

2091 3398 2549 3469 promulgationis
2572 3400 2801 3471 vestigia
2832 3409 2891 3456 ut
2914 3401 3055 3472 apud
3079 3402 3216 3457 alias
3241 3411 3428 3473 gentes
3458 3419 3493 3457 a
3520 3402 3661 3459 Gra-

2091 3492 2169 3546 cis
2216 3492 2375 3561 longe
2418 3493 2665 3562 dissitas,
2690 3494 2765 3547 ita
2793 3501 2849 3548 et
2875 3493 3018 3564 apud
3060 3492 3350 3563 Ethiopas
3379 3494 3539 3550 valde
3563 3495 3657 3549 ob-

2090 3598 2271 3651 scura,
2306 3600 2468 3639 nemo
2510 3595 2691 3640 tamen
2721 3596 2964 3641 veterum
2995 3586 3133 3641 dixit
3158 3585 3453 3657 Ethiopas
3487 3588 3657 3657 primo

2088 3677 2171 3730 vel
2237 3676 2479 3735 secundo
2537 3676 2736 3732 saeculo
2791 3676 3108 3747 religionem
3169 3676 3542 3733 Christianam
3593 3678 3661 3733 ab

2089 3768 2358 3840 Egyptiis
2410 3768 2699 3834 didicisse;
2770 3770 2917 3838 quod
2975 3779 3093 3825 erat
3143 3770 3209 3825 ad
3262 3769 3653 3843 Eutychianam

2087 3862 2432 3915 traditionem
2474 3860 2800 3916 ﬁrmandam
2829 3861 3102 3932 imprimis
3138 3863 3371 3932 probatu
3401 3879 3659 3920 access»

2086 3955 2250 4008 rium.
2283 3953 2350 4007 Et
2376 3954 2576 4007 mirum
2608 3961 2712 4017 est,
2736 3962 2873 4023 quot
2896 3962 2951 4009 et
2970 3948 3154 4023 qualia
3191 3954 3307 4010 hare
3334 3955 3402 4012 de
3450 3958 3655 4028 lgnatio

2086 4036 2402 4117 conjectura
2458 4045 2721 4101 Dallaaum
2769 4047 2978 4113 docuit,
3026 4064 3149 4117 qua
3206 4058 3366 4104 antea
3431 4065 3653 4120 prorsus

2084 4138 2375 4209 ignoravit.
2435 4144 2515 4196 Ita
2569 4142 2713 4196 enim
2766 4142 2882 4212 ipse
2906 4142 2977 4196 de
3028 4140 3296 4211 Pseudep.
3322 4152 3504 4212 apost.
3536 4144 3573 4197 Ι.
3602 4157 3647 4208 ι,

2082 4246 2132 4285 c.
2159 4231 2194 4284 2
2228 4249 2241 4286 :
2280 4232 2384 4286 Sed
2422 4232 2945 4303 [Ethiopasquidem
2972 4234 3267 4300 mittamus,
3298 4250 3524 4303 quorum
3558 4251 3650 4288 non

2042 4317 2047 4323 ’
2084 4324 2188 4378 nisi
2214 4326 2573 4379 recentissima
2618 4328 2877 4386 novimus,
2901 4327 3120 4396 antiqua
3147 4326 3302 4397 plane
3327 4328 3649 4398 ignoramus.

2151 4414 2410 4470 Fatemur
2452 4416 2707 4485 quidem,
2758 4417 3022 4486 quidquid
3085 4416 3154 4472 ab
3207 4417 3510 4487 Eunucho,
3561 4427 3650 4475 aut

405 4493 484 4589 ait
520 4494 572 4589 in
599 4495 898 4589 ,Ethiopia:
939 4507 1243 4573 parite-rae
1293 4508 1513 4580 [Egypti
1543 4512 1894 4582 amplissimis
1922 4524 1977 4568 et
2008 4532 2052 4589 υ
2090 4503 2324 4572 Thoma,
2357 4516 2452 4560 aut
2476 4506 2728 4583 Matthsco
2756 4506 2959 4561 factum
2987 4510 3145 4563 estin
3175 4509 3283 4563 illis
3312 4510 3647 4581 regionibus,

405 4583 894 4649 Christianissimis
956 4597 1269 4653 civitatibus
1332 4602 1510 4655 nullos
1558 4603 1624 4656 ad
1667 4618 1719 4656 a.
1753 4602 1816 4657 D.
1879 4598 1977 4653 190

404 4676 715 4748 episcopos,
746 4685 982 4741 ahunam
1015 4698 1222 4743 tantum
1251 4690 1423 4747 fuisse
1447 4692 1815 4765 Ethiopicum
1839 4704 1897 4749 ut
1924 4704 1977 4749 et

404 4772 775 4839 patriarchatn
807 4778 1256 4837 Alexandrinum.
1560 4793 1563 4796 ’
1612 4790 1615 4793 ’

477 4863 674 4930 Quaero
726 4880 907 4925 autem
944 4874 1088 4928 unde
1137 4875 1252 4931 haec
1299 4878 1482 4932 omnia
1524 4894 1624 4948 pro
1679 4880 1975 4951 compertis

403 4955 606 5011 habeat
652 4958 737 5012 vir
784 4960 1160 5022 doctissimus.
1211 4966 1404 5024 Testes
1446 4982 1684 5038 quatuor
1731 4974 1971 5037 adducit,

402 5044 750 5115 Alphonsum
780 5049 1129 5118 Mindesium,
1157 5053 1436 5111 Nicolaum
1452 5057 1777 5127 Godignum.
1806 5062 1973 5117 Joan-

399 5153 529 5193 nem
552 5156 583 5194 a
617 5138 856 5208 Sanctis,
885 5142 1242 5201 Fraueiscum
1268 5149 1539 5216 Alvarem,
1573 5142 1809 5223 mperes
1833 5156 1970 5209 scri-

401 5242 591 5303 ptores
658 5250 871 5301 omnes,
926 5236 1163 5295 Jesuitas
1219 5252 1313 5296 aut
1363 5245 1771 5303 Dominicanos.
1829 5246 1969 5313 Quid

390 5316 584 5378 autem
632 5327 707 5381 illi
744 5331 1053 5384 testantur?
1094 5348 1161 5387 an
1193 5322 1657 5390 Christianitatem
1693 5337 1970 5408 Ethiopi-

399 5431 523 5471 cam
562 5418 631 5473 ab
674 5422 833 5476 initio
882 5422 1055 5480 fuisse
1108 5425 1367 5483 Ecclesiae
1405 5427 1737 5501 Egyptiacze
1783 5433 1971 5485 tradu-

400 5508 558 5563 cem?
582 5525 649 5564 an
680 5513 749 5568 ab
787 5517 1013 5586 antiquo
1046 5534 1219 5588 usque
1247 5520 1315 5574 ad
1368 5536 1420 5577 a.
1457 5520 1521 5574 D.
1555 5522 1677 5588 190,
1709 5521 1879 5577 fuisse
1913 5525 1966 5577 in

400 5601 680 5675 Ethiopia
704 5612 1071 5677 patriarcham
1102 5623 1195 5668 aut
1225 5615 1461 5671 abunam
1487 5633 1610 5672 cum
1641 5618 1967 5689 presbyteris

399 5697 841 5767 quamplurimis,
863 5702 1119 5772 episeopo
1144 5714 1323 5760 autem
1350 5707 1541 5762 nullo?
1566 5724 1635 5763 an
1660 5710 1799 5763 hanc
1828 5710 1967 5781 regi-

406 5790 571 5851 miuis
620 5790 852 5851 formam
910 5797 979 5851 ab
1029 5797 1303 5871 Egyptiis
1357 5801 1527 5860 fuisse
1564 5798 1966 5866 derivatam,et

2084 4598 2375 4668 Ethiopas
2433 4599 2728 4668 aliquando
2778 4599 3148 4656 Christianam
3206 4602 3529 4674 religionem
3587 4606 3652 4659 ab

2080 4691 2352 4762 Egyptiis
2379 4692 2650 4761 hausisse,
2680 4694 2827 4763 quod
2866 4694 3033 4749 multa
3062 4694 3465 4754 demonstrant.
3498 4697 3653 4766 Qua:-

2076 4786 2218 4838 ritur
2273 4792 2486 4840 tantum
2536 4784 2604 4840 de
2653 4796 2918 4855 tempore,
2946 4786 3104 4856 cujus
3136 4788 3377 4858 cognitio
3424 4799 3550 4845 erat
3588 4790 3652 4843 ad

2081 4875 2187 4929 hoc
2216 4886 2599 4944 argumentum
2629 4876 2787 4947 plane
2819 4884 3147 4953 necessaria.
3168 4878 3302 4934 Nam
3331 4882 3653 4953 uisiprobe-

2077 4975 2168 5021 tur
2190 4966 2479 5038 [EthiOpas
2498 4969 3008 5027 abunamhabuisse
3034 4973 3102 5028 ab
3133 4974 3395 5045 episcopo
3414 4974 3650 5030 Alexano

2073 5060 2235 5115 drino
2257 5070 2523 5129 creatum,
2559 5062 2653 5132 qui
2695 5078 2815 5118 eam
2842 5063 3140 5120 Ecclesiam
3171 5082 3295 5121 cum
3318 5069 3651 5142 presbyteris

2074 5154 2192 5207 sine
2224 5153 2331 5207 alio
2356 5155 2614 5224 episcopo
2648 5157 2872 5223 rexerit,
2907 5167 3031 5212 ante
3074 5156 3336 5213 Demetrii
3380 5170 3645 5233 tempora,

2071 5244 2411 5316 Eutychiana
2439 5247 2658 5302 traditio
2684 5249 2836 5304 nullo
2866 5245 3041 5311 modo
3059 5252 3501 5309 conﬁrmabitur.
3521 5255 3648 5323 Quae

2070 5350 2250 5393 autem
2301 5338 2535 5395 Dallazus
2594 5340 2770 5406 affert,
2793 5352 2852 5396 ut
2877 5342 3252 5414 Ethiopieum
3318 5346 3645 5404 Christiani-

2066 5448 2241 5488 smum
2277 5432 2346 5487 ab
2412 5431 2649 5503 Egypto
2708 5444 3068 5503 prepagatum
3114 5451 3237 5492 esse
3282 5438 3640 5506 demonstret,

2073 5530 2187 5578 haec
2227 5525 2606 5581 tantummodo
2636 5535 2792 5581 sunt:
2814 5526 3025 5594 Abuna,
3065 5529 3292 5596 scilicet,
3315 5532 3381 5584 ab
3404 5533 3640 5587 Alexan-

2067 5621 2222 5672 drino
2275 5622 2585 5691 patriarcha
2624 5625 2733 5693 peti
2780 5626 3117 5695 ordinarique
3161 5625 3449 5692 solitus,ct
3498 5638 3637 5682 cetus

2065 5713 2309 5768 Dioscori
2358 5716 2590 5770 schisma
2625 5719 2712 5770 cui
2757 5735 2877 5788 gens
2905 5728 3016 5773 tota
3059 5720 3129 5772 ad
3165 5720 3635 5775 hodiernumdicm

2066 5806 2319 5877 adliceret,
2379 5809 2566 5879 synodi
2608 5806 3049 5865 Chalcedonensis
3086 5822 3135 5867 et
3177 5811 3367 5869 Leonis
3407 5812 3633 5867 Romani
