3824 6198
166 280 260 337 265

862 276 912 336 J.
959 278 1330 336 PEARSONII
1369 278 1692 335 VlNDlCle
1731 277 2158 338 IGNATIANE.
2194 310 2263 323 —-
2286 281 2467 338 PARS
2494 282 2537 339 1.

3310 282 3419 340 256

122 381 137 400 ’
166 399 372 469 episcopi
414 398 746 452 memoriam
781 399 1107 454 abominans.
1152 397 1280 455 Haec
1310 408 1495 455 autem
1536 414 1639 455 nec
1670 400 1749 456 ad
1766 422 1818 480 Α
1847 401 2197 456 abduceretur
2227 401 2429 472 (inquit
2456 400 2864 457 Athanasiusin
2884 400 3192 473 Apologia),
3226 401 3277 457 in
3309 419 3417 473 qua

165 504 208 542 ο.
258 488 316 544 D.
349 488 473 556 190,
509 504 617 546 nec
677 489 751 544 ad
804 488 1035 546 Eusebii-
1083 498 1329 559 tempora
1382 490 1751 561 perungunt;-

168 582 380 651 ideoque
412 580 484 636 ad
534 597 667 636 rem
716 592 1036 652 praesentem
1080 582 1220 637 nihil
1249 581 1476 638 omnino
1507 582 1737 640 faciunt.

167 673 355 730 Arabes
410 673 649 744 quidem
699 673 1026 746 Ethiopian
1055 674 1315 731 Ecclesia:
1348 674 1648 745 primordia
1673 674 1741 730 ad

168 765 580 821 Constantinum
630 764 812 823 ferme
844 766 1107 822 referunt.
1136 765 1491 823 Abulfaraius
1530 775 1741 822 notata

170 869 393 928 tempore
445 857 817 914 Constantini
877 859 1193 930 religionem
1252 854 1621 915 Christianam
1682 874 1743 916 se

169 953 447 1016 exeruisse,
506 935 699 1006 donec
766 966 890 1007 eam
949 952 1414 1023 amplecterentur
1470 951 1744 1023 pleneque

169 1056 337 1097 earum
365 1058 490 1113 qua:
523 1041 811 1099 Romanis
848 1044 1041 1100 vicinae
1070 1052 1208 1101 sunt
1227 1052 1448 1115 gentes,
1485 1060 1585 1100 nec
1631 1059 1743 1099 non

170 1145 415 1207 quotquot
461 1135 799 1191 incolebant
844 1138 1024 1208 Coptte
1068 1135 1195 1192 aliis
1227 1144 1282 1192 et
1310 1135 1535 1209 Nigritse
1565 1140 1746 1192 omni-

170 1228 277 1299 geni
324 1243 386 1282 ex
427 1226 804 1300 Ethiopibus
829 1268 845 1293 ,
878 1227 1069 1285 Nubiis
1111 1231 1456 1302 exterisque.
1499 1230 1745 1303 Geogra-

172 1324 266 1391 pho
326 1320 605 1378 Nubiensi
666 1330 1047 1378 memorantur
1097 1322 1291 1395 Nigri,
1353 1324 1442 1395 qui
1490 1334 1747 1379 uocantur

168 1415 376 1468 Albania
405 1422 457 1468 et
488 1415 762 1469 dicuntur
803 1432 912 1470 esse
937 1413 1127 1483 Graeci,
1151 1412 1553 1488 religionemque
1586 1416 1746 1472 Chri-

169 1509 374 1561 stianam
415 1507 676 1576 proﬁteri
725 1525 760 1561 a
794 1507 976 1562 diebus
1002 1507 1335 1579 Coptitarum
1364 1518 1485 1563 ante
1504 1519 1747 1564 exortam

172 1595 654 1650 Hustemannorum
711 1605 947 1662 sectam;
1002 1612 1179 1651 verum
1246 1596 1500 1663 deﬁciunt
1556 1612 1589 1649 a
1641 1596 1747 1666 ﬁde

169 1685 598 1752 Christianorum,
640 1696 771 1741 sunt
810 1687 949 1740 enim
977 1684 1263 1743 Jacobitw.
1299 1685 1371 1739 At
1398 1684 1747 1742 Constantini

1843 500 2109 563 tyrannos
2147 506 2243 548 eos
2294 491 2494 547 fratres
2530 503 2713 561 vocat,
2744 494 2921 565 iisque
2960 496 3113 565 paria
3142 511 3268 550 cum
3298 482 3416 551 Ro-

1842 583 2024 638 manis
2060 578 2199 654 ‘jura
2252 583 2528 653 impertit;
2564 600 2688 639 cum
2728 586 2863 640 nulli
2894 587 3284 657 imperatorum
3309 586 3403 641 Βυ·

1842 690 2129 730 manorum
2154 674 2402 730 foederati
2433 676 2577 730 ultra
2602 676 2843 748 Gangem
2869 686 3055 734 essent
3080 686 3224 732 :tum
3251 678 3418 733 etiam
3470 676 3471 681 “

1842 768 1991 838 quod
2035 766 2179 822 idem
2206 768 2581 823 Constantius
2603 769 2777 839 legem
2811 768 3000 825 fecerit
3024 770 3079 824 in
3105 771 3222 826 haec
3252 770 3419 824 verba

1843 875 1966 929 quae
2014 874 2127 914 rem
2175 859 2526 930 ipsam-mire
2569 860 2839 917 illustrat:
2878 861 3073 917 Nullus
3111 864 3180 917 ad
3220 872 3421 935 gentem

1844 952 2266 1006 Auxumitarum
2318 963 2369 1007 et
2423 951 2729 1007 Homeritas
2778 955 2855 1008 ire
2912 966 3222 1025 praereptus,
3273 954 3422 1009 ultra

1846 1045 2013 1098 annui
2066 1045 2314 1115 temporis
2359 1046 2535 1115 spatia
2572 1045 2717 1099 debet
2762 1046 3101 1102 Alexandria:
3144 1048 3207 1101 de
3235 1058 3423 1102 cwtero

1846 1139 2136 1193 demorari.
2174 1139 2343 1194 Erant
2371 1140 2539 1210 igitur
2562 1139 2618 1192 hi
2641 1137 3316 1211 Αὐξουμίταιςκαλούμενοι
3340 1140 3428 1192 Al-

1847 1229 2052 1296 θίοπες,
2087 1238 2150 1285 ιιι
2188 1230 2433 1300 loquitur
2465 1228 2887 1301 Philostorgius,
2913 1229 3208 1286 Homerilis
3227 1230 3427 1300 adjun-

1848 1322 1957 1391 cti,
2016 1323 2250 1393 imperio
2325 1322 2577 1379 Romano
2644 1323 2995 1387 contermini,
3051 1321 3425 1377 Romanorum

1846 1413 2122 1480 foederati,
2150 1424 2406 1485 tempore
2453 1413 2786 1470 Constantii.
2819 1413 2902 1469 Ad
2936 1414 3061 1467 illos
3095 1413 3260 1484 igitur
3284 1429 3430 1483 saepe

1847 1505 2004 1562 missi
2036 1514 2167 1562 sunt
2195 1506 2360 1578 legati
2391 1505 2905 1577 quiAlexandriam
2938 1496 3116 1575 primo
3147 1504 3427 1575 petebant,

1848 1598 1977 1654 inde
2019 1599 2077 1653 in
2121 1597 2461 1669 Ethiopiam
2506 1596 2845 1669 profecti,ex
2866 1596 3143 1667 Ethiopia
3194 1597 3432 1653 Alexan—

1848 1689 2024 1745 driam
2052 1690 2257 1757 reversi
2288 1697 2440 1755 sunt,
2470 1690 2537 1745 ad
2568 1705 2708 1762 quos
2728 1698 2938 1760 spectat
2965 1690 3055 1744 illa
3088 1689 3432 1744 constitutio.

168 1788 303 1835 atate
325 1778 513 1850 plures
543 1795 727 1850 quam
767 1788 989 1835 centum
1014 1779 1235 1836 fuerunt
1258 1780 1314 1835 in
1348 1778 1586 1852 Egypto
1627 1778 1744 1849 epi-
1772 1800 1817 1855 Β
1850 1778 1979 1836 Haec
2022 1781 2243 1836 occasio
2271 1794 2370 1835 eos
2414 1778 2483 1833 ad
2519 1777 2679 1833 ﬁdem
2709 1777 3080 1833 Christianam
3119 1776 3222 1832 sub
3242 1776 3435 1847 primis

169 1871 325 1941 scopi;
355 1878 411 1926 et
456 1870 664 1951 eodem
711 1879 957 1941 tempore
999 1868 1269 1927 Eusebius
1300 1869 1495 1942 Ignatii
1533 1868 1741 1939 episto-

167 1962 235 2017 las
275 1963 531 2017 omnibus
581 1961 845 2018 ecclesiis
876 1961 1278 2033 perhonoriﬁee
1315 1960 1743 2017 commendavit.

168 2052 264 2109 lmo
298 2068 423 2111 vero
470 2054 710 2109 videtur
762 2052 931 2109 etiam
980 2060 1140 2108 aetate
1195 2052 1369 2124 ipsius
1428 2048 1743 2120 Athanasii,

168 2148 245 2215 qui
270 2146 530 2216 epistolas
564 2145 777 2218 lgnatii
809 2155 864 2201 et
888 2147 1039 2201 novit
1074 2154 1137 2201 et-
1166 2145 1392 2219 recepit,
1425 2153 1481 2201 et
1505 2146 1746 2217 primum

169 2238 417 2309 incognita
469 2239 577 2293 vel
626 2238 784 2293 nulla
836 2236 1027 2305 fuisse,
1055 2246 1111 2293 et
1156 2237 1284 2293 dein
1313 2237 1399 2295 vel
1430 2246 1610 2292 ortum
1643 2237 1746 2292 ba-

168 2328 361 2397 buisse,
416 2330 519 2385 vel
561 2346 631 2386 se
696 2344 1055 2399 recuperasse
1096 2328 1345 2386 Ecclesia
1400 2328 1744 2403 Egyptiaca.

168 2421 311 2492 idque
356 2430 510 2493 patet
568 2438 647 2478 ex
698 2423 939 2478 historia
968 2436 1134 2489 quam
1165 2430 1357 2477 narrat
1384 2421 1634 2478 Bullinus
1682 2421 1752 2477 de

169 2510 481 2579 Frumentio,
517 2528 715 2585 quem.
767 2513 825 2568 in
882 2512 1091 2569 lndiam
1132 2529 1259 2570 cum
1299 2512 1542 2583 Meropio
1568 2510 1752 2583 profe—

168 2615 292 2658 ctum
321 2620 441 2661 esse
475 2606 684 2661 tradit.
718 2603 852 2660 Etsi-
866 2606 1010 2660 enim
1065 2606 1316 2662 Bullinus
1350 2606 1426 2659 ita
1458 2604 1749 2659 historiam

169 2708 405 2765 pertexat,
438 2699 621 2770 quasi
653 2698 711 2753 in
742 2696 957 2754 Indiam
987 2700 1306 2755 ulteriorem
1342 2706 1398 2753 et
1426 2696 1751 2754 orientalem

170 2786 499 2845 Frumentius
558 2788 948 2859 perrexisset;
1022 2796 1243 2844 constat
1304 2796 1484 2843 tamen
1539 2786 1752 2842 lndiam

170 2897 269 2937 eam
321 2882 490 2939 fuisse
543 2881 804 2955 Egypto
854 2882 1295 2952 proximiorem,
1352 2890 1408 2938 et
1454 2879 1756 2950 [Ethiopiae

170 2986 374 3045 partem.
419 2976 544 3032 ludi
604 2976 758 3032 enim
811 2973 1102 3046 Ethiopes
1157 2975 1463 3045 antiquitus
1513 2974 1753 3047 appella-

170 3069 361 3138 bantur,
394 3080 456 3126 ut
484 3070 648 3142 apud
681 3067 973 3138 Virgilium
1005 3069 1073 3125 de
1096 3067 1218 3124 Nilo
1241 3068 1284 3100 ¹⁸
1309 3086 1323 3123 :

293 3205 462 3279 Usque
494 3201 774 3261 coloratis
812 3205 984 3260 amnis
1011 3205 1236 3261 devexus
1267 3206 1332 3261 ab
1360 3204 1532 3264 Indis.

228 3342 300 3398 Ad
337 3343 479 3400 hanc
510 3353 712 3398 autem
739 3338 952 3396 Indiam
982 3338 1362 3395 Frumentium
1403 3340 1583 3410 primo
1625 3355 1750 3411 per—

172 3436 360 3492 venisse
407 3443 646 3492 constat
689 3453 703 3488 :
748 3448 818 3489 ex
874 3432 967 3487 illa
1012 3432 1400 3487 Alexandriam
1452 3432 1636 3496 rediit,
1697 3430 1753 3485 in

172 3528 391 3583 eamdem
433 3542 648 3584 rursus
684 3526 855 3581 etiam
894 3525 1099 3581 missus
1132 3534 1237 3591 est,
1266 3535 1321 3581 et
1343 3525 1412 3580 ab
1446 3524 1754 3579 Athanasio

172 3619 430 3676 ordinatus
482 3620 800 3690 episcopus
848 3617 1145 3673 Axumeos.
1180 3616 1314 3671 Erat
1367 3626 1551 3671 autem
1600 3616 1752 3670 Axu-

171 3713 257 3767 mis
287 3712 625 3783 Ethiopum
661 3710 1009 3780 metropolis.
1040 3709 1354 3780 Stephanus
1380 3710 1459 3765 De
1496 3707 1713 3763 urbibus
1735 3725 1770 3766 Γ

180 3804 511 3877 Agriani-mg,
546 3800 879 3875 ἀρσενικῶς,
910 3801 1243 3874 μητρόπολις
1272 3802 1565 3857 Αἰθιόπων.
1596 3801 1754 3871 Apud

169 3892 432 3954 Arrianum
454 3898 528 3950 in
553 3894 780 3965 Periplo
808 3893 979 3948 maris
995 3892 1263 3965 Erythraei
1291 3892 1458 3965 (quod
1484 3893 1754 3963 Procopio

171 3984 372 4045 Gazensi
405 3987 673 4044 θάλασσα
729 3985 925 4057 Ἰνδική
958 3984 1207 4055 vocatur)
1235 4003 1250 4039 :
1293 3984 1426 4039 Ἀπὸ
1458 3985 1519 4039 δὲ
1547 3984 1754 4056 ταύτης

171 4080 236 4140 εἰς
262 4080 419 4152 αὐτὴν
460 4079 573 4150 τὴν
610 4075 949 4149 μητρόπολιν
972 4076 1063 4130 τὸν
1110 4074 1413 4149 Ἀξωμίτην
1461 4075 1753 4147 λεγόμενον

171 4169 319 4225 ἄλλων
377 4170 622 4244 ἡμερῶν
674 4169 861 4222 πέντε.
915 4166 1209 4243 Νοῐιηοειυε
1264 4167 1408 4237 apud
1458 4166 1750 4221 Photium:

182 4263 233 4314 Ἡ
254 4263 305 4315 δὲ
338 4265 602 4334 Ἀξουμα
638 4260 798 4324 πόλις
835 4261 961 4315 ἐστὶ.
990 4260 1245 4332 μεγίστη,
1279 4261 1375 4315 καὶ
1402 4254 1512 4313 οἷον
1550 4258 1755 4330 μητρό-

174 4353 301 4418 πολις
326 4357 424 4427 τῆς
466 4354 604 4424 ὅλης
664 4351 974 4414 Αἰθιοπίας.
1001 4350 1068 4406 Ει
1094 4350 1297 4406 clarius
1326 4350 1506 4406 adhuc
1546 4347 1755 4404 Proco—

174 4447 275 4514 pius
332 4448 689 4503 Persicorum
747 4444 893 4501 lib.t
931 4463 945 4499 :
987 4443 1295 4517 Ὀμηριτῶν
1317 4443 1375 4497 δὲ
1417 4442 1753 4513 καταντικρὺ

177 4538 381 4605 μάλιστα
431 4542 497 4593 ὲν
537 4541 608 4610 τῇ
645 4538 947 4610 ἀντιπέρας
984 4538 1192 4610 ἠπείρῳ
1222 4537 1479 4602 Αἰθίοπες
1508 4536 1755 4591 οἰκοῦσιν

174 4633 212 4683 oi
237 4634 586 4707 Αὐξωμείται
606 4629 1015 4693 ἐπικαλοῦνται,
1065 4630 1160 4683 ὅτι·
1175 4630 1240 4703 δὴ
1275 4632 1459 4695 αὐτοῖς
1495 4628 1567 4684 τὰ
1598 4630 1765 4700 βασι--

175 4722 274 4778 ἱειὰ
299 4727 454 4780 ἐστιν
498 4726 560 4777 ὲν
592 4722 873 4794 aegonis:
907 4722 1079 4777 πόλει.
1126 4722 1259 4777 Erat
1308 4724 1474 4794 igitur
1522 4722 1774 4779 Axumis.

176 4818 477 4888 metropolis
524 4814 851 4884 Ethiopiae,
908 4824 965 4870 et
1015 4818 1071 4869 in
1109 4829 1175 4870 ea
1232 4813 1559 4885 Ethiopum
1608 4816 1774 4885 regia,

176 4912 328 4975 posita
350 4912 481 4968 fuit.
506 4910 594 4965 Ad
612 4910 761 4965 hanc
788 4909 956 4980 igitur
977 4908 1238 4977 Axumin,
1271 4920 1325 4965 et
1348 4910 1490 4966 hanc
1517 4908 1754 4977 Indiam,

176 5020 278 5073 quae
316 5023 449 5079 pars
484 5016 575 5063 est
618 5004 924 5075 Ethiopise
961 5005 1199 5077 Egypto
1228 5007 1513 5077 proxima;
1548 5019 1658 5059 non
1687 5003 1756 5058 ad

178 5092 361 5154 ludiam
402 5096 860 5167 intraGangem,
884 5105 981 5152 aut
1004 5098 1074 5152 ad
1096 5097 1337 5152 Axumin
1380 5097 1553 5163 illam,
1586 5110 1756 5167 quam

178 5188 399 5247 adlatus
438 5188 718 5246 orientale
746 5188 866 5244 Indi
901 5188 1053 5244 ﬂuvii
1083 5190 1372 5246 constituit
1402 5188 1752 5254 Ptolemams,

180 5275 536 5340 Frumentium
571 5282 815 5338 missum
846 5279 1018 5338 fuisse
1041 5298 1072 5337 a
1105 5282 1164 5337 S.
1195 5281 1498 5337 Athanasio
1527 5281 1767 5337 creden-

179 5372 289 5429 dum
315 5387 397 5433 est
422 5398 437 5434 :
464 5387 587 5434 tum
645 5375 800 5447 quod
833 5374 1123 5445 epistolam
1172 5375 1534 5432 Constantius
1564 5376 1635 5431 ad
1655 5376 1756 5431 Ai-

180 5480 331 5524 nnan
357 5482 409 5527 et
448 5471 718 5527 Sazanan
747 5469 873 5535 ejus
901 5469 1005 5524 loci
1050 5478 1319 5542 tyrannos
1344 5469 1590 5539 scripsit,
1613 5468 1756 5523 ὥστε

179 5555 508 5630 Φροιιμέντιον
561 5562 664 5615 τὸν
707 5558 1021 5613 ἐπίσκοπον
1055 5560 1158 5631 τῆς
1189 5560 1497 5631 Ἀξούμεως
1546 5559 1755 5613 ἐκεῖθεν

179 5646 399 5719 ἀχθῆναι,
450 5664 513 5711 ut
566 5651 930 5707 Frumentius
985 5653 1261 5724 episcopus
1314 5651 1577 5706 Arumeos
1634 5652 1756 5706 inde

241 5762 277 5792 ¹⁹
300 5762 465 5842 Georg.
505 5786 586 5835 Iv,
632 5765 767 5822 295.

1770 4576 1771 4579 η
1787 4492 1831 4547 D

1847 1870 2271 1942 imperatoribus
2306 1868 2635 1925 Christianis
2660 1871 3039 1925 convertendi.

1934 1963 2055 2020 Jam
2079 1979 2211 2021 vero
2236 1948 2364 2019 ante
2383 1964 2531 2018 hunc
2546 1962 2920 2017 Frumentium
2947 1963 2999 2015 in
3022 1963 3126 2017 hac
3146 1958 3297 2015 lndia
3321 1958 3436 2013 sive

1849 2056 1993 2112 inter
2052 2054 2353 2126 EthiOpas
2393 2053 2683 2109 Axumitas
2733 2053 2882 2107 nulla
2930 2052 3261 2107 Christianae
3307 2047 3437 2102 reli-

1848 2148 2038 2219 gionis
2065 2148 2294 2218 vestigia
2347 2147 2700 2217 apparebant.
2736 2143 2813 2201 ιω
2848 2144 3077 2200 omnino
3120 2141 3433 2211 intelligen-

1851 2237 1955 2294 dus
1982 2236 2240 2294 Socrates
2276 2238 2329 2292 in
2358 2236 2684 2308 praefatione
2707 2237 2773 2292 ad
2798 2236 2939 2291 hanc
2966 2235 3251 2290 historiam
3283 2233 3435 2303 ιΤὴν

1854 2332 2034 2403 μέντοι
2064 2332 2327 2403 ἐνδοτέρω
2365 2331 2553 2385 Ἰνδίαν
2585 2330 2653 2401 ἣν
2679 2331 2961 2403 προσοικεῖ
2997 2327 3282 2399 βαρϐάρων
3305 2325 3435 2397 ἔθνη

1851 2422 2024 2477 πολλὰ
2054 2423 2330 2497 διαφόροις
2360 2423 2620 2496 χρώμενα
2649 2422 2923 2493 γλώσσαις
2954 2420 3165 2475 οὐδέπω
3198 2418 3304 2491 πρὸ
3326 2412 3437 2471 τῶν

1850 2514 2263 2568 Κωνσταντίνου
2326 2514 2533 2586 χρόνων
2578 2515 2607 2567 ὁ
2650 2513 2746 2566 τοῦ
2795 2508 3224 2584 Χριστιανισμοῧ
3279 2508 3439 2578 λόγος

1852 2604 2134 2675 ἐφώτιζεν.
2170 2604 2404 2660 Interior
2444 2616 2622 2660 autem
2670 2603 2852 2668 India,
2882 2618 3041 2673 quam
3074 2611 3247 2672 gentes
3285 2615 3439 2653 acco-

1856 2699 1974 2755 lunt
2042 2700 2313 2770 plurimte,
2356 2698 2576 2754 diversis
2617 2706 2820 2752 utentes
2869 2696 3087 2766 linguis,
3127 2702 3249 2747 ante
3299 2692 3441 2747 Con-

1857 2791 2083 2845 stantini
2125 2800 2359 2859 tempora
2409 2790 2643 2843 nondum
2690 2788 2891 2844 Christi
2949 2786 3054 2855 fide
3104 2785 3277 2855 fuerat
3308 2782 3441 2837 illu—

1854 2894 2051 2938 strata.
2081 2882 2225 2937 ldem
2258 2882 2423 2937 etiam
2455 2897 2523 2937 ex
2559 2881 2675 2951 ipsa
2698 2879 2925 2935 historia
2960 2875 3276 2932 innotescit.
3302 2873 3441 2928 Fru-

1858 2976 2102 3033 mentius
2153 2975 2303 3031 enim
2341 2976 2457 3045 ipse
2506 2989 2631 3028 cum
2661 2973 2901 3043 primum
2931 2971 2999 3025 ad
3030 2969 3237 3024 Indiam
3266 2968 3443 3034 illam,

1859 3070 1973 3125 sive
1998 3068 2334 3138 IEthiopiam
2367 3074 2711 3138 pervenerat,
2733 3073 2790 3120 et
2815 3064 2953 3119 mira
2979 3061 3075 3117 Dei
3100 3060 3455 3135 providentia.

1856 3162 2113 3216 maximae
2149 3160 2292 3230 apud
2336 3174 2517 3229 regem
2565 3156 2910 3213 auctoritatis
2937 3163 3104 3220 esset,
3134 3152 3445 3207 neminem.

1855 3271 1963 3327 que
1996 3256 2138 3309 inter
2169 3252 2481 3322 jEthiopias
2513 3251 2892 3305 Christianum
2932 3246 3223 3313 invenerit,
3262 3247 3444 3315 requi-

1855 3364 1967 3402 rere
2017 3345 2303 3400 sollicitius
2351 3344 2506 3414 caepit
2548 3344 2594 3397 si
2624 3342 2713 3413 qui
2750 3342 2891 3394 inter
2937 3340 3283 3410 negotiatores
3331 3336 3444 3390 Ro-

1854 3459 2038 3497 manos
2077 3441 2370 3497 Christiani
2395 3447 2583 3502 essent,
2621 3438 2791 3506 iisque
2826 3443 3138 3504 potestatem
3180 3431 3352 3494 dedit,
3384 3438 3446 3482 ut

1855 3530 2218 3587 conventicula
2254 3547 2347 3600 per
2381 3530 2501 3583 loca
2536 3526 2751 3597 singula
2781 3526 3035 3595 facerent,
3067 3522 3136 3576 ad
3174 3538 3290 3592 quae
3334 3521 3446 3576 Ro-

1855 3642 2014 3681 mano
2041 3626 2148 3679 ritu
2171 3624 2430 3677 orationis
2469 3637 2632 3675 causa
2665 3619 3009 3689 conﬂuerent.
3042 3614 3164 3681 Quo
3192 3624 3444 3685 peracto,

1856 3732 2113 3775 reversus
2145 3726 2200 3771 et
2233 3714 2627 3771 Alexandriam
2656 3712 2905 3776 veniens,
2936 3709 3067 3780 quid
3092 3724 3123 3763 a
3151 3723 3210 3763 se
3234 3706 3441 3762 factum

1857 3815 1929 3871 sit
1959 3813 2153 3877 docet;
2180 3819 2234 3864 ct
2264 3826 2295 3865 a
2326 3808 2382 3864 S.
2405 3808 2715 3863 Athanasio
2742 3806 2797 3860 in
2825 3802 3063 3861 concilio
3092 3801 3442 3857 sacerdotum

1854 3906 2036 3977 primo
2082 3903 2422 3973 designatus,
2472 3900 2597 3955 dein
2658 3899 2949 3953 ordinatus
3013 3903 3099 3949 est
3150 3893 3458 3964 episcopus.

1856 3999 2159 4053 Axumeos.
2192 3994 2298 4061 Qui
2332 4010 2457 4049 cum
2494 3991 2794 4063 episcopali
2832 3988 3166 4044 auctoritate
3211 3997 3444 4041 ornatus

1856 4085 2193 4159 perrexisset
2212 4084 2281 4138 ad
2310 4088 2452 4137 hanc
2473 4081 2701 4149 Indiam,
2731 4088 2883 4132 tanta
2907 4078 2956 4132 ei
2982 4078 3111 4131 data
3136 4091 3246 4130 esse
3276 4093 3309 4128 a
3334 4073 3443 4127 Deo

1858 4181 2119 4232 virtutum
2158 4174 2337 4245 gratia
2365 4173 2588 4237 dicitur,
2613 4178 2671 4224 ut
2693 4170 2845 4239 signa
2875 4183 2968 4237 per
2993 4182 3113 4220 eum
3150 4164 3443 4235 apostolica

1859 4273 2078 4341 ﬁerent,
2114 4278 2165 4322 et
2233 4266 2477 4335 iri/initus
2534 4278 2780 4315 numerus
2830 4260 3464 4313 barbarorum'converm

1860 4372 2056 4419 teretur
2097 4360 2166 4413 ad
2199 4359 2380 4429 ﬁdem.
2414 4355 2499 4410 Ea:
2526 4371 2628 4425 quo
2656 4355 2710 4407 in
2738 4352 2909 4406 Indice
2956 4349 3225 4420 partibus,
3260 4356 3310 4399 et
3350 4362 3443 4415 ρος

1860 4456 1974 4530 puli
1996 4453 2449 4515 Christianorum,
2483 4457 2533 4501 et
2568 4446 2801 4500 ecclesia:
2830 4445 2989 4513 [actm
3012 4450 3156 4503 sunt,
3189 4446 3246 4530 et
3266 4454 3445 4490 sacer-

1860 4528 2070 4604 dotium
2114 4545 2288 4615 coepit,
2316 4554 2378 4597 ut
2407 4549 2641 4597 testatur
2676 4535 2926 4590 Bullinus
2963 4532 3109 4587 Hist.
3138 4528 3268 4584 eccl.
3292 4530 3332 4583 l.
3385 4546 3443 4597 x,

1860 4657 1981 4711 cap.
2039 4639 2094 4693 9.
2142 4636 2247 4691 Cui
2308 4633 2679 4702 sutl‘ragantur
2730 4627 3011 4692 Socrates,
3077 4621 3443 4689 Sozomenus,

1864 4730 2242 4787 Theodoretus
2269 4736 2324 4782 et
2350 4724 2711 4794 Nicephorus.

1933 4822 2037 4877 Ubi
2064 4835 2211 4875 nunc
2233 4818 2324 4873 ille
2355 4817 2573 4872 abunas
2605 4812 2972 4883 Ethiopicus,
3008 4810 3099 4865 ille
3126 4807 3441 4879 patriarcha

1860 4917 1980 4973 sine
2008 4910 2279 4983 episcopis
2302 4949 2317 4976 ,
2350 4911 2406 4963 in
2456 4907 2832 4979 amplissimis
2861 4912 2916 4959 et
2950 4896 3443 4958 Christianissimis

1860 5005 2215 5071 civitatibus,
2275 5017 2452 5073 usque
2512 5002 2580 5057 ad
2652 5016 2704 5055 a.
2758 4998 2821 5053 D.
2883 4997 3024 5052 190?
3073 4994 3176 5050 Ubi
3240 4992 3316 5045 illi
3373 4990 3445 5046 ab

1859 5102 2092 5157 aliarum
2124 5097 2366 5168 gentium
2409 5093 2745 5149 commercio
2778 5090 3010 5153 remoti,
3058 5088 3195 5141 adeo
3228 5084 3442 5154 antiqui

1860 5195 2001 5248 ritus
2018 5200 2262 5252 tenaces,
2293 5196 2494 5243 utcum
2518 5184 2783 5257 Egyptii,
2804 5197 2936 5254 gens
2955 5179 3089 5234 levis
3108 5186 3161 5232 et
3178 5176 3439 5246 pendula,

1858 5284 1964 5339 sub
1993 5282 2271 5338 Demetrio
2301 5289 2355 5336 et
2384 5278 2617 5334 Heracla
2643 5277 2952 5347 episcopos,
2975 5271 3204 5334 scilicet,
3236 5269 3440 5323 admit-

1859 5386 2055 5443 terent,
2074 5376 2339 5431 traditum
2370 5374 2441 5429 ab
2458 5368 2846 5426 Alexandrinis
2868 5378 3075 5419 morem
3099 5362 3307 5432 optima
3339 5358 3447 5417 lida

1858 5470 2220 5534 servaverint,
2255 5477 2309 5523 et
2343 5484 2455 5522 uno
2488 5465 2671 5519 abuna
2711 5458 2953 5515 contenti
3003 5456 3190 5526 plures
3223 5455 3444 5525 episco-

1858 5580 1959 5637 pos
1985 5562 2275 5619 admittere
2305 5572 2589 5628 nunquam
2616 5551 2926 5609 voluerint?
2962 5549 3042 5604 Ex
3080 5548 3284 5619 quibus
3327 5547 3445 5601 huic

1860 5656 2105 5713 historiae
2138 5650 2509 5710 monumentis
2539 5656 2695 5705 eruta
2717 5660 2816 5701 :ex
2840 5643 3045 5716 quibus
3071 5640 3329 5698 Ecclesia:
3346 5654 3446 5694 an-
