  <div class='ocr_page' id='page_1' title='image "/cluster/home/n/w/nwhite01/storage/ocr_20150623/5/hvd.32044019206598/131.png"; bbox 0 0 3770 6298; ppageno 0'>
   <div class='ocr_carea' id='block_1_1' title="bbox 383 285 481 337">
    <p class='ocr_par' dir='ltr' id='par_1_1' title="bbox 383 285 481 337">
     <span class='ocr_line' id='line_1_1' title="bbox 383 285 481 337; baseline 0 0"><span class='ocrx_word' id='word_1_1' title='bbox 383 285 481 337; x_wconf 68' lang='grc' dir='ltr'><strong>ὶαΠ</strong></span> 
     </span>
    </p>
   </div>
   <div class='ocr_carea' id='block_1_2' title="bbox 1387 285 2514 345">
    <p class='ocr_par' dir='ltr' id='par_1_2' title="bbox 1387 285 2514 345">
     <span class='ocr_line' id='line_1_2' title="bbox 1387 285 2514 345; baseline -0.001 -3"><span class='ocrx_word' id='word_1_2' title='bbox 1387 287 1445 342; x_wconf 91' lang='lat' dir='ltr'><strong>S.</strong></span> <span class='ocrx_word' id='word_1_3' title='bbox 1487 286 1835 345; x_wconf 83' lang='lat' dir='ltr'><strong>lGNATlUS.</strong></span> <span class='ocrx_word' id='word_1_4' title='bbox 1874 316 1946 329; x_wconf 89' lang='lat'><strong>—-</strong></span> <span class='ocrx_word' id='word_1_5' title='bbox 1980 285 2514 344; x_wconf 77' lang='lat' dir='ltr'><strong>PROLEGOMENA.</strong></span> 
     </span>
    </p>
   </div>
   <div class='ocr_carea' id='block_1_3' title="bbox 3531 285 3630 340">
    <p class='ocr_par' dir='ltr' id='par_1_3' title="bbox 3531 285 3630 340">
     <span class='ocr_line' id='line_1_3' title="bbox 3531 285 3630 340; baseline 0 0"><span class='ocrx_word' id='word_1_6' title='bbox 3531 285 3630 340; x_wconf 69' lang='grc' dir='ltr'>ω</span> 
     </span>
    </p>
   </div>
   <div class='ocr_carea' id='block_1_4' title="bbox 377 406 3689 479">
    <p class='ocr_par' dir='ltr' id='par_1_4' title="bbox 377 406 3689 479">
     <span class='ocr_line' id='line_1_4' title="bbox 377 406 3689 479; baseline 0.001 -20"><span class='ocrx_word' id='word_1_7' title='bbox 377 407 596 462; x_wconf 86' lang='lat' dir='ltr'><strong>nalibus</strong></span> <span class='ocrx_word' id='word_1_8' title='bbox 637 408 921 478; x_wconf 89' lang='lat' dir='ltr'><strong>desumpta</strong></span> <span class='ocrx_word' id='word_1_9' title='bbox 953 418 1080 464; x_wconf 90' lang='lat' dir='ltr'><strong>sunt</strong></span> <span class='ocrx_word' id='word_1_10' title='bbox 1101 447 1116 473; x_wconf 84' lang='lat'><strong>,</strong></span> <span class='ocrx_word' id='word_1_11' title='bbox 1147 407 1374 473; x_wconf 68' lang='lat' dir='ltr'><strong>Graecis,</strong></span> <span class='ocrx_word' id='word_1_12' title='bbox 1403 409 1614 466; x_wconf 90' lang='lat' dir='ltr'><strong>Latinis</strong></span> <span class='ocrx_word' id='word_1_13' title='bbox 1638 451 1653 476; x_wconf 91' lang='lat'><strong>,</strong></span> <span class='ocrx_word' id='word_1_14' title='bbox 1681 410 1957 466; x_wconf 81' lang='lat' dir='ltr'><strong>Arabibus</strong></span> <span class='ocrx_word' id='word_1_15' title='bbox 1983 415 2031 473; x_wconf 74' lang='grc' dir='ltr'><strong>Λ</strong></span> <span class='ocrx_word' id='word_1_16' title='bbox 2060 426 2163 463; x_wconf 83' lang='grc' dir='ltr'><strong>ηοη</strong></span> <span class='ocrx_word' id='word_1_17' title='bbox 2194 410 2345 463; x_wconf 97' lang='lat' dir='ltr'><strong>habet</strong></span> <span class='ocrx_word' id='word_1_18' title='bbox 2368 409 2693 479; x_wconf 78' lang='lat' dir='ltr'><strong>patriarcha:</strong></span> <span class='ocrx_word' id='word_1_19' title='bbox 2720 410 2969 464; x_wconf 79' lang='lat' dir='ltr'><strong>honorem</strong></span> <span class='ocrx_word' id='word_1_20' title='bbox 2998 417 3047 464; x_wconf 92' lang='lat' dir='ltr'><strong>et</strong></span> <span class='ocrx_word' id='word_1_21' title='bbox 3070 416 3402 479; x_wconf 82' lang='lat' dir='ltr'><strong>potestatem.</strong></span> <span class='ocrx_word' id='word_1_22' title='bbox 3447 406 3630 475; x_wconf 80' lang='lat' dir='ltr'><strong>Plures</strong></span> <span class='ocrx_word' id='word_1_23' title='bbox 3676 414 3689 429; x_wconf 83' lang='lat'><strong><em>°</em></strong></span> 
     </span>
    </p>
   </div>
   <div class='ocr_carea' id='block_1_5' title="bbox 377 498 1946 575">
    <p class='ocr_par' dir='ltr' id='par_1_5' title="bbox 377 498 1946 575">
     <span class='ocr_line' id='line_1_5' title="bbox 377 498 1946 575; baseline 0.004 -23"><span class='ocrx_word' id='word_1_24' title='bbox 377 499 584 570; x_wconf 89' lang='lat' dir='ltr'><strong>pariter</strong></span> <span class='ocrx_word' id='word_1_25' title='bbox 610 501 828 572; x_wconf 84' lang='lat' dir='ltr'><strong>ignota?</strong></span> <span class='ocrx_word' id='word_1_26' title='bbox 862 500 1041 556; x_wconf 88' lang='lat' dir='ltr'><strong>Pritna</strong></span> <span class='ocrx_word' id='word_1_27' title='bbox 1070 498 1239 559; x_wconf 84' lang='lat' dir='ltr'><strong>facies</strong></span> <span class='ocrx_word' id='word_1_28' title='bbox 1268 502 1562 571; x_wconf 62' lang='lat' dir='ltr'><strong>Ecclesia,</strong></span> <span class='ocrx_word' id='word_1_29' title='bbox 1592 504 1829 575; x_wconf 89' lang='lat' dir='ltr'><strong>primum</strong></span> <span class='ocrx_word' id='word_1_30' title='bbox 1860 519 1946 560; x_wconf 84' lang='lat' dir='ltr'><strong>sa-</strong></span> 
     </span>
    </p>
   </div>
   <div class='ocr_carea' id='block_1_6' title="bbox 373 592 1954 667">
    <p class='ocr_par' dir='ltr' id='par_1_6' title="bbox 373 592 1954 667">
     <span class='ocr_line' id='line_1_6' title="bbox 373 592 1954 667; baseline 0.003 -20"><span class='ocrx_word' id='word_1_31' title='bbox 373 592 705 659; x_wconf 88' lang='lat' dir='ltr'><strong>cerdotium,</strong></span> <span class='ocrx_word' id='word_1_32' title='bbox 752 599 961 665; x_wconf 90' lang='lat' dir='ltr'><strong>primus</strong></span> <span class='ocrx_word' id='word_1_33' title='bbox 992 594 1283 667; x_wconf 90' lang='lat' dir='ltr'><strong>episcopus</strong></span> <span class='ocrx_word' id='word_1_34' title='bbox 1309 596 1364 651; x_wconf 92' lang='lat' dir='ltr'><strong>in</strong></span> <span class='ocrx_word' id='word_1_35' title='bbox 1394 597 1688 667; x_wconf 77' lang='lat' dir='ltr'><strong>metropoli</strong></span> <span class='ocrx_word' id='word_1_36' title='bbox 1733 595 1954 652; x_wconf 61' lang='lat' dir='ltr'><strong>.lEthio-</strong></span> 
     </span>
    </p>
   </div>
   <div class='ocr_carea' id='block_1_7' title="bbox 375 684 1951 762">
    <p class='ocr_par' dir='ltr' id='par_1_7' title="bbox 375 684 1951 762">
     <span class='ocr_line' id='line_1_7' title="bbox 375 684 1951 762; baseline 0.005 -25"><span class='ocrx_word' id='word_1_37' title='bbox 375 684 499 754; x_wconf 69' lang='lat' dir='ltr'><strong>pite,</strong></span> <span class='ocrx_word' id='word_1_38' title='bbox 530 700 654 740; x_wconf 92' lang='lat' dir='ltr'><strong>cum</strong></span> <span class='ocrx_word' id='word_1_39' title='bbox 677 686 789 757; x_wconf 87' lang='lat' dir='ltr'><strong>jam</strong></span> <span class='ocrx_word' id='word_1_40' title='bbox 825 686 1162 745; x_wconf 78' lang='lat' dir='ltr'><strong>Athanasius</strong></span> <span class='ocrx_word' id='word_1_41' title='bbox 1193 690 1248 745; x_wconf 91' lang='lat' dir='ltr'><strong>in</strong></span> <span class='ocrx_word' id='word_1_42' title='bbox 1276 689 1512 762; x_wconf 65' lang='lat' dir='ltr'><strong>Egypto</strong></span> <span class='ocrx_word' id='word_1_43' title='bbox 1536 705 1645 745; x_wconf 92' lang='lat' dir='ltr'><strong>non</strong></span> <span class='ocrx_word' id='word_1_44' title='bbox 1679 690 1797 746; x_wconf 90' lang='lat' dir='ltr'><strong>sine</strong></span> <span class='ocrx_word' id='word_1_45' title='bbox 1818 706 1951 745; x_wconf 87' lang='lat' dir='ltr'><strong>cen-</strong></span> 
     </span>
    </p>
   </div>
   <div class='ocr_carea' id='block_1_8' title="bbox 374 777 1951 853">
    <p class='ocr_par' dir='ltr' id='par_1_8' title="bbox 374 777 1951 853">
     <span class='ocr_line' id='line_1_8' title="bbox 374 777 1951 853; baseline 0.004 -22"><span class='ocrx_word' id='word_1_46' title='bbox 374 784 494 832; x_wconf 87' lang='lat' dir='ltr'><strong>tum</strong></span> <span class='ocrx_word' id='word_1_47' title='bbox 524 777 796 849; x_wconf 80' lang='lat' dir='ltr'><strong>episcopis</strong></span> <span class='ocrx_word' id='word_1_48' title='bbox 821 779 1171 849; x_wconf 58' lang='lat' dir='ltr'><strong>prusideret,</strong></span> <span class='ocrx_word' id='word_1_49' title='bbox 1214 790 1270 838; x_wconf 91' lang='lat' dir='ltr'><strong>et</strong></span> <span class='ocrx_word' id='word_1_50' title='bbox 1300 783 1415 853; x_wconf 91' lang='lat' dir='ltr'><strong>ipse</strong></span> <span class='ocrx_word' id='word_1_51' title='bbox 1451 781 1643 852; x_wconf 89' lang='lat' dir='ltr'><strong>lgnatii</strong></span> <span class='ocrx_word' id='word_1_52' title='bbox 1690 782 1951 851; x_wconf 78' lang='lat' dir='ltr'><strong>epistolas</strong></span> 
     </span>
    </p>
   </div>
   <div class='ocr_carea' id='block_1_9' title="bbox 372 871 1487 947">
    <p class='ocr_par' dir='ltr' id='par_1_9' title="bbox 372 871 1487 947">
     <span class='ocr_line' id='line_1_9' title="bbox 372 871 1487 947; baseline 0.004 -21"><span class='ocrx_word' id='word_1_53' title='bbox 372 871 574 931; x_wconf 86' lang='lat' dir='ltr'><strong>diserte</strong></span> <span class='ocrx_word' id='word_1_54' title='bbox 600 883 919 943; x_wconf 80' lang='lat' dir='ltr'><strong>agnosceret</strong></span> <span class='ocrx_word' id='word_1_55' title='bbox 954 883 1119 946; x_wconf 91' lang='lat' dir='ltr'><strong>atque</strong></span> <span class='ocrx_word' id='word_1_56' title='bbox 1146 876 1487 947; x_wconf 65' lang='lat' dir='ltr'><strong>praedicaret.</strong></span> 
     </span>
    </p>
   </div>
   <div class='ocr_carea' id='block_1_10' title="bbox 441 961 1949 1038">
    <p class='ocr_par' dir='ltr' id='par_1_10' title="bbox 441 961 1949 1038">
     <span class='ocr_line' id='line_1_10' title="bbox 441 961 1949 1038; baseline 0.003 -20"><span class='ocrx_word' id='word_1_57' title='bbox 441 961 865 1035; x_wconf 88' lang='lat' dir='ltr'><strong>Pbilostorgius,</strong></span> <span class='ocrx_word' id='word_1_58' title='bbox 902 973 1000 1019; x_wconf 88' lang='lat' dir='ltr'><strong>aut</strong></span> <span class='ocrx_word' id='word_1_59' title='bbox 1037 966 1326 1037; x_wconf 82' lang='lat' dir='ltr'><strong>ignorans,</strong></span> <span class='ocrx_word' id='word_1_60' title='bbox 1357 977 1452 1024; x_wconf 90' lang='lat' dir='ltr'><strong>aut</strong></span> <span class='ocrx_word' id='word_1_61' title='bbox 1478 968 1662 1038; x_wconf 83' lang='lat' dir='ltr'><strong>potius</strong></span> <span class='ocrx_word' id='word_1_62' title='bbox 1688 967 1949 1024; x_wconf 87' lang='lat' dir='ltr'><strong>dissimu—</strong></span> 
     </span>
    </p>
   </div>
   <div class='ocr_carea' id='block_1_11' title="bbox 368 1055 1950 1129">
    <p class='ocr_par' dir='ltr' id='par_1_11' title="bbox 368 1055 1950 1129">
     <span class='ocr_line' id='line_1_11' title="bbox 368 1055 1950 1129; baseline 0.004 -18"><span class='ocrx_word' id='word_1_63' title='bbox 368 1055 491 1111; x_wconf 89' lang='lat' dir='ltr'><strong>lans</strong></span> <span class='ocrx_word' id='word_1_64' title='bbox 517 1056 663 1111; x_wconf 88' lang='lat' dir='ltr'><strong>hanc</strong></span> <span class='ocrx_word' id='word_1_65' title='bbox 697 1056 985 1113; x_wconf 87' lang='lat' dir='ltr'><strong>historiam</strong></span> <span class='ocrx_word' id='word_1_66' title='bbox 1012 1098 1026 1123; x_wconf 93' lang='lat'><strong>,</strong></span> <span class='ocrx_word' id='word_1_67' title='bbox 1060 1057 1422 1129; x_wconf 83' lang='lat' dir='ltr'><strong>TheOphilum</strong></span> <span class='ocrx_word' id='word_1_68' title='bbox 1452 1060 1556 1114; x_wconf 89' lang='lat' dir='ltr'><strong>sub</strong></span> <span class='ocrx_word' id='word_1_69' title='bbox 1587 1060 1950 1117; x_wconf 87' lang='lat' dir='ltr'><strong>Constantino</strong></span> 
     </span>
    </p>
   </div>
   <div class='ocr_carea' id='block_1_12' title="bbox 366 1146 1948 1225">
    <p class='ocr_par' dir='ltr' id='par_1_12' title="bbox 366 1146 1948 1225">
     <span class='ocr_line' id='line_1_12' title="bbox 366 1146 1948 1225; baseline 0.006 -24"><span class='ocrx_word' id='word_1_70' title='bbox 366 1146 437 1201; x_wconf 90' lang='lat' dir='ltr'><strong>ad</strong></span> <span class='ocrx_word' id='word_1_71' title='bbox 465 1148 753 1204; x_wconf 77' lang='lat' dir='ltr'><strong>Axumitas</strong></span> <span class='ocrx_word' id='word_1_72' title='bbox 793 1148 1085 1221; x_wconf 65' lang='lat' dir='ltr'><strong>JEthiopas</strong></span> <span class='ocrx_word' id='word_1_73' title='bbox 1115 1154 1343 1209; x_wconf 89' lang='lat' dir='ltr'><strong>missum</strong></span> <span class='ocrx_word' id='word_1_74' title='bbox 1373 1151 1536 1207; x_wconf 87' lang='lat' dir='ltr'><strong>tradit</strong></span> <span class='ocrx_word' id='word_1_75' title='bbox 1564 1172 1576 1208; x_wconf 93' lang='lat'><strong>:</strong></span> <span class='ocrx_word' id='word_1_76' title='bbox 1610 1151 1948 1225; x_wconf 88' lang='lat' dir='ltr'><strong>Nicephorus</strong></span> 
     </span>
    </p>
   </div>
   <div class='ocr_carea' id='block_1_13' title="bbox 366 1240 1947 1317">
    <p class='ocr_par' dir='ltr' id='par_1_13' title="bbox 366 1240 1947 1317">
     <span class='ocr_line' id='line_1_13' title="bbox 366 1240 1947 1317; baseline 0.004 -22"><span class='ocrx_word' id='word_1_77' title='bbox 366 1241 471 1296; x_wconf 88' lang='lat' dir='ltr'><strong>hoc</strong></span> <span class='ocrx_word' id='word_1_78' title='bbox 507 1241 577 1296; x_wconf 87' lang='lat' dir='ltr'><strong>ad</strong></span> <span class='ocrx_word' id='word_1_79' title='bbox 619 1240 931 1299; x_wconf 84' lang='lat' dir='ltr'><strong>Constantii</strong></span> <span class='ocrx_word' id='word_1_80' title='bbox 964 1255 1019 1300; x_wconf 90' lang='lat' dir='ltr'><strong>et</strong></span> <span class='ocrx_word' id='word_1_81' title='bbox 1051 1246 1271 1316; x_wconf 81' lang='lat' dir='ltr'><strong>Georgii</strong></span> <span class='ocrx_word' id='word_1_82' title='bbox 1316 1247 1556 1317; x_wconf 77' lang='lat' dir='ltr'><strong>epiSCOpi</strong></span> <span class='ocrx_word' id='word_1_83' title='bbox 1590 1247 1947 1303; x_wconf 81' lang='lat' dir='ltr'><strong>Alexandrini</strong></span> 
     </span>
    </p>
   </div>
   <div class='ocr_carea' id='block_1_14' title="bbox 364 1334 1943 1409">
    <p class='ocr_par' dir='ltr' id='par_1_14' title="bbox 364 1334 1943 1409">
     <span class='ocr_line' id='line_1_14' title="bbox 364 1334 1943 1409; baseline 0.005 -22"><span class='ocrx_word' id='word_1_84' title='bbox 364 1342 611 1403; x_wconf 84' lang='lat' dir='ltr'><strong>tempora</strong></span> <span class='ocrx_word' id='word_1_85' title='bbox 644 1334 835 1391; x_wconf 80' lang='lat' dir='ltr'><strong>refert.</strong></span> <span class='ocrx_word' id='word_1_86' title='bbox 868 1335 936 1391; x_wconf 91' lang='lat' dir='ltr'><strong>Et</strong></span> <span class='ocrx_word' id='word_1_87' title='bbox 969 1338 1194 1392; x_wconf 90' lang='lat' dir='ltr'><strong>omnino</strong></span> <span class='ocrx_word' id='word_1_88' title='bbox 1220 1338 1511 1409; x_wconf 89' lang='lat' dir='ltr'><strong>episcopus</strong></span> <span class='ocrx_word' id='word_1_89' title='bbox 1540 1339 1628 1393; x_wconf 90' lang='lat' dir='ltr'><strong>ille</strong></span> <span class='ocrx_word' id='word_1_90' title='bbox 1662 1339 1898 1395; x_wconf 81' lang='lat' dir='ltr'><strong>Arianus</strong></span> <span class='ocrx_word' id='word_1_91' title='bbox 1928 1380 1943 1405; x_wconf 93' lang='lat'><strong>,</strong></span> 
     </span>
    </p>
   </div>
   <div class='ocr_carea' id='block_1_15' title="bbox 364 1424 1943 1501">
    <p class='ocr_par' dir='ltr' id='par_1_15' title="bbox 364 1424 1943 1501">
     <span class='ocr_line' id='line_1_15' title="bbox 364 1424 1943 1501; baseline 0.004 -22"><span class='ocrx_word' id='word_1_92' title='bbox 364 1434 492 1494; x_wconf 88' lang='lat' dir='ltr'><strong>post</strong></span> <span class='ocrx_word' id='word_1_93' title='bbox 541 1424 925 1483; x_wconf 85' lang='lat' dir='ltr'><strong>Frumentium</strong></span> <span class='ocrx_word' id='word_1_94' title='bbox 981 1438 1075 1483; x_wconf 92' lang='lat' dir='ltr'><strong>aut</strong></span> <span class='ocrx_word' id='word_1_95' title='bbox 1118 1440 1432 1484; x_wconf 82' lang='lat' dir='ltr'><strong>revocatum</strong></span> <span class='ocrx_word' id='word_1_96' title='bbox 1485 1440 1580 1485; x_wconf 89' lang='lat' dir='ltr'><strong>aut</strong></span> <span class='ocrx_word' id='word_1_97' title='bbox 1632 1428 1943 1501; x_wconf 88' lang='lat' dir='ltr'><strong>mortuum,</strong></span> 
     </span>
    </p>
   </div>
   <div class='ocr_carea' id='block_1_16' title="bbox 362 1514 1943 1596">
    <p class='ocr_par' dir='ltr' id='par_1_16' title="bbox 362 1514 1943 1596">
     <span class='ocr_line' id='line_1_16' title="bbox 362 1514 1943 1596; baseline 0.005 -23"><span class='ocrx_word' id='word_1_98' title='bbox 362 1514 705 1588; x_wconf 62' lang='lat' dir='ltr'><strong>Ethiopiam</strong></span> <span class='ocrx_word' id='word_1_99' title='bbox 742 1520 1053 1589; x_wconf 81' lang='lat' dir='ltr'><strong>perrexisse</strong></span> <span class='ocrx_word' id='word_1_100' title='bbox 1077 1522 1353 1592; x_wconf 85' lang='lat' dir='ltr'><strong>putandus</strong></span> <span class='ocrx_word' id='word_1_101' title='bbox 1371 1532 1474 1578; x_wconf 90' lang='lat' dir='ltr'><strong>est.</strong></span> <span class='ocrx_word' id='word_1_102' title='bbox 1501 1522 1633 1581; x_wconf 82' lang='lat' dir='ltr'><strong>Post</strong></span> <span class='ocrx_word' id='word_1_103' title='bbox 1656 1542 1795 1594; x_wconf 91' lang='lat' dir='ltr'><strong>quos</strong></span> <span class='ocrx_word' id='word_1_104' title='bbox 1812 1527 1943 1596; x_wconf 91' lang='lat' dir='ltr'><strong>quin</strong></span> 
     </span>
    </p>
   </div>
   <div class='ocr_carea' id='block_1_17' title="bbox 360 1609 1945 1684">
    <p class='ocr_par' dir='ltr' id='par_1_17' title="bbox 360 1609 1945 1684">
     <span class='ocr_line' id='line_1_17' title="bbox 360 1609 1945 1684; baseline 0.007 -22"><span class='ocrx_word' id='word_1_105' title='bbox 360 1609 551 1679; x_wconf 85' lang='lat' dir='ltr'><strong>plures</strong></span> <span class='ocrx_word' id='word_1_106' title='bbox 582 1613 637 1665; x_wconf 88' lang='lat' dir='ltr'><strong>in</strong></span> <span class='ocrx_word' id='word_1_107' title='bbox 669 1611 952 1683; x_wconf 66' lang='lat' dir='ltr'><strong>EthiOpia</strong></span> <span class='ocrx_word' id='word_1_108' title='bbox 977 1614 1219 1684; x_wconf 89' lang='lat' dir='ltr'><strong>episcopi</strong></span> <span class='ocrx_word' id='word_1_109' title='bbox 1247 1613 1550 1683; x_wconf 86' lang='lat' dir='ltr'><strong>ﬂoruerint,</strong></span> <span class='ocrx_word' id='word_1_110' title='bbox 1573 1617 1811 1673; x_wconf 89' lang='lat' dir='ltr'><strong>dubitari</strong></span> <span class='ocrx_word' id='word_1_111' title='bbox 1835 1634 1945 1673; x_wconf 91' lang='lat' dir='ltr'><strong>non</strong></span> 
     </span>
    </p>
   </div>
   <div class='ocr_carea' id='block_1_18' title="bbox 2059 499 3628 575">
    <p class='ocr_par' dir='ltr' id='par_1_18' title="bbox 2059 499 3628 575">
     <span class='ocr_line' id='line_1_18' title="bbox 2059 499 3628 575; baseline -0.001 -17"><span class='ocrx_word' id='word_1_112' title='bbox 2059 502 2179 559; x_wconf 87' lang='lat' dir='ltr'><strong>sine</strong></span> <span class='ocrx_word' id='word_1_113' title='bbox 2209 502 2583 557; x_wconf 89' lang='lat' dir='ltr'><strong>controversia</strong></span> <span class='ocrx_word' id='word_1_114' title='bbox 2639 503 2693 557; x_wconf 90' lang='lat' dir='ltr'><strong>in</strong></span> <span class='ocrx_word' id='word_1_115' title='bbox 2739 501 3055 575; x_wconf 67' lang='lat' dir='ltr'><strong>Ethiopica</strong></span> <span class='ocrx_word' id='word_1_116' title='bbox 3098 501 3348 558; x_wconf 82' lang='lat' dir='ltr'><strong>Ecclesia</strong></span> <span class='ocrx_word' id='word_1_117' title='bbox 3390 499 3628 571; x_wconf 84' lang='lat' dir='ltr'><strong>episcopi</strong></span> 
     </span>
    </p>
   </div>
   <div class='ocr_carea' id='block_1_19' title="bbox 2054 590 3627 663">
    <p class='ocr_par' dir='ltr' id='par_1_19' title="bbox 2054 590 3627 663">
     <span class='ocr_line' id='line_1_19' title="bbox 2054 590 3627 663; baseline -0.001 -15"><span class='ocrx_word' id='word_1_118' title='bbox 2054 594 2227 659; x_wconf 76' lang='lat' dir='ltr'><strong>tuere,</strong></span> <span class='ocrx_word' id='word_1_119' title='bbox 2261 609 2387 648; x_wconf 93' lang='lat' dir='ltr'><strong>cum</strong></span> <span class='ocrx_word' id='word_1_120' title='bbox 2420 593 2508 649; x_wconf 90' lang='lat' dir='ltr'><strong>hic</strong></span> <span class='ocrx_word' id='word_1_121' title='bbox 2533 609 2710 649; x_wconf 90' lang='lat' dir='ltr'><strong>canon</strong></span> <span class='ocrx_word' id='word_1_122' title='bbox 2752 594 2928 663; x_wconf 89' lang='lat' dir='ltr'><strong>primo</strong></span> <span class='ocrx_word' id='word_1_123' title='bbox 2961 593 3217 648; x_wconf 90' lang='lat' dir='ltr'><strong>conditus</strong></span> <span class='ocrx_word' id='word_1_124' title='bbox 3256 601 3363 647; x_wconf 92' lang='lat' dir='ltr'><strong>est.</strong></span> <span class='ocrx_word' id='word_1_125' title='bbox 3399 590 3504 647; x_wconf 80' lang='lat' dir='ltr'><strong>Jus</strong></span> <span class='ocrx_word' id='word_1_126' title='bbox 3534 606 3627 661; x_wconf 80' lang='lat' dir='ltr'><strong>pa-</strong></span> 
     </span>
    </p>
   </div>
   <div class='ocr_carea' id='block_1_20' title="bbox 2054 686 3627 757">
    <p class='ocr_par' dir='ltr' id='par_1_20' title="bbox 2054 686 3627 757">
     <span class='ocr_line' id='line_1_20' title="bbox 2054 686 3627 757; baseline -0.001 -14"><span class='ocrx_word' id='word_1_127' title='bbox 2054 688 2311 744; x_wconf 64' lang='lat' dir='ltr'><strong>triarchae.</strong></span> <span class='ocrx_word' id='word_1_128' title='bbox 2351 686 2725 755; x_wconf 80' lang='lat' dir='ltr'><strong>denegabatur</strong></span> <span class='ocrx_word' id='word_1_129' title='bbox 2759 688 2979 743; x_wconf 88' lang='lat' dir='ltr'><strong>creandi</strong></span> <span class='ocrx_word' id='word_1_130' title='bbox 3029 686 3477 757; x_wconf 88' lang='lat' dir='ltr'><strong>archiepiscopos</strong></span> <span class='ocrx_word' id='word_1_131' title='bbox 3524 687 3627 742; x_wconf 77' lang='lat' dir='ltr'><strong>sive</strong></span> 
     </span>
    </p>
   </div>
   <div class='ocr_carea' id='block_1_21' title="bbox 2053 778 3626 849">
    <p class='ocr_par' dir='ltr' id='par_1_21' title="bbox 2053 778 3626 849">
     <span class='ocr_line' id='line_1_21' title="bbox 2053 778 3626 849; baseline 0 -16"><span class='ocrx_word' id='word_1_132' title='bbox 2053 779 2529 845; x_wconf 88' lang='lat' dir='ltr'><strong>metropolitanos,</strong></span> <span class='ocrx_word' id='word_1_133' title='bbox 2552 779 2708 845; x_wconf 86' lang='lat' dir='ltr'><strong>tales,</strong></span> <span class='ocrx_word' id='word_1_134' title='bbox 2739 779 3023 843; x_wconf 88' lang='lat' dir='ltr'><strong>nimirum,</strong></span> <span class='ocrx_word' id='word_1_135' title='bbox 3055 780 3148 849; x_wconf 89' lang='lat' dir='ltr'><strong>qui</strong></span> <span class='ocrx_word' id='word_1_136' title='bbox 3176 795 3276 833; x_wconf 86' lang='lat' dir='ltr'><strong>sua</strong></span> <span class='ocrx_word' id='word_1_137' title='bbox 3301 778 3626 834; x_wconf 76' lang='lat' dir='ltr'><strong>auctoritate</strong></span> 
     </span>
    </p>
   </div>
   <div class='ocr_carea' id='block_1_22' title="bbox 2051 873 3626 944">
    <p class='ocr_par' dir='ltr' id='par_1_22' title="bbox 2051 873 3626 944">
     <span class='ocr_line' id='line_1_22' title="bbox 2051 873 3626 944; baseline 0.001 -17"><span class='ocrx_word' id='word_1_138' title='bbox 2051 874 2342 943; x_wconf 90' lang='lat' dir='ltr'><strong>episcopos</strong></span> <span class='ocrx_word' id='word_1_139' title='bbox 2386 884 2668 939; x_wconf 90' lang='lat' dir='ltr'><strong>crearent;</strong></span> <span class='ocrx_word' id='word_1_140' title='bbox 2713 874 2857 928; x_wconf 89' lang='lat' dir='ltr'><strong>unde</strong></span> <span class='ocrx_word' id='word_1_141' title='bbox 2888 874 2993 943; x_wconf 87' lang='lat' dir='ltr'><strong>ipsi</strong></span> <span class='ocrx_word' id='word_1_142' title='bbox 3023 874 3116 944; x_wconf 86' lang='lat' dir='ltr'><strong>jus</strong></span> <span class='ocrx_word' id='word_1_143' title='bbox 3153 874 3381 930; x_wconf 88' lang='lat' dir='ltr'><strong>creandi</strong></span> <span class='ocrx_word' id='word_1_144' title='bbox 3415 873 3626 944; x_wconf 84' lang='lat' dir='ltr'><strong>episco-</strong></span> 
     </span>
    </p>
   </div>
   <div class='ocr_carea' id='block_1_23' title="bbox 2051 965 3628 1038">
    <p class='ocr_par' dir='ltr' id='par_1_23' title="bbox 2051 965 3628 1038">
     <span class='ocr_line' id='line_1_23' title="bbox 2051 965 3628 1038; baseline -0.002 -15"><span class='ocrx_word' id='word_1_145' title='bbox 2051 984 2150 1037; x_wconf 89' lang='lat' dir='ltr'><strong>pos</strong></span> <span class='ocrx_word' id='word_1_146' title='bbox 2206 982 2531 1023; x_wconf 88' lang='lat' dir='ltr'><strong>concessum</strong></span> <span class='ocrx_word' id='word_1_147' title='bbox 2580 983 2703 1023; x_wconf 91' lang='lat' dir='ltr'><strong>esse</strong></span> <span class='ocrx_word' id='word_1_148' title='bbox 2751 968 3099 1038; x_wconf 86' lang='lat' dir='ltr'><strong>supponitur.</strong></span> <span class='ocrx_word' id='word_1_149' title='bbox 3147 965 3215 1026; x_wconf 84' lang='lat' dir='ltr'><strong>Et</strong></span> <span class='ocrx_word' id='word_1_150' title='bbox 3268 968 3539 1037; x_wconf 87' lang='lat' dir='ltr'><strong>quoniam</strong></span> <span class='ocrx_word' id='word_1_151' title='bbox 3571 981 3628 1021; x_wconf 83' lang='lat' dir='ltr'><strong>ea</strong></span> 
     </span>
    </p>
   </div>
   <div class='ocr_carea' id='block_1_24' title="bbox 2048 1058 3628 1130">
    <p class='ocr_par' dir='ltr' id='par_1_24' title="bbox 2048 1058 3628 1130">
     <span class='ocr_line' id='line_1_24' title="bbox 2048 1058 3628 1130; baseline -0.003 -16"><span class='ocrx_word' id='word_1_152' title='bbox 2048 1070 2205 1115; x_wconf 70' lang='lat' dir='ltr'><strong>aetate</strong></span> <span class='ocrx_word' id='word_1_153' title='bbox 2236 1058 2422 1130; x_wconf 87' lang='lat' dir='ltr'><strong>plures</strong></span> <span class='ocrx_word' id='word_1_154' title='bbox 2466 1059 2570 1115; x_wconf 89' lang='lat' dir='ltr'><strong>sub</strong></span> <span class='ocrx_word' id='word_1_155' title='bbox 2599 1075 2658 1116; x_wconf 91' lang='lat' dir='ltr'><strong>se</strong></span> <span class='ocrx_word' id='word_1_156' title='bbox 2697 1060 3044 1130; x_wconf 86' lang='lat' dir='ltr'><strong>episcopatus</strong></span> <span class='ocrx_word' id='word_1_157' title='bbox 3073 1058 3321 1123; x_wconf 89' lang='lat' dir='ltr'><strong>haberet,</strong></span> <span class='ocrx_word' id='word_1_158' title='bbox 3370 1058 3628 1114; x_wconf 87' lang='lat' dir='ltr'><strong>catholici</strong></span> 
     </span>
    </p>
   </div>
   <div class='ocr_carea' id='block_1_25' title="bbox 2049 1152 3627 1225">
    <p class='ocr_par' dir='ltr' id='par_1_25' title="bbox 2049 1152 3627 1225">
     <span class='ocr_line' id='line_1_25' title="bbox 2049 1152 3627 1225; baseline -0.001 -16"><span class='ocrx_word' id='word_1_159' title='bbox 2049 1170 2249 1210; x_wconf 89' lang='lat' dir='ltr'><strong>nomen</strong></span> <span class='ocrx_word' id='word_1_160' title='bbox 2282 1154 2553 1219; x_wconf 89' lang='lat' dir='ltr'><strong>obtinuit,</strong></span> <span class='ocrx_word' id='word_1_161' title='bbox 2587 1156 2682 1225; x_wconf 85' lang='lat' dir='ltr'><strong>qui</strong></span> <span class='ocrx_word' id='word_1_162' title='bbox 2721 1155 2883 1225; x_wconf 87' lang='lat' dir='ltr'><strong>vulgo</strong></span> <span class='ocrx_word' id='word_1_163' title='bbox 2918 1156 3094 1208; x_wconf 90' lang='lat' dir='ltr'><strong>abuna</strong></span> <span class='ocrx_word' id='word_1_164' title='bbox 3124 1163 3378 1210; x_wconf 81' lang='lat' dir='ltr'><strong>vocatur.</strong></span> <span class='ocrx_word' id='word_1_165' title='bbox 3419 1152 3627 1207; x_wconf 51' lang='lat' dir='ltr'><strong>Saluta.</strong></span> 
     </span>
    </p>
   </div>
   <div class='ocr_carea' id='block_1_26' title="bbox 2048 1245 3627 1318">
    <p class='ocr_par' dir='ltr' id='par_1_26' title="bbox 2048 1245 3627 1318">
     <span class='ocr_line' id='line_1_26' title="bbox 2048 1245 3627 1318; baseline 0 -19"><span class='ocrx_word' id='word_1_166' title='bbox 2048 1248 2189 1302; x_wconf 69' lang='lat' dir='ltr'><strong>sium</strong></span> <span class='ocrx_word' id='word_1_167' title='bbox 2227 1247 2315 1301; x_wconf 90' lang='lat' dir='ltr'><strong>hic</strong></span> <span class='ocrx_word' id='word_1_168' title='bbox 2344 1248 2577 1318; x_wconf 86' lang='lat' dir='ltr'><strong>appello,</strong></span> <span class='ocrx_word' id='word_1_169' title='bbox 2596 1247 2688 1318; x_wconf 89' lang='lat' dir='ltr'><strong>qui</strong></span> <span class='ocrx_word' id='word_1_170' title='bbox 2713 1246 2789 1301; x_wconf 91' lang='lat' dir='ltr'><strong>De</strong></span> <span class='ocrx_word' id='word_1_171' title='bbox 2812 1248 3047 1317; x_wconf 83' lang='lat' dir='ltr'><strong>primatu</strong></span> <span class='ocrx_word' id='word_1_172' title='bbox 3073 1264 3225 1317; x_wconf 68' lang='lat' dir='ltr'><strong>papa</strong></span> <span class='ocrx_word' id='word_1_173' title='bbox 3246 1262 3369 1315; x_wconf 87' lang='lat' dir='ltr'><strong>cap.</strong></span> <span class='ocrx_word' id='word_1_174' title='bbox 3400 1245 3496 1311; x_wconf 71' lang='grc' dir='ltr'><strong>μ,</strong></span> <span class='ocrx_word' id='word_1_175' title='bbox 3522 1245 3627 1299; x_wconf 73' lang='lat' dir='ltr'><strong>hzer</strong></span> 
     </span>
    </p>
   </div>
   <div class='ocr_carea' id='block_1_27' title="bbox 2049 1334 3627 1405">
    <p class='ocr_par' dir='ltr' id='par_1_27' title="bbox 2049 1334 3627 1405">
     <span class='ocr_line' id='line_1_27' title="bbox 2049 1334 3627 1405; baseline -0.003 -15"><span class='ocrx_word' id='word_1_176' title='bbox 2049 1337 2212 1391; x_wconf 83' lang='lat' dir='ltr'><strong>habet</strong></span> <span class='ocrx_word' id='word_1_177' title='bbox 2245 1355 2257 1389; x_wconf 93' lang='lat'>:</span> <span class='ocrx_word' id='word_1_178' title='bbox 2291 1334 2678 1402; x_wconf 86' lang='lat' dir='ltr'><strong>Sucerescente,</strong></span> <span class='ocrx_word' id='word_1_179' title='bbox 2707 1345 2761 1389; x_wconf 91' lang='lat' dir='ltr'><strong>ut</strong></span> <span class='ocrx_word' id='word_1_180' title='bbox 2779 1334 3047 1405; x_wconf 82' lang='lat' dir='ltr'><strong>probabile</strong></span> <span class='ocrx_word' id='word_1_181' title='bbox 3074 1346 3171 1398; x_wconf 88' lang='lat' dir='ltr'><strong>est,</strong></span> <span class='ocrx_word' id='word_1_182' title='bbox 3198 1334 3627 1389; x_wconf 77' lang='lat' dir='ltr'><strong>Christianorum</strong></span> 
     </span>
    </p>
   </div>
   <div class='ocr_carea' id='block_1_28' title="bbox 2044 1426 3619 1497">
    <p class='ocr_par' dir='ltr' id='par_1_28' title="bbox 2044 1426 3619 1497">
     <span class='ocr_line' id='line_1_28' title="bbox 2044 1426 3619 1497; baseline -0.003 -16"><span class='ocrx_word' id='word_1_183' title='bbox 2044 1429 2100 1481; x_wconf 87' lang='lat' dir='ltr'><strong>in</strong></span> <span class='ocrx_word' id='word_1_184' title='bbox 2133 1426 2414 1496; x_wconf 67' lang='grc' dir='ltr'><strong>ᾹνῖιΙιὶορὶα</strong></span> <span class='ocrx_word' id='word_1_185' title='bbox 2438 1443 2675 1491; x_wconf 87' lang='lat' dir='ltr'><strong>numero,</strong></span> <span class='ocrx_word' id='word_1_186' title='bbox 2706 1426 2795 1480; x_wconf 88' lang='lat' dir='ltr'><strong>ubi</strong></span> <span class='ocrx_word' id='word_1_187' title='bbox 2815 1428 2990 1497; x_wconf 91' lang='lat' dir='ltr'><strong>plures</strong></span> <span class='ocrx_word' id='word_1_188' title='bbox 3013 1426 3200 1481; x_wconf 87' lang='lat' dir='ltr'><strong>habere</strong></span> <span class='ocrx_word' id='word_1_189' title='bbox 3234 1426 3390 1495; x_wconf 64' lang='lat' dir='ltr'><strong>erepit</strong></span> <span class='ocrx_word' id='word_1_190' title='bbox 3423 1441 3489 1478; x_wconf 87' lang='lat' dir='ltr'><strong>ea</strong></span> <span class='ocrx_word' id='word_1_191' title='bbox 3512 1440 3619 1493; x_wconf 83' lang='lat' dir='ltr'><strong>pro-</strong></span> 
     </span>
    </p>
   </div>
   <div class='ocr_carea' id='block_1_29' title="bbox 2046 1518 3625 1591">
    <p class='ocr_par' dir='ltr' id='par_1_29' title="bbox 2046 1518 3625 1591">
     <span class='ocr_line' id='line_1_29' title="bbox 2046 1518 3625 1591; baseline -0.003 -18"><span class='ocrx_word' id='word_1_192' title='bbox 2046 1522 2220 1575; x_wconf 78' lang='lat' dir='ltr'><strong>vincia</strong></span> <span class='ocrx_word' id='word_1_193' title='bbox 2249 1523 2545 1591; x_wconf 75' lang='lat' dir='ltr'><strong>episcopos,</strong></span> <span class='ocrx_word' id='word_1_194' title='bbox 2568 1538 2703 1575; x_wconf 86' lang='lat' dir='ltr'><strong>unus</strong></span> <span class='ocrx_word' id='word_1_195' title='bbox 2731 1521 2975 1574; x_wconf 87' lang='lat' dir='ltr'><strong>omnibus</strong></span> <span class='ocrx_word' id='word_1_196' title='bbox 2996 1519 3437 1589; x_wconf 86' lang='lat' dir='ltr'><strong>metropolitanus</strong></span> <span class='ocrx_word' id='word_1_197' title='bbox 3462 1518 3625 1585; x_wconf 88' lang='lat' dir='ltr'><strong>impo-</strong></span> 
     </span>
    </p>
   </div>
   <div class='ocr_carea' id='block_1_30' title="bbox 2043 1606 3626 1680">
    <p class='ocr_par' dir='ltr' id='par_1_30' title="bbox 2043 1606 3626 1680">
     <span class='ocr_line' id='line_1_30' title="bbox 2043 1606 3626 1680; baseline -0.002 -16"><span class='ocrx_word' id='word_1_198' title='bbox 2043 1610 2198 1677; x_wconf 84' lang='lat' dir='ltr'><strong>situs,</strong></span> <span class='ocrx_word' id='word_1_199' title='bbox 2227 1612 2318 1679; x_wconf 87' lang='lat' dir='ltr'><strong>qui</strong></span> <span class='ocrx_word' id='word_1_200' title='bbox 2342 1620 2555 1680; x_wconf 86' lang='lat' dir='ltr'><strong>propter</strong></span> <span class='ocrx_word' id='word_1_201' title='bbox 2578 1610 2975 1664; x_wconf 83' lang='lat' dir='ltr'><strong>multitudinem</strong></span> <span class='ocrx_word' id='word_1_202' title='bbox 2999 1610 3365 1679; x_wconf 86' lang='lat' dir='ltr'><strong>episcoporum</strong></span> <span class='ocrx_word' id='word_1_203' title='bbox 3381 1608 3489 1661; x_wconf 82' lang='lat' dir='ltr'><strong>sibi</strong></span> <span class='ocrx_word' id='word_1_204' title='bbox 3511 1606 3626 1661; x_wconf 77' lang='lat' dir='ltr'><strong>sub-</strong></span> 
     </span>
    </p>
   </div>
   <div class='ocr_carea' id='block_1_31' title="bbox 360 1699 3624 1781">
    <p class='ocr_par' dir='ltr' id='par_1_31' title="bbox 360 1699 3624 1781">
     <span class='ocr_line' id='line_1_31' title="bbox 360 1699 3624 1781; baseline -0.002 -23"><span class='ocrx_word' id='word_1_205' title='bbox 360 1712 561 1773; x_wconf 90' lang='lat' dir='ltr'><strong>potest.</strong></span> <span class='ocrx_word' id='word_1_206' title='bbox 600 1703 859 1776; x_wconf 80' lang='lat' dir='ltr'><strong>Legimus</strong></span> <span class='ocrx_word' id='word_1_207' title='bbox 896 1707 1043 1764; x_wconf 83' lang='lat' dir='ltr'><strong>enim</strong></span> <span class='ocrx_word' id='word_1_208' title='bbox 1090 1711 1234 1781; x_wconf 78' lang='lat' dir='ltr'><strong>apud</strong></span> <span class='ocrx_word' id='word_1_209' title='bbox 1282 1710 1587 1766; x_wconf 73' lang='lat' dir='ltr'><strong>Palladium</strong></span> <span class='ocrx_word' id='word_1_210' title='bbox 1615 1750 1632 1775; x_wconf 83' lang='lat'><strong>,</strong></span> <span class='ocrx_word' id='word_1_211' title='bbox 1664 1726 1827 1781; x_wconf 76' lang='lat' dir='ltr'><strong>quem</strong></span> <span class='ocrx_word' id='word_1_212' title='bbox 1874 1728 1941 1768; x_wconf 63' lang='lat' dir='ltr'><strong>ex</strong></span> <span class='ocrx_word' id='word_1_213' title='bbox 1971 1775 2009 1781; x_wconf 86' lang='lat'><strong><em>_</em></strong></span> <span class='ocrx_word' id='word_1_214' title='bbox 2036 1701 2298 1772; x_wconf 82' lang='lat' dir='ltr'><strong>jectorum</strong></span> <span class='ocrx_word' id='word_1_215' title='bbox 2343 1713 2390 1755; x_wconf 89' lang='lat' dir='ltr'><strong>et</strong></span> <span class='ocrx_word' id='word_1_216' title='bbox 2443 1702 2666 1755; x_wconf 84' lang='lat' dir='ltr'><strong>ditionis</strong></span> <span class='ocrx_word' id='word_1_217' title='bbox 2706 1700 3114 1771; x_wconf 82' lang='lat' dir='ltr'><strong>amplitudinem</strong></span> <span class='ocrx_word' id='word_1_218' title='bbox 3154 1699 3411 1754; x_wconf 79' lang='lat' dir='ltr'><strong>catholici</strong></span> <span class='ocrx_word' id='word_1_219' title='bbox 3445 1709 3497 1754; x_wconf 89' lang='lat' dir='ltr'><strong>et</strong></span> <span class='ocrx_word' id='word_1_220' title='bbox 3533 1716 3624 1769; x_wconf 81' lang='lat' dir='ltr'><strong>pa-</strong></span> 
     </span>
    </p>
   </div>
   <div class='ocr_carea' id='block_1_32' title="bbox 361 1775 3624 1868">
    <p class='ocr_par' dir='ltr' id='par_1_32' title="bbox 361 1775 3624 1868">
     <span class='ocr_line' id='line_1_32' title="bbox 361 1775 3624 1868; baseline -0.001 -21"><span class='ocrx_word' id='word_1_221' title='bbox 361 1775 696 1849; x_wconf 80' lang='lat' dir='ltr'><strong>bibliotheca</strong></span> <span class='ocrx_word' id='word_1_222' title='bbox 740 1794 907 1866; x_wconf 81' lang='lat' dir='ltr'><strong>Regia</strong></span> <span class='ocrx_word' id='word_1_223' title='bbox 959 1775 1143 1868; x_wconf 57' lang='lat' dir='ltr'><strong>nuper:</strong></span> <span class='ocrx_word' id='word_1_224' title='bbox 1179 1800 1349 1855; x_wconf 68' lang='lat' dir='ltr'><strong>edidi:</strong></span> <span class='ocrx_word' id='word_1_225' title='bbox 1384 1801 1455 1856; x_wconf 75' lang='grc' dir='ltr'><strong>ει,</strong></span> <span class='ocrx_word' id='word_1_226' title='bbox 1507 1775 1791 1856; x_wconf 55' lang='grc' dir='ltr'><strong>Εᾱοειτᾉυε</strong></span> <span class='ocrx_word' id='word_1_227' title='bbox 1822 1800 1943 1857; x_wconf 81' lang='lat' dir='ltr'><strong>Bis-</strong></span> <span class='ocrx_word' id='word_1_228' title='bbox 1969 1775 2014 1832; x_wconf 80' lang='grc' dir='ltr'>Β</span> <span class='ocrx_word' id='word_1_229' title='bbox 2044 1793 2291 1847; x_wconf 80' lang='lat' dir='ltr'><strong>triarcha:</strong></span> <span class='ocrx_word' id='word_1_230' title='bbox 2327 1808 2514 1848; x_wconf 84' lang='lat' dir='ltr'><strong>nomen</strong></span> <span class='ocrx_word' id='word_1_231' title='bbox 2562 1791 2791 1860; x_wconf 88' lang='lat' dir='ltr'><strong>habuit,</strong></span> <span class='ocrx_word' id='word_1_232' title='bbox 2832 1793 3067 1865; x_wconf 76' lang='lat' dir='ltr'><strong>quamvis</strong></span> <span class='ocrx_word' id='word_1_233' title='bbox 3107 1791 3264 1846; x_wconf 84' lang='lat' dir='ltr'><strong>alteri</strong></span> <span class='ocrx_word' id='word_1_234' title='bbox 3299 1790 3624 1862; x_wconf 70' lang='lat' dir='ltr'><strong>patriarcha</strong></span> 
     </span>
    </p>
   </div>
   <div class='ocr_carea' id='block_1_33' title="bbox 358 1890 1942 1965">
    <p class='ocr_par' dir='ltr' id='par_1_33' title="bbox 358 1890 1942 1965">
     <span class='ocr_line' id='line_1_33' title="bbox 358 1890 1942 1965; baseline 0.004 -26"><span class='ocrx_word' id='word_1_235' title='bbox 358 1899 504 1939; x_wconf 67' lang='lat' dir='ltr'><strong>smus</strong></span> <span class='ocrx_word' id='word_1_236' title='bbox 525 1900 693 1955; x_wconf 90' lang='lat' dir='ltr'><strong>eques</strong></span> <span class='ocrx_word' id='word_1_237' title='bbox 721 1897 981 1945; x_wconf 89' lang='lat' dir='ltr'><strong>auratus:</strong></span> <span class='ocrx_word' id='word_1_238' title='bbox 1014 1890 1155 1959; x_wconf 81' lang='grc' dir='ltr'><strong>Ἐγὼ</strong></span> <span class='ocrx_word' id='word_1_239' title='bbox 1184 1892 1243 1945; x_wconf 84' lang='grc' dir='ltr'>δὲ</span> <span class='ocrx_word' id='word_1_240' title='bbox 1275 1894 1357 1955; x_wconf 77' lang='grc' dir='ltr'><strong>εἰς</strong></span> <span class='ocrx_word' id='word_1_241' title='bbox 1386 1891 1455 1946; x_wconf 78' lang='grc' dir='ltr'><strong>τὰ</strong></span> <span class='ocrx_word' id='word_1_242' title='bbox 1486 1892 1807 1965; x_wconf 84' lang='grc' dir='ltr'><strong>ἀκρωτήρια</strong></span> <span class='ocrx_word' id='word_1_243' title='bbox 1843 1893 1942 1964; x_wconf 82' lang='grc' dir='ltr'><strong>μό-</strong></span> 
     </span>
    </p>
   </div>
   <div class='ocr_carea' id='block_1_34' title="bbox 353 1974 1941 2056">
    <p class='ocr_par' dir='ltr' id='par_1_34' title="bbox 353 1974 1941 2056">
     <span class='ocr_line' id='line_1_34' title="bbox 353 1974 1941 2056; baseline 0.01 -33"><span class='ocrx_word' id='word_1_244' title='bbox 353 1986 446 2028; x_wconf 80' lang='grc' dir='ltr'><strong>νον</strong></span> <span class='ocrx_word' id='word_1_245' title='bbox 480 1974 689 2044; x_wconf 79' lang='grc' dir='ltr'><strong>ἔφθασα</strong></span> <span class='ocrx_word' id='word_1_246' title='bbox 722 1978 821 2047; x_wconf 83' lang='grc' dir='ltr'><strong>τῆς</strong></span> <span class='ocrx_word' id='word_1_247' title='bbox 864 1980 1091 2054; x_wconf 82' lang='grc' dir='ltr'><strong>Ἰνδικῆς</strong></span> <span class='ocrx_word' id='word_1_248' title='bbox 1137 1982 1245 2054; x_wconf 85' lang='grc' dir='ltr'><strong>πρὸ</strong></span> <span class='ocrx_word' id='word_1_249' title='bbox 1276 1981 1415 2036; x_wconf 75' lang='grc' dir='ltr'>ἐτῶν</span> <span class='ocrx_word' id='word_1_250' title='bbox 1446 1978 1640 2053; x_wconf 73' lang='grc' dir='ltr'><strong>ὀλίγωῦ</strong></span> <span class='ocrx_word' id='word_1_251' title='bbox 1677 1984 1816 2056; x_wconf 85' lang='grc' dir='ltr'><strong>μετὰ</strong></span> <span class='ocrx_word' id='word_1_252' title='bbox 1846 1984 1941 2039; x_wconf 80' lang='grc' dir='ltr'><strong>τοῦ</strong></span> 
     </span>
    </p>
   </div>
   <div class='ocr_carea' id='block_1_35' title="bbox 356 2066 1941 2147">
    <p class='ocr_par' dir='ltr' id='par_1_35' title="bbox 356 2066 1941 2147">
     <span class='ocr_line' id='line_1_35' title="bbox 356 2066 1941 2147; baseline 0.008 -29"><span class='ocrx_word' id='word_1_253' title='bbox 356 2066 630 2138; x_wconf 83' lang='grc' dir='ltr'><strong>μακαρίου</strong></span> <span class='ocrx_word' id='word_1_254' title='bbox 680 2070 960 2136; x_wconf 85' lang='grc' dir='ltr'><strong>Μωῡσέως</strong></span> <span class='ocrx_word' id='word_1_255' title='bbox 1022 2073 1117 2127; x_wconf 77' lang='grc' dir='ltr'><strong>τοῦ</strong></span> <span class='ocrx_word' id='word_1_256' title='bbox 1170 2075 1473 2129; x_wconf 78' lang='grc' dir='ltr'><strong>ἐπισκόπου</strong></span> <span class='ocrx_word' id='word_1_257' title='bbox 1519 2078 1628 2129; x_wconf 82' lang='grc' dir='ltr'><strong>τῶν</strong></span> <span class='ocrx_word' id='word_1_258' title='bbox 1692 2074 1941 2147; x_wconf 76' lang='grc' dir='ltr'><strong>Ἀδουλη-</strong></span> 
     </span>
    </p>
   </div>
   <div class='ocr_carea' id='block_1_36' title="bbox 350 2156 1940 2237">
    <p class='ocr_par' dir='ltr' id='par_1_36' title="bbox 350 2156 1940 2237">
     <span class='ocr_line' id='line_1_36' title="bbox 350 2156 1940 2237; baseline 0.008 -27"><span class='ocrx_word' id='word_1_259' title='bbox 350 2156 479 2211; x_wconf 82' lang='grc' dir='ltr'><strong>νῶν.</strong></span> <span class='ocrx_word' id='word_1_260' title='bbox 516 2158 630 2231; x_wconf 84' lang='lat' dir='ltr'><strong>Ego</strong></span> <span class='ocrx_word' id='word_1_261' title='bbox 663 2162 733 2215; x_wconf 85' lang='lat' dir='ltr'><strong>ad</strong></span> <span class='ocrx_word' id='word_1_262' title='bbox 757 2164 957 2230; x_wconf 88' lang='lat' dir='ltr'><strong>primas</strong></span> <span class='ocrx_word' id='word_1_263' title='bbox 992 2174 1201 2220; x_wconf 89' lang='lat' dir='ltr'><strong>tantum</strong></span> <span class='ocrx_word' id='word_1_264' title='bbox 1242 2164 1417 2222; x_wconf 71' lang='lat' dir='ltr'><strong>India:</strong></span> <span class='ocrx_word' id='word_1_265' title='bbox 1447 2184 1569 2222; x_wconf 88' lang='lat' dir='ltr'><strong>oras</strong></span> <span class='ocrx_word' id='word_1_266' title='bbox 1596 2184 1792 2237; x_wconf 88' lang='lat' dir='ltr'><strong>paucos</strong></span> <span class='ocrx_word' id='word_1_267' title='bbox 1816 2177 1940 2224; x_wconf 85' lang='lat' dir='ltr'><strong>ante</strong></span> 
     </span>
    </p>
   </div>
   <div class='ocr_carea' id='block_1_37' title="bbox 353 2254 1938 2331">
    <p class='ocr_par' dir='ltr' id='par_1_37' title="bbox 353 2254 1938 2331">
     <span class='ocr_line' id='line_1_37' title="bbox 353 2254 1938 2331; baseline 0.009 -29"><span class='ocrx_word' id='word_1_268' title='bbox 353 2267 518 2305; x_wconf 89' lang='lat' dir='ltr'><strong>annos</strong></span> <span class='ocrx_word' id='word_1_269' title='bbox 559 2269 679 2306; x_wconf 88' lang='lat' dir='ltr'><strong>cum</strong></span> <span class='ocrx_word' id='word_1_270' title='bbox 715 2254 867 2309; x_wconf 90' lang='lat' dir='ltr'><strong>beato</strong></span> <span class='ocrx_word' id='word_1_271' title='bbox 914 2256 1063 2312; x_wconf 82' lang='lat' dir='ltr'><strong>Mose</strong></span> <span class='ocrx_word' id='word_1_272' title='bbox 1103 2258 1469 2314; x_wconf 78' lang='lat' dir='ltr'><strong>Adulenorum</strong></span> <span class='ocrx_word' id='word_1_273' title='bbox 1495 2262 1736 2330; x_wconf 84' lang='lat' dir='ltr'><strong>episcopo</strong></span> <span class='ocrx_word' id='word_1_274' title='bbox 1782 2278 1938 2331; x_wconf 79' lang='lat' dir='ltr'><strong>pene-</strong></span> 
     </span>
    </p>
   </div>
   <div class='ocr_carea' id='block_1_38' title="bbox 354 2340 1932 2423">
    <p class='ocr_par' dir='ltr' id='par_1_38' title="bbox 354 2340 1932 2423">
     <span class='ocr_line' id='line_1_38' title="bbox 354 2340 1932 2423; baseline 0.011 -31"><span class='ocrx_word' id='word_1_275' title='bbox 354 2342 509 2395; x_wconf 88' lang='lat' dir='ltr'><strong>travi.</strong></span> <span class='ocrx_word' id='word_1_276' title='bbox 536 2340 667 2397; x_wconf 87' lang='lat' dir='ltr'><strong>Erat</strong></span> <span class='ocrx_word' id='word_1_277' title='bbox 693 2353 875 2401; x_wconf 91' lang='lat' dir='ltr'><strong>autem</strong></span> <span class='ocrx_word' id='word_1_278' title='bbox 902 2348 1098 2416; x_wconf 83' lang='lat' dir='ltr'><strong>Adule,</strong></span> <span class='ocrx_word' id='word_1_279' title='bbox 1124 2351 1209 2405; x_wconf 91' lang='lat' dir='ltr'><strong>vel</strong></span> <span class='ocrx_word' id='word_1_280' title='bbox 1228 2350 1443 2419; x_wconf 88' lang='lat' dir='ltr'><strong>Adulis,</strong></span> <span class='ocrx_word' id='word_1_281' title='bbox 1467 2353 1599 2407; x_wconf 89' lang='lat' dir='ltr'><strong>urbs</strong></span> <span class='ocrx_word' id='word_1_282' title='bbox 1618 2350 1932 2423; x_wconf 52' lang='lat' dir='ltr'><strong>Ethiopian</strong></span> 
     </span>
    </p>
   </div>
   <div class='ocr_carea' id='block_1_39' title="bbox 353 2431 1933 2517">
    <p class='ocr_par' dir='ltr' id='par_1_39' title="bbox 353 2431 1933 2517">
     <span class='ocr_line' id='line_1_39' title="bbox 353 2431 1933 2517; baseline 0.008 -28"><span class='ocrx_word' id='word_1_283' title='bbox 353 2431 540 2503; x_wconf 84' lang='lat' dir='ltr'><strong>Steph.</strong></span> <span class='ocrx_word' id='word_1_284' title='bbox 564 2452 578 2489; x_wconf 92' lang='lat'><strong>:</strong></span> <span class='ocrx_word' id='word_1_285' title='bbox 601 2436 867 2504; x_wconf 79' lang='grc' dir='ltr'><strong>Ἀδουλις,</strong></span> <span class='ocrx_word' id='word_1_286' title='bbox 904 2440 1059 2505; x_wconf 81' lang='grc' dir='ltr'><strong>πόλις</strong></span> <span class='ocrx_word' id='word_1_287' title='bbox 1091 2444 1385 2509; x_wconf 81' lang='grc' dir='ltr'><strong>Αἰθιόπων,</strong></span> <span class='ocrx_word' id='word_1_288' title='bbox 1403 2455 1457 2501; x_wconf 90' lang='lat' dir='ltr'><strong>et</strong></span> <span class='ocrx_word' id='word_1_289' title='bbox 1482 2444 1783 2517; x_wconf 89' lang='lat' dir='ltr'><strong>Procopius</strong></span> <span class='ocrx_word' id='word_1_290' title='bbox 1797 2447 1933 2504; x_wconf 86' lang='lat' dir='ltr'><strong>Per-</strong></span> 
     </span>
    </p>
   </div>
   <div class='ocr_carea' id='block_1_40' title="bbox 352 2524 1933 2594">
    <p class='ocr_par' dir='ltr' id='par_1_40' title="bbox 352 2524 1933 2594">
     <span class='ocr_line' id='line_1_40' title="bbox 352 2524 1933 2594; baseline 0.009 -16"><span class='ocrx_word' id='word_1_291' title='bbox 352 2524 582 2578; x_wconf 84' lang='lat' dir='ltr'><strong>sicorum</strong></span> <span class='ocrx_word' id='word_1_292' title='bbox 617 2526 712 2582; x_wconf 91' lang='lat' dir='ltr'><strong>lib.</strong></span> <span class='ocrx_word' id='word_1_293' title='bbox 744 2543 763 2582; x_wconf 90' lang='grc' dir='ltr'><strong>ι</strong></span> <span class='ocrx_word' id='word_1_294' title='bbox 810 2544 825 2582; x_wconf 86' lang='lat'><strong>:</strong></span> <span class='ocrx_word' id='word_1_295' title='bbox 874 2529 963 2584; x_wconf 83' lang='grc' dir='ltr'><strong>Ἐν</strong></span> <span class='ocrx_word' id='word_1_296' title='bbox 1014 2532 1168 2587; x_wconf 86' lang='grc' dir='ltr'><strong>πόλει</strong></span> <span class='ocrx_word' id='word_1_297' title='bbox 1219 2535 1491 2591; x_wconf 76' lang='grc' dir='ltr'><strong>Αἰθιόπων</strong></span> <span class='ocrx_word' id='word_1_298' title='bbox 1538 2537 1815 2592; x_wconf 84' lang='grc' dir='ltr'><strong>Ἀδούλιδι.</strong></span> <span class='ocrx_word' id='word_1_299' title='bbox 1872 2538 1933 2594; x_wconf 81' lang='lat' dir='ltr'><strong>ln</strong></span> 
     </span>
    </p>
   </div>
   <div class='ocr_carea' id='block_1_41' title="bbox 364 2616 1935 2700">
    <p class='ocr_par' dir='ltr' id='par_1_41' title="bbox 364 2616 1935 2700">
     <span class='ocr_line' id='line_1_41' title="bbox 364 2616 1935 2700; baseline 0.011 -30"><span class='ocrx_word' id='word_1_300' title='bbox 364 2616 488 2673; x_wconf 84' lang='lat' dir='ltr'><strong>Vita</strong></span> <span class='ocrx_word' id='word_1_301' title='bbox 533 2618 591 2673; x_wconf 87' lang='lat' dir='ltr'><strong>S.</strong></span> <span class='ocrx_word' id='word_1_302' title='bbox 639 2620 997 2693; x_wconf 84' lang='lat' dir='ltr'><strong>Chrysostomi</strong></span> <span class='ocrx_word' id='word_1_303' title='bbox 1028 2641 1058 2680; x_wconf 90' lang='lat' dir='ltr'><strong>a</strong></span> <span class='ocrx_word' id='word_1_304' title='bbox 1101 2625 1349 2684; x_wconf 90' lang='lat' dir='ltr'><strong>Palladio</strong></span> <span class='ocrx_word' id='word_1_305' title='bbox 1396 2630 1599 2700; x_wconf 87' lang='lat' dir='ltr'><strong>scripta</strong></span> <span class='ocrx_word' id='word_1_306' title='bbox 1626 2632 1845 2686; x_wconf 75' lang='lat' dir='ltr'><strong>&#39;mentio</strong></span> <span class='ocrx_word' id='word_1_307' title='bbox 1872 2633 1935 2687; x_wconf 81' lang='lat' dir='ltr'><strong>tit</strong></span> 
     </span>
    </p>
   </div>
   <div class='ocr_carea' id='block_1_42' title="bbox 353 2708 1929 2792">
    <p class='ocr_par' dir='ltr' id='par_1_42' title="bbox 353 2708 1929 2792">
     <span class='ocr_line' id='line_1_42' title="bbox 353 2708 1929 2792; baseline 0.008 -29"><span class='ocrx_word' id='word_1_308' title='bbox 353 2708 580 2765; x_wconf 84' lang='lat' dir='ltr'><strong>Palladii</strong></span> <span class='ocrx_word' id='word_1_309' title='bbox 624 2710 1031 2787; x_wconf 76' lang='lat' dir='ltr'><strong>Blemmyarum</strong></span> <span class='ocrx_word' id='word_1_310' title='bbox 1074 2719 1339 2790; x_wconf 89' lang='lat' dir='ltr'><strong>episcopi.</strong></span> <span class='ocrx_word' id='word_1_311' title='bbox 1392 2719 1699 2792; x_wconf 82' lang='lat' dir='ltr'><strong>Blemmyes</strong></span> <span class='ocrx_word' id='word_1_312' title='bbox 1745 2729 1929 2776; x_wconf 90' lang='lat' dir='ltr'><strong>autem</strong></span> 
     </span>
    </p>
   </div>
   <div class='ocr_carea' id='block_1_43' title="bbox 350 2801 1931 2885">
    <p class='ocr_par' dir='ltr' id='par_1_43' title="bbox 350 2801 1931 2885">
     <span class='ocr_line' id='line_1_43' title="bbox 350 2801 1931 2885; baseline 0.008 -30"><span class='ocrx_word' id='word_1_313' title='bbox 350 2801 813 2876; x_wconf 59' lang='lat' dir='ltr'><strong>suntzEthiopes.</strong></span> <span class='ocrx_word' id='word_1_314' title='bbox 849 2807 1052 2865; x_wconf 88' lang='lat' dir='ltr'><strong>Strabo</strong></span> <span class='ocrx_word' id='word_1_315' title='bbox 1092 2811 1187 2867; x_wconf 89' lang='lat' dir='ltr'><strong>lib.</strong></span> <span class='ocrx_word' id='word_1_316' title='bbox 1220 2828 1368 2868; x_wconf 76' lang='lat' dir='ltr'><strong>xvu:</strong></span> <span class='ocrx_word' id='word_1_317' title='bbox 1402 2813 1689 2885; x_wconf 83' lang='grc' dir='ltr'><strong>Βλέμμυες</strong></span> <span class='ocrx_word' id='word_1_318' title='bbox 1733 2813 1791 2868; x_wconf 81' lang='grc' dir='ltr'>δὲ</span> <span class='ocrx_word' id='word_1_319' title='bbox 1836 2815 1931 2868; x_wconf 76' lang='grc' dir='ltr'><strong>Αι-</strong></span> 
     </span>
    </p>
   </div>
   <div class='ocr_carea' id='block_1_44' title="bbox 349 2887 1919 2976">
    <p class='ocr_par' dir='ltr' id='par_1_44' title="bbox 349 2887 1919 2976">
     <span class='ocr_line' id='line_1_44' title="bbox 349 2887 1919 2976; baseline 0.01 -31"><span class='ocrx_word' id='word_1_320' title='bbox 349 2891 554 2949; x_wconf 82' lang='grc' dir='ltr'><strong>θιόπων</strong></span> <span class='ocrx_word' id='word_1_321' title='bbox 589 2896 990 2967; x_wconf 79' lang='grc' dir='ltr'><strong>ὑπακούοντες,</strong></span> <span class='ocrx_word' id='word_1_322' title='bbox 1024 2887 1343 2972; x_wconf 79' lang='grc' dir='ltr'><strong>Αἰγυπτίοις</strong></span> <span class='ocrx_word' id='word_1_323' title='bbox 1378 2904 1435 2957; x_wconf 83' lang='grc' dir='ltr'><strong>δὲ</strong></span> <span class='ocrx_word' id='word_1_324' title='bbox 1458 2905 1669 2976; x_wconf 83' lang='grc' dir='ltr'><strong>ὅμοροι,</strong></span> <span class='ocrx_word' id='word_1_325' title='bbox 1695 2905 1762 2959; x_wconf 89' lang='lat' dir='ltr'><strong>de</strong></span> <span class='ocrx_word' id='word_1_326' title='bbox 1791 2905 1919 2974; x_wconf 89' lang='lat' dir='ltr'><strong>qui-</strong></span> 
     </span>
    </p>
   </div>
   <div class='ocr_carea' id='block_1_45' title="bbox 347 2986 1926 3067">
    <p class='ocr_par' dir='ltr' id='par_1_45' title="bbox 347 2986 1926 3067">
     <span class='ocr_line' id='line_1_45' title="bbox 347 2986 1926 3067; baseline 0.007 -27"><span class='ocrx_word' id='word_1_327' title='bbox 347 2986 453 3042; x_wconf 92' lang='lat' dir='ltr'><strong>bus</strong></span> <span class='ocrx_word' id='word_1_328' title='bbox 482 2986 695 3046; x_wconf 90' lang='lat' dir='ltr'><strong>Plinius</strong></span> <span class='ocrx_word' id='word_1_329' title='bbox 731 2992 826 3047; x_wconf 90' lang='lat' dir='ltr'><strong>lib.</strong></span> <span class='ocrx_word' id='word_1_330' title='bbox 868 3009 923 3061; x_wconf 90' lang='lat' dir='ltr'><strong>v,</strong></span> <span class='ocrx_word' id='word_1_331' title='bbox 951 3010 1070 3065; x_wconf 90' lang='lat' dir='ltr'><strong>cap.</strong></span> <span class='ocrx_word' id='word_1_332' title='bbox 1106 2995 1160 3051; x_wconf 91' lang='lat'><strong>8.</strong></span> <span class='ocrx_word' id='word_1_333' title='bbox 1192 2994 1379 3067; x_wconf 89' lang='lat' dir='ltr'><strong>Neque</strong></span> <span class='ocrx_word' id='word_1_334' title='bbox 1404 3013 1534 3053; x_wconf 89' lang='lat' dir='ltr'><strong>vero</strong></span> <span class='ocrx_word' id='word_1_335' title='bbox 1573 2998 1753 3053; x_wconf 90' lang='lat' dir='ltr'><strong>adhuc</strong></span> <span class='ocrx_word' id='word_1_336' title='bbox 1782 2997 1926 3051; x_wconf 83' lang='lat' dir='ltr'><strong>mul-</strong></span> 
     </span>
    </p>
   </div>
   <div class='ocr_carea' id='block_1_46' title="bbox 347 3081 1925 3157">
    <p class='ocr_par' dir='ltr' id='par_1_46' title="bbox 347 3081 1925 3157">
     <span class='ocr_line' id='line_1_46' title="bbox 347 3081 1925 3157; baseline 0.01 -27"><span class='ocrx_word' id='word_1_337' title='bbox 347 3081 659 3153; x_wconf 61' lang='lat' dir='ltr'><strong>tumprevit</strong></span> <span class='ocrx_word' id='word_1_338' title='bbox 684 3082 738 3137; x_wconf 91' lang='lat' dir='ltr'><strong>in</strong></span> <span class='ocrx_word' id='word_1_339' title='bbox 770 3083 1047 3154; x_wconf 66' lang='lat' dir='ltr'><strong>IEthiopia</strong></span> <span class='ocrx_word' id='word_1_340' title='bbox 1084 3087 1277 3157; x_wconf 81' lang='lat' dir='ltr'><strong>religio</strong></span> <span class='ocrx_word' id='word_1_341' title='bbox 1307 3088 1636 3144; x_wconf 86' lang='lat' dir='ltr'><strong>Christiana.</strong></span> <span class='ocrx_word' id='word_1_342' title='bbox 1665 3088 1769 3143; x_wconf 86' lang='lat' dir='ltr'><strong>Sed</strong></span> <span class='ocrx_word' id='word_1_343' title='bbox 1826 3089 1925 3145; x_wconf 85' lang='lat' dir='ltr'><strong>Ju-</strong></span> 
     </span>
    </p>
   </div>
   <div class='ocr_carea' id='block_1_47' title="bbox 346 3166 1921 3245">
    <p class='ocr_par' dir='ltr' id='par_1_47' title="bbox 346 3166 1921 3245">
     <span class='ocr_line' id='line_1_47' title="bbox 346 3166 1921 3245; baseline 0.01 -28"><span class='ocrx_word' id='word_1_344' title='bbox 346 3166 825 3240; x_wconf 84' lang='lat' dir='ltr'><strong>stinianeiimperii</strong></span> <span class='ocrx_word' id='word_1_345' title='bbox 840 3188 985 3229; x_wconf 90' lang='lat' dir='ltr'><strong>anno</strong></span> <span class='ocrx_word' id='word_1_346' title='bbox 1012 3174 1102 3241; x_wconf 78' lang='grc'><strong>16,</strong></span> <span class='ocrx_word' id='word_1_347' title='bbox 1117 3175 1341 3235; x_wconf 81' lang='lat' dir='ltr'><strong>Adadus</strong></span> <span class='ocrx_word' id='word_1_348' title='bbox 1361 3179 1786 3233; x_wconf 81' lang='lat' dir='ltr'><strong>Auxumitarum</strong></span> <span class='ocrx_word' id='word_1_349' title='bbox 1806 3194 1921 3245; x_wconf 83' lang='lat' dir='ltr'><strong>rex,</strong></span> 
     </span>
    </p>
   </div>
   <div class='ocr_carea' id='block_1_48' title="bbox 343 3257 1927 3340">
    <p class='ocr_par' dir='ltr' id='par_1_48' title="bbox 343 3257 1927 3340">
     <span class='ocr_line' id='line_1_48' title="bbox 343 3257 1927 3340; baseline 0.008 -30"><span class='ocrx_word' id='word_1_350' title='bbox 343 3257 523 3313; x_wconf 81' lang='lat' dir='ltr'><strong>factus</strong></span> <span class='ocrx_word' id='word_1_351' title='bbox 553 3269 639 3314; x_wconf 90' lang='lat' dir='ltr'><strong>est</strong></span> <span class='ocrx_word' id='word_1_352' title='bbox 661 3260 1033 3333; x_wconf 82' lang='lat' dir='ltr'><strong>Christianus,</strong></span> <span class='ocrx_word' id='word_1_353' title='bbox 1063 3268 1206 3322; x_wconf 89' lang='lat' dir='ltr'><strong>etab</strong></span> <span class='ocrx_word' id='word_1_354' title='bbox 1228 3270 1559 3340; x_wconf 82' lang='lat' dir='ltr'><strong>imperatore</strong></span> <span class='ocrx_word' id='word_1_355' title='bbox 1582 3270 1789 3340; x_wconf 89' lang='lat' dir='ltr'><strong>accepit</strong></span> <span class='ocrx_word' id='word_1_356' title='bbox 1808 3270 1927 3323; x_wconf 81' lang='grc' dir='ltr'><strong>ὲπί-</strong></span> 
     </span>
    </p>
   </div>
   <div class='ocr_carea' id='block_1_49' title="bbox 343 3352 1922 3432">
    <p class='ocr_par' dir='ltr' id='par_1_49' title="bbox 343 3352 1922 3432">
     <span class='ocr_line' id='line_1_49' title="bbox 343 3352 1922 3432; baseline 0.012 -30"><span class='ocrx_word' id='word_1_357' title='bbox 343 3366 547 3404; x_wconf 83' lang='grc' dir='ltr'><strong>σκοπον</strong></span> <span class='ocrx_word' id='word_1_358' title='bbox 578 3352 667 3406; x_wconf 83' lang='grc' dir='ltr'><strong>καὶ</strong></span> <span class='ocrx_word' id='word_1_359' title='bbox 704 3352 1019 3427; x_wconf 77' lang='grc' dir='ltr'><strong>κληρικούς,</strong></span> <span class='ocrx_word' id='word_1_360' title='bbox 1055 3368 1115 3414; x_wconf 88' lang='lat' dir='ltr'><strong>ut</strong></span> <span class='ocrx_word' id='word_1_361' title='bbox 1160 3359 1328 3416; x_wconf 78' lang='lat' dir='ltr'><strong>refert</strong></span> <span class='ocrx_word' id='word_1_362' title='bbox 1376 3359 1771 3432; x_wconf 85' lang='lat' dir='ltr'><strong>Theophanes,</strong></span> <span class='ocrx_word' id='word_1_363' title='bbox 1800 3369 1922 3420; x_wconf 81' lang='grc' dir='ltr'><strong>ἐπι-</strong></span> 
     </span>
    </p>
   </div>
   <div class='ocr_carea' id='block_1_50' title="bbox 342 3440 1922 3525">
    <p class='ocr_par' dir='ltr' id='par_1_50' title="bbox 342 3440 1922 3525">
     <span class='ocr_line' id='line_1_50' title="bbox 342 3440 1922 3525; baseline 0.014 -31"><span class='ocrx_word' id='word_1_364' title='bbox 342 3440 593 3507; x_wconf 82' lang='grc' dir='ltr'><strong>σκόπους</strong></span> <span class='ocrx_word' id='word_1_365' title='bbox 626 3443 719 3498; x_wconf 76' lang='grc' dir='ltr'><strong>καὶ</strong></span> <span class='ocrx_word' id='word_1_366' title='bbox 752 3445 1068 3520; x_wconf 84' lang='grc' dir='ltr'><strong>κληρικούς,</strong></span> <span class='ocrx_word' id='word_1_367' title='bbox 1094 3460 1154 3506; x_wconf 89' lang='lat' dir='ltr'><strong>ut</strong></span> <span class='ocrx_word' id='word_1_368' title='bbox 1175 3461 1366 3507; x_wconf 87' lang='lat' dir='ltr'><strong>narrat</strong></span> <span class='ocrx_word' id='word_1_369' title='bbox 1399 3453 1700 3525; x_wconf 88' lang='lat' dir='ltr'><strong>Cedrenus,</strong></span> <span class='ocrx_word' id='word_1_370' title='bbox 1730 3469 1783 3514; x_wconf 85' lang='lat' dir='ltr'><strong>ct</strong></span> <span class='ocrx_word' id='word_1_371' title='bbox 1810 3469 1922 3521; x_wconf 85' lang='lat' dir='ltr'><strong>tota</strong></span> 
     </span>
    </p>
   </div>
   <div class='ocr_carea' id='block_1_51' title="bbox 338 3534 1923 3619">
    <p class='ocr_par' dir='ltr' id='par_1_51' title="bbox 338 3534 1923 3619">
     <span class='ocr_line' id='line_1_51' title="bbox 338 3534 1923 3619; baseline 0.014 -33"><span class='ocrx_word' id='word_1_372' title='bbox 338 3547 404 3587; x_wconf 88' lang='lat' dir='ltr'><strong>ca</strong></span> <span class='ocrx_word' id='word_1_373' title='bbox 439 3550 571 3605; x_wconf 87' lang='lat' dir='ltr'><strong>gens</strong></span> <span class='ocrx_word' id='word_1_374' title='bbox 593 3534 812 3593; x_wconf 88' lang='lat' dir='ltr'><strong>Christo</strong></span> <span class='ocrx_word' id='word_1_375' title='bbox 839 3556 1038 3597; x_wconf 90' lang='lat' dir='ltr'><strong>nomen</strong></span> <span class='ocrx_word' id='word_1_376' title='bbox 1066 3542 1233 3601; x_wconf 89' lang='lat' dir='ltr'><strong>dedit.</strong></span> <span class='ocrx_word' id='word_1_377' title='bbox 1263 3545 1347 3601; x_wconf 81' lang='lat' dir='ltr'><strong>Ah</strong></span> <span class='ocrx_word' id='word_1_378' title='bbox 1374 3561 1440 3602; x_wconf 91' lang='lat' dir='ltr'><strong>eo</strong></span> <span class='ocrx_word' id='word_1_379' title='bbox 1468 3556 1732 3619; x_wconf 90' lang='lat' dir='ltr'><strong>tempore,</strong></span> <span class='ocrx_word' id='word_1_380' title='bbox 1755 3560 1814 3607; x_wconf 93' lang='lat' dir='ltr'><strong>ut</strong></span> <span class='ocrx_word' id='word_1_381' title='bbox 1833 3568 1923 3607; x_wconf 91' lang='lat' dir='ltr'><strong>ar-</strong></span> 
     </span>
    </p>
   </div>
   <div class='ocr_carea' id='block_1_52' title="bbox 338 3626 1918 3716">
    <p class='ocr_par' dir='ltr' id='par_1_52' title="bbox 338 3626 1918 3716">
     <span class='ocr_line' id='line_1_52' title="bbox 338 3626 1918 3716; baseline 0.011 -34"><span class='ocrx_word' id='word_1_382' title='bbox 338 3626 533 3695; x_wconf 83' lang='lat' dir='ltr'><strong>bitror,</strong></span> <span class='ocrx_word' id='word_1_383' title='bbox 569 3628 1030 3692; x_wconf 88' lang='lat' dir='ltr'><strong>Christianismus</strong></span> <span class='ocrx_word' id='word_1_384' title='bbox 1053 3637 1267 3693; x_wconf 90' lang='lat' dir='ltr'><strong>radices</strong></span> <span class='ocrx_word' id='word_1_385' title='bbox 1297 3641 1440 3710; x_wconf 90' lang='lat' dir='ltr'><strong>apud</strong></span> <span class='ocrx_word' id='word_1_386' title='bbox 1470 3642 1762 3714; x_wconf 64' lang='lat' dir='ltr'><strong>Ethiopas</strong></span> <span class='ocrx_word' id='word_1_387' title='bbox 1787 3646 1918 3716; x_wconf 85' lang='lat' dir='ltr'><strong>egit,</strong></span> 
     </span>
    </p>
   </div>
   <div class='ocr_carea' id='block_1_53' title="bbox 339 3718 1917 3793">
    <p class='ocr_par' dir='ltr' id='par_1_53' title="bbox 339 3718 1917 3793">
     <span class='ocr_line' id='line_1_53' title="bbox 339 3718 1917 3793; baseline 0.016 -25"><span class='ocrx_word' id='word_1_388' title='bbox 339 3730 449 3785; x_wconf 92' lang='lat' dir='ltr'><strong>quo</strong></span> <span class='ocrx_word' id='word_1_389' title='bbox 488 3718 715 3779; x_wconf 90' lang='lat' dir='ltr'><strong>liberius</strong></span> <span class='ocrx_word' id='word_1_390' title='bbox 753 3726 934 3780; x_wconf 86' lang='lat' dir='ltr'><strong>adhuc</strong></span> <span class='ocrx_word' id='word_1_391' title='bbox 966 3728 1034 3783; x_wconf 92' lang='lat' dir='ltr'><strong>de</strong></span> <span class='ocrx_word' id='word_1_392' title='bbox 1080 3728 1519 3789; x_wconf 88' lang='lat' dir='ltr'><strong>Chalcedonensi</strong></span> <span class='ocrx_word' id='word_1_393' title='bbox 1556 3737 1791 3791; x_wconf 89' lang='lat' dir='ltr'><strong>concilio</strong></span> <span class='ocrx_word' id='word_1_394' title='bbox 1831 3738 1917 3793; x_wconf 84' lang='lat' dir='ltr'><strong>lo--</strong></span> 
     </span>
    </p>
   </div>
   <div class='ocr_carea' id='block_1_54' title="bbox 334 3809 1919 3896">
    <p class='ocr_par' dir='ltr' id='par_1_54' title="bbox 334 3809 1919 3896">
     <span class='ocr_line' id='line_1_54' title="bbox 334 3809 1919 3896; baseline 0.016 -36"><span class='ocrx_word' id='word_1_395' title='bbox 334 3809 650 3878; x_wconf 87' lang='lat' dir='ltr'><strong>quebantur</strong></span> <span class='ocrx_word' id='word_1_396' title='bbox 677 3812 950 3881; x_wconf 87' lang='lat' dir='ltr'><strong>homines,</strong></span> <span class='ocrx_word' id='word_1_397' title='bbox 982 3822 1281 3887; x_wconf 64' lang='lat' dir='ltr'><strong>praesertim</strong></span> <span class='ocrx_word' id='word_1_398' title='bbox 1305 3824 1363 3877; x_wconf 89' lang='lat' dir='ltr'><strong>in</strong></span> <span class='ocrx_word' id='word_1_399' title='bbox 1386 3824 1644 3896; x_wconf 65' lang='lat' dir='ltr'><strong>Egypto.</strong></span> <span class='ocrx_word' id='word_1_400' title='bbox 1672 3828 1786 3883; x_wconf 84' lang='lat' dir='ltr'><strong>Sub</strong></span> <span class='ocrx_word' id='word_1_401' title='bbox 1815 3830 1919 3884; x_wconf 91' lang='lat' dir='ltr'><strong>im-</strong></span> 
     </span>
    </p>
   </div>
   <div class='ocr_carea' id='block_1_55' title="bbox 334 3900 1917 3991">
    <p class='ocr_par' dir='ltr' id='par_1_55' title="bbox 334 3900 1917 3991">
     <span class='ocr_line' id='line_1_55' title="bbox 334 3900 1917 3991; baseline 0.015 -38"><span class='ocrx_word' id='word_1_402' title='bbox 334 3900 490 3970; x_wconf 90' lang='lat' dir='ltr'><strong>perio</strong></span> <span class='ocrx_word' id='word_1_403' title='bbox 517 3913 699 3968; x_wconf 84' lang='lat' dir='ltr'><strong>autem</strong></span> <span class='ocrx_word' id='word_1_404' title='bbox 731 3905 1051 3978; x_wconf 82' lang='lat' dir='ltr'><strong>TheOphili,</strong></span> <span class='ocrx_word' id='word_1_405' title='bbox 1090 3912 1143 3965; x_wconf 88' lang='lat' dir='ltr'><strong>in</strong></span> <span class='ocrx_word' id='word_1_406' title='bbox 1178 3912 1459 3985; x_wconf 68' lang='lat' dir='ltr'><strong>Aithiopia</strong></span> <span class='ocrx_word' id='word_1_407' title='bbox 1494 3920 1766 3989; x_wconf 87' lang='lat' dir='ltr'><strong>episcopus</strong></span> <span class='ocrx_word' id='word_1_408' title='bbox 1813 3922 1917 3991; x_wconf 81' lang='lat' dir='ltr'><strong>fuit</strong></span> 
     </span>
    </p>
   </div>
   <div class='ocr_carea' id='block_1_56' title="bbox 336 3993 1914 4083">
    <p class='ocr_par' dir='ltr' id='par_1_56' title="bbox 336 3993 1914 4083">
     <span class='ocr_line' id='line_1_56' title="bbox 336 3993 1914 4083; baseline 0.015 -38"><span class='ocrx_word' id='word_1_409' title='bbox 336 3993 545 4048; x_wconf 86' lang='lat' dir='ltr'><strong>nomine</strong></span> <span class='ocrx_word' id='word_1_410' title='bbox 572 3995 828 4064; x_wconf 83' lang='lat' dir='ltr'><strong>Jacobus,</strong></span> <span class='ocrx_word' id='word_1_411' title='bbox 862 4017 1012 4070; x_wconf 90' lang='lat' dir='ltr'><strong>quem</strong></span> <span class='ocrx_word' id='word_1_412' title='bbox 1035 4019 1155 4057; x_wconf 87' lang='lat' dir='ltr'><strong>cum</strong></span> <span class='ocrx_word' id='word_1_413' title='bbox 1189 4021 1282 4060; x_wconf 80' lang='lat' dir='ltr'><strong>rea:</strong></span> <span class='ocrx_word' id='word_1_414' title='bbox 1322 4008 1459 4077; x_wconf 81' lang='lat' dir='ltr'><strong>forte</strong></span> <span class='ocrx_word' id='word_1_415' title='bbox 1484 4010 1541 4064; x_wconf 90' lang='lat' dir='ltr'><strong>in</strong></span> <span class='ocrx_word' id='word_1_416' title='bbox 1571 4011 1764 4066; x_wconf 87' lang='lat' dir='ltr'><strong>bellum</strong></span> <span class='ocrx_word' id='word_1_417' title='bbox 1786 4030 1914 4083; x_wconf 87' lang='lat' dir='ltr'><strong>pro-</strong></span> 
     </span>
    </p>
   </div>
   <div class='ocr_carea' id='block_1_57' title="bbox 335 4083 1915 4171">
    <p class='ocr_par' dir='ltr' id='par_1_57' title="bbox 335 4083 1915 4171">
     <span class='ocr_line' id='line_1_57' title="bbox 335 4083 1915 4171; baseline 0.016 -34"><span class='ocrx_word' id='word_1_418' title='bbox 335 4083 504 4153; x_wconf 80' lang='lat' dir='ltr'><strong>fectus</strong></span> <span class='ocrx_word' id='word_1_419' title='bbox 529 4098 683 4155; x_wconf 89' lang='lat' dir='ltr'><strong>esset,</strong></span> <span class='ocrx_word' id='word_1_420' title='bbox 717 4106 852 4144; x_wconf 72' lang='lat' dir='ltr'><strong>uxor</strong></span> <span class='ocrx_word' id='word_1_421' title='bbox 882 4094 1018 4163; x_wconf 85' lang='lat' dir='ltr'><strong>regis</strong></span> <span class='ocrx_word' id='word_1_422' title='bbox 1050 4095 1105 4148; x_wconf 89' lang='lat' dir='ltr'><strong>in</strong></span> <span class='ocrx_word' id='word_1_423' title='bbox 1141 4097 1390 4171; x_wconf 76' lang='lat' dir='ltr'><strong>exsilium</strong></span> <span class='ocrx_word' id='word_1_424' title='bbox 1425 4101 1571 4155; x_wconf 83' lang='lat' dir='ltr'><strong>misit</strong></span> <span class='ocrx_word' id='word_1_425' title='bbox 1592 4145 1606 4167; x_wconf 92' lang='lat'><strong>,</strong></span> <span class='ocrx_word' id='word_1_426' title='bbox 1646 4114 1695 4157; x_wconf 89' lang='lat' dir='ltr'><strong>et</strong></span> <span class='ocrx_word' id='word_1_427' title='bbox 1719 4106 1915 4161; x_wconf 87' lang='lat' dir='ltr'><strong>substi-</strong></span> 
     </span>
    </p>
   </div>
   <div class='ocr_carea' id='block_1_58' title="bbox 333 4179 1912 4265">
    <p class='ocr_par' dir='ltr' id='par_1_58' title="bbox 333 4179 1912 4265">
     <span class='ocr_line' id='line_1_58' title="bbox 333 4179 1912 4265; baseline 0.015 -37"><span class='ocrx_word' id='word_1_428' title='bbox 333 4184 547 4231; x_wconf 84' lang='lat' dir='ltr'><strong>tuerunt</strong></span> <span class='ocrx_word' id='word_1_429' title='bbox 565 4179 620 4233; x_wconf 89' lang='lat' dir='ltr'><strong>in</strong></span> <span class='ocrx_word' id='word_1_430' title='bbox 642 4180 818 4235; x_wconf 87' lang='lat' dir='ltr'><strong>locum</strong></span> <span class='ocrx_word' id='word_1_431' title='bbox 841 4184 953 4253; x_wconf 90' lang='lat' dir='ltr'><strong>ejus</strong></span> <span class='ocrx_word' id='word_1_432' title='bbox 976 4187 1279 4258; x_wconf 82' lang='lat' dir='ltr'><strong>episcopum</strong></span> <span class='ocrx_word' id='word_1_433' title='bbox 1301 4190 1490 4246; x_wconf 87' lang='lat' dir='ltr'><strong>alium.</strong></span> <span class='ocrx_word' id='word_1_434' title='bbox 1531 4191 1635 4248; x_wconf 87' lang='lat' dir='ltr'><strong>Sed</strong></span> <span class='ocrx_word' id='word_1_435' title='bbox 1659 4206 1707 4249; x_wconf 88' lang='lat' dir='ltr'><strong>et</strong></span> <span class='ocrx_word' id='word_1_436' title='bbox 1730 4197 1912 4265; x_wconf 83' lang='lat' dir='ltr'><strong>pluria</strong></span> 
     </span>
    </p>
   </div>
   <div class='ocr_carea' id='block_1_59' title="bbox 329 4268 1912 4355">
    <p class='ocr_par' dir='ltr' id='par_1_59' title="bbox 329 4268 1912 4355">
     <span class='ocr_line' id='line_1_59' title="bbox 329 4268 1912 4355; baseline 0.014 -33"><span class='ocrx_word' id='word_1_437' title='bbox 329 4268 399 4323; x_wconf 84' lang='lat' dir='ltr'><strong>iis</strong></span> <span class='ocrx_word' id='word_1_438' title='bbox 429 4270 561 4325; x_wconf 86' lang='lat' dir='ltr'><strong>data</strong></span> <span class='ocrx_word' id='word_1_439' title='bbox 582 4288 686 4327; x_wconf 90' lang='lat' dir='ltr'><strong>non</strong></span> <span class='ocrx_word' id='word_1_440' title='bbox 711 4274 836 4344; x_wconf 83' lang='lat' dir='ltr'><strong>fuit,</strong></span> <span class='ocrx_word' id='word_1_441' title='bbox 875 4287 923 4330; x_wconf 90' lang='lat' dir='ltr'><strong>et</strong></span> <span class='ocrx_word' id='word_1_442' title='bbox 956 4282 1190 4347; x_wconf 86' lang='lat' dir='ltr'><strong>percussi</strong></span> <span class='ocrx_word' id='word_1_443' title='bbox 1228 4294 1353 4337; x_wconf 84' lang='lat' dir='ltr'><strong>sunt</strong></span> <span class='ocrx_word' id='word_1_444' title='bbox 1388 4286 1689 4355; x_wconf 84' lang='lat' dir='ltr'><strong>pestilentia</strong></span> <span class='ocrx_word' id='word_1_445' title='bbox 1709 4330 1724 4355; x_wconf 91' lang='lat'><strong>,</strong></span> <span class='ocrx_word' id='word_1_446' title='bbox 1753 4290 1829 4343; x_wconf 91' lang='lat' dir='ltr'><strong>ita</strong></span> <span class='ocrx_word' id='word_1_447' title='bbox 1854 4300 1912 4343; x_wconf 77' lang='lat' dir='ltr'><strong>ut</strong></span> 
     </span>
    </p>
   </div>
   <div class='ocr_carea' id='block_1_60' title="bbox 331 4372 1909 4450">
    <p class='ocr_par' dir='ltr' id='par_1_60' title="bbox 331 4372 1909 4450">
     <span class='ocr_line' id='line_1_60' title="bbox 331 4372 1909 4450; baseline 0.015 -37"><span class='ocrx_word' id='word_1_448' title='bbox 331 4376 549 4432; x_wconf 82' lang='lat' dir='ltr'><strong>regnum</strong></span> <span class='ocrx_word' id='word_1_449' title='bbox 572 4381 824 4435; x_wconf 86' lang='lat' dir='ltr'><strong>magnum</strong></span> <span class='ocrx_word' id='word_1_450' title='bbox 856 4372 1073 4425; x_wconf 84' lang='lat' dir='ltr'><strong>sentiret</strong></span> <span class='ocrx_word' id='word_1_451' title='bbox 1098 4374 1374 4432; x_wconf 79' lang='lat' dir='ltr'><strong>damnant.</strong></span> <span class='ocrx_word' id='word_1_452' title='bbox 1409 4377 1703 4450; x_wconf 85' lang='lat' dir='ltr'><strong>Episcopus</strong></span> <span class='ocrx_word' id='word_1_453' title='bbox 1729 4394 1909 4437; x_wconf 88' lang='lat' dir='ltr'><strong>autem</strong></span> 
     </span>
    </p>
   </div>
   <div class='ocr_carea' id='block_1_61' title="bbox 2043 1886 2295 1945">
    <p class='ocr_par' dir='ltr' id='par_1_61' title="bbox 2043 1886 2295 1945">
     <span class='ocr_line' id='line_1_61' title="bbox 2043 1886 2295 1945; baseline -0.016 -1"><span class='ocrx_word' id='word_1_454' title='bbox 2043 1886 2295 1945; x_wconf 73' lang='lat' dir='ltr'><strong>subesset.</strong></span> 
     </span>
    </p>
   </div>
   <div class='ocr_carea' id='block_1_62' title="bbox 2113 1976 3623 2049">
    <p class='ocr_par' dir='ltr' id='par_1_62' title="bbox 2113 1976 3623 2049">
     <span class='ocr_line' id='line_1_62' title="bbox 2113 1976 3623 2049; baseline -0.002 -15"><span class='ocrx_word' id='word_1_455' title='bbox 2113 1978 2172 2034; x_wconf 88' lang='lat' dir='ltr'><strong>Si</strong></span> <span class='ocrx_word' id='word_1_456' title='bbox 2207 1978 2425 2035; x_wconf 84' lang='lat' dir='ltr'><strong>deﬁciat</strong></span> <span class='ocrx_word' id='word_1_457' title='bbox 2455 1978 2711 2044; x_wconf 88' lang='lat' dir='ltr'><strong>historia,</strong></span> <span class='ocrx_word' id='word_1_458' title='bbox 2741 1976 2913 2049; x_wconf 90' lang='lat' dir='ltr'><strong>ipsius</strong></span> <span class='ocrx_word' id='word_1_459' title='bbox 2954 1976 3211 2034; x_wconf 66' lang='lat' dir='ltr'><strong>Ecclesiae</strong></span> <span class='ocrx_word' id='word_1_460' title='bbox 3241 1986 3623 2043; x_wconf 84' lang='lat' dir='ltr'><strong>monuments.</strong></span> 
     </span>
    </p>
   </div>
   <div class='ocr_carea' id='block_1_63' title="bbox 2040 2068 3623 2142">
    <p class='ocr_par' dir='ltr' id='par_1_63' title="bbox 2040 2068 3623 2142">
     <span class='ocr_line' id='line_1_63' title="bbox 2040 2068 3623 2142; baseline -0.001 -14"><span class='ocrx_word' id='word_1_461' title='bbox 2040 2071 2419 2142; x_wconf 87' lang='lat' dir='ltr'><strong>cujuscunque</strong></span> <span class='ocrx_word' id='word_1_462' title='bbox 2445 2072 2621 2127; x_wconf 70' lang='lat' dir='ltr'><strong>aetatis</strong></span> <span class='ocrx_word' id='word_1_463' title='bbox 2658 2071 2769 2127; x_wconf 91' lang='lat' dir='ltr'><strong>sint</strong></span> <span class='ocrx_word' id='word_1_464' title='bbox 2788 2110 2804 2136; x_wconf 92' lang='lat'><strong>,</strong></span> <span class='ocrx_word' id='word_1_465' title='bbox 2830 2071 2963 2127; x_wconf 85' lang='lat' dir='ltr'><strong>satis</strong></span> <span class='ocrx_word' id='word_1_466' title='bbox 2994 2068 3287 2125; x_wconf 77' lang='lat' dir='ltr'><strong>manifesto</strong></span> <span class='ocrx_word' id='word_1_467' title='bbox 3324 2068 3623 2126; x_wconf 78' lang='lat' dir='ltr'><strong>ostendunt</strong></span> 
     </span>
    </p>
   </div>
   <div class='ocr_carea' id='block_1_64' title="bbox 2039 2159 3623 2234">
    <p class='ocr_par' dir='ltr' id='par_1_64' title="bbox 2039 2159 3623 2234">
     <span class='ocr_line' id='line_1_64' title="bbox 2039 2159 3623 2234; baseline -0.002 -16"><span class='ocrx_word' id='word_1_468' title='bbox 2039 2163 2350 2234; x_wconf 87' lang='lat' dir='ltr'><strong>complures</strong></span> <span class='ocrx_word' id='word_1_469' title='bbox 2382 2161 2439 2218; x_wconf 92' lang='lat' dir='ltr'><strong>in</strong></span> <span class='ocrx_word' id='word_1_470' title='bbox 2470 2179 2534 2218; x_wconf 91' lang='lat' dir='ltr'><strong>ea</strong></span> <span class='ocrx_word' id='word_1_471' title='bbox 2565 2162 2851 2233; x_wconf 84' lang='lat' dir='ltr'><strong>provincia</strong></span> <span class='ocrx_word' id='word_1_472' title='bbox 2880 2162 3169 2233; x_wconf 89' lang='lat' dir='ltr'><strong>episcopos</strong></span> <span class='ocrx_word' id='word_1_473' title='bbox 3200 2161 3398 2217; x_wconf 81' lang='lat' dir='ltr'><strong>fuisse.</strong></span> <span class='ocrx_word' id='word_1_474' title='bbox 3443 2159 3623 2216; x_wconf 84' lang='lat' dir='ltr'><strong>Litur-</strong></span> 
     </span>
    </p>
   </div>
   <div class='ocr_carea' id='block_1_65' title="bbox 2037 2252 3623 2326">
    <p class='ocr_par' dir='ltr' id='par_1_65' title="bbox 2037 2252 3623 2326">
     <span class='ocr_line' id='line_1_65' title="bbox 2037 2252 3623 2326; baseline 0.001 -18"><span class='ocrx_word' id='word_1_475' title='bbox 2037 2257 2126 2326; x_wconf 87' lang='lat' dir='ltr'><strong>gia</strong></span> <span class='ocrx_word' id='word_1_476' title='bbox 2166 2254 2488 2324; x_wconf 64' lang='lat' dir='ltr'><strong>Ethiopum</strong></span> <span class='ocrx_word' id='word_1_477' title='bbox 2533 2253 2722 2310; x_wconf 74' lang='lat' dir='ltr'><strong>Romae</strong></span> <span class='ocrx_word' id='word_1_478' title='bbox 2778 2254 3047 2324; x_wconf 84' lang='lat' dir='ltr'><strong>impressa</strong></span> <span class='ocrx_word' id='word_1_479' title='bbox 3085 2270 3101 2308; x_wconf 89' lang='lat'><strong>:</strong></span> <span class='ocrx_word' id='word_1_480' title='bbox 3140 2252 3347 2307; x_wconf 80' lang='lat' dir='ltr'><strong>Memor</strong></span> <span class='ocrx_word' id='word_1_481' title='bbox 3371 2263 3492 2308; x_wconf 87' lang='lat' dir='ltr'><strong>esto</strong></span> <span class='ocrx_word' id='word_1_482' title='bbox 3525 2269 3623 2309; x_wconf 62' lang='grc' dir='ltr'><strong>οι»</strong></span> 
     </span>
    </p>
   </div>
   <div class='ocr_carea' id='block_1_66' title="bbox 2035 2346 3622 2417">
    <p class='ocr_par' dir='ltr' id='par_1_66' title="bbox 2035 2346 3622 2417">
     <span class='ocr_line' id='line_1_66' title="bbox 2035 2346 3622 2417; baseline -0.001 -15"><span class='ocrx_word' id='word_1_483' title='bbox 2035 2346 2182 2402; x_wconf 87' lang='lat' dir='ltr'><strong>nium</strong></span> <span class='ocrx_word' id='word_1_484' title='bbox 2199 2346 2710 2417; x_wconf 85' lang='lat' dir='ltr'><strong>archiepiscoporum</strong></span> <span class='ocrx_word' id='word_1_485' title='bbox 2729 2354 3037 2400; x_wconf 88' lang='lat' dir='ltr'><strong>nostrorum</strong></span> <span class='ocrx_word' id='word_1_486' title='bbox 3054 2386 3070 2413; x_wconf 94' lang='lat'><strong>,</strong></span> <span class='ocrx_word' id='word_1_487' title='bbox 3097 2346 3491 2415; x_wconf 89' lang='lat' dir='ltr'><strong>episcoporum,</strong></span> <span class='ocrx_word' id='word_1_488' title='bbox 3516 2361 3622 2416; x_wconf 79' lang='lat' dir='ltr'><strong>pre-</strong></span> 
     </span>
    </p>
   </div>
   <div class='ocr_carea' id='block_1_67' title="bbox 2034 2437 3623 2509">
    <p class='ocr_par' dir='ltr' id='par_1_67' title="bbox 2034 2437 3623 2509">
     <span class='ocr_line' id='line_1_67' title="bbox 2034 2437 3623 2509; baseline -0.001 -15"><span class='ocrx_word' id='word_1_489' title='bbox 2034 2439 2365 2509; x_wconf 78' lang='lat' dir='ltr'><strong>sbyterorum</strong></span> <span class='ocrx_word' id='word_1_490' title='bbox 2418 2448 2575 2509; x_wconf 83' lang='lat' dir='ltr'><strong>atque</strong></span> <span class='ocrx_word' id='word_1_491' title='bbox 2598 2439 2967 2506; x_wconf 86' lang='lat' dir='ltr'><strong>diaconorum,</strong></span> <span class='ocrx_word' id='word_1_492' title='bbox 2998 2438 3091 2509; x_wconf 89' lang='lat' dir='ltr'><strong>qui</strong></span> <span class='ocrx_word' id='word_1_493' title='bbox 3122 2438 3261 2492; x_wconf 88' lang='lat' dir='ltr'><strong>viam</strong></span> <span class='ocrx_word' id='word_1_494' title='bbox 3284 2437 3452 2493; x_wconf 85' lang='lat' dir='ltr'><strong>nobis</strong></span> <span class='ocrx_word' id='word_1_495' title='bbox 3483 2438 3623 2492; x_wconf 82' lang='lat' dir='ltr'><strong>indi-</strong></span> 
     </span>
    </p>
   </div>
   <div class='ocr_carea' id='block_1_68' title="bbox 2033 2529 3619 2603">
    <p class='ocr_par' dir='ltr' id='par_1_68' title="bbox 2033 2529 3619 2603">
     <span class='ocr_line' id='line_1_68' title="bbox 2033 2529 3619 2603; baseline 0.001 -18"><span class='ocrx_word' id='word_1_496' title='bbox 2033 2532 2204 2603; x_wconf 87' lang='lat' dir='ltr'><strong>gitant</strong></span> <span class='ocrx_word' id='word_1_497' title='bbox 2232 2531 2370 2585; x_wconf 80' lang='lat' dir='ltr'><strong>verbi</strong></span> <span class='ocrx_word' id='word_1_498' title='bbox 2390 2530 2695 2586; x_wconf 71' lang='lat' dir='ltr'><strong>orthodoxi.</strong></span> <span class='ocrx_word' id='word_1_499' title='bbox 2721 2529 2781 2585; x_wconf 90' lang='lat' dir='ltr'><strong>ln</strong></span> <span class='ocrx_word' id='word_1_500' title='bbox 2800 2531 2922 2588; x_wconf 86' lang='lat' dir='ltr'><strong>aliis</strong></span> <span class='ocrx_word' id='word_1_501' title='bbox 2946 2530 3183 2601; x_wconf 88' lang='lat' dir='ltr'><strong>liturgiis</strong></span> <span class='ocrx_word' id='word_1_502' title='bbox 3200 2540 3255 2585; x_wconf 92' lang='lat' dir='ltr'><strong>et</strong></span> <span class='ocrx_word' id='word_1_503' title='bbox 3276 2530 3619 2599; x_wconf 82' lang='lat' dir='ltr'><strong>missalibus,</strong></span> 
     </span>
    </p>
   </div>
   <div class='ocr_carea' id='block_1_69' title="bbox 2033 2623 3620 2695">
    <p class='ocr_par' dir='ltr' id='par_1_69' title="bbox 2033 2623 3620 2695">
     <span class='ocr_line' id='line_1_69' title="bbox 2033 2623 3620 2695; baseline 0.001 -17"><span class='ocrx_word' id='word_1_504' title='bbox 2033 2639 2157 2694; x_wconf 62' lang='lat' dir='ltr'><strong>qua:</strong></span> <span class='ocrx_word' id='word_1_505' title='bbox 2177 2624 2342 2680; x_wconf 90' lang='lat' dir='ltr'><strong>habet</strong></span> <span class='ocrx_word' id='word_1_506' title='bbox 2361 2624 2446 2679; x_wconf 88' lang='lat' dir='ltr'><strong>vir</strong></span> <span class='ocrx_word' id='word_1_507' title='bbox 2464 2624 2818 2681; x_wconf 89' lang='lat' dir='ltr'><strong>doctissimus</strong></span> <span class='ocrx_word' id='word_1_508' title='bbox 2835 2623 3102 2680; x_wconf 89' lang='lat' dir='ltr'><strong>Castellus</strong></span> <span class='ocrx_word' id='word_1_509' title='bbox 3124 2634 3310 2681; x_wconf 89' lang='lat' dir='ltr'><strong>noster</strong></span> <span class='ocrx_word' id='word_1_510' title='bbox 3327 2625 3620 2695; x_wconf 82' lang='lat' dir='ltr'><strong>quamplu-</strong></span> 
     </span>
    </p>
   </div>
   <div class='ocr_carea' id='block_1_70' title="bbox 2032 2716 3615 2788">
    <p class='ocr_par' dir='ltr' id='par_1_70' title="bbox 2032 2716 3615 2788">
     <span class='ocr_line' id='line_1_70' title="bbox 2032 2716 3615 2788; baseline 0 -19"><span class='ocrx_word' id='word_1_511' title='bbox 2032 2716 2185 2771; x_wconf 60' lang='lat' dir='ltr'><strong>rimas</strong></span> <span class='ocrx_word' id='word_1_512' title='bbox 2203 2732 2392 2786; x_wconf 87' lang='lat' dir='ltr'><strong>preces</strong></span> <span class='ocrx_word' id='word_1_513' title='bbox 2416 2727 2567 2783; x_wconf 90' lang='lat' dir='ltr'><strong>sunt,</strong></span> <span class='ocrx_word' id='word_1_514' title='bbox 2583 2719 2785 2788; x_wconf 87' lang='lat' dir='ltr'><strong>quibus</strong></span> <span class='ocrx_word' id='word_1_515' title='bbox 2807 2718 3042 2788; x_wconf 88' lang='lat' dir='ltr'><strong>populus</strong></span> <span class='ocrx_word' id='word_1_516' title='bbox 3058 2718 3114 2773; x_wconf 93' lang='lat' dir='ltr'><strong>in</strong></span> <span class='ocrx_word' id='word_1_517' title='bbox 3138 2719 3255 2775; x_wconf 67' lang='lat' dir='ltr'><strong>haec</strong></span> <span class='ocrx_word' id='word_1_518' title='bbox 3274 2718 3444 2773; x_wconf 84' lang='lat' dir='ltr'><strong>verba</strong></span> <span class='ocrx_word' id='word_1_519' title='bbox 3462 2727 3615 2773; x_wconf 81' lang='lat' dir='ltr'><strong>orat:</strong></span> 
     </span>
    </p>
   </div>
   <div class='ocr_carea' id='block_1_71' title="bbox 2028 2806 3615 2881">
    <p class='ocr_par' dir='ltr' id='par_1_71' title="bbox 2028 2806 3615 2881">
     <span class='ocr_line' id='line_1_71' title="bbox 2028 2806 3615 2881; baseline 0.004 -21"><span class='ocrx_word' id='word_1_520' title='bbox 2028 2806 2141 2861; x_wconf 85' lang='lat' dir='ltr'><strong>Pro</strong></span> <span class='ocrx_word' id='word_1_521' title='bbox 2179 2808 2418 2878; x_wconf 85' lang='lat' dir='ltr'><strong>patribus</strong></span> <span class='ocrx_word' id='word_1_522' title='bbox 2451 2812 2647 2865; x_wconf 87' lang='lat' dir='ltr'><strong>nostris</strong></span> <span class='ocrx_word' id='word_1_523' title='bbox 2684 2812 2962 2881; x_wconf 88' lang='lat' dir='ltr'><strong>episcopis,</strong></span> <span class='ocrx_word' id='word_1_524' title='bbox 2992 2827 3087 2881; x_wconf 89' lang='lat' dir='ltr'><strong>pro</strong></span> <span class='ocrx_word' id='word_1_525' title='bbox 3121 2811 3381 2881; x_wconf 82' lang='lat' dir='ltr'><strong>fratribus</strong></span> <span class='ocrx_word' id='word_1_526' title='bbox 3417 2812 3615 2866; x_wconf 77' lang='lat' dir='ltr'><strong>nostris</strong></span> 
     </span>
    </p>
   </div>
   <div class='ocr_carea' id='block_1_72' title="bbox 2030 2899 3521 2973">
    <p class='ocr_par' dir='ltr' id='par_1_72' title="bbox 2030 2899 3521 2973">
     <span class='ocr_line' id='line_1_72' title="bbox 2030 2899 3521 2973; baseline 0.003 -21"><span class='ocrx_word' id='word_1_527' title='bbox 2030 2899 2416 2967; x_wconf 84' lang='lat' dir='ltr'><strong>sacerdotibus,</strong></span> <span class='ocrx_word' id='word_1_528' title='bbox 2447 2918 2555 2971; x_wconf 89' lang='lat' dir='ltr'><strong>pro.</strong></span> <span class='ocrx_word' id='word_1_529' title='bbox 2579 2902 2915 2971; x_wconf 82' lang='lat' dir='ltr'><strong>adjutoribus</strong></span> <span class='ocrx_word' id='word_1_530' title='bbox 2943 2905 3141 2959; x_wconf 86' lang='lat' dir='ltr'><strong>nostris</strong></span> <span class='ocrx_word' id='word_1_531' title='bbox 3172 2903 3521 2973; x_wconf 81' lang='lat' dir='ltr'><strong>presbyteris.</strong></span> 
     </span>
    </p>
   </div>
   <div class='ocr_carea' id='block_1_73' title="bbox 2099 2989 3614 3066">
    <p class='ocr_par' dir='ltr' id='par_1_73' title="bbox 2099 2989 3614 3066">
     <span class='ocr_line' id='line_1_73' title="bbox 2099 2989 3614 3066; baseline 0.005 -22"><span class='ocrx_word' id='word_1_532' title='bbox 2099 2989 2237 3045; x_wconf 85' lang='lat' dir='ltr'><strong>Cum</strong></span> <span class='ocrx_word' id='word_1_533' title='bbox 2263 2991 2429 3062; x_wconf 80' lang='lat' dir='ltr'><strong>igitur</strong></span> <span class='ocrx_word' id='word_1_534' title='bbox 2451 3008 2517 3048; x_wconf 77' lang='lat' dir='ltr'><strong>ex</strong></span> <span class='ocrx_word' id='word_1_535' title='bbox 2544 2993 2693 3049; x_wconf 88' lang='lat' dir='ltr'><strong>tenui</strong></span> <span class='ocrx_word' id='word_1_536' title='bbox 2726 2995 2819 3049; x_wconf 88' lang='lat' dir='ltr'><strong>illa</strong></span> <span class='ocrx_word' id='word_1_537' title='bbox 2845 3010 3010 3066; x_wconf 88' lang='lat' dir='ltr'><strong>quam</strong></span> <span class='ocrx_word' id='word_1_538' title='bbox 3047 2995 3118 3051; x_wconf 90' lang='lat' dir='ltr'><strong>de</strong></span> <span class='ocrx_word' id='word_1_539' title='bbox 3156 2994 3481 3066; x_wconf 67' lang='lat' dir='ltr'><strong>Ethiopica</strong></span> <span class='ocrx_word' id='word_1_540' title='bbox 3516 2994 3614 3052; x_wconf 80' lang='lat' dir='ltr'><strong>Eo-</strong></span> 
     </span>
    </p>
   </div>
   <div class='ocr_carea' id='block_1_74' title="bbox 2028 3079 3612 3158">
    <p class='ocr_par' dir='ltr' id='par_1_74' title="bbox 2028 3079 3612 3158">
     <span class='ocr_line' id='line_1_74' title="bbox 2028 3079 3612 3158; baseline 0.006 -24"><span class='ocrx_word' id='word_1_541' title='bbox 2028 3079 2192 3136; x_wconf 90' lang='lat' dir='ltr'><strong>elesia</strong></span> <span class='ocrx_word' id='word_1_542' title='bbox 2233 3084 2503 3141; x_wconf 86' lang='lat' dir='ltr'><strong>habemus</strong></span> <span class='ocrx_word' id='word_1_543' title='bbox 2532 3085 2728 3141; x_wconf 87' lang='lat' dir='ltr'><strong>notitia</strong></span> <span class='ocrx_word' id='word_1_544' title='bbox 2755 3086 3067 3156; x_wconf 85' lang='lat' dir='ltr'><strong>aliquorum</strong></span> <span class='ocrx_word' id='word_1_545' title='bbox 3097 3086 3489 3158; x_wconf 87' lang='lat' dir='ltr'><strong>episcoporum</strong></span> <span class='ocrx_word' id='word_1_546' title='bbox 3512 3103 3612 3143; x_wconf 53' lang='lat' dir='ltr'><strong>no-</strong></span> 
     </span>
    </p>
   </div>
   <div class='ocr_carea' id='block_1_75' title="bbox 2031 3174 3614 3246">
    <p class='ocr_par' dir='ltr' id='par_1_75' title="bbox 2031 3174 3614 3246">
     <span class='ocr_line' id='line_1_75' title="bbox 2031 3174 3614 3246; baseline 0.006 -19"><span class='ocrx_word' id='word_1_547' title='bbox 2031 3174 2178 3230; x_wconf 88' lang='lat' dir='ltr'><strong>mina</strong></span> <span class='ocrx_word' id='word_1_548' title='bbox 2221 3178 2531 3246; x_wconf 89' lang='lat' dir='ltr'><strong>supersint;</strong></span> <span class='ocrx_word' id='word_1_549' title='bbox 2578 3195 2705 3236; x_wconf 90' lang='lat' dir='ltr'><strong>cum</strong></span> <span class='ocrx_word' id='word_1_550' title='bbox 2743 3190 2958 3237; x_wconf 87' lang='lat' dir='ltr'><strong>constet</strong></span> <span class='ocrx_word' id='word_1_551' title='bbox 3005 3197 3073 3237; x_wconf 81' lang='lat' dir='ltr'><strong>ex</strong></span> <span class='ocrx_word' id='word_1_552' title='bbox 3117 3181 3357 3237; x_wconf 86' lang='lat' dir='ltr'><strong>Arabico</strong></span> <span class='ocrx_word' id='word_1_553' title='bbox 3401 3194 3614 3237; x_wconf 81' lang='lat' dir='ltr'><strong>canone</strong></span> 
     </span>
    </p>
   </div>
   <div class='ocr_carea' id='block_1_76' title="bbox 2023 3265 3611 3346">
    <p class='ocr_par' dir='ltr' id='par_1_76' title="bbox 2023 3265 3611 3346">
     <span class='ocr_line' id='line_1_76' title="bbox 2023 3265 3611 3346; baseline 0.007 -28"><span class='ocrx_word' id='word_1_554' title='bbox 2023 3265 2119 3336; x_wconf 89' lang='lat' dir='ltr'><strong>jus</strong></span> <span class='ocrx_word' id='word_1_555' title='bbox 2162 3270 2383 3325; x_wconf 87' lang='lat' dir='ltr'><strong>creandi</strong></span> <span class='ocrx_word' id='word_1_556' title='bbox 2424 3272 2875 3343; x_wconf 90' lang='lat' dir='ltr'><strong>metropolitanos</strong></span> <span class='ocrx_word' id='word_1_557' title='bbox 2910 3282 3127 3329; x_wconf 91' lang='lat' dir='ltr'><strong>tantum</strong></span> <span class='ocrx_word' id='word_1_558' title='bbox 3172 3275 3397 3346; x_wconf 90' lang='lat' dir='ltr'><strong>proprie</strong></span> <span class='ocrx_word' id='word_1_559' title='bbox 3434 3275 3611 3330; x_wconf 87' lang='lat' dir='ltr'><strong>dictos</strong></span> 
     </span>
    </p>
   </div>
   <div class='ocr_carea' id='block_1_77' title="bbox 2029 3358 3613 3439">
    <p class='ocr_par' dir='ltr' id='par_1_77' title="bbox 2029 3358 3613 3439">
     <span class='ocr_line' id='line_1_77' title="bbox 2029 3358 3613 3439; baseline 0.006 -25"><span class='ocrx_word' id='word_1_560' title='bbox 2029 3358 2385 3431; x_wconf 68' lang='lat' dir='ltr'><strong>Ethiopibus</strong></span> <span class='ocrx_word' id='word_1_561' title='bbox 2443 3378 2767 3421; x_wconf 84' lang='lat' dir='ltr'><strong>concessum</strong></span> <span class='ocrx_word' id='word_1_562' title='bbox 2818 3381 2930 3422; x_wconf 89' lang='lat' dir='ltr'><strong>non</strong></span> <span class='ocrx_word' id='word_1_563' title='bbox 2986 3378 3141 3433; x_wconf 88' lang='lat' dir='ltr'><strong>esse;</strong></span> <span class='ocrx_word' id='word_1_564' title='bbox 3194 3382 3319 3423; x_wconf 91' lang='lat' dir='ltr'><strong>cum</strong></span> <span class='ocrx_word' id='word_1_565' title='bbox 3377 3368 3613 3439; x_wconf 76' lang='lat' dir='ltr'><strong>liturgize</strong></span> 
     </span>
    </p>
   </div>
   <div class='ocr_carea' id='block_1_78' title="bbox 2027 3452 3612 3529">
    <p class='ocr_par' dir='ltr' id='par_1_78' title="bbox 2027 3452 3612 3529">
     <span class='ocr_line' id='line_1_78' title="bbox 2027 3452 3612 3529; baseline 0.001 -20"><span class='ocrx_word' id='word_1_566' title='bbox 2027 3452 2366 3525; x_wconf 71' lang='lat' dir='ltr'><strong>Egyptiaca:</strong></span> <span class='ocrx_word' id='word_1_567' title='bbox 2395 3455 2639 3525; x_wconf 89' lang='lat' dir='ltr'><strong>antiquis</strong></span> <span class='ocrx_word' id='word_1_568' title='bbox 2663 3468 2810 3512; x_wconf 88' lang='lat' dir='ltr'><strong>retro</strong></span> <span class='ocrx_word' id='word_1_569' title='bbox 2847 3457 3187 3526; x_wconf 87' lang='lat' dir='ltr'><strong>temporibus</strong></span> <span class='ocrx_word' id='word_1_570' title='bbox 3216 3458 3486 3528; x_wconf 85' lang='lat' dir='ltr'><strong>populum</strong></span> <span class='ocrx_word' id='word_1_571' title='bbox 3511 3474 3612 3529; x_wconf 84' lang='lat' dir='ltr'><strong>pro</strong></span> 
     </span>
    </p>
   </div>
   <div class='ocr_carea' id='block_1_79' title="bbox 2024 3545 3612 3617">
    <p class='ocr_par' dir='ltr' id='par_1_79' title="bbox 2024 3545 3612 3617">
     <span class='ocr_line' id='line_1_79' title="bbox 2024 3545 3612 3617; baseline 0.002 -17"><span class='ocrx_word' id='word_1_572' title='bbox 2024 3545 2295 3616; x_wconf 89' lang='lat' dir='ltr'><strong>episcopis</strong></span> <span class='ocrx_word' id='word_1_573' title='bbox 2331 3545 2447 3601; x_wconf 90' lang='lat' dir='ltr'><strong>suis</strong></span> <span class='ocrx_word' id='word_1_574' title='bbox 2476 3561 2634 3601; x_wconf 90' lang='lat' dir='ltr'><strong>orare</strong></span> <span class='ocrx_word' id='word_1_575' title='bbox 2658 3548 2901 3617; x_wconf 89' lang='lat' dir='ltr'><strong>quotidie</strong></span> <span class='ocrx_word' id='word_1_576' title='bbox 2924 3548 3248 3612; x_wconf 86' lang='lat' dir='ltr'><strong>docuerint;</strong></span> <span class='ocrx_word' id='word_1_577' title='bbox 3280 3564 3391 3603; x_wconf 90' lang='lat' dir='ltr'><strong>non</strong></span> <span class='ocrx_word' id='word_1_578' title='bbox 3414 3549 3512 3604; x_wconf 87' lang='lat' dir='ltr'><strong>diu</strong></span> <span class='ocrx_word' id='word_1_579' title='bbox 3529 3558 3612 3605; x_wconf 90' lang='lat' dir='ltr'><strong>est</strong></span> 
     </span>
    </p>
   </div>
   <div class='ocr_carea' id='block_1_80' title="bbox 2023 3637 3611 3712">
    <p class='ocr_par' dir='ltr' id='par_1_80' title="bbox 2023 3637 3611 3712">
     <span class='ocr_line' id='line_1_80' title="bbox 2023 3637 3611 3712; baseline 0.004 -19"><span class='ocrx_word' id='word_1_580' title='bbox 2023 3653 2090 3693; x_wconf 81' lang='lat' dir='ltr'><strong>ex</strong></span> <span class='ocrx_word' id='word_1_581' title='bbox 2112 3652 2223 3709; x_wconf 92' lang='lat' dir='ltr'><strong>quo</strong></span> <span class='ocrx_word' id='word_1_582' title='bbox 2255 3637 2546 3707; x_wconf 69' lang='lat' dir='ltr'><strong>Ethiopes</strong></span> <span class='ocrx_word' id='word_1_583' title='bbox 2575 3639 2757 3695; x_wconf 87' lang='lat' dir='ltr'><strong>abuna</strong></span> <span class='ocrx_word' id='word_1_584' title='bbox 2801 3657 2912 3696; x_wconf 91' lang='lat' dir='ltr'><strong>uno</strong></span> <span class='ocrx_word' id='word_1_585' title='bbox 2937 3641 3057 3697; x_wconf 90' lang='lat' dir='ltr'><strong>sine</strong></span> <span class='ocrx_word' id='word_1_586' title='bbox 3086 3642 3358 3712; x_wconf 89' lang='lat' dir='ltr'><strong>episcopis</strong></span> <span class='ocrx_word' id='word_1_587' title='bbox 3403 3641 3611 3699; x_wconf 81' lang='lat' dir='ltr'><strong>fuerint</strong></span> 
     </span>
    </p>
   </div>
   <div class='ocr_carea' id='block_1_81' title="bbox 2023 3734 3609 3807">
    <p class='ocr_par' dir='ltr' id='par_1_81' title="bbox 2023 3734 3609 3807">
     <span class='ocr_line' id='line_1_81' title="bbox 2023 3734 3609 3807; baseline 0.004 -19"><span class='ocrx_word' id='word_1_588' title='bbox 2023 3734 2287 3800; x_wconf 91' lang='lat' dir='ltr'><strong>contenti,</strong></span> <span class='ocrx_word' id='word_1_589' title='bbox 2321 3734 2368 3790; x_wconf 88' lang='lat' dir='ltr'><strong>si</strong></span> <span class='ocrx_word' id='word_1_590' title='bbox 2404 3734 2569 3791; x_wconf 89' lang='lat' dir='ltr'><strong>modo</strong></span> <span class='ocrx_word' id='word_1_591' title='bbox 2596 3734 2731 3789; x_wconf 91' lang='lat' dir='ltr'><strong>illud</strong></span> <span class='ocrx_word' id='word_1_592' title='bbox 2764 3751 2954 3791; x_wconf 87' lang='lat' dir='ltr'><strong>verum</strong></span> <span class='ocrx_word' id='word_1_593' title='bbox 2986 3736 3080 3803; x_wconf 90' lang='lat' dir='ltr'><strong>sit,</strong></span> <span class='ocrx_word' id='word_1_594' title='bbox 3110 3736 3258 3807; x_wconf 87' lang='lat' dir='ltr'><strong>quod</strong></span> <span class='ocrx_word' id='word_1_595' title='bbox 3293 3736 3525 3793; x_wconf 75' lang='lat' dir='ltr'><strong>Jesuita:</strong></span> <span class='ocrx_word' id='word_1_596' title='bbox 3552 3747 3609 3794; x_wconf 86' lang='lat' dir='ltr'><strong>et</strong></span> 
     </span>
    </p>
   </div>
   <div class='ocr_carea' id='block_1_82' title="bbox 2022 3823 3603 3896">
    <p class='ocr_par' dir='ltr' id='par_1_82' title="bbox 2022 3823 3603 3896">
     <span class='ocr_line' id='line_1_82' title="bbox 2022 3823 3603 3896; baseline 0.004 -18"><span class='ocrx_word' id='word_1_597' title='bbox 2022 3823 2392 3890; x_wconf 91' lang='lat' dir='ltr'><strong>Dominicani,</strong></span> <span class='ocrx_word' id='word_1_598' title='bbox 2418 3835 2612 3882; x_wconf 86' lang='lat' dir='ltr'><strong>contra</strong></span> <span class='ocrx_word' id='word_1_599' title='bbox 2643 3827 2877 3882; x_wconf 89' lang='lat' dir='ltr'><strong>aliorum</strong></span> <span class='ocrx_word' id='word_1_600' title='bbox 2930 3828 3280 3896; x_wconf 87' lang='lat' dir='ltr'><strong>testimonia,</strong></span> <span class='ocrx_word' id='word_1_601' title='bbox 3329 3828 3603 3889; x_wconf 81' lang='lat' dir='ltr'><strong>referunt.</strong></span> 
     </span>
    </p>
   </div>
   <div class='ocr_carea' id='block_1_83' title="bbox 2018 3916 3603 3991">
    <p class='ocr_par' dir='ltr' id='par_1_83' title="bbox 2018 3916 3603 3991">
     <span class='ocr_line' id='line_1_83' title="bbox 2018 3916 3603 3991; baseline 0.003 -19"><span class='ocrx_word' id='word_1_602' title='bbox 2018 3916 2157 3973; x_wconf 88' lang='lat' dir='ltr'><strong>Cum</strong></span> <span class='ocrx_word' id='word_1_603' title='bbox 2189 3926 2315 3977; x_wconf 86' lang='lat' dir='ltr'><strong>ante</strong></span> <span class='ocrx_word' id='word_1_604' title='bbox 2336 3917 2633 3975; x_wconf 71' lang='lat' dir='ltr'><strong>Iustiniani</strong></span> <span class='ocrx_word' id='word_1_605' title='bbox 2672 3929 2922 3990; x_wconf 86' lang='lat' dir='ltr'><strong>tempora</strong></span> <span class='ocrx_word' id='word_1_606' title='bbox 2952 3929 3062 3975; x_wconf 87' lang='lat' dir='ltr'><strong>tam</strong></span> <span class='ocrx_word' id='word_1_607' title='bbox 3091 3920 3256 3991; x_wconf 90' lang='lat' dir='ltr'><strong>pauci</strong></span> <span class='ocrx_word' id='word_1_608' title='bbox 3296 3919 3513 3976; x_wconf 79' lang='lat' dir='ltr'><strong>fuerint</strong></span> <span class='ocrx_word' id='word_1_609' title='bbox 3546 3922 3603 3977; x_wconf 74' lang='lat' dir='ltr'><strong>in</strong></span> 
     </span>
    </p>
   </div>
   <div class='ocr_carea' id='block_1_84' title="bbox 2020 4010 3602 4080">
    <p class='ocr_par' dir='ltr' id='par_1_84' title="bbox 2020 4010 3602 4080">
     <span class='ocr_line' id='line_1_84' title="bbox 2020 4010 3602 4080; baseline 0.001 -15"><span class='ocrx_word' id='word_1_610' title='bbox 2020 4010 2298 4080; x_wconf 61' lang='lat' dir='ltr'><strong>:‘Ethiopia</strong></span> <span class='ocrx_word' id='word_1_611' title='bbox 2340 4010 2662 4078; x_wconf 89' lang='lat' dir='ltr'><strong>Christiani,</strong></span> <span class='ocrx_word' id='word_1_612' title='bbox 2696 4020 2823 4066; x_wconf 90' lang='lat' dir='ltr'><strong>ante</strong></span> <span class='ocrx_word' id='word_1_613' title='bbox 2862 4010 3284 4067; x_wconf 81' lang='lat' dir='ltr'><strong>Constantinum</strong></span> <span class='ocrx_word' id='word_1_614' title='bbox 3320 4013 3407 4068; x_wconf 87' lang='lat' dir='ltr'><strong>vel</strong></span> <span class='ocrx_word' id='word_1_615' title='bbox 3442 4013 3602 4077; x_wconf 57' lang='lat' dir='ltr'><strong>nulli,</strong></span> 
     </span>
    </p>
   </div>
   <div class='ocr_carea' id='block_1_85' title="bbox 2017 4103 3604 4178">
    <p class='ocr_par' dir='ltr' id='par_1_85' title="bbox 2017 4103 3604 4178">
     <span class='ocr_line' id='line_1_85' title="bbox 2017 4103 3604 4178; baseline 0.003 -21"><span class='ocrx_word' id='word_1_616' title='bbox 2017 4105 2100 4158; x_wconf 89' lang='lat' dir='ltr'><strong>vel</strong></span> <span class='ocrx_word' id='word_1_617' title='bbox 2123 4112 2271 4160; x_wconf 91' lang='lat' dir='ltr'><strong>certe</strong></span> <span class='ocrx_word' id='word_1_618' title='bbox 2300 4103 2572 4176; x_wconf 69' lang='lat' dir='ltr'><strong>Egyptiis</strong></span> <span class='ocrx_word' id='word_1_619' title='bbox 2599 4106 2758 4175; x_wconf 85' lang='lat' dir='ltr'><strong>plane</strong></span> <span class='ocrx_word' id='word_1_620' title='bbox 2782 4106 3080 4178; x_wconf 79' lang='lat' dir='ltr'><strong>incogniti;</strong></span> <span class='ocrx_word' id='word_1_621' title='bbox 3107 4121 3231 4160; x_wconf 92' lang='lat' dir='ltr'><strong>cum</strong></span> <span class='ocrx_word' id='word_1_622' title='bbox 3262 4106 3359 4175; x_wconf 88' lang='lat' dir='ltr'><strong>qui</strong></span> <span class='ocrx_word' id='word_1_623' title='bbox 3388 4107 3604 4175; x_wconf 85' lang='lat' dir='ltr'><strong>primus</strong></span> 
     </span>
    </p>
   </div>
   <div class='ocr_carea' id='block_1_86' title="bbox 2019 4195 3603 4269">
    <p class='ocr_par' dir='ltr' id='par_1_86' title="bbox 2019 4195 3603 4269">
     <span class='ocr_line' id='line_1_86' title="bbox 2019 4195 3603 4269; baseline 0.002 -19"><span class='ocrx_word' id='word_1_624' title='bbox 2019 4204 2137 4250; x_wconf 90' lang='lat' dir='ltr'><strong>erat</strong></span> <span class='ocrx_word' id='word_1_625' title='bbox 2159 4211 2375 4263; x_wconf 83' lang='lat' dir='ltr'><strong>eorum,</strong></span> <span class='ocrx_word' id='word_1_626' title='bbox 2401 4197 2591 4252; x_wconf 88' lang='lat' dir='ltr'><strong>saltem</strong></span> <span class='ocrx_word' id='word_1_627' title='bbox 2620 4199 2689 4253; x_wconf 83' lang='lat' dir='ltr'><strong>ab</strong></span> <span class='ocrx_word' id='word_1_628' title='bbox 2719 4197 2979 4269; x_wconf 64' lang='lat' dir='ltr'><strong>Egypto,</strong></span> <span class='ocrx_word' id='word_1_629' title='bbox 3013 4197 3296 4268; x_wconf 87' lang='lat' dir='ltr'><strong>apostolus</strong></span> <span class='ocrx_word' id='word_1_630' title='bbox 3334 4195 3603 4252; x_wconf 87' lang='lat' dir='ltr'><strong>Frumen-</strong></span> 
     </span>
    </p>
   </div>
   <div class='ocr_carea' id='block_1_87' title="bbox 2017 4288 3600 4361">
    <p class='ocr_par' dir='ltr' id='par_1_87' title="bbox 2017 4288 3600 4361">
     <span class='ocr_line' id='line_1_87' title="bbox 2017 4288 3600 4361; baseline 0.003 -20"><span class='ocrx_word' id='word_1_631' title='bbox 2017 4288 2169 4354; x_wconf 89' lang='lat' dir='ltr'><strong>tius,</strong></span> <span class='ocrx_word' id='word_1_632' title='bbox 2225 4289 2295 4343; x_wconf 90' lang='lat' dir='ltr'><strong>ab</strong></span> <span class='ocrx_word' id='word_1_633' title='bbox 2346 4290 2690 4356; x_wconf 77' lang='lat' dir='ltr'><strong>Athanasio,</strong></span> <span class='ocrx_word' id='word_1_634' title='bbox 2750 4291 3006 4360; x_wconf 88' lang='lat' dir='ltr'><strong>plurimis</strong></span> <span class='ocrx_word' id='word_1_635' title='bbox 3055 4306 3222 4361; x_wconf 85' lang='lat' dir='ltr'><strong>quam</strong></span> <span class='ocrx_word' id='word_1_636' title='bbox 3271 4300 3497 4347; x_wconf 89' lang='lat' dir='ltr'><strong>centum</strong></span> <span class='ocrx_word' id='word_1_637' title='bbox 3547 4291 3600 4346; x_wconf 91' lang='lat' dir='ltr'><strong>in</strong></span> 
     </span>
    </p>
   </div>
   <div class='ocr_carea' id='block_1_88' title="bbox 2016 4378 3601 4452">
    <p class='ocr_par' dir='ltr' id='par_1_88' title="bbox 2016 4378 3601 4452">
     <span class='ocr_line' id='line_1_88' title="bbox 2016 4378 3601 4452; baseline 0.003 -19"><span class='ocrx_word' id='word_1_638' title='bbox 2016 4378 2251 4451; x_wconf 66' lang='lat' dir='ltr'><strong>Egypto</strong></span> <span class='ocrx_word' id='word_1_639' title='bbox 2285 4382 2660 4452; x_wconf 89' lang='lat' dir='ltr'><strong>episcopatum</strong></span> <span class='ocrx_word' id='word_1_640' title='bbox 2699 4384 3041 4451; x_wconf 88' lang='lat' dir='ltr'><strong>tenentibus,</strong></span> <span class='ocrx_word' id='word_1_641' title='bbox 3074 4393 3129 4438; x_wconf 91' lang='lat' dir='ltr'><strong>et</strong></span> <span class='ocrx_word' id='word_1_642' title='bbox 3166 4383 3374 4439; x_wconf 88' lang='lat' dir='ltr'><strong>missus</strong></span> <span class='ocrx_word' id='word_1_643' title='bbox 3410 4392 3469 4439; x_wconf 88' lang='lat' dir='ltr'><strong>et</strong></span> <span class='ocrx_word' id='word_1_644' title='bbox 3506 4400 3601 4440; x_wconf 91' lang='lat' dir='ltr'><strong>or-</strong></span> 
     </span>
    </p>
   </div>
   <div class='ocr_carea' id='block_1_89' title="bbox 329 4447 3599 4546">
    <p class='ocr_par' dir='ltr' id='par_1_89' title="bbox 329 4447 3599 4546">
     <span class='ocr_line' id='line_1_89' title="bbox 329 4447 3599 4546; baseline 0.009 -44"><span class='ocrx_word' id='word_1_645' title='bbox 329 4447 387 4503; x_wconf 87' lang='lat' dir='ltr'><strong>in</strong></span> <span class='ocrx_word' id='word_1_646' title='bbox 407 4450 703 4523; x_wconf 62' lang='lat' dir='ltr'><strong>Egyptum</strong></span> <span class='ocrx_word' id='word_1_647' title='bbox 729 4458 881 4510; x_wconf 86' lang='lat' dir='ltr'><strong>venit.</strong></span> <span class='ocrx_word' id='word_1_648' title='bbox 910 4460 1078 4530; x_wconf 82' lang='lat' dir='ltr'><strong>Atque</strong></span> <span class='ocrx_word' id='word_1_649' title='bbox 1106 4474 1161 4516; x_wconf 89' lang='lat' dir='ltr'><strong>ut</strong></span> <span class='ocrx_word' id='word_1_650' title='bbox 1191 4482 1282 4519; x_wconf 73' lang='lat' dir='ltr'><strong>rex</strong></span> <span class='ocrx_word' id='word_1_651' title='bbox 1306 4484 1333 4520; x_wconf 90' lang='lat' dir='ltr'><strong>e</strong></span> <span class='ocrx_word' id='word_1_652' title='bbox 1360 4467 1494 4521; x_wconf 89' lang='lat' dir='ltr'><strong>bello</strong></span> <span class='ocrx_word' id='word_1_653' title='bbox 1520 4447 1751 4525; x_wconf 83' lang='lat' dir='ltr'><strong>reversus</strong></span> <span class='ocrx_word' id='word_1_654' title='bbox 1784 4474 1909 4542; x_wconf 79' lang='lat' dir='ltr'><strong>fuit,</strong></span> <span class='ocrx_word' id='word_1_655' title='bbox 1944 4485 1989 4539; x_wconf 80' lang='grc' dir='ltr'><strong>ι)</strong></span> <span class='ocrx_word' id='word_1_656' title='bbox 2015 4447 2237 4528; x_wconf 47' lang='grc' dir='ltr'><strong>(ἤπιοι-υς,</strong></span> <span class='ocrx_word' id='word_1_657' title='bbox 2266 4447 2334 4528; x_wconf 71' lang='lat' dir='ltr'><strong>sii</strong></span> <span class='ocrx_word' id='word_1_658' title='bbox 2357 4491 2371 4539; x_wconf 93' lang='lat'><strong>;</strong></span> <span class='ocrx_word' id='word_1_659' title='bbox 2400 4447 2579 4543; x_wconf 82' lang='lat' dir='ltr'><strong>palam</strong></span> <span class='ocrx_word' id='word_1_660' title='bbox 2604 4484 2709 4539; x_wconf 83' lang='lat' dir='ltr'><strong>est,</strong></span> <span class='ocrx_word' id='word_1_661' title='bbox 2730 4447 3059 4546; x_wconf 64' lang='lat' dir='ltr'><strong>fEthiopicaa</strong></span> <span class='ocrx_word' id='word_1_662' title='bbox 3082 4474 3342 4532; x_wconf 66' lang='lat' dir='ltr'><strong>Ecclesia:</strong></span> <span class='ocrx_word' id='word_1_663' title='bbox 3372 4477 3599 4533; x_wconf 86' lang='lat' dir='ltr'><strong>hodier-</strong></span> 
     </span>
    </p>
   </div>
   <div class='ocr_carea' id='block_1_90' title="bbox 329 4550 1909 4630">
    <p class='ocr_par' dir='ltr' id='par_1_90' title="bbox 329 4550 1909 4630">
     <span class='ocr_line' id='line_1_90' title="bbox 329 4550 1909 4630; baseline 0.018 -38"><span class='ocrx_word' id='word_1_664' title='bbox 329 4555 547 4597; x_wconf 70' lang='lat' dir='ltr'><strong>uxorem</strong></span> <span class='ocrx_word' id='word_1_665' title='bbox 576 4563 728 4601; x_wconf 90' lang='lat' dir='ltr'><strong>suam</strong></span> <span class='ocrx_word' id='word_1_666' title='bbox 755 4550 1073 4624; x_wconf 86' lang='lat' dir='ltr'><strong>objurgavit,</strong></span> <span class='ocrx_word' id='word_1_667' title='bbox 1105 4566 1155 4610; x_wconf 90' lang='lat' dir='ltr'><strong>et</strong></span> <span class='ocrx_word' id='word_1_668' title='bbox 1177 4560 1321 4611; x_wconf 86' lang='lat' dir='ltr'><strong>misit</strong></span> <span class='ocrx_word' id='word_1_669' title='bbox 1346 4561 1415 4613; x_wconf 86' lang='lat' dir='ltr'><strong>ad</strong></span> <span class='ocrx_word' id='word_1_670' title='bbox 1442 4564 1805 4630; x_wconf 88' lang='lat' dir='ltr'><strong>patriarcham</strong></span> <span class='ocrx_word' id='word_1_671' title='bbox 1824 4584 1909 4621; x_wconf 85' lang='lat' dir='ltr'><strong>ve-</strong></span> 
     </span>
    </p>
   </div>
   <div class='ocr_carea' id='block_1_91' title="bbox 330 4634 1910 4729">
    <p class='ocr_par' dir='ltr' id='par_1_91' title="bbox 330 4634 1910 4729">
     <span class='ocr_line' id='line_1_91' title="bbox 330 4634 1910 4729; baseline 0.018 -43"><span class='ocrx_word' id='word_1_672' title='bbox 330 4634 477 4688; x_wconf 84' lang='lat' dir='ltr'><strong>niam</strong></span> <span class='ocrx_word' id='word_1_673' title='bbox 506 4638 571 4690; x_wconf 89' lang='lat' dir='ltr'><strong>ab</strong></span> <span class='ocrx_word' id='word_1_674' title='bbox 600 4656 659 4692; x_wconf 84' lang='lat' dir='ltr'><strong>eo</strong></span> <span class='ocrx_word' id='word_1_675' title='bbox 687 4652 885 4709; x_wconf 85' lang='lat' dir='ltr'><strong>petens,</strong></span> <span class='ocrx_word' id='word_1_676' title='bbox 919 4663 1138 4718; x_wconf 89' lang='lat' dir='ltr'><strong>eumque</strong></span> <span class='ocrx_word' id='word_1_677' title='bbox 1161 4668 1352 4721; x_wconf 87' lang='lat' dir='ltr'><strong>rogans</strong></span> <span class='ocrx_word' id='word_1_678' title='bbox 1386 4656 1465 4707; x_wconf 88' lang='lat' dir='ltr'><strong>uti</strong></span> <span class='ocrx_word' id='word_1_679' title='bbox 1498 4659 1910 4729; x_wconf 81' lang='lat' dir='ltr'><strong>remitteretepi-</strong></span> 
     </span>
    </p>
   </div>
   <div class='ocr_carea' id='block_1_92' title="bbox 329 4727 1909 4820">
    <p class='ocr_par' dir='ltr' id='par_1_92' title="bbox 329 4727 1909 4820">
     <span class='ocr_line' id='line_1_92' title="bbox 329 4727 1909 4820; baseline 0.019 -44"><span class='ocrx_word' id='word_1_680' title='bbox 329 4739 565 4794; x_wconf 84' lang='lat' dir='ltr'><strong>scopum.</strong></span> <span class='ocrx_word' id='word_1_681' title='bbox 600 4727 667 4782; x_wconf 91' lang='lat' dir='ltr'><strong>Id</strong></span> <span class='ocrx_word' id='word_1_682' title='bbox 688 4734 824 4801; x_wconf 88' lang='lat' dir='ltr'><strong>quod</strong></span> <span class='ocrx_word' id='word_1_683' title='bbox 851 4736 1013 4804; x_wconf 81' lang='lat' dir='ltr'><strong>fecit;</strong></span> <span class='ocrx_word' id='word_1_684' title='bbox 1037 4749 1086 4792; x_wconf 89' lang='lat' dir='ltr'><strong>et</strong></span> <span class='ocrx_word' id='word_1_685' title='bbox 1118 4755 1423 4811; x_wconf 83' lang='lat' dir='ltr'><strong>receperunt</strong></span> <span class='ocrx_word' id='word_1_686' title='bbox 1455 4764 1573 4801; x_wconf 89' lang='lat' dir='ltr'><strong>eum</strong></span> <span class='ocrx_word' id='word_1_687' title='bbox 1613 4765 1733 4802; x_wconf 90' lang='lat' dir='ltr'><strong>cum</strong></span> <span class='ocrx_word' id='word_1_688' title='bbox 1774 4727 1909 4820; x_wconf 86' lang='lat' dir='ltr'><strong>gau-</strong></span> 
     </span>
    </p>
   </div>
   <div class='ocr_carea' id='block_1_93' title="bbox 327 4817 1903 4913">
    <p class='ocr_par' dir='ltr' id='par_1_93' title="bbox 327 4817 1903 4913">
     <span class='ocr_line' id='line_1_93' title="bbox 327 4817 1903 4913; baseline 0.022 -46"><span class='ocrx_word' id='word_1_689' title='bbox 327 4817 419 4871; x_wconf 86' lang='lat' dir='ltr'><strong>dio</strong></span> <span class='ocrx_word' id='word_1_690' title='bbox 448 4833 662 4888; x_wconf 85' lang='lat' dir='ltr'><strong>magno,</strong></span> <span class='ocrx_word' id='word_1_691' title='bbox 698 4832 755 4877; x_wconf 88' lang='lat' dir='ltr'><strong>ut</strong></span> <span class='ocrx_word' id='word_1_692' title='bbox 786 4828 943 4896; x_wconf 78' lang='lat' dir='ltr'><strong>refert</strong></span> <span class='ocrx_word' id='word_1_693' title='bbox 962 4828 1296 4891; x_wconf 86' lang='lat' dir='ltr'><strong>Elmacinus.</strong></span> <span class='ocrx_word' id='word_1_694' title='bbox 1322 4837 1453 4894; x_wconf 92' lang='lat' dir='ltr'><strong>Post</strong></span> <span class='ocrx_word' id='word_1_695' title='bbox 1486 4841 1603 4897; x_wconf 71' lang='lat' dir='ltr'><strong>hazc</strong></span> <span class='ocrx_word' id='word_1_696' title='bbox 1635 4817 1903 4913; x_wconf 80' lang='lat' dir='ltr'><strong>tempora,</strong></span> 
     </span>
    </p>
   </div>
   <div class='ocr_carea' id='block_1_94' title="bbox 326 4910 1903 4989">
    <p class='ocr_par' dir='ltr' id='par_1_94' title="bbox 326 4910 1903 4989">
     <span class='ocr_line' id='line_1_94' title="bbox 326 4910 1903 4989; baseline 0.018 -29"><span class='ocrx_word' id='word_1_697' title='bbox 326 4916 391 4962; x_wconf 90' lang='lat' dir='ltr'><strong>ut</strong></span> <span class='ocrx_word' id='word_1_698' title='bbox 414 4910 629 4978; x_wconf 88' lang='lat' dir='ltr'><strong>opinor,</strong></span> <span class='ocrx_word' id='word_1_699' title='bbox 665 4915 869 4970; x_wconf 88' lang='lat' dir='ltr'><strong>conditi</strong></span> <span class='ocrx_word' id='word_1_700' title='bbox 892 4929 1021 4974; x_wconf 88' lang='lat' dir='ltr'><strong>sunt</strong></span> <span class='ocrx_word' id='word_1_701' title='bbox 1043 4936 1279 4980; x_wconf 89' lang='lat' dir='ltr'><strong>canones</strong></span> <span class='ocrx_word' id='word_1_702' title='bbox 1304 4926 1523 4985; x_wconf 89' lang='lat' dir='ltr'><strong>Arabiei</strong></span> <span class='ocrx_word' id='word_1_703' title='bbox 1558 4910 1781 4988; x_wconf 33' lang='lat' dir='ltr'><strong>concilii</strong></span> <span class='ocrx_word' id='word_1_704' title='bbox 1807 4933 1903 4989; x_wconf 87' lang='lat' dir='ltr'><strong>Ni-</strong></span> 
     </span>
    </p>
   </div>
   <div class='ocr_carea' id='block_1_95' title="bbox 323 5001 1903 5092">
    <p class='ocr_par' dir='ltr' id='par_1_95' title="bbox 323 5001 1903 5092">
     <span class='ocr_line' id='line_1_95' title="bbox 323 5001 1903 5092; baseline 0.016 -38"><span class='ocrx_word' id='word_1_705' title='bbox 323 5001 465 5055; x_wconf 75' lang='lat' dir='ltr'><strong>cami</strong></span> <span class='ocrx_word' id='word_1_706' title='bbox 494 5019 509 5069; x_wconf 92' lang='lat'><strong>;</strong></span> <span class='ocrx_word' id='word_1_707' title='bbox 547 5018 688 5074; x_wconf 86' lang='lat' dir='ltr'><strong>quos</strong></span> <span class='ocrx_word' id='word_1_708' title='bbox 712 5006 887 5062; x_wconf 91' lang='lat' dir='ltr'><strong>edidit</strong></span> <span class='ocrx_word' id='word_1_709' title='bbox 915 5008 1252 5082; x_wconf 90' lang='lat' dir='ltr'><strong>Turrianus,</strong></span> <span class='ocrx_word' id='word_1_710' title='bbox 1296 5019 1499 5089; x_wconf 89' lang='lat' dir='ltr'><strong>quique</strong></span> <span class='ocrx_word' id='word_1_711' title='bbox 1534 5024 1599 5076; x_wconf 88' lang='lat' dir='ltr'><strong>ad</strong></span> <span class='ocrx_word' id='word_1_712' title='bbox 1631 5025 1903 5092; x_wconf 80' lang='lat' dir='ltr'><strong>posterio-</strong></span> 
     </span>
    </p>
   </div>
   <div class='ocr_carea' id='block_1_96' title="bbox 324 5092 1908 5186">
    <p class='ocr_par' dir='ltr' id='par_1_96' title="bbox 324 5092 1908 5186">
     <span class='ocr_line' id='line_1_96' title="bbox 324 5092 1908 5186; baseline 0.017 -41"><span class='ocrx_word' id='word_1_713' title='bbox 324 5107 443 5149; x_wconf 88' lang='lat' dir='ltr'><strong>rem</strong></span> <span class='ocrx_word' id='word_1_714' title='bbox 489 5092 751 5153; x_wconf 83' lang='lat' dir='ltr'><strong>Ecclesiae</strong></span> <span class='ocrx_word' id='word_1_715' title='bbox 794 5107 999 5156; x_wconf 88' lang='lat' dir='ltr'><strong>statum</strong></span> <span class='ocrx_word' id='word_1_716' title='bbox 1024 5142 1039 5168; x_wconf 97' lang='lat'><strong>,</strong></span> <span class='ocrx_word' id='word_1_717' title='bbox 1081 5116 1135 5161; x_wconf 90' lang='lat' dir='ltr'><strong>et</strong></span> <span class='ocrx_word' id='word_1_718' title='bbox 1178 5112 1608 5168; x_wconf 88' lang='lat' dir='ltr'><strong>consuetudines</strong></span> <span class='ocrx_word' id='word_1_719' title='bbox 1653 5115 1744 5169; x_wconf 88' lang='lat' dir='ltr'><strong>diu</strong></span> <span class='ocrx_word' id='word_1_720' title='bbox 1783 5126 1908 5186; x_wconf 89' lang='lat' dir='ltr'><strong>post</strong></span> 
     </span>
    </p>
   </div>
   <div class='ocr_carea' id='block_1_97' title="bbox 324 5191 1902 5276">
    <p class='ocr_par' dir='ltr' id='par_1_97' title="bbox 324 5191 1902 5276">
     <span class='ocr_line' id='line_1_97' title="bbox 324 5191 1902 5276; baseline 0.017 -33"><span class='ocrx_word' id='word_1_721' title='bbox 324 5191 620 5249; x_wconf 88' lang='lat' dir='ltr'><strong>concilium</strong></span> <span class='ocrx_word' id='word_1_722' title='bbox 663 5193 947 5252; x_wconf 70' lang='lat' dir='ltr'><strong>Nicaanum</strong></span> <span class='ocrx_word' id='word_1_723' title='bbox 994 5209 1151 5258; x_wconf 89' lang='lat' dir='ltr'><strong>natas</strong></span> <span class='ocrx_word' id='word_1_724' title='bbox 1196 5209 1479 5276; x_wconf 86' lang='lat' dir='ltr'><strong>temperati</strong></span> <span class='ocrx_word' id='word_1_725' title='bbox 1522 5221 1669 5267; x_wconf 93' lang='lat' dir='ltr'><strong>sunt.</strong></span> <span class='ocrx_word' id='word_1_726' title='bbox 1694 5212 1902 5270; x_wconf 87' lang='lat' dir='ltr'><strong>Eorum</strong></span> 
     </span>
    </p>
   </div>
   <div class='ocr_carea' id='block_1_98' title="bbox 327 5287 1904 5372">
    <p class='ocr_par' dir='ltr' id='par_1_98' title="bbox 327 5287 1904 5372">
     <span class='ocr_line' id='line_1_98' title="bbox 327 5287 1904 5372; baseline 0.015 -38"><span class='ocrx_word' id='word_1_727' title='bbox 327 5290 507 5372; x_wconf 71' lang='lat' dir='ltr'><strong>autem</strong></span> <span class='ocrx_word' id='word_1_728' title='bbox 543 5287 722 5355; x_wconf 85' lang='lat' dir='ltr'><strong>capite</strong></span> <span class='ocrx_word' id='word_1_729' title='bbox 759 5288 829 5343; x_wconf 78' lang='lat'><strong>56</strong></span> <span class='ocrx_word' id='word_1_730' title='bbox 908 5298 1174 5348; x_wconf 88' lang='lat' dir='ltr'><strong>statutum</strong></span> <span class='ocrx_word' id='word_1_731' title='bbox 1226 5305 1310 5351; x_wconf 89' lang='lat' dir='ltr'><strong>est</strong></span> <span class='ocrx_word' id='word_1_732' title='bbox 1355 5314 1370 5351; x_wconf 89' lang='lat'><strong>:</strong></span> <span class='ocrx_word' id='word_1_733' title='bbox 1427 5298 1495 5353; x_wconf 89' lang='lat' dir='ltr'><strong>Ut</strong></span> <span class='ocrx_word' id='word_1_734' title='bbox 1544 5317 1649 5355; x_wconf 90' lang='lat' dir='ltr'><strong>non</strong></span> <span class='ocrx_word' id='word_1_735' title='bbox 1698 5305 1904 5372; x_wconf 87' lang='lat' dir='ltr'><strong>possint</strong></span> 
     </span>
    </p>
   </div>
   <div class='ocr_carea' id='block_1_99' title="bbox 327 5371 1902 5465">
    <p class='ocr_par' dir='ltr' id='par_1_99' title="bbox 327 5371 1902 5465">
     <span class='ocr_line' id='line_1_99' title="bbox 327 5371 1902 5465; baseline 0.017 -40"><span class='ocrx_word' id='word_1_736' title='bbox 327 5371 601 5444; x_wconf 63' lang='lat' dir='ltr'><strong>Ethiopes</strong></span> <span class='ocrx_word' id='word_1_737' title='bbox 632 5397 812 5437; x_wconf 85' lang='lat' dir='ltr'><strong>creare</strong></span> <span class='ocrx_word' id='word_1_738' title='bbox 833 5399 927 5437; x_wconf 88' lang='lat' dir='ltr'><strong>nec</strong></span> <span class='ocrx_word' id='word_1_739' title='bbox 955 5384 1143 5455; x_wconf 88' lang='lat' dir='ltr'><strong>eligere</strong></span> <span class='ocrx_word' id='word_1_740' title='bbox 1170 5390 1535 5458; x_wconf 87' lang='lat' dir='ltr'><strong>patriarcham</strong></span> <span class='ocrx_word' id='word_1_741' title='bbox 1558 5410 1578 5457; x_wconf 89' lang='lat'><strong>;</strong></span> <span class='ocrx_word' id='word_1_742' title='bbox 1610 5371 1704 5449; x_wconf 84' lang='lat' dir='ltr'><strong>sed</strong></span> <span class='ocrx_word' id='word_1_743' title='bbox 1726 5398 1902 5465; x_wconf 87' lang='lat' dir='ltr'><strong>potius</strong></span> 
     </span>
    </p>
   </div>
   <div class='ocr_carea' id='block_1_100' title="bbox 319 5469 1903 5554">
    <p class='ocr_par' dir='ltr' id='par_1_100' title="bbox 319 5469 1903 5554">
     <span class='ocr_line' id='line_1_100' title="bbox 319 5469 1903 5554; baseline 0.018 -38"><span class='ocrx_word' id='word_1_744' title='bbox 319 5478 498 5517; x_wconf 79' lang='lat' dir='ltr'><strong>eorum</strong></span> <span class='ocrx_word' id='word_1_745' title='bbox 517 5469 772 5536; x_wconf 79' lang='lat' dir='ltr'><strong>prtelatus</strong></span> <span class='ocrx_word' id='word_1_746' title='bbox 799 5475 893 5528; x_wconf 90' lang='lat' dir='ltr'><strong>sub</strong></span> <span class='ocrx_word' id='word_1_747' title='bbox 921 5486 1177 5544; x_wconf 85' lang='lat' dir='ltr'><strong>potestate</strong></span> <span class='ocrx_word' id='word_1_748' title='bbox 1192 5480 1305 5549; x_wconf 89' lang='lat' dir='ltr'><strong>ejus</strong></span> <span class='ocrx_word' id='word_1_749' title='bbox 1337 5482 1429 5549; x_wconf 87' lang='lat' dir='ltr'><strong>sit,</strong></span> <span class='ocrx_word' id='word_1_750' title='bbox 1452 5486 1541 5554; x_wconf 88' lang='lat' dir='ltr'><strong>qui</strong></span> <span class='ocrx_word' id='word_1_751' title='bbox 1567 5495 1702 5543; x_wconf 83' lang='lat' dir='ltr'><strong>tenet</strong></span> <span class='ocrx_word' id='word_1_752' title='bbox 1725 5489 1903 5544; x_wconf 90' lang='lat' dir='ltr'><strong>sedem</strong></span> 
     </span>
    </p>
   </div>
   <div class='ocr_carea' id='block_1_101' title="bbox 317 5556 1900 5648">
    <p class='ocr_par' dir='ltr' id='par_1_101' title="bbox 317 5556 1900 5648">
     <span class='ocr_line' id='line_1_101' title="bbox 317 5556 1900 5648; baseline 0.018 -41"><span class='ocrx_word' id='word_1_753' title='bbox 317 5556 686 5617; x_wconf 70' lang='lat' dir='ltr'><strong>Alexandriw.</strong></span> <span class='ocrx_word' id='word_1_754' title='bbox 721 5562 805 5619; x_wconf 91' lang='lat' dir='ltr'><strong>Sit</strong></span> <span class='ocrx_word' id='word_1_755' title='bbox 832 5577 1007 5623; x_wconf 90' lang='lat' dir='ltr'><strong>tamen</strong></span> <span class='ocrx_word' id='word_1_756' title='bbox 1048 5572 1189 5640; x_wconf 86' lang='lat' dir='ltr'><strong>apud</strong></span> <span class='ocrx_word' id='word_1_757' title='bbox 1221 5589 1308 5627; x_wconf 84' lang='lat' dir='ltr'><strong>eos</strong></span> <span class='ocrx_word' id='word_1_758' title='bbox 1338 5573 1451 5628; x_wconf 87' lang='lat' dir='ltr'><strong>loco</strong></span> <span class='ocrx_word' id='word_1_759' title='bbox 1475 5578 1818 5648; x_wconf 80' lang='lat' dir='ltr'><strong>patriarchte,</strong></span> <span class='ocrx_word' id='word_1_760' title='bbox 1848 5592 1900 5637; x_wconf 88' lang='lat' dir='ltr'><strong>et</strong></span> 
     </span>
    </p>
   </div>
   <div class='ocr_carea' id='block_1_102' title="bbox 319 5648 1871 5736">
    <p class='ocr_par' dir='ltr' id='par_1_102' title="bbox 319 5648 1871 5736">
     <span class='ocr_line' id='line_1_102' title="bbox 319 5648 1871 5736; baseline 0.019 -38"><span class='ocrx_word' id='word_1_761' title='bbox 319 5648 615 5718; x_wconf 82' lang='lat' dir='ltr'><strong>appelletur</strong></span> <span class='ocrx_word' id='word_1_762' title='bbox 632 5656 924 5713; x_wconf 88' lang='lat' dir='ltr'><strong>catholicus</strong></span> <span class='ocrx_word' id='word_1_763' title='bbox 955 5679 974 5715; x_wconf 87' lang='lat'><strong><em>:</em></strong></span> <span class='ocrx_word' id='word_1_764' title='bbox 1006 5680 1111 5716; x_wconf 87' lang='lat' dir='ltr'><strong>non</strong></span> <span class='ocrx_word' id='word_1_765' title='bbox 1147 5674 1323 5719; x_wconf 89' lang='lat' dir='ltr'><strong>tamen</strong></span> <span class='ocrx_word' id='word_1_766' title='bbox 1356 5666 1453 5736; x_wconf 89' lang='lat' dir='ltr'><strong>jus</strong></span> <span class='ocrx_word' id='word_1_767' title='bbox 1487 5669 1674 5726; x_wconf 83' lang='lat' dir='ltr'><strong>habeat</strong></span> <span class='ocrx_word' id='word_1_768' title='bbox 1697 5675 1871 5728; x_wconf 87' lang='lat' dir='ltr'><strong>consti</strong></span> 
     </span>
    </p>
   </div>
   <div class='ocr_carea' id='block_1_103' title="bbox 316 5742 1897 5831">
    <p class='ocr_par' dir='ltr' id='par_1_103' title="bbox 316 5742 1897 5831">
     <span class='ocr_line' id='line_1_103' title="bbox 316 5742 1897 5831; baseline 0.018 -38"><span class='ocrx_word' id='word_1_769' title='bbox 316 5742 499 5796; x_wconf 80' lang='lat' dir='ltr'><strong>tuendi</strong></span> <span class='ocrx_word' id='word_1_770' title='bbox 527 5746 965 5822; x_wconf 82' lang='lat' dir='ltr'><strong>archicpiscopos,</strong></span> <span class='ocrx_word' id='word_1_771' title='bbox 1004 5764 1059 5809; x_wconf 82' lang='lat' dir='ltr'><strong>ut</strong></span> <span class='ocrx_word' id='word_1_772' title='bbox 1092 5756 1245 5812; x_wconf 86' lang='lat' dir='ltr'><strong>habet</strong></span> <span class='ocrx_word' id='word_1_773' title='bbox 1265 5761 1607 5828; x_wconf 83' lang='lat' dir='ltr'><strong>patriarcha;</strong></span> <span class='ocrx_word' id='word_1_774' title='bbox 1638 5766 1897 5831; x_wconf 82' lang='lat' dir='ltr'><strong>siquidem</strong></span> 
     </span>
    </p>
   </div>
   <div class='ocr_carea' id='block_1_104' title="bbox 2014 4568 3597 4640">
    <p class='ocr_par' dir='ltr' id='par_1_104' title="bbox 2014 4568 3597 4640">
     <span class='ocr_line' id='line_1_104' title="bbox 2014 4568 3597 4640; baseline 0.004 -22"><span class='ocrx_word' id='word_1_775' title='bbox 2014 4581 2148 4619; x_wconf 91' lang='lat' dir='ltr'><strong>num</strong></span> <span class='ocrx_word' id='word_1_776' title='bbox 2190 4575 2390 4621; x_wconf 86' lang='lat' dir='ltr'><strong>statum</strong></span> <span class='ocrx_word' id='word_1_777' title='bbox 2413 4609 2427 4633; x_wconf 92' lang='lat'><strong>,</strong></span> <span class='ocrx_word' id='word_1_778' title='bbox 2462 4568 2643 4638; x_wconf 91' lang='lat' dir='ltr'><strong>qualis</strong></span> <span class='ocrx_word' id='word_1_779' title='bbox 2681 4570 2861 4639; x_wconf 87' lang='lat' dir='ltr'><strong>qualis</strong></span> <span class='ocrx_word' id='word_1_780' title='bbox 2895 4572 2987 4637; x_wconf 90' lang='lat' dir='ltr'><strong>sit,</strong></span> <span class='ocrx_word' id='word_1_781' title='bbox 3032 4569 3101 4624; x_wconf 91' lang='lat' dir='ltr'><strong>ad</strong></span> <span class='ocrx_word' id='word_1_782' title='bbox 3152 4570 3597 4640; x_wconf 86' lang='lat' dir='ltr'><strong>antiquissimam</strong></span> 
     </span>
    </p>
   </div>
   <div class='ocr_carea' id='block_1_105' title="bbox 2018 4657 3599 4734">
    <p class='ocr_par' dir='ltr' id='par_1_105' title="bbox 2018 4657 3599 4734">
     <span class='ocr_line' id='line_1_105' title="bbox 2018 4657 3599 4734; baseline 0.004 -22"><span class='ocrx_word' id='word_1_783' title='bbox 2018 4657 2356 4730; x_wconf 61' lang='lat' dir='ltr'><strong>Egyptiaca:</strong></span> <span class='ocrx_word' id='word_1_784' title='bbox 2398 4659 2652 4716; x_wconf 66' lang='lat' dir='ltr'><strong>Ecclesia:</strong></span> <span class='ocrx_word' id='word_1_785' title='bbox 2704 4661 3074 4730; x_wconf 89' lang='lat' dir='ltr'><strong>traditionem,</strong></span> <span class='ocrx_word' id='word_1_786' title='bbox 3109 4664 3155 4719; x_wconf 87' lang='lat' dir='ltr'><strong>si</strong></span> <span class='ocrx_word' id='word_1_787' title='bbox 3184 4679 3307 4734; x_wconf 73' lang='lat' dir='ltr'><strong>qua:</strong></span> <span class='ocrx_word' id='word_1_788' title='bbox 3339 4664 3467 4719; x_wconf 88' lang='lat' dir='ltr'><strong>talis</strong></span> <span class='ocrx_word' id='word_1_789' title='bbox 3496 4680 3599 4719; x_wconf 84' lang='lat' dir='ltr'><strong>un-</strong></span> 
     </span>
    </p>
   </div>
   <div class='ocr_carea' id='block_1_106' title="bbox 2013 4751 3593 4823">
    <p class='ocr_par' dir='ltr' id='par_1_106' title="bbox 2013 4751 3593 4823">
     <span class='ocr_line' id='line_1_106' title="bbox 2013 4751 3593 4823; baseline 0.006 -15"><span class='ocrx_word' id='word_1_790' title='bbox 2013 4769 2179 4823; x_wconf 87' lang='lat' dir='ltr'><strong>quam</strong></span> <span class='ocrx_word' id='word_1_791' title='bbox 2224 4751 2418 4817; x_wconf 84' lang='lat' dir='ltr'><strong>l‘uerit,</strong></span> <span class='ocrx_word' id='word_1_792' title='bbox 2452 4754 2886 4809; x_wconf 82' lang='lat' dir='ltr'><strong>conﬁrmandam</strong></span> <span class='ocrx_word' id='word_1_793' title='bbox 2939 4756 3074 4811; x_wconf 90' lang='lat' dir='ltr'><strong>nihil</strong></span> <span class='ocrx_word' id='word_1_794' title='bbox 3120 4757 3347 4813; x_wconf 90' lang='lat' dir='ltr'><strong>omnino</strong></span> <span class='ocrx_word' id='word_1_795' title='bbox 3388 4758 3593 4816; x_wconf 82' lang='lat' dir='ltr'><strong>valere.</strong></span> 
     </span>
    </p>
   </div>
   <div class='ocr_carea' id='block_1_107' title="bbox 2010 4845 3596 4917">
    <p class='ocr_par' dir='ltr' id='par_1_107' title="bbox 2010 4845 3596 4917">
     <span class='ocr_line' id='line_1_107' title="bbox 2010 4845 3596 4917; baseline 0.005 -18"><span class='ocrx_word' id='word_1_796' title='bbox 2010 4845 2149 4900; x_wconf 83' lang='lat' dir='ltr'><strong>Cum</strong></span> <span class='ocrx_word' id='word_1_797' title='bbox 2183 4845 2418 4914; x_wconf 89' lang='lat' dir='ltr'><strong>denique</strong></span> <span class='ocrx_word' id='word_1_798' title='bbox 2453 4856 2833 4916; x_wconf 85' lang='lat' dir='ltr'><strong>argumentum</strong></span> <span class='ocrx_word' id='word_1_799' title='bbox 2879 4862 3086 4917; x_wconf 89' lang='lat' dir='ltr'><strong>negans</strong></span> <span class='ocrx_word' id='word_1_800' title='bbox 3119 4846 3383 4905; x_wconf 77' lang='lat' dir='ltr'><strong>fundetur</strong></span> <span class='ocrx_word' id='word_1_801' title='bbox 3425 4852 3482 4906; x_wconf 88' lang='lat' dir='ltr'><strong>in</strong></span> <span class='ocrx_word' id='word_1_802' title='bbox 3516 4854 3596 4909; x_wconf 88' lang='lat' dir='ltr'><strong>si-</strong></span> 
     </span>
    </p>
   </div>
   <div class='ocr_carea' id='block_1_108' title="bbox 2011 4935 3596 5012">
    <p class='ocr_par' dir='ltr' id='par_1_108' title="bbox 2011 4935 3596 5012">
     <span class='ocr_line' id='line_1_108' title="bbox 2011 4935 3596 5012; baseline 0.006 -22"><span class='ocrx_word' id='word_1_803' title='bbox 2011 4936 2178 4992; x_wconf 88' lang='lat' dir='ltr'><strong>lentio</strong></span> <span class='ocrx_word' id='word_1_804' title='bbox 2209 4938 2456 4992; x_wconf 90' lang='lat' dir='ltr'><strong>omnium</strong></span> <span class='ocrx_word' id='word_1_805' title='bbox 2495 4946 2623 4992; x_wconf 89' lang='lat' dir='ltr'><strong>ante</strong></span> <span class='ocrx_word' id='word_1_806' title='bbox 2663 4935 2984 5007; x_wconf 89' lang='lat' dir='ltr'><strong>Eusebium,</strong></span> <span class='ocrx_word' id='word_1_807' title='bbox 3032 4948 3162 4997; x_wconf 89' lang='lat' dir='ltr'><strong>ante</strong></span> <span class='ocrx_word' id='word_1_808' title='bbox 3189 4957 3353 5012; x_wconf 90' lang='lat' dir='ltr'><strong>quem</strong></span> <span class='ocrx_word' id='word_1_809' title='bbox 3380 4941 3596 5001; x_wconf 69' lang='lat' dir='ltr'><strong>Ethio-</strong></span> 
     </span>
    </p>
   </div>
   <div class='ocr_carea' id='block_1_109' title="bbox 2009 5030 3592 5110">
    <p class='ocr_par' dir='ltr' id='par_1_109' title="bbox 2009 5030 3592 5110">
     <span class='ocr_line' id='line_1_109' title="bbox 2009 5030 3592 5110; baseline 0.008 -28"><span class='ocrx_word' id='word_1_810' title='bbox 2009 5044 2138 5098; x_wconf 92' lang='lat' dir='ltr'><strong>pum</strong></span> <span class='ocrx_word' id='word_1_811' title='bbox 2174 5030 2616 5086; x_wconf 84' lang='lat' dir='ltr'><strong>Christianorum</strong></span> <span class='ocrx_word' id='word_1_812' title='bbox 2662 5032 2813 5087; x_wconf 90' lang='lat' dir='ltr'><strong>nulla</strong></span> <span class='ocrx_word' id='word_1_813' title='bbox 2848 5032 2993 5088; x_wconf 80' lang='lat' dir='ltr'><strong>fama</strong></span> <span class='ocrx_word' id='word_1_814' title='bbox 3034 5043 3156 5101; x_wconf 87' lang='lat' dir='ltr'><strong>est,</strong></span> <span class='ocrx_word' id='word_1_815' title='bbox 3201 5045 3297 5092; x_wconf 91' lang='lat' dir='ltr'><strong>aut</strong></span> <span class='ocrx_word' id='word_1_816' title='bbox 3322 5052 3592 5110; x_wconf 85' lang='lat' dir='ltr'><strong>perquam</strong></span> 
     </span>
    </p>
   </div>
   <div class='ocr_carea' id='block_1_110' title="bbox 2008 5123 3594 5205">
    <p class='ocr_par' dir='ltr' id='par_1_110' title="bbox 2008 5123 3594 5205">
     <span class='ocr_line' id='line_1_110' title="bbox 2008 5123 3594 5205; baseline 0.007 -29"><span class='ocrx_word' id='word_1_817' title='bbox 2008 5123 2247 5189; x_wconf 87' lang='lat' dir='ltr'><strong>incerta;</strong></span> <span class='ocrx_word' id='word_1_818' title='bbox 2280 5138 2405 5178; x_wconf 91' lang='lat' dir='ltr'><strong>cum</strong></span> <span class='ocrx_word' id='word_1_819' title='bbox 2434 5123 2790 5191; x_wconf 83' lang='lat' dir='ltr'><strong>Athanasius,</strong></span> <span class='ocrx_word' id='word_1_820' title='bbox 2832 5128 2925 5196; x_wconf 90' lang='lat' dir='ltr'><strong>qui</strong></span> <span class='ocrx_word' id='word_1_821' title='bbox 2961 5137 3086 5197; x_wconf 90' lang='lat' dir='ltr'><strong>post</strong></span> <span class='ocrx_word' id='word_1_822' title='bbox 3114 5129 3410 5186; x_wconf 85' lang='lat' dir='ltr'><strong>Eusebium</strong></span> <span class='ocrx_word' id='word_1_823' title='bbox 3442 5131 3594 5205; x_wconf 76' lang='lat' dir='ltr'><strong>lgna-</strong></span> 
     </span>
    </p>
   </div>
   <div class='ocr_carea' id='block_1_111' title="bbox 2007 5215 3591 5296">
    <p class='ocr_par' dir='ltr' id='par_1_111' title="bbox 2007 5215 3591 5296">
     <span class='ocr_line' id='line_1_111' title="bbox 2007 5215 3591 5296; baseline 0.009 -28"><span class='ocrx_word' id='word_1_824' title='bbox 2007 5215 2155 5296; x_wconf 80' lang='lat' dir='ltr'><strong>tiana</strong></span> <span class='ocrx_word' id='word_1_825' title='bbox 2182 5218 2525 5282; x_wconf 87' lang='lat' dir='ltr'><strong>memoravit,</strong></span> <span class='ocrx_word' id='word_1_826' title='bbox 2553 5218 2790 5287; x_wconf 88' lang='lat' dir='ltr'><strong>primum</strong></span> <span class='ocrx_word' id='word_1_827' title='bbox 2814 5234 2883 5275; x_wconf 79' lang='lat' dir='ltr'><strong>ex</strong></span> <span class='ocrx_word' id='word_1_828' title='bbox 2906 5220 3147 5292; x_wconf 66' lang='lat' dir='ltr'><strong>.Egypto</strong></span> <span class='ocrx_word' id='word_1_829' title='bbox 3176 5224 3501 5296; x_wconf 90' lang='lat' dir='ltr'><strong>episcopum</strong></span> <span class='ocrx_word' id='word_1_830' title='bbox 3534 5227 3591 5282; x_wconf 92' lang='lat' dir='ltr'><strong>in</strong></span> 
     </span>
    </p>
   </div>
   <div class='ocr_carea' id='block_1_112' title="bbox 2007 5292 3591 5386">
    <p class='ocr_par' dir='ltr' id='par_1_112' title="bbox 2007 5292 3591 5386">
     <span class='ocr_line' id='line_1_112' title="bbox 2007 5292 3591 5386; baseline 0.008 -24"><span class='ocrx_word' id='word_1_831' title='bbox 2007 5292 2346 5380; x_wconf 64' lang='lat' dir='ltr'><strong>Ethioptam</strong></span> <span class='ocrx_word' id='word_1_832' title='bbox 2397 5311 2644 5381; x_wconf 87' lang='lat' dir='ltr'><strong>miserit;</strong></span> <span class='ocrx_word' id='word_1_833' title='bbox 2705 5330 2831 5370; x_wconf 91' lang='lat' dir='ltr'><strong>cum</strong></span> <span class='ocrx_word' id='word_1_834' title='bbox 2890 5313 3127 5371; x_wconf 63' lang='lat' dir='ltr'><strong>Dallaus</strong></span> <span class='ocrx_word' id='word_1_835' title='bbox 3188 5292 3306 5386; x_wconf 83' lang='lat' dir='ltr'><strong>ipse</strong></span> <span class='ocrx_word' id='word_1_836' title='bbox 3351 5292 3591 5374; x_wconf 72' lang='lat' dir='ltr'><strong>fateatur</strong></span> 
     </span>
    </p>
   </div>
   <div class='ocr_carea' id='block_1_113' title="bbox 2005 5400 3586 5480">
    <p class='ocr_par' dir='ltr' id='par_1_113' title="bbox 2005 5400 3586 5480">
     <span class='ocr_line' id='line_1_113' title="bbox 2005 5400 3586 5480; baseline 0.009 -25"><span class='ocrx_word' id='word_1_837' title='bbox 2005 5400 2299 5473; x_wconf 63' lang='lat' dir='ltr'><strong>Ethiopas</strong></span> <span class='ocrx_word' id='word_1_838' title='bbox 2356 5405 2600 5475; x_wconf 90' lang='lat' dir='ltr'><strong>recipere</strong></span> <span class='ocrx_word' id='word_1_839' title='bbox 2659 5405 3102 5465; x_wconf 89' lang='lat' dir='ltr'><strong>Constitutiones</strong></span> <span class='ocrx_word' id='word_1_840' title='bbox 3164 5408 3586 5480; x_wconf 82' lang='lat' dir='ltr'><strong>Clementinas.</strong></span> 
     </span>
    </p>
   </div>
   <div class='ocr_carea' id='block_1_114' title="bbox 2007 5498 3585 5576">
    <p class='ocr_par' dir='ltr' id='par_1_114' title="bbox 2007 5498 3585 5576">
     <span class='ocr_line' id='line_1_114' title="bbox 2007 5498 3585 5576; baseline 0.008 -26"><span class='ocrx_word' id='word_1_841' title='bbox 2007 5506 2267 5567; x_wconf 88' lang='lat' dir='ltr'><strong>tanquam</strong></span> <span class='ocrx_word' id='word_1_842' title='bbox 2292 5498 2363 5553; x_wconf 91' lang='lat' dir='ltr'><strong>ab</strong></span> <span class='ocrx_word' id='word_1_843' title='bbox 2390 5499 2527 5570; x_wconf 90' lang='lat' dir='ltr'><strong>ipsis</strong></span> <span class='ocrx_word' id='word_1_844' title='bbox 2548 5502 2809 5571; x_wconf 88' lang='lat' dir='ltr'><strong>apostolis</strong></span> <span class='ocrx_word' id='word_1_845' title='bbox 2834 5502 3095 5568; x_wconf 86' lang='lat' dir='ltr'><strong>dictatas,</strong></span> <span class='ocrx_word' id='word_1_846' title='bbox 3120 5503 3176 5558; x_wconf 91' lang='lat' dir='ltr'><strong>in</strong></span> <span class='ocrx_word' id='word_1_847' title='bbox 3198 5504 3407 5574; x_wconf 88' lang='lat' dir='ltr'><strong>quibus</strong></span> <span class='ocrx_word' id='word_1_848' title='bbox 3426 5507 3585 5576; x_wconf 77' lang='lat' dir='ltr'><strong>plura</strong></span> 
     </span>
    </p>
   </div>
   <div class='ocr_carea' id='block_1_115' title="bbox 2002 5587 3581 5663">
    <p class='ocr_par' dir='ltr' id='par_1_115' title="bbox 2002 5587 3581 5663">
     <span class='ocr_line' id='line_1_115' title="bbox 2002 5587 3581 5663; baseline 0.006 -21"><span class='ocrx_word' id='word_1_849' title='bbox 2002 5587 2071 5642; x_wconf 91' lang='lat' dir='ltr'><strong>de</strong></span> <span class='ocrx_word' id='word_1_850' title='bbox 2097 5587 2373 5658; x_wconf 90' lang='lat' dir='ltr'><strong>episcopis</strong></span> <span class='ocrx_word' id='word_1_851' title='bbox 2398 5605 2563 5659; x_wconf 84' lang='lat' dir='ltr'><strong>quam</strong></span> <span class='ocrx_word' id='word_1_852' title='bbox 2610 5592 2665 5645; x_wconf 90' lang='lat' dir='ltr'><strong>in</strong></span> <span class='ocrx_word' id='word_1_853' title='bbox 2700 5593 3003 5663; x_wconf 89' lang='lat' dir='ltr'><strong>Ignatianis</strong></span> <span class='ocrx_word' id='word_1_854' title='bbox 3029 5594 3386 5651; x_wconf 85' lang='lat' dir='ltr'><strong>continentur</strong></span> <span class='ocrx_word' id='word_1_855' title='bbox 3405 5640 3418 5663; x_wconf 84' lang='lat'><strong>,</strong></span> <span class='ocrx_word' id='word_1_856' title='bbox 3446 5597 3581 5652; x_wconf 81' lang='lat' dir='ltr'><strong>nihil</strong></span> 
     </span>
    </p>
   </div>
   <div class='ocr_carea' id='block_1_116' title="bbox 2003 5679 3581 5761">
    <p class='ocr_par' dir='ltr' id='par_1_116' title="bbox 2003 5679 3581 5761">
     <span class='ocr_line' id='line_1_116' title="bbox 2003 5679 3581 5761; baseline 0.006 -27"><span class='ocrx_word' id='word_1_857' title='bbox 2003 5679 2131 5735; x_wconf 89' lang='lat' dir='ltr'><strong>hinc</strong></span> <span class='ocrx_word' id='word_1_858' title='bbox 2156 5680 2221 5735; x_wconf 90' lang='lat' dir='ltr'><strong>ad</strong></span> <span class='ocrx_word' id='word_1_859' title='bbox 2250 5683 2634 5739; x_wconf 82' lang='lat' dir='ltr'><strong>auctoritatem</strong></span> <span class='ocrx_word' id='word_1_860' title='bbox 2667 5686 3023 5755; x_wconf 89' lang='lat' dir='ltr'><strong>epistolarum</strong></span> <span class='ocrx_word' id='word_1_861' title='bbox 3072 5686 3127 5741; x_wconf 90' lang='lat' dir='ltr'><strong>S.</strong></span> <span class='ocrx_word' id='word_1_862' title='bbox 3159 5686 3355 5761; x_wconf 85' lang='lat' dir='ltr'><strong>lgnatii</strong></span> <span class='ocrx_word' id='word_1_863' title='bbox 3394 5689 3581 5747; x_wconf 85' lang='lat' dir='ltr'><strong>immi-</strong></span> 
     </span>
    </p>
   </div>
   <div class='ocr_carea' id='block_1_117' title="bbox 2002 5771 3079 5845">
    <p class='ocr_par' dir='ltr' id='par_1_117' title="bbox 2002 5771 3079 5845">
     <span class='ocr_line' id='line_1_117' title="bbox 2002 5771 3079 5845; baseline 0.007 -19"><span class='ocrx_word' id='word_1_864' title='bbox 2002 5771 2275 5828; x_wconf 85' lang='lat' dir='ltr'><strong>nuendam</strong></span> <span class='ocrx_word' id='word_1_865' title='bbox 2301 5772 2525 5830; x_wconf 77' lang='lat' dir='ltr'><strong>tonanti</strong></span> <span class='ocrx_word' id='word_1_866' title='bbox 2552 5775 2659 5831; x_wconf 87' lang='lat' dir='ltr'><strong>ullo</strong></span> <span class='ocrx_word' id='word_1_867' title='bbox 2688 5776 2851 5833; x_wconf 87' lang='lat' dir='ltr'><strong>modo</strong></span> <span class='ocrx_word' id='word_1_868' title='bbox 2878 5786 3079 5845; x_wconf 85' lang='lat' dir='ltr'><strong>potest.</strong></span> 
     </span>
    </p>
   </div>
  </div>
