  <div class='ocr_page' id='page_1' title='image "/cluster/home/n/w/nwhite01/storage/ocr_20150623/5/hvd.32044019206598/132.png"; bbox 0 0 3770 6320; ppageno 0'>
   <div class='ocr_carea' id='block_1_1' title="bbox 156 365 241 427">
    <p class='ocr_par' dir='ltr' id='par_1_1' title="bbox 156 365 241 427">
     <span class='ocr_line' id='line_1_1' title="bbox 156 365 241 427; baseline -0.024 0"><span class='ocrx_word' id='word_1_1' title='bbox 156 365 241 427; x_wconf 65' lang='grc' dir='ltr'><strong>Μ)</strong></span> 
     </span>
    </p>
   </div>
   <div class='ocr_carea' id='block_1_2' title="bbox 152 485 1740 561">
    <p class='ocr_par' dir='ltr' id='par_1_2' title="bbox 152 485 1740 561">
     <span class='ocr_line' id='line_1_2' title="bbox 152 485 1740 561; baseline 0.001 -19"><span class='ocrx_word' id='word_1_2' title='bbox 152 546 157 552; x_wconf 64' lang='grc'><strong><em>,</em></strong></span> <span class='ocrx_word' id='word_1_3' title='bbox 207 488 445 543; x_wconf 84' lang='lat' dir='ltr'><strong>Hactenus</strong></span> <span class='ocrx_word' id='word_1_4' title='bbox 479 486 545 541; x_wconf 85' lang='lat' dir='ltr'><strong>de</strong></span> <span class='ocrx_word' id='word_1_5' title='bbox 573 486 868 542; x_wconf 85' lang='lat' dir='ltr'><strong>traditione</strong></span> <span class='ocrx_word' id='word_1_6' title='bbox 900 485 1271 543; x_wconf 75' lang='lat' dir='ltr'><strong>Alexandrina</strong></span> <span class='ocrx_word' id='word_1_7' title='bbox 1301 490 1371 543; x_wconf 90' lang='lat' dir='ltr'><strong>ab</strong></span> <span class='ocrx_word' id='word_1_8' title='bbox 1401 489 1669 561; x_wconf 64' lang='lat' dir='ltr'><strong>[EtbiOpi-</strong></span> <span class='ocrx_word' id='word_1_9' title='bbox 1695 501 1740 556; x_wconf 72' lang='grc' dir='ltr'><strong>Α</strong></span> 
     </span>
    </p>
   </div>
   <div class='ocr_carea' id='block_1_3' title="bbox 148 576 1665 650">
    <p class='ocr_par' dir='ltr' id='par_1_3' title="bbox 148 576 1665 650">
     <span class='ocr_line' id='line_1_3' title="bbox 148 576 1665 650; baseline -0.001 -14"><span class='ocrx_word' id='word_1_10' title='bbox 148 580 230 636; x_wconf 88' lang='lat' dir='ltr'><strong>bus</strong></span> <span class='ocrx_word' id='word_1_11' title='bbox 251 577 565 641; x_wconf 81' lang='lat' dir='ltr'><strong>confirmata,</strong></span> <span class='ocrx_word' id='word_1_12' title='bbox 604 587 663 630; x_wconf 85' lang='grc' dir='ltr'><strong>ιιι</strong></span> <span class='ocrx_word' id='word_1_13' title='bbox 698 576 909 642; x_wconf 89' lang='lat' dir='ltr'><strong>volunt,</strong></span> <span class='ocrx_word' id='word_1_14' title='bbox 942 593 1064 647; x_wconf 60' lang='lat' dir='ltr'><strong>qua:</strong></span> <span class='ocrx_word' id='word_1_15' title='bbox 1090 578 1329 649; x_wconf 82' lang='lat' dir='ltr'><strong>aliquam</strong></span> <span class='ocrx_word' id='word_1_16' title='bbox 1358 580 1665 650; x_wconf 76' lang='lat' dir='ltr'><strong>argumenti</strong></span> 
     </span>
    </p>
   </div>
   <div class='ocr_carea' id='block_1_4' title="bbox 147 668 1667 744">
    <p class='ocr_par' dir='ltr' id='par_1_4' title="bbox 147 668 1667 744">
     <span class='ocr_line' id='line_1_4' title="bbox 147 668 1667 744; baseline 0.001 -18"><span class='ocrx_word' id='word_1_17' title='bbox 147 670 341 741; x_wconf 83' lang='lat' dir='ltr'><strong>speciem</strong></span> <span class='ocrx_word' id='word_1_18' title='bbox 379 668 671 733; x_wconf 88' lang='lat' dir='ltr'><strong>habuisset,</strong></span> <span class='ocrx_word' id='word_1_19' title='bbox 703 668 749 725; x_wconf 92' lang='lat' dir='ltr'><strong>si</strong></span> <span class='ocrx_word' id='word_1_20' title='bbox 783 684 847 725; x_wconf 89' lang='lat' dir='ltr'><strong>ea</strong></span> <span class='ocrx_word' id='word_1_21' title='bbox 890 671 1074 725; x_wconf 85' lang='lat' dir='ltr'><strong>omnia</strong></span> <span class='ocrx_word' id='word_1_22' title='bbox 1104 685 1228 725; x_wconf 87' lang='lat' dir='ltr'><strong>vera</strong></span> <span class='ocrx_word' id='word_1_23' title='bbox 1264 669 1518 739; x_wconf 81' lang='lat' dir='ltr'><strong>fuissent,</strong></span> <span class='ocrx_word' id='word_1_24' title='bbox 1545 688 1667 744; x_wconf 75' lang='lat' dir='ltr'><strong>quae</strong></span> 
     </span>
    </p>
   </div>
   <div class='ocr_carea' id='block_1_5' title="bbox 145 762 1667 838">
    <p class='ocr_par' dir='ltr' id='par_1_5' title="bbox 145 762 1667 838">
     <span class='ocr_line' id='line_1_5' title="bbox 145 762 1667 838; baseline 0.004 -18"><span class='ocrx_word' id='word_1_25' title='bbox 145 765 415 820; x_wconf 83' lang='lat' dir='ltr'><strong>attulerunt.</strong></span> <span class='ocrx_word' id='word_1_26' title='bbox 437 762 568 819; x_wconf 86' lang='lat' dir='ltr'><strong>illud</strong></span> <span class='ocrx_word' id='word_1_27' title='bbox 598 775 779 820; x_wconf 90' lang='lat' dir='ltr'><strong>autem</strong></span> <span class='ocrx_word' id='word_1_28' title='bbox 801 767 949 836; x_wconf 90' lang='lat' dir='ltr'><strong>quod</strong></span> <span class='ocrx_word' id='word_1_29' title='bbox 970 768 1238 838; x_wconf 77' lang='lat' dir='ltr'><strong>sequitur,</strong></span> <span class='ocrx_word' id='word_1_30' title='bbox 1260 768 1304 825; x_wconf 93' lang='lat' dir='ltr'><strong>si</strong></span> <span class='ocrx_word' id='word_1_31' title='bbox 1328 786 1515 824; x_wconf 86' lang='lat' dir='ltr'><strong>verum</strong></span> <span class='ocrx_word' id='word_1_32' title='bbox 1543 784 1667 826; x_wconf 89' lang='lat' dir='ltr'><strong>esse</strong></span> 
     </span>
    </p>
   </div>
   <div class='ocr_carea' id='block_1_6' title="bbox 145 856 1666 935">
    <p class='ocr_par' dir='ltr' id='par_1_6' title="bbox 145 856 1666 935">
     <span class='ocr_line' id='line_1_6' title="bbox 145 856 1666 935; baseline 0.005 -24"><span class='ocrx_word' id='word_1_33' title='bbox 145 856 444 920; x_wconf 71' lang='lat' dir='ltr'><strong>concedatur,</strong></span> <span class='ocrx_word' id='word_1_34' title='bbox 471 857 657 913; x_wconf 87' lang='lat' dir='ltr'><strong>nescio</strong></span> <span class='ocrx_word' id='word_1_35' title='bbox 682 874 847 927; x_wconf 85' lang='lat' dir='ltr'><strong>quam</strong></span> <span class='ocrx_word' id='word_1_36' title='bbox 867 860 977 913; x_wconf 85' lang='lat' dir='ltr'><strong>vim</strong></span> <span class='ocrx_word' id='word_1_37' title='bbox 1005 860 1208 915; x_wconf 89' lang='lat' dir='ltr'><strong>habere</strong></span> <span class='ocrx_word' id='word_1_38' title='bbox 1230 862 1406 931; x_wconf 85' lang='lat' dir='ltr'><strong>possit</strong></span> <span class='ocrx_word' id='word_1_39' title='bbox 1427 862 1495 917; x_wconf 91' lang='lat' dir='ltr'><strong>ad</strong></span> <span class='ocrx_word' id='word_1_40' title='bbox 1518 862 1666 935; x_wconf 85' lang='lat' dir='ltr'><strong>lgna-</strong></span> 
     </span>
    </p>
   </div>
   <div class='ocr_carea' id='block_1_7' title="bbox 145 950 1663 1023">
    <p class='ocr_par' dir='ltr' id='par_1_7' title="bbox 145 950 1663 1023">
     <span class='ocr_line' id='line_1_7' title="bbox 145 950 1663 1023; baseline 0.004 -18"><span class='ocrx_word' id='word_1_41' title='bbox 145 952 250 1005; x_wconf 86' lang='lat' dir='ltr'><strong>tium</strong></span> <span class='ocrx_word' id='word_1_42' title='bbox 272 950 598 1021; x_wconf 88' lang='lat' dir='ltr'><strong>epistolicum</strong></span> <span class='ocrx_word' id='word_1_43' title='bbox 630 951 1012 1020; x_wconf 87' lang='lat' dir='ltr'><strong>rejiciendum,</strong></span> <span class='ocrx_word' id='word_1_44' title='bbox 1040 962 1137 1008; x_wconf 92' lang='lat' dir='ltr'><strong>aut</strong></span> <span class='ocrx_word' id='word_1_45' title='bbox 1158 953 1288 1023; x_wconf 88' lang='lat' dir='ltr'><strong>quid</strong></span> <span class='ocrx_word' id='word_1_46' title='bbox 1320 952 1569 1009; x_wconf 86' lang='lat' dir='ltr'><strong>conferat</strong></span> <span class='ocrx_word' id='word_1_47' title='bbox 1596 955 1663 1011; x_wconf 86' lang='lat' dir='ltr'><strong>ad</strong></span> 
     </span>
    </p>
   </div>
   <div class='ocr_carea' id='block_1_8' title="bbox 142 1031 1664 1113">
    <p class='ocr_par' dir='ltr' id='par_1_8' title="bbox 142 1031 1664 1113">
     <span class='ocr_line' id='line_1_8' title="bbox 142 1031 1664 1113; baseline 0.003 -15"><span class='ocrx_word' id='word_1_48' title='bbox 142 1042 372 1098; x_wconf 87' lang='lat' dir='ltr'><strong>silentium</strong></span> <span class='ocrx_word' id='word_1_49' title='bbox 422 1043 753 1113; x_wconf 90' lang='lat' dir='ltr'><strong>scriptorum</strong></span> <span class='ocrx_word' id='word_1_50' title='bbox 804 1052 931 1099; x_wconf 87' lang='lat' dir='ltr'><strong>ante</strong></span> <span class='ocrx_word' id='word_1_51' title='bbox 989 1042 1312 1100; x_wconf 88' lang='lat' dir='ltr'><strong>Eusebium.</strong></span> <span class='ocrx_word' id='word_1_52' title='bbox 1374 1031 1664 1112; x_wconf 79' lang='lat' dir='ltr'><strong>Quomodo</strong></span> 
     </span>
    </p>
   </div>
   <div class='ocr_carea' id='block_1_9' title="bbox 138 1133 1664 1209">
    <p class='ocr_par' dir='ltr' id='par_1_9' title="bbox 138 1133 1664 1209">
     <span class='ocr_line' id='line_1_9' title="bbox 138 1133 1664 1209; baseline 0.004 -19"><span class='ocrx_word' id='word_1_53' title='bbox 138 1135 257 1190; x_wconf 85' lang='lat' dir='ltr'><strong>enim</strong></span> <span class='ocrx_word' id='word_1_54' title='bbox 285 1133 405 1189; x_wconf 92' lang='lat' dir='ltr'><strong>illud</strong></span> <span class='ocrx_word' id='word_1_55' title='bbox 432 1135 579 1204; x_wconf 87' lang='lat' dir='ltr'><strong>quod</strong></span> <span class='ocrx_word' id='word_1_56' title='bbox 606 1145 797 1191; x_wconf 92' lang='lat' dir='ltr'><strong>octavo</strong></span> <span class='ocrx_word' id='word_1_57' title='bbox 837 1136 1039 1193; x_wconf 82' lang='lat' dir='ltr'><strong>saeculo</strong></span> <span class='ocrx_word' id='word_1_58' title='bbox 1079 1135 1285 1192; x_wconf 89' lang='lat' dir='ltr'><strong>factum</strong></span> <span class='ocrx_word' id='word_1_59' title='bbox 1324 1147 1428 1204; x_wconf 89' lang='lat' dir='ltr'><strong>est,</strong></span> <span class='ocrx_word' id='word_1_60' title='bbox 1461 1140 1664 1209; x_wconf 83' lang='lat' dir='ltr'><strong>proba-</strong></span> 
     </span>
    </p>
   </div>
   <div class='ocr_carea' id='block_1_10' title="bbox 139 1226 1659 1297">
    <p class='ocr_par' dir='ltr' id='par_1_10' title="bbox 139 1226 1659 1297">
     <span class='ocr_line' id='line_1_10' title="bbox 139 1226 1659 1297; baseline 0.004 -17"><span class='ocrx_word' id='word_1_61' title='bbox 139 1227 200 1280; x_wconf 88' lang='lat' dir='ltr'><strong>bit</strong></span> <span class='ocrx_word' id='word_1_62' title='bbox 222 1226 454 1296; x_wconf 87' lang='lat' dir='ltr'><strong>scriptum</strong></span> <span class='ocrx_word' id='word_1_63' title='bbox 495 1227 644 1282; x_wconf 90' lang='lat' dir='ltr'><strong>istud</strong></span> <span class='ocrx_word' id='word_1_64' title='bbox 680 1244 721 1283; x_wconf 83' lang='grc' dir='ltr'><strong>ιι</strong></span> <span class='ocrx_word' id='word_1_65' title='bbox 767 1235 823 1283; x_wconf 90' lang='lat' dir='ltr'><strong>et</strong></span> <span class='ocrx_word' id='word_1_66' title='bbox 863 1244 923 1284; x_wconf 86' lang='lat' dir='ltr'><strong>nt</strong></span> <span class='ocrx_word' id='word_1_67' title='bbox 967 1228 1169 1285; x_wconf 62' lang='lat' dir='ltr'><strong>saeculo</strong></span> <span class='ocrx_word' id='word_1_68' title='bbox 1216 1245 1324 1285; x_wconf 92' lang='lat' dir='ltr'><strong>non</strong></span> <span class='ocrx_word' id='word_1_69' title='bbox 1359 1231 1659 1297; x_wconf 82' lang='lat' dir='ltr'><strong>exstitisse,</strong></span> 
     </span>
    </p>
   </div>
   <div class='ocr_carea' id='block_1_11' title="bbox 138 1319 1662 1393">
    <p class='ocr_par' dir='ltr' id='par_1_11' title="bbox 138 1319 1662 1393">
     <span class='ocr_line' id='line_1_11' title="bbox 138 1319 1662 1393; baseline 0.007 -22"><span class='ocrx_word' id='word_1_70' title='bbox 138 1319 253 1386; x_wconf 80' lang='lat' dir='ltr'><strong>quod</strong></span> <span class='ocrx_word' id='word_1_71' title='bbox 280 1334 345 1384; x_wconf 81' lang='lat' dir='ltr'><strong>iv,</strong></span> <span class='ocrx_word' id='word_1_72' title='bbox 369 1334 420 1385; x_wconf 90' lang='lat' dir='ltr'><strong>v,</strong></span> <span class='ocrx_word' id='word_1_73' title='bbox 451 1335 505 1373; x_wconf 80' lang='lat' dir='ltr'><strong>vi</strong></span> <span class='ocrx_word' id='word_1_74' title='bbox 538 1329 592 1375; x_wconf 89' lang='lat' dir='ltr'><strong>et</strong></span> <span class='ocrx_word' id='word_1_75' title='bbox 616 1336 713 1386; x_wconf 84' lang='lat' dir='ltr'><strong>vn,</strong></span> <span class='ocrx_word' id='word_1_76' title='bbox 746 1330 1023 1389; x_wconf 90' lang='lat' dir='ltr'><strong>receptum</strong></span> <span class='ocrx_word' id='word_1_77' title='bbox 1064 1332 1118 1378; x_wconf 91' lang='lat' dir='ltr'><strong>et</strong></span> <span class='ocrx_word' id='word_1_78' title='bbox 1150 1324 1508 1393; x_wconf 85' lang='lat' dir='ltr'><strong>approbatum</strong></span> <span class='ocrx_word' id='word_1_79' title='bbox 1538 1326 1662 1381; x_wconf 82' lang='lat' dir='ltr'><strong>est?</strong></span> 
     </span>
    </p>
   </div>
   <div class='ocr_carea' id='block_1_12' title="bbox 138 1409 1654 1481">
    <p class='ocr_par' dir='ltr' id='par_1_12' title="bbox 138 1409 1654 1481">
     <span class='ocr_line' id='line_1_12' title="bbox 138 1409 1654 1481; baseline 0.005 -17"><span class='ocrx_word' id='word_1_80' title='bbox 138 1409 344 1477; x_wconf 77' lang='lat' dir='ltr'><strong>Scilicet,</strong></span> <span class='ocrx_word' id='word_1_81' title='bbox 413 1412 557 1465; x_wconf 89' lang='lat' dir='ltr'><strong>circa</strong></span> <span class='ocrx_word' id='word_1_82' title='bbox 618 1428 672 1468; x_wconf 90' lang='lat' dir='ltr'><strong>a.</strong></span> <span class='ocrx_word' id='word_1_83' title='bbox 728 1411 795 1468; x_wconf 88' lang='grc' dir='ltr'><strong>Ι).</strong></span> <span class='ocrx_word' id='word_1_84' title='bbox 845 1412 971 1481; x_wconf 80' lang='grc'><strong>756,</strong></span> <span class='ocrx_word' id='word_1_85' title='bbox 1022 1414 1079 1467; x_wconf 89' lang='lat' dir='ltr'><strong>in</strong></span> <span class='ocrx_word' id='word_1_86' title='bbox 1109 1413 1422 1469; x_wconf 82' lang='lat' dir='ltr'><strong>Germanica</strong></span> <span class='ocrx_word' id='word_1_87' title='bbox 1464 1416 1654 1472; x_wconf 88' lang='lat' dir='ltr'><strong>Boioa-</strong></span> 
     </span>
    </p>
   </div>
   <div class='ocr_carea' id='block_1_13' title="bbox 138 1502 1661 1579">
    <p class='ocr_par' dir='ltr' id='par_1_13' title="bbox 138 1502 1661 1579">
     <span class='ocr_line' id='line_1_13' title="bbox 138 1502 1661 1579; baseline 0.007 -25"><span class='ocrx_word' id='word_1_88' title='bbox 138 1503 298 1555; x_wconf 86' lang='lat' dir='ltr'><strong>riorum</strong></span> <span class='ocrx_word' id='word_1_89' title='bbox 320 1511 456 1572; x_wconf 83' lang='lat' dir='ltr'><strong>gente</strong></span> <span class='ocrx_word' id='word_1_90' title='bbox 486 1502 691 1559; x_wconf 76' lang='lat' dir='ltr'><strong>Christi</strong></span> <span class='ocrx_word' id='word_1_91' title='bbox 724 1505 855 1574; x_wconf 79' lang='lat' dir='ltr'><strong>fides</strong></span> <span class='ocrx_word' id='word_1_92' title='bbox 881 1506 1085 1577; x_wconf 86' lang='lat' dir='ltr'><strong>viguit,</strong></span> <span class='ocrx_word' id='word_1_93' title='bbox 1126 1515 1178 1561; x_wconf 90' lang='lat' dir='ltr'><strong>et</strong></span> <span class='ocrx_word' id='word_1_94' title='bbox 1210 1508 1502 1579; x_wconf 85' lang='lat' dir='ltr'><strong>presbyteri</strong></span> <span class='ocrx_word' id='word_1_95' title='bbox 1546 1511 1661 1579; x_wconf 80' lang='lat' dir='ltr'><strong>fue-</strong></span> 
     </span>
    </p>
   </div>
   <div class='ocr_carea' id='block_1_14' title="bbox 134 1597 1661 1671">
    <p class='ocr_par' dir='ltr' id='par_1_14' title="bbox 134 1597 1661 1671">
     <span class='ocr_line' id='line_1_14' title="bbox 134 1597 1661 1671; baseline 0.007 -24"><span class='ocrx_word' id='word_1_96' title='bbox 134 1603 249 1659; x_wconf 80' lang='lat' dir='ltr'><strong>rant,</strong></span> <span class='ocrx_word' id='word_1_97' title='bbox 271 1611 376 1649; x_wconf 83' lang='lat' dir='ltr'><strong>cum</strong></span> <span class='ocrx_word' id='word_1_98' title='bbox 398 1604 572 1651; x_wconf 83' lang='lat' dir='ltr'><strong>tamen</strong></span> <span class='ocrx_word' id='word_1_99' title='bbox 600 1597 737 1652; x_wconf 88' lang='lat' dir='ltr'><strong>nulli</strong></span> <span class='ocrx_word' id='word_1_100' title='bbox 758 1599 901 1668; x_wconf 81' lang='lat' dir='ltr'><strong>apud</strong></span> <span class='ocrx_word' id='word_1_101' title='bbox 923 1615 1009 1655; x_wconf 84' lang='lat' dir='ltr'><strong>eos</strong></span> <span class='ocrx_word' id='word_1_102' title='bbox 1037 1609 1208 1656; x_wconf 79' lang='lat' dir='ltr'><strong>essent</strong></span> <span class='ocrx_word' id='word_1_103' title='bbox 1233 1601 1483 1671; x_wconf 85' lang='lat' dir='ltr'><strong>episcopi.</strong></span> <span class='ocrx_word' id='word_1_104' title='bbox 1513 1601 1661 1658; x_wconf 86' lang='lat' dir='ltr'><strong>Unde</strong></span> 
     </span>
    </p>
   </div>
   <div class='ocr_carea' id='block_1_15' title="bbox 131 1691 1660 1767">
    <p class='ocr_par' dir='ltr' id='par_1_15' title="bbox 131 1691 1660 1767">
     <span class='ocr_line' id='line_1_15' title="bbox 131 1691 1660 1767; baseline 0.005 -24"><span class='ocrx_word' id='word_1_105' title='bbox 131 1691 292 1760; x_wconf 78' lang='lat' dir='ltr'><strong>liquet,</strong></span> <span class='ocrx_word' id='word_1_106' title='bbox 318 1707 378 1745; x_wconf 83' lang='lat' dir='ltr'><strong>ne</strong></span> <span class='ocrx_word' id='word_1_107' title='bbox 416 1692 483 1745; x_wconf 86' lang='lat' dir='ltr'><strong>iis</strong></span> <span class='ocrx_word' id='word_1_108' title='bbox 529 1692 741 1762; x_wconf 85' lang='lat' dir='ltr'><strong>quidem</strong></span> <span class='ocrx_word' id='word_1_109' title='bbox 779 1693 1098 1764; x_wconf 80' lang='lat' dir='ltr'><strong>temporibus</strong></span> <span class='ocrx_word' id='word_1_110' title='bbox 1150 1693 1355 1766; x_wconf 86' lang='lat' dir='ltr'><strong>Ignatii</strong></span> <span class='ocrx_word' id='word_1_111' title='bbox 1397 1697 1660 1767; x_wconf 88' lang='lat' dir='ltr'><strong>epistolici</strong></span> 
     </span>
    </p>
   </div>
   <div class='ocr_carea' id='block_1_16' title="bbox 130 1778 1653 1856">
    <p class='ocr_par' dir='ltr' id='par_1_16' title="bbox 130 1778 1653 1856">
     <span class='ocr_line' id='line_1_16' title="bbox 130 1778 1653 1856; baseline 0.007 -25"><span class='ocrx_word' id='word_1_112' title='bbox 130 1779 450 1834; x_wconf 81' lang='lat' dir='ltr'><strong>auctoritatem</strong></span> <span class='ocrx_word' id='word_1_113' title='bbox 466 1778 791 1855; x_wconf 82' lang='lat' dir='ltr'><strong>Christianis</strong></span> <span class='ocrx_word' id='word_1_114' title='bbox 803 1798 896 1852; x_wconf 88' lang='lat' dir='ltr'><strong>per</strong></span> <span class='ocrx_word' id='word_1_115' title='bbox 919 1782 1257 1838; x_wconf 74' lang='lat' dir='ltr'><strong>Germaniam</strong></span> <span class='ocrx_word' id='word_1_116' title='bbox 1275 1794 1456 1840; x_wconf 91' lang='lat' dir='ltr'><strong>notam</strong></span> <span class='ocrx_word' id='word_1_117' title='bbox 1469 1787 1653 1856; x_wconf 80' lang='lat' dir='ltr'><strong>fuisse.</strong></span> 
     </span>
    </p>
   </div>
   <div class='ocr_carea' id='block_1_17' title="bbox 128 1870 1655 1946">
    <p class='ocr_par' dir='ltr' id='par_1_17' title="bbox 128 1870 1655 1946">
     <span class='ocr_line' id='line_1_17' title="bbox 128 1870 1655 1946; baseline 0.008 -22"><span class='ocrx_word' id='word_1_118' title='bbox 128 1870 295 1939; x_wconf 86' lang='lat' dir='ltr'><strong>Primo,</strong></span> <span class='ocrx_word' id='word_1_119' title='bbox 321 1888 567 1943; x_wconf 66' lang='lat' dir='ltr'><strong>quaenam</strong></span> <span class='ocrx_word' id='word_1_120' title='bbox 606 1872 721 1929; x_wconf 73' lang='lat' dir='ltr'><strong>haec</strong></span> <span class='ocrx_word' id='word_1_121' title='bbox 747 1876 1139 1946; x_wconf 86' lang='lat' dir='ltr'><strong>consequentia</strong></span> <span class='ocrx_word' id='word_1_122' title='bbox 1164 1879 1293 1934; x_wconf 87' lang='lat' dir='ltr'><strong>est?</strong></span> <span class='ocrx_word' id='word_1_123' title='bbox 1322 1878 1558 1935; x_wconf 89' lang='lat' dir='ltr'><strong>Boioarii</strong></span> <span class='ocrx_word' id='word_1_124' title='bbox 1598 1881 1655 1936; x_wconf 91' lang='lat' dir='ltr'><strong>in</strong></span> 
     </span>
    </p>
   </div>
   <div class='ocr_carea' id='block_1_18' title="bbox 125 1961 1658 2039">
    <p class='ocr_par' dir='ltr' id='par_1_18' title="bbox 125 1961 1658 2039">
     <span class='ocr_line' id='line_1_18' title="bbox 125 1961 1658 2039; baseline 0.007 -23"><span class='ocrx_word' id='word_1_125' title='bbox 125 1961 369 2019; x_wconf 83' lang='lat' dir='ltr'><strong>Germania</strong></span> <span class='ocrx_word' id='word_1_126' title='bbox 398 1964 716 2021; x_wconf 85' lang='lat' dir='ltr'><strong>nescierunt</strong></span> <span class='ocrx_word' id='word_1_127' title='bbox 757 1981 771 2017; x_wconf 90' lang='lat'><strong>:</strong></span> <span class='ocrx_word' id='word_1_128' title='bbox 816 1982 947 2037; x_wconf 82' lang='lat' dir='ltr'><strong>ergo</strong></span> <span class='ocrx_word' id='word_1_129' title='bbox 980 1966 1277 2024; x_wconf 84' lang='lat' dir='ltr'><strong>Christiani</strong></span> <span class='ocrx_word' id='word_1_130' title='bbox 1321 1985 1417 2039; x_wconf 90' lang='lat' dir='ltr'><strong>per</strong></span> <span class='ocrx_word' id='word_1_131' title='bbox 1438 1970 1658 2028; x_wconf 85' lang='lat' dir='ltr'><strong>Germa-</strong></span> 
     </span>
    </p>
   </div>
   <div class='ocr_carea' id='block_1_19' title="bbox 126 2054 1659 2132">
    <p class='ocr_par' dir='ltr' id='par_1_19' title="bbox 126 2054 1659 2132">
     <span class='ocr_line' id='line_1_19' title="bbox 126 2054 1659 2132; baseline 0.007 -25"><span class='ocrx_word' id='word_1_132' title='bbox 126 2054 260 2108; x_wconf 81' lang='lat' dir='ltr'><strong>niam.</strong></span> <span class='ocrx_word' id='word_1_133' title='bbox 285 2055 361 2109; x_wconf 81' lang='lat' dir='ltr'><strong>An</strong></span> <span class='ocrx_word' id='word_1_134' title='bbox 379 2056 511 2110; x_wconf 90' lang='lat' dir='ltr'><strong>nulli</strong></span> <span class='ocrx_word' id='word_1_135' title='bbox 530 2065 688 2111; x_wconf 90' lang='lat' dir='ltr'><strong>erant</strong></span> <span class='ocrx_word' id='word_1_136' title='bbox 702 2057 999 2114; x_wconf 82' lang='lat' dir='ltr'><strong>Christiani</strong></span> <span class='ocrx_word' id='word_1_137' title='bbox 1024 2075 1121 2130; x_wconf 91' lang='lat' dir='ltr'><strong>per</strong></span> <span class='ocrx_word' id='word_1_138' title='bbox 1139 2059 1490 2116; x_wconf 87' lang='lat' dir='ltr'><strong>Germaniam</strong></span> <span class='ocrx_word' id='word_1_139' title='bbox 1520 2077 1659 2132; x_wconf 73' lang='lat' dir='ltr'><strong>prte-</strong></span> 
     </span>
    </p>
   </div>
   <div class='ocr_carea' id='block_1_20' title="bbox 123 2142 1656 2223">
    <p class='ocr_par' dir='ltr' id='par_1_20' title="bbox 123 2142 1656 2223">
     <span class='ocr_line' id='line_1_20' title="bbox 123 2142 1656 2223; baseline 0.007 -26"><span class='ocrx_word' id='word_1_140' title='bbox 123 2153 189 2198; x_wconf 86' lang='lat' dir='ltr'><strong>ter</strong></span> <span class='ocrx_word' id='word_1_141' title='bbox 208 2142 501 2202; x_wconf 81' lang='lat' dir='ltr'><strong>Boioarios?</strong></span> <span class='ocrx_word' id='word_1_142' title='bbox 524 2148 610 2203; x_wconf 83' lang='lat' dir='ltr'><strong>Au</strong></span> <span class='ocrx_word' id='word_1_143' title='bbox 653 2149 746 2204; x_wconf 91' lang='lat' dir='ltr'><strong>alii</strong></span> <span class='ocrx_word' id='word_1_144' title='bbox 773 2164 966 2207; x_wconf 89' lang='lat' dir='ltr'><strong>omnes</strong></span> <span class='ocrx_word' id='word_1_145' title='bbox 1011 2152 1339 2223; x_wconf 78' lang='lat' dir='ltr'><strong>ignorabant</strong></span> <span class='ocrx_word' id='word_1_146' title='bbox 1385 2153 1656 2223; x_wconf 79' lang='lat' dir='ltr'><strong>quidquid</strong></span> 
     </span>
    </p>
   </div>
   <div class='ocr_carea' id='block_1_21' title="bbox 123 2234 1652 2314">
    <p class='ocr_par' dir='ltr' id='par_1_21' title="bbox 123 2234 1652 2314">
     <span class='ocr_line' id='line_1_21' title="bbox 123 2234 1652 2314; baseline 0.006 -26"><span class='ocrx_word' id='word_1_147' title='bbox 123 2234 347 2293; x_wconf 83' lang='lat' dir='ltr'><strong>Boioariis</strong></span> <span class='ocrx_word' id='word_1_148' title='bbox 369 2237 617 2309; x_wconf 89' lang='lat' dir='ltr'><strong>ignotum</strong></span> <span class='ocrx_word' id='word_1_149' title='bbox 647 2238 791 2295; x_wconf 88' lang='lat' dir='ltr'><strong>fuit?</strong></span> <span class='ocrx_word' id='word_1_150' title='bbox 810 2240 894 2295; x_wconf 80' lang='lat' dir='ltr'><strong>An</strong></span> <span class='ocrx_word' id='word_1_151' title='bbox 918 2240 1042 2297; x_wconf 91' lang='lat' dir='ltr'><strong>ideo</strong></span> <span class='ocrx_word' id='word_1_152' title='bbox 1056 2246 1433 2300; x_wconf 84' lang='lat' dir='ltr'><strong>auctoritatem</strong></span> <span class='ocrx_word' id='word_1_153' title='bbox 1460 2243 1652 2314; x_wconf 81' lang='lat' dir='ltr'><strong>Ignatii</strong></span> 
     </span>
    </p>
   </div>
   <div class='ocr_carea' id='block_1_22' title="bbox 121 2325 1651 2407">
    <p class='ocr_par' dir='ltr' id='par_1_22' title="bbox 121 2325 1651 2407">
     <span class='ocr_line' id='line_1_22' title="bbox 121 2325 1651 2407; baseline 0.01 -28"><span class='ocrx_word' id='word_1_154' title='bbox 121 2325 355 2395; x_wconf 77' lang='lat' dir='ltr'><strong>ignorasse</strong></span> <span class='ocrx_word' id='word_1_155' title='bbox 368 2330 586 2387; x_wconf 84' lang='lat' dir='ltr'><strong>dicendi</strong></span> <span class='ocrx_word' id='word_1_156' title='bbox 606 2341 731 2389; x_wconf 89' lang='lat' dir='ltr'><strong>sunt</strong></span> <span class='ocrx_word' id='word_1_157' title='bbox 745 2333 839 2403; x_wconf 91' lang='lat' dir='ltr'><strong>qui</strong></span> <span class='ocrx_word' id='word_1_158' title='bbox 859 2335 1146 2405; x_wconf 87' lang='lat' dir='ltr'><strong>episcopos</strong></span> <span class='ocrx_word' id='word_1_159' title='bbox 1162 2336 1491 2407; x_wconf 88' lang='lat' dir='ltr'><strong>habuerunt,</strong></span> <span class='ocrx_word' id='word_1_160' title='bbox 1505 2338 1651 2407; x_wconf 90' lang='lat' dir='ltr'><strong>quod</strong></span> 
     </span>
    </p>
   </div>
   <div class='ocr_carea' id='block_1_23' title="bbox 121 2420 1652 2502">
    <p class='ocr_par' dir='ltr' id='par_1_23' title="bbox 121 2420 1652 2502">
     <span class='ocr_line' id='line_1_23' title="bbox 121 2420 1652 2502; baseline 0.009 -29"><span class='ocrx_word' id='word_1_161' title='bbox 121 2420 192 2474; x_wconf 84' lang='lat' dir='ltr'><strong>alii</strong></span> <span class='ocrx_word' id='word_1_162' title='bbox 214 2437 307 2476; x_wconf 89' lang='lat' dir='ltr'><strong>non</strong></span> <span class='ocrx_word' id='word_1_163' title='bbox 347 2422 611 2481; x_wconf 89' lang='lat' dir='ltr'><strong>habuisse</strong></span> <span class='ocrx_word' id='word_1_164' title='bbox 644 2425 934 2481; x_wconf 87' lang='lat' dir='ltr'><strong>dicantur?</strong></span> <span class='ocrx_word' id='word_1_165' title='bbox 980 2425 1254 2496; x_wconf 88' lang='lat' dir='ltr'><strong>Secundo,</strong></span> <span class='ocrx_word' id='word_1_166' title='bbox 1292 2430 1435 2486; x_wconf 90' lang='lat' dir='ltr'><strong>unde</strong></span> <span class='ocrx_word' id='word_1_167' title='bbox 1481 2433 1652 2502; x_wconf 87' lang='lat' dir='ltr'><strong>liquet</strong></span> 
     </span>
    </p>
   </div>
   <div class='ocr_carea' id='block_1_24' title="bbox 117 2508 1648 2595">
    <p class='ocr_par' dir='ltr' id='par_1_24' title="bbox 117 2508 1648 2595">
     <span class='ocr_line' id='line_1_24' title="bbox 117 2508 1648 2595; baseline 0.012 -31"><span class='ocrx_word' id='word_1_168' title='bbox 117 2508 279 2568; x_wconf 86' lang='lat' dir='ltr'><strong>Christi</strong></span> <span class='ocrx_word' id='word_1_169' title='bbox 297 2514 448 2570; x_wconf 84' lang='lat' dir='ltr'><strong>fidem</strong></span> <span class='ocrx_word' id='word_1_170' title='bbox 477 2516 623 2573; x_wconf 89' lang='lat' dir='ltr'><strong>inter</strong></span> <span class='ocrx_word' id='word_1_171' title='bbox 644 2517 927 2576; x_wconf 89' lang='lat' dir='ltr'><strong>Boioarios</strong></span> <span class='ocrx_word' id='word_1_172' title='bbox 948 2520 1189 2591; x_wconf 71' lang='lat' dir='ltr'><strong>viguisse</strong></span> <span class='ocrx_word' id='word_1_173' title='bbox 1210 2538 1335 2577; x_wconf 92' lang='lat' dir='ltr'><strong>cum</strong></span> <span class='ocrx_word' id='word_1_174' title='bbox 1363 2524 1648 2595; x_wconf 84' lang='lat' dir='ltr'><strong>episcopos</strong></span> 
     </span>
    </p>
   </div>
   <div class='ocr_carea' id='block_1_25' title="bbox 118 2606 1646 2686">
    <p class='ocr_par' dir='ltr' id='par_1_25' title="bbox 118 2606 1646 2686">
     <span class='ocr_line' id='line_1_25' title="bbox 118 2606 1646 2686; baseline 0.009 -27"><span class='ocrx_word' id='word_1_175' title='bbox 118 2619 202 2659; x_wconf 86' lang='lat' dir='ltr'><strong>non</strong></span> <span class='ocrx_word' id='word_1_176' title='bbox 242 2606 531 2664; x_wconf 81' lang='lat' dir='ltr'><strong>haberent?</strong></span> <span class='ocrx_word' id='word_1_177' title='bbox 575 2608 830 2678; x_wconf 88' lang='lat' dir='ltr'><strong>Scilicet,</strong></span> <span class='ocrx_word' id='word_1_178' title='bbox 888 2628 957 2668; x_wconf 83' lang='lat' dir='ltr'><strong>ex</strong></span> <span class='ocrx_word' id='word_1_179' title='bbox 1001 2614 1248 2686; x_wconf 85' lang='lat' dir='ltr'><strong>Gregorii</strong></span> <span class='ocrx_word' id='word_1_180' title='bbox 1300 2614 1366 2669; x_wconf 84' lang='grc' dir='ltr'><strong>ΙΙΙ</strong></span> <span class='ocrx_word' id='word_1_181' title='bbox 1416 2617 1646 2685; x_wconf 90' lang='lat' dir='ltr'><strong>epistola</strong></span> 
     </span>
    </p>
   </div>
   <div class='ocr_carea' id='block_1_26' title="bbox 115 2696 1642 2776">
    <p class='ocr_par' dir='ltr' id='par_1_26' title="bbox 115 2696 1642 2776">
     <span class='ocr_line' id='line_1_26' title="bbox 115 2696 1642 2776; baseline 0.01 -27"><span class='ocrx_word' id='word_1_182' title='bbox 115 2696 168 2750; x_wconf 81' lang='lat' dir='ltr'><strong>ad</strong></span> <span class='ocrx_word' id='word_1_183' title='bbox 192 2696 504 2757; x_wconf 88' lang='lat' dir='ltr'><strong>Bonifacium</strong></span> <span class='ocrx_word' id='word_1_184' title='bbox 532 2701 639 2758; x_wconf 91' lang='lat' dir='ltr'><strong>hoc</strong></span> <span class='ocrx_word' id='word_1_185' title='bbox 662 2713 907 2774; x_wconf 89' lang='lat' dir='ltr'><strong>apparet,</strong></span> <span class='ocrx_word' id='word_1_186' title='bbox 935 2705 1134 2776; x_wconf 87' lang='lat' dir='ltr'><strong>inquit,</strong></span> <span class='ocrx_word' id='word_1_187' title='bbox 1165 2721 1267 2762; x_wconf 90' lang='lat' dir='ltr'><strong>nec</strong></span> <span class='ocrx_word' id='word_1_188' title='bbox 1290 2707 1395 2764; x_wconf 90' lang='lat' dir='ltr'><strong>hoc</strong></span> <span class='ocrx_word' id='word_1_189' title='bbox 1410 2717 1642 2774; x_wconf 87' lang='lat' dir='ltr'><strong>tantum,</strong></span> 
     </span>
    </p>
   </div>
   <div class='ocr_carea' id='block_1_27' title="bbox 118 2784 1645 2867">
    <p class='ocr_par' dir='ltr' id='par_1_27' title="bbox 118 2784 1645 2867">
     <span class='ocr_line' id='line_1_27' title="bbox 118 2784 1645 2867; baseline 0.008 -28"><span class='ocrx_word' id='word_1_190' title='bbox 118 2784 198 2839; x_wconf 85' lang='lat' dir='ltr'><strong>Sed</strong></span> <span class='ocrx_word' id='word_1_191' title='bbox 235 2786 503 2847; x_wconf 82' lang='lat' dir='ltr'><strong>Vivilonem</strong></span> <span class='ocrx_word' id='word_1_192' title='bbox 553 2794 730 2848; x_wconf 86' lang='lat' dir='ltr'><strong>nescio</strong></span> <span class='ocrx_word' id='word_1_193' title='bbox 764 2810 917 2864; x_wconf 85' lang='lat' dir='ltr'><strong>quem</strong></span> <span class='ocrx_word' id='word_1_194' title='bbox 955 2796 1067 2865; x_wconf 89' lang='lat' dir='ltr'><strong>ipse</strong></span> <span class='ocrx_word' id='word_1_195' title='bbox 1115 2796 1400 2867; x_wconf 85' lang='lat' dir='ltr'><strong>Gregorius</strong></span> <span class='ocrx_word' id='word_1_196' title='bbox 1451 2814 1484 2852; x_wconf 89' lang='lat' dir='ltr'><strong>a</strong></span> <span class='ocrx_word' id='word_1_197' title='bbox 1512 2815 1566 2852; x_wconf 91' lang='lat' dir='ltr'><strong>se</strong></span> <span class='ocrx_word' id='word_1_198' title='bbox 1589 2799 1645 2853; x_wconf 87' lang='lat' dir='ltr'><strong>in</strong></span> 
     </span>
    </p>
   </div>
   <div class='ocr_carea' id='block_1_28' title="bbox 113 2881 1645 2961">
    <p class='ocr_par' dir='ltr' id='par_1_28' title="bbox 113 2881 1645 2961">
     <span class='ocr_line' id='line_1_28' title="bbox 113 2881 1645 2961; baseline 0.008 -29"><span class='ocrx_word' id='word_1_199' title='bbox 113 2893 204 2931; x_wconf 74' lang='lat' dir='ltr'><strong>cum</strong></span> <span class='ocrx_word' id='word_1_200' title='bbox 234 2881 455 2937; x_wconf 81' lang='lat' dir='ltr'><strong>ordinem</strong></span> <span class='ocrx_word' id='word_1_201' title='bbox 492 2895 862 2939; x_wconf 84' lang='lat' dir='ltr'><strong>consecratum</strong></span> <span class='ocrx_word' id='word_1_202' title='bbox 900 2887 971 2939; x_wconf 92' lang='lat' dir='ltr'><strong>ad</strong></span> <span class='ocrx_word' id='word_1_203' title='bbox 1006 2904 1091 2942; x_wconf 88' lang='lat' dir='ltr'><strong>eos</strong></span> <span class='ocrx_word' id='word_1_204' title='bbox 1130 2890 1295 2943; x_wconf 87' lang='lat' dir='ltr'><strong>misit.</strong></span> <span class='ocrx_word' id='word_1_205' title='bbox 1326 2890 1396 2946; x_wconf 84' lang='lat' dir='ltr'><strong>At</strong></span> <span class='ocrx_word' id='word_1_206' title='bbox 1434 2889 1645 2961; x_wconf 74' lang='lat' dir='ltr'><strong>Grego-</strong></span> 
     </span>
    </p>
   </div>
   <div class='ocr_carea' id='block_1_29' title="bbox 115 2972 1643 3054">
    <p class='ocr_par' dir='ltr' id='par_1_29' title="bbox 115 2972 1643 3054">
     <span class='ocr_line' id='line_1_29' title="bbox 115 2972 1643 3054; baseline 0.01 -30"><span class='ocrx_word' id='word_1_207' title='bbox 115 2972 204 3027; x_wconf 85' lang='lat' dir='ltr'><strong>rius</strong></span> <span class='ocrx_word' id='word_1_208' title='bbox 229 2989 325 3029; x_wconf 92' lang='lat' dir='ltr'><strong>non</strong></span> <span class='ocrx_word' id='word_1_209' title='bbox 346 2975 477 3032; x_wconf 87' lang='lat' dir='ltr'><strong>dicit</strong></span> <span class='ocrx_word' id='word_1_210' title='bbox 512 2976 817 3034; x_wconf 81' lang='lat' dir='ltr'><strong>Vivilouem</strong></span> <span class='ocrx_word' id='word_1_211' title='bbox 850 2978 1022 3036; x_wconf 89' lang='lat' dir='ltr'><strong>fuisse</strong></span> <span class='ocrx_word' id='word_1_212' title='bbox 1046 2982 1282 3051; x_wconf 91' lang='lat' dir='ltr'><strong>primum</strong></span> <span class='ocrx_word' id='word_1_213' title='bbox 1310 2998 1502 3038; x_wconf 90' lang='lat' dir='ltr'><strong>eorum</strong></span> <span class='ocrx_word' id='word_1_214' title='bbox 1526 2986 1643 3054; x_wconf 86' lang='lat' dir='ltr'><strong>epi-</strong></span> 
     </span>
    </p>
   </div>
   <div class='ocr_carea' id='block_1_30' title="bbox 112 3067 1641 3134">
    <p class='ocr_par' dir='ltr' id='par_1_30' title="bbox 112 3067 1641 3134">
     <span class='ocr_line' id='line_1_30' title="bbox 112 3067 1641 3134; baseline 0.008 -19"><span class='ocrx_word' id='word_1_215' title='bbox 112 3076 314 3133; x_wconf 81' lang='lat' dir='ltr'><strong>scopum.</strong></span> <span class='ocrx_word' id='word_1_216' title='bbox 344 3081 444 3122; x_wconf 92' lang='lat' dir='ltr'><strong>nec</strong></span> <span class='ocrx_word' id='word_1_217' title='bbox 469 3082 530 3123; x_wconf 87' lang='lat' dir='ltr'><strong>se</strong></span> <span class='ocrx_word' id='word_1_218' title='bbox 556 3082 683 3121; x_wconf 93' lang='lat' dir='ltr'><strong>eum</strong></span> <span class='ocrx_word' id='word_1_219' title='bbox 709 3067 927 3123; x_wconf 87' lang='lat' dir='ltr'><strong>misisse</strong></span> <span class='ocrx_word' id='word_1_220' title='bbox 956 3068 1052 3134; x_wconf 88' lang='lat' dir='ltr'><strong>ait,</strong></span> <span class='ocrx_word' id='word_1_221' title='bbox 1081 3069 1176 3125; x_wconf 91' lang='lat' dir='ltr'><strong>sed</strong></span> <span class='ocrx_word' id='word_1_222' title='bbox 1198 3070 1488 3126; x_wconf 87' lang='lat' dir='ltr'><strong>ordinasse</strong></span> <span class='ocrx_word' id='word_1_223' title='bbox 1520 3081 1641 3126; x_wconf 82' lang='lat' dir='ltr'><strong>tan-</strong></span> 
     </span>
    </p>
   </div>
   <div class='ocr_carea' id='block_1_31' title="bbox 112 3154 1714 3247">
    <p class='ocr_par' dir='ltr' id='par_1_31' title="bbox 112 3154 1714 3247">
     <span class='ocr_line' id='line_1_31' title="bbox 112 3154 1714 3247; baseline 0.009 -42"><span class='ocrx_word' id='word_1_224' title='bbox 112 3163 217 3209; x_wconf 87' lang='lat' dir='ltr'><strong>tum.</strong></span> <span class='ocrx_word' id='word_1_225' title='bbox 241 3154 430 3212; x_wconf 74' lang='lat' dir='ltr'><strong>Missus</strong></span> <span class='ocrx_word' id='word_1_226' title='bbox 457 3166 543 3213; x_wconf 89' lang='lat' dir='ltr'><strong>est</strong></span> <span class='ocrx_word' id='word_1_227' title='bbox 571 3157 717 3212; x_wconf 89' lang='lat' dir='ltr'><strong>enim</strong></span> <span class='ocrx_word' id='word_1_228' title='bbox 748 3157 927 3215; x_wconf 83' lang='lat' dir='ltr'><strong>Vivilo</strong></span> <span class='ocrx_word' id='word_1_229' title='bbox 951 3160 1020 3214; x_wconf 90' lang='lat' dir='ltr'><strong>ad</strong></span> <span class='ocrx_word' id='word_1_230' title='bbox 1043 3160 1393 3232; x_wconf 88' lang='lat' dir='ltr'><strong>Gregorium,</strong></span> <span class='ocrx_word' id='word_1_231' title='bbox 1430 3162 1639 3232; x_wconf 86' lang='lat' dir='ltr'><strong>idquea</strong></span> <span class='ocrx_word' id='word_1_232' title='bbox 1667 3184 1714 3247; x_wconf 71' lang='grc' dir='ltr'>ρ</span> 
     </span>
    </p>
   </div>
   <div class='ocr_carea' id='block_1_32' title="bbox 112 3242 1638 3326">
    <p class='ocr_par' dir='ltr' id='par_1_32' title="bbox 112 3242 1638 3326">
     <span class='ocr_line' id='line_1_32' title="bbox 112 3242 1638 3326; baseline 0.009 -29"><span class='ocrx_word' id='word_1_233' title='bbox 112 3242 350 3314; x_wconf 85' lang='lat' dir='ltr'><strong>Boioariis,</strong></span> <span class='ocrx_word' id='word_1_234' title='bbox 380 3258 439 3305; x_wconf 91' lang='lat' dir='ltr'><strong>ut</strong></span> <span class='ocrx_word' id='word_1_235' title='bbox 465 3249 821 3306; x_wconf 88' lang='lat' dir='ltr'><strong>ordinaretur</strong></span> <span class='ocrx_word' id='word_1_236' title='bbox 850 3252 1143 3323; x_wconf 91' lang='lat' dir='ltr'><strong>episcopus</strong></span> <span class='ocrx_word' id='word_1_237' title='bbox 1167 3272 1182 3320; x_wconf 88' lang='lat'><strong>;</strong></span> <span class='ocrx_word' id='word_1_238' title='bbox 1211 3254 1291 3309; x_wconf 88' lang='lat' dir='ltr'><strong>illi</strong></span> <span class='ocrx_word' id='word_1_239' title='bbox 1332 3255 1498 3326; x_wconf 85' lang='lat' dir='ltr'><strong>igitur</strong></span> <span class='ocrx_word' id='word_1_240' title='bbox 1524 3264 1638 3310; x_wconf 90' lang='lat' dir='ltr'><strong>tum</strong></span> 
     </span>
    </p>
   </div>
   <div class='ocr_carea' id='block_1_33' title="bbox 110 3342 1638 3421">
    <p class='ocr_par' dir='ltr' id='par_1_33' title="bbox 110 3342 1638 3421">
     <span class='ocr_line' id='line_1_33' title="bbox 110 3342 1638 3421; baseline 0.009 -32"><span class='ocrx_word' id='word_1_241' title='bbox 110 3350 330 3395; x_wconf 86' lang='lat' dir='ltr'><strong>noverunt</strong></span> <span class='ocrx_word' id='word_1_242' title='bbox 369 3357 428 3397; x_wconf 91' lang='lat' dir='ltr'><strong>se</strong></span> <span class='ocrx_word' id='word_1_243' title='bbox 454 3342 579 3397; x_wconf 88' lang='lat' dir='ltr'><strong>sine</strong></span> <span class='ocrx_word' id='word_1_244' title='bbox 610 3343 870 3413; x_wconf 89' lang='lat' dir='ltr'><strong>episcopo</strong></span> <span class='ocrx_word' id='word_1_245' title='bbox 894 3344 1075 3400; x_wconf 81' lang='lat' dir='ltr'><strong>vivere</strong></span> <span class='ocrx_word' id='word_1_246' title='bbox 1101 3361 1213 3421; x_wconf 86' lang='lat' dir='ltr'><strong>nou</strong></span> <span class='ocrx_word' id='word_1_247' title='bbox 1235 3346 1452 3403; x_wconf 89' lang='lat' dir='ltr'><strong>debere.</strong></span> <span class='ocrx_word' id='word_1_248' title='bbox 1481 3346 1638 3413; x_wconf 86' lang='lat' dir='ltr'><strong>Quod</strong></span> 
     </span>
    </p>
   </div>
   <div class='ocr_carea' id='block_1_34' title="bbox 111 3431 1638 3510">
    <p class='ocr_par' dir='ltr' id='par_1_34' title="bbox 111 3431 1638 3510">
     <span class='ocr_line' id='line_1_34' title="bbox 111 3431 1638 3510; baseline 0.011 -30"><span class='ocrx_word' id='word_1_249' title='bbox 111 3442 160 3481; x_wconf 85' lang='lat' dir='ltr'><strong>an</strong></span> <span class='ocrx_word' id='word_1_250' title='bbox 187 3431 244 3485; x_wconf 84' lang='lat' dir='ltr'><strong>ab</strong></span> <span class='ocrx_word' id='word_1_251' title='bbox 265 3431 464 3504; x_wconf 81' lang='lat' dir='ltr'><strong>lgnatio</strong></span> <span class='ocrx_word' id='word_1_252' title='bbox 493 3437 831 3506; x_wconf 84' lang='lat' dir='ltr'><strong>acceperint,</strong></span> <span class='ocrx_word' id='word_1_253' title='bbox 860 3437 938 3492; x_wconf 88' lang='lat' dir='ltr'><strong>illi</strong></span> <span class='ocrx_word' id='word_1_254' title='bbox 976 3438 1218 3494; x_wconf 85' lang='lat' dir='ltr'><strong>viderint</strong></span> <span class='ocrx_word' id='word_1_255' title='bbox 1243 3440 1337 3510; x_wconf 88' lang='lat' dir='ltr'><strong>qui</strong></span> <span class='ocrx_word' id='word_1_256' title='bbox 1363 3441 1638 3497; x_wconf 88' lang='lat' dir='ltr'><strong>neminem</strong></span> 
     </span>
    </p>
   </div>
   <div class='ocr_carea' id='block_1_35' title="bbox 107 3520 1639 3601">
    <p class='ocr_par' dir='ltr' id='par_1_35' title="bbox 107 3520 1639 3601">
     <span class='ocr_line' id='line_1_35' title="bbox 107 3520 1639 3601; baseline 0.01 -28"><span class='ocrx_word' id='word_1_257' title='bbox 107 3520 237 3577; x_wconf 84' lang='lat' dir='ltr'><strong>alium</strong></span> <span class='ocrx_word' id='word_1_258' title='bbox 274 3541 391 3581; x_wconf 90' lang='lat' dir='ltr'><strong>eam</strong></span> <span class='ocrx_word' id='word_1_259' title='bbox 446 3528 838 3584; x_wconf 87' lang='lat' dir='ltr'><strong>necessitatem</strong></span> <span class='ocrx_word' id='word_1_260' title='bbox 890 3529 1148 3586; x_wconf 89' lang='lat' dir='ltr'><strong>docuisse</strong></span> <span class='ocrx_word' id='word_1_261' title='bbox 1192 3539 1408 3601; x_wconf 90' lang='lat' dir='ltr'><strong>putant.</strong></span> <span class='ocrx_word' id='word_1_262' title='bbox 1460 3530 1639 3588; x_wconf 78' lang='lat' dir='ltr'><strong>Vivilo</strong></span> 
     </span>
    </p>
   </div>
   <div class='ocr_carea' id='block_1_36' title="bbox 106 3614 1637 3694">
    <p class='ocr_par' dir='ltr' id='par_1_36' title="bbox 106 3614 1637 3694">
     <span class='ocr_line' id='line_1_36' title="bbox 106 3614 1637 3694; baseline 0.01 -30"><span class='ocrx_word' id='word_1_263' title='bbox 106 3614 232 3668; x_wconf 84' lang='lat' dir='ltr'><strong>etiam</strong></span> <span class='ocrx_word' id='word_1_264' title='bbox 261 3616 369 3687; x_wconf 90' lang='lat' dir='ltr'><strong>ipse</strong></span> <span class='ocrx_word' id='word_1_265' title='bbox 411 3618 538 3675; x_wconf 90' lang='lat' dir='ltr'><strong>ideo</strong></span> <span class='ocrx_word' id='word_1_266' title='bbox 589 3620 794 3676; x_wconf 89' lang='lat' dir='ltr'><strong>missus</strong></span> <span class='ocrx_word' id='word_1_267' title='bbox 843 3635 969 3677; x_wconf 87' lang='lat' dir='ltr'><strong>esse</strong></span> <span class='ocrx_word' id='word_1_268' title='bbox 1014 3622 1279 3689; x_wconf 87' lang='lat' dir='ltr'><strong>traditur,</strong></span> <span class='ocrx_word' id='word_1_269' title='bbox 1305 3623 1435 3693; x_wconf 89' lang='lat' dir='ltr'><strong>quia</strong></span> <span class='ocrx_word' id='word_1_270' title='bbox 1484 3624 1637 3694; x_wconf 91' lang='lat' dir='ltr'><strong>prior</strong></span> 
     </span>
    </p>
   </div>
   <div class='ocr_carea' id='block_1_37' title="bbox 104 3705 1639 3785">
    <p class='ocr_par' dir='ltr' id='par_1_37' title="bbox 104 3705 1639 3785">
     <span class='ocr_line' id='line_1_37' title="bbox 104 3705 1639 3785; baseline 0.01 -27"><span class='ocrx_word' id='word_1_271' title='bbox 104 3705 344 3777; x_wconf 84' lang='lat' dir='ltr'><strong>episcopus</strong></span> <span class='ocrx_word' id='word_1_272' title='bbox 375 3720 523 3766; x_wconf 84' lang='lat' dir='ltr'><strong>esset</strong></span> <span class='ocrx_word' id='word_1_273' title='bbox 560 3710 875 3769; x_wconf 88' lang='lat' dir='ltr'><strong>defunctus.</strong></span> <span class='ocrx_word' id='word_1_274' title='bbox 913 3711 980 3768; x_wconf 88' lang='lat' dir='ltr'><strong>Et</strong></span> <span class='ocrx_word' id='word_1_275' title='bbox 1010 3713 1240 3783; x_wconf 90' lang='lat' dir='ltr'><strong>epistola</strong></span> <span class='ocrx_word' id='word_1_276' title='bbox 1263 3713 1509 3785; x_wconf 86' lang='lat' dir='ltr'><strong>Gregorii</strong></span> <span class='ocrx_word' id='word_1_277' title='bbox 1542 3732 1639 3772; x_wconf 82' lang='lat' dir='ltr'><strong>ex-</strong></span> 
     </span>
    </p>
   </div>
   <div class='ocr_carea' id='block_1_38' title="bbox 105 3801 1639 3876">
    <p class='ocr_par' dir='ltr' id='par_1_38' title="bbox 105 3801 1639 3876">
     <span class='ocr_line' id='line_1_38' title="bbox 105 3801 1639 3876; baseline 0.008 -29"><span class='ocrx_word' id='word_1_278' title='bbox 105 3803 187 3849; x_wconf 87' lang='lat' dir='ltr'><strong>stat</strong></span> <span class='ocrx_word' id='word_1_279' title='bbox 200 3813 307 3855; x_wconf 93' lang='lat' dir='ltr'><strong>cum</strong></span> <span class='ocrx_word' id='word_1_280' title='bbox 334 3801 491 3857; x_wconf 86' lang='lat' dir='ltr'><strong>titulo</strong></span> <span class='ocrx_word' id='word_1_281' title='bbox 519 3822 534 3858; x_wconf 91' lang='lat'><strong>:</strong></span> <span class='ocrx_word' id='word_1_282' title='bbox 579 3802 957 3858; x_wconf 84' lang='lat' dir='ltr'><strong>Dilectissimis</strong></span> <span class='ocrx_word' id='word_1_283' title='bbox 981 3804 1131 3858; x_wconf 88' lang='lat' dir='ltr'><strong>nobis</strong></span> <span class='ocrx_word' id='word_1_284' title='bbox 1151 3804 1410 3875; x_wconf 86' lang='lat' dir='ltr'><strong>episcopis</strong></span> <span class='ocrx_word' id='word_1_285' title='bbox 1444 3806 1499 3859; x_wconf 90' lang='lat' dir='ltr'><strong>in</strong></span> <span class='ocrx_word' id='word_1_286' title='bbox 1522 3823 1639 3876; x_wconf 87' lang='lat' dir='ltr'><strong>pro-</strong></span> 
     </span>
    </p>
   </div>
   <div class='ocr_carea' id='block_1_39' title="bbox 102 3889 1632 3968">
    <p class='ocr_par' dir='ltr' id='par_1_39' title="bbox 102 3889 1632 3968">
     <span class='ocr_line' id='line_1_39' title="bbox 102 3889 1632 3968; baseline 0.009 -29"><span class='ocrx_word' id='word_1_287' title='bbox 102 3889 237 3944; x_wconf 74' lang='lat' dir='ltr'><strong>vincia</strong></span> <span class='ocrx_word' id='word_1_288' title='bbox 270 3892 534 3950; x_wconf 79' lang='lat' dir='ltr'><strong>Boioaria:</strong></span> <span class='ocrx_word' id='word_1_289' title='bbox 570 3905 622 3948; x_wconf 89' lang='lat' dir='ltr'><strong>et</strong></span> <span class='ocrx_word' id='word_1_290' title='bbox 654 3893 1008 3949; x_wconf 80' lang='lat' dir='ltr'><strong>Altemannia:</strong></span> <span class='ocrx_word' id='word_1_291' title='bbox 1037 3897 1344 3951; x_wconf 86' lang='lat' dir='ltr'><strong>constitutis</strong></span> <span class='ocrx_word' id='word_1_292' title='bbox 1382 3896 1597 3968; x_wconf 87' lang='lat' dir='ltr'><strong>Wigoni</strong></span> <span class='ocrx_word' id='word_1_293' title='bbox 1617 3939 1632 3965; x_wconf 91' lang='lat'><strong>,</strong></span> 
     </span>
    </p>
   </div>
   <div class='ocr_carea' id='block_1_40' title="bbox 104 3979 1630 4062">
    <p class='ocr_par' dir='ltr' id='par_1_40' title="bbox 104 3979 1630 4062">
     <span class='ocr_line' id='line_1_40' title="bbox 104 3979 1630 4062; baseline 0.01 -31"><span class='ocrx_word' id='word_1_294' title='bbox 104 3979 311 4051; x_wconf 80' lang='lat' dir='ltr'><strong>Luidoni,</strong></span> <span class='ocrx_word' id='word_1_295' title='bbox 338 3986 592 4058; x_wconf 79' lang='lat' dir='ltr'><strong>Rodulfo,</strong></span> <span class='ocrx_word' id='word_1_296' title='bbox 630 3987 797 4042; x_wconf 78' lang='lat' dir='ltr'><strong>Vivite</strong></span> <span class='ocrx_word' id='word_1_297' title='bbox 820 4006 912 4043; x_wconf 88' lang='lat' dir='ltr'><strong>seu</strong></span> <span class='ocrx_word' id='word_1_298' title='bbox 931 3988 1123 4057; x_wconf 69' lang='lat' dir='ltr'><strong>Addere,</strong></span> <span class='ocrx_word' id='word_1_299' title='bbox 1160 3990 1445 4061; x_wconf 82' lang='lat' dir='ltr'><strong>Gregorius</strong></span> <span class='ocrx_word' id='word_1_300' title='bbox 1471 4010 1630 4062; x_wconf 88' lang='lat' dir='ltr'><strong>papa.</strong></span> 
     </span>
    </p>
   </div>
   <div class='ocr_carea' id='block_1_41' title="bbox 104 4071 1635 4153">
    <p class='ocr_par' dir='ltr' id='par_1_41' title="bbox 104 4071 1635 4153">
     <span class='ocr_line' id='line_1_41' title="bbox 104 4071 1635 4153; baseline 0.009 -26"><span class='ocrx_word' id='word_1_301' title='bbox 104 4071 155 4129; x_wconf 81' lang='lat' dir='ltr'><strong>Ut</strong></span> <span class='ocrx_word' id='word_1_302' title='bbox 172 4093 256 4133; x_wconf 91' lang='lat' dir='ltr'><strong>nec</strong></span> <span class='ocrx_word' id='word_1_303' title='bbox 277 4080 504 4149; x_wconf 89' lang='lat' dir='ltr'><strong>primus,</strong></span> <span class='ocrx_word' id='word_1_304' title='bbox 521 4096 627 4137; x_wconf 90' lang='lat' dir='ltr'><strong>nec</strong></span> <span class='ocrx_word' id='word_1_305' title='bbox 649 4082 802 4139; x_wconf 88' lang='lat' dir='ltr'><strong>solus</strong></span> <span class='ocrx_word' id='word_1_306' title='bbox 819 4090 950 4137; x_wconf 91' lang='lat' dir='ltr'><strong>tunc</strong></span> <span class='ocrx_word' id='word_1_307' title='bbox 968 4083 1231 4153; x_wconf 90' lang='lat' dir='ltr'><strong>temporis</strong></span> <span class='ocrx_word' id='word_1_308' title='bbox 1252 4082 1635 4141; x_wconf 82' lang='lat' dir='ltr'><strong>ViviloBoioa-</strong></span> 
     </span>
    </p>
   </div>
   <div class='ocr_carea' id='block_1_42' title="bbox 100 4168 1637 4247">
    <p class='ocr_par' dir='ltr' id='par_1_42' title="bbox 100 4168 1637 4247">
     <span class='ocr_line' id='line_1_42' title="bbox 100 4168 1637 4247; baseline 0.01 -27"><span class='ocrx_word' id='word_1_309' title='bbox 100 4168 266 4226; x_wconf 86' lang='lat' dir='ltr'><strong>riorum</strong></span> <span class='ocrx_word' id='word_1_310' title='bbox 302 4177 594 4247; x_wconf 89' lang='lat' dir='ltr'><strong>episc0pus</strong></span> <span class='ocrx_word' id='word_1_311' title='bbox 631 4176 804 4232; x_wconf 90' lang='lat' dir='ltr'><strong>fuisse</strong></span> <span class='ocrx_word' id='word_1_312' title='bbox 844 4177 1131 4246; x_wconf 90' lang='lat' dir='ltr'><strong>videatur;</strong></span> <span class='ocrx_word' id='word_1_313' title='bbox 1165 4186 1220 4234; x_wconf 90' lang='lat' dir='ltr'><strong>et</strong></span> <span class='ocrx_word' id='word_1_314' title='bbox 1245 4194 1372 4234; x_wconf 83' lang='lat' dir='ltr'><strong>eum</strong></span> <span class='ocrx_word' id='word_1_315' title='bbox 1406 4180 1637 4236; x_wconf 75' lang='lat' dir='ltr'><strong>Bonifa-</strong></span> 
     </span>
    </p>
   </div>
   <div class='ocr_carea' id='block_1_43' title="bbox 98 4262 1631 4342">
    <p class='ocr_par' dir='ltr' id='par_1_43' title="bbox 98 4262 1631 4342">
     <span class='ocr_line' id='line_1_43' title="bbox 98 4262 1631 4342; baseline 0.01 -29"><span class='ocrx_word' id='word_1_316' title='bbox 98 4262 189 4317; x_wconf 87' lang='lat' dir='ltr'><strong>cius</strong></span> <span class='ocrx_word' id='word_1_317' title='bbox 207 4263 597 4324; x_wconf 83' lang='lat' dir='ltr'><strong>Germanorum</strong></span> <span class='ocrx_word' id='word_1_318' title='bbox 628 4269 912 4338; x_wconf 88' lang='lat' dir='ltr'><strong>apostolus</strong></span> <span class='ocrx_word' id='word_1_319' title='bbox 946 4268 1165 4324; x_wconf 85' lang='lat' dir='ltr'><strong>dicatur</strong></span> <span class='ocrx_word' id='word_1_320' title='bbox 1185 4310 1201 4334; x_wconf 89' lang='lat'><strong>,</strong></span> <span class='ocrx_word' id='word_1_321' title='bbox 1241 4279 1458 4342; x_wconf 89' lang='lat' dir='ltr'><strong>tempus</strong></span> <span class='ocrx_word' id='word_1_322' title='bbox 1499 4273 1631 4328; x_wconf 89' lang='lat' dir='ltr'><strong>illud</strong></span> 
     </span>
    </p>
   </div>
   <div class='ocr_carea' id='block_1_44' title="bbox 98 4356 1631 4431">
    <p class='ocr_par' dir='ltr' id='par_1_44' title="bbox 98 4356 1631 4431">
     <span class='ocr_line' id='line_1_44' title="bbox 98 4356 1631 4431; baseline 0.01 -25"><span class='ocrx_word' id='word_1_323' title='bbox 98 4356 267 4411; x_wconf 86' lang='lat' dir='ltr'><strong>ostendi</strong></span> <span class='ocrx_word' id='word_1_324' title='bbox 291 4374 393 4413; x_wconf 89' lang='lat' dir='ltr'><strong>non</strong></span> <span class='ocrx_word' id='word_1_325' title='bbox 437 4369 646 4431; x_wconf 85' lang='lat' dir='ltr'><strong>potest,</strong></span> <span class='ocrx_word' id='word_1_326' title='bbox 677 4376 787 4431; x_wconf 92' lang='lat' dir='ltr'><strong>quo</strong></span> <span class='ocrx_word' id='word_1_327' title='bbox 818 4358 964 4430; x_wconf 89' lang='lat' dir='ltr'><strong>apud</strong></span> <span class='ocrx_word' id='word_1_328' title='bbox 988 4360 1278 4420; x_wconf 73' lang='lat' dir='ltr'><strong>&#39;Boioarios</strong></span> <span class='ocrx_word' id='word_1_329' title='bbox 1308 4365 1442 4421; x_wconf 85' lang='lat' dir='ltr'><strong>fides</strong></span> <span class='ocrx_word' id='word_1_330' title='bbox 1473 4365 1631 4421; x_wconf 86' lang='lat' dir='ltr'><strong>Chri-</strong></span> 
     </span>
    </p>
   </div>
   <div class='ocr_carea' id='block_1_45' title="bbox 96 4447 1332 4528">
    <p class='ocr_par' dir='ltr' id='par_1_45' title="bbox 96 4447 1332 4528">
     <span class='ocr_line' id='line_1_45' title="bbox 96 4447 1332 4528; baseline 0.011 -29"><span class='ocrx_word' id='word_1_331' title='bbox 96 4447 148 4501; x_wconf 84' lang='lat' dir='ltr'><strong>sti</strong></span> <span class='ocrx_word' id='word_1_332' title='bbox 175 4451 262 4507; x_wconf 86' lang='lat' dir='ltr'><strong>sub</strong></span> <span class='ocrx_word' id='word_1_333' title='bbox 283 4454 617 4527; x_wconf 87' lang='lat' dir='ltr'><strong>presbyteris</strong></span> <span class='ocrx_word' id='word_1_334' title='bbox 640 4455 760 4510; x_wconf 88' lang='lat' dir='ltr'><strong>sine</strong></span> <span class='ocrx_word' id='word_1_335' title='bbox 784 4457 1041 4528; x_wconf 88' lang='lat' dir='ltr'><strong>episcopo</strong></span> <span class='ocrx_word' id='word_1_336' title='bbox 1077 4456 1332 4528; x_wconf 85' lang='lat' dir='ltr'><strong>viguerit.</strong></span> 
     </span>
    </p>
   </div>
   <div class='ocr_carea' id='block_1_46' title="bbox 146 4532 1706 4620">
    <p class='ocr_par' dir='ltr' id='par_1_46' title="bbox 146 4532 1706 4620">
     <span class='ocr_line' id='line_1_46' title="bbox 146 4532 1706 4620; baseline 0.006 -25"><span class='ocrx_word' id='word_1_337' title='bbox 146 4540 351 4600; x_wconf 82' lang='lat' dir='ltr'><strong>Alterius</strong></span> <span class='ocrx_word' id='word_1_338' title='bbox 377 4547 543 4616; x_wconf 87' lang='lat' dir='ltr'><strong>plane</strong></span> <span class='ocrx_word' id='word_1_339' title='bbox 576 4547 793 4616; x_wconf 84' lang='lat' dir='ltr'><strong>generis</strong></span> <span class='ocrx_word' id='word_1_340' title='bbox 819 4556 903 4603; x_wconf 92' lang='lat' dir='ltr'><strong>est</strong></span> <span class='ocrx_word' id='word_1_341' title='bbox 931 4548 1078 4618; x_wconf 92' lang='lat' dir='ltr'><strong>quod</strong></span> <span class='ocrx_word' id='word_1_342' title='bbox 1102 4565 1132 4604; x_wconf 91' lang='lat' dir='ltr'><strong>e</strong></span> <span class='ocrx_word' id='word_1_343' title='bbox 1162 4548 1342 4605; x_wconf 87' lang='lat' dir='ltr'><strong>Scotia</strong></span> <span class='ocrx_word' id='word_1_344' title='bbox 1374 4551 1506 4620; x_wconf 83' lang='lat' dir='ltr'><strong>petit</strong></span> <span class='ocrx_word' id='word_1_345' title='bbox 1537 4567 1628 4605; x_wconf 91' lang='lat' dir='ltr'><strong>ar-</strong></span> <span class='ocrx_word' id='word_1_346' title='bbox 1661 4532 1706 4587; x_wconf 75' lang='lat' dir='ltr'><strong>D</strong></span> 
     </span>
    </p>
   </div>
   <div class='ocr_carea' id='block_1_47' title="bbox 95 4636 1632 4710">
    <p class='ocr_par' dir='ltr' id='par_1_47' title="bbox 95 4636 1632 4710">
     <span class='ocr_line' id='line_1_47' title="bbox 95 4636 1632 4710; baseline 0.009 -26"><span class='ocrx_word' id='word_1_347' title='bbox 95 4646 384 4699; x_wconf 79' lang='lat' dir='ltr'><strong>gumentum.</strong></span> <span class='ocrx_word' id='word_1_348' title='bbox 411 4636 494 4693; x_wconf 86' lang='lat' dir='ltr'><strong>lbi</strong></span> <span class='ocrx_word' id='word_1_349' title='bbox 525 4639 675 4693; x_wconf 89' lang='lat' dir='ltr'><strong>enim</strong></span> <span class='ocrx_word' id='word_1_350' title='bbox 718 4639 1007 4709; x_wconf 87' lang='lat' dir='ltr'><strong>episcopos</strong></span> <span class='ocrx_word' id='word_1_351' title='bbox 1037 4640 1343 4710; x_wconf 88' lang='lat' dir='ltr'><strong>singulares</strong></span> <span class='ocrx_word' id='word_1_352' title='bbox 1370 4642 1425 4695; x_wconf 92' lang='lat' dir='ltr'><strong>in</strong></span> <span class='ocrx_word' id='word_1_353' title='bbox 1456 4643 1632 4698; x_wconf 90' lang='lat' dir='ltr'><strong>eccle-</strong></span> 
     </span>
    </p>
   </div>
   <div class='ocr_carea' id='block_1_48' title="bbox 102 4720 1628 4804">
    <p class='ocr_par' dir='ltr' id='par_1_48' title="bbox 102 4720 1628 4804">
     <span class='ocr_line' id='line_1_48' title="bbox 102 4720 1628 4804; baseline 0.007 -27"><span class='ocrx_word' id='word_1_354' title='bbox 102 4720 174 4777; x_wconf 84' lang='lat' dir='ltr'><strong>siis</strong></span> <span class='ocrx_word' id='word_1_355' title='bbox 193 4722 349 4783; x_wconf 81' lang='lat' dir='ltr'><strong>fuisse</strong></span> <span class='ocrx_word' id='word_1_356' title='bbox 378 4730 571 4799; x_wconf 85' lang='lat' dir='ltr'><strong>negari</strong></span> <span class='ocrx_word' id='word_1_357' title='bbox 610 4745 719 4784; x_wconf 91' lang='lat' dir='ltr'><strong>non</strong></span> <span class='ocrx_word' id='word_1_358' title='bbox 753 4737 934 4800; x_wconf 88' lang='lat' dir='ltr'><strong>potest</strong></span> <span class='ocrx_word' id='word_1_359' title='bbox 961 4729 1030 4784; x_wconf 88' lang='lat' dir='ltr'><strong>ad</strong></span> <span class='ocrx_word' id='word_1_360' title='bbox 1072 4728 1305 4787; x_wconf 89' lang='lat' dir='ltr'><strong>formam</strong></span> <span class='ocrx_word' id='word_1_361' title='bbox 1343 4733 1628 4804; x_wconf 88' lang='lat' dir='ltr'><strong>regiminis</strong></span> 
     </span>
    </p>
   </div>
   <div class='ocr_carea' id='block_1_49' title="bbox 96 4812 1627 4896">
    <p class='ocr_par' dir='ltr' id='par_1_49' title="bbox 96 4812 1627 4896">
     <span class='ocr_line' id='line_1_49' title="bbox 96 4812 1627 4896; baseline 0.007 -27"><span class='ocrx_word' id='word_1_362' title='bbox 96 4812 329 4884; x_wconf 70' lang='lat' dir='ltr'><strong>lgnatiani.</strong></span> <span class='ocrx_word' id='word_1_363' title='bbox 366 4821 544 4891; x_wconf 90' lang='lat' dir='ltr'><strong>Nam,</strong></span> <span class='ocrx_word' id='word_1_364' title='bbox 588 4833 647 4879; x_wconf 92' lang='lat' dir='ltr'><strong>ut</strong></span> <span class='ocrx_word' id='word_1_365' title='bbox 683 4822 829 4879; x_wconf 85' lang='lat' dir='ltr'><strong>Beda</strong></span> <span class='ocrx_word' id='word_1_366' title='bbox 869 4832 1101 4881; x_wconf 87' lang='lat' dir='ltr'><strong>testatur</strong></span> <span class='ocrx_word' id='word_1_367' title='bbox 1139 4841 1153 4877; x_wconf 87' lang='lat'><strong>:</strong></span> <span class='ocrx_word' id='word_1_368' title='bbox 1185 4826 1362 4880; x_wconf 81' lang='lat' dir='ltr'><strong>Abbas</strong></span> <span class='ocrx_word' id='word_1_369' title='bbox 1405 4826 1627 4896; x_wconf 87' lang='lat' dir='ltr'><strong>quidam</strong></span> 
     </span>
    </p>
   </div>
   <div class='ocr_carea' id='block_1_50' title="bbox 92 4913 1628 4989">
    <p class='ocr_par' dir='ltr' id='par_1_50' title="bbox 92 4913 1628 4989">
     <span class='ocr_line' id='line_1_50' title="bbox 92 4913 1628 4989; baseline 0.002 -18"><span class='ocrx_word' id='word_1_370' title='bbox 92 4913 309 4981; x_wconf 66' lang='lat' dir='ltr'><strong>Presbyter</strong></span> <span class='ocrx_word' id='word_1_371' title='bbox 340 4916 482 4984; x_wconf 84' lang='lat' dir='ltr'><strong>fuit,</strong></span> <span class='ocrx_word' id='word_1_372' title='bbox 518 4916 674 4986; x_wconf 83' lang='lat' dir='ltr'><strong>cujus</strong></span> <span class='ocrx_word' id='word_1_373' title='bbox 712 4916 831 4987; x_wconf 88' lang='lat' dir='ltr'><strong>juri</strong></span> <span class='ocrx_word' id='word_1_374' title='bbox 854 4927 904 4973; x_wconf 90' lang='lat' dir='ltr'><strong>et</strong></span> <span class='ocrx_word' id='word_1_375' title='bbox 937 4922 1107 4974; x_wconf 82' lang='lat' dir='ltr'><strong>omnis</strong></span> <span class='ocrx_word' id='word_1_376' title='bbox 1142 4920 1413 4988; x_wconf 85' lang='lat' dir='ltr'><strong>provincia</strong></span> <span class='ocrx_word' id='word_1_377' title='bbox 1447 4929 1496 4974; x_wconf 90' lang='lat' dir='ltr'><strong>et</strong></span> <span class='ocrx_word' id='word_1_378' title='bbox 1526 4920 1628 4989; x_wconf 86' lang='lat' dir='ltr'><strong>ipsi</strong></span> 
     </span>
    </p>
   </div>
   <div class='ocr_carea' id='block_1_51' title="bbox 92 5004 1625 5084">
    <p class='ocr_par' dir='ltr' id='par_1_51' title="bbox 92 5004 1625 5084">
     <span class='ocr_line' id='line_1_51' title="bbox 92 5004 1625 5084; baseline 0.014 -33"><span class='ocrx_word' id='word_1_379' title='bbox 92 5004 215 5057; x_wconf 76' lang='lat' dir='ltr'><strong>etiam</strong></span> <span class='ocrx_word' id='word_1_380' title='bbox 237 5009 459 5079; x_wconf 81' lang='lat' dir='ltr'><strong>episcopi</strong></span> <span class='ocrx_word' id='word_1_381' title='bbox 497 5010 725 5079; x_wconf 85' lang='lat' dir='ltr'><strong>subjecti</strong></span> <span class='ocrx_word' id='word_1_382' title='bbox 751 5021 925 5067; x_wconf 87' lang='lat' dir='ltr'><strong>erant.</strong></span> <span class='ocrx_word' id='word_1_383' title='bbox 966 5012 1043 5068; x_wconf 89' lang='lat' dir='ltr'><strong>lta</strong></span> <span class='ocrx_word' id='word_1_384' title='bbox 1075 5014 1295 5084; x_wconf 90' lang='lat' dir='ltr'><strong>quidem</strong></span> <span class='ocrx_word' id='word_1_385' title='bbox 1324 5014 1491 5078; x_wconf 89' lang='lat' dir='ltr'><strong>Beda,</strong></span> <span class='ocrx_word' id='word_1_386' title='bbox 1529 5016 1625 5072; x_wconf 83' lang='lat' dir='ltr'><strong>sed</strong></span> 
     </span>
    </p>
   </div>
   <div class='ocr_carea' id='block_1_52' title="bbox 91 5095 1620 5177">
    <p class='ocr_par' dir='ltr' id='par_1_52' title="bbox 91 5095 1620 5177">
     <span class='ocr_line' id='line_1_52' title="bbox 91 5095 1620 5177; baseline 0.014 -34"><span class='ocrx_word' id='word_1_387' title='bbox 91 5095 251 5151; x_wconf 84' lang='lat' dir='ltr'><strong>omissa</strong></span> <span class='ocrx_word' id='word_1_388' title='bbox 290 5112 415 5157; x_wconf 83' lang='lat' dir='ltr'><strong>sunt</strong></span> <span class='ocrx_word' id='word_1_389' title='bbox 445 5102 617 5159; x_wconf 89' lang='lat' dir='ltr'><strong>verba</strong></span> <span class='ocrx_word' id='word_1_390' title='bbox 657 5113 849 5159; x_wconf 86' lang='lat' dir='ltr'><strong>notatu</strong></span> <span class='ocrx_word' id='word_1_391' title='bbox 889 5105 1074 5177; x_wconf 84' lang='lat' dir='ltr'><strong>digna,</strong></span> <span class='ocrx_word' id='word_1_392' title='bbox 1117 5106 1303 5161; x_wconf 88' lang='lat' dir='ltr'><strong>ordine</strong></span> <span class='ocrx_word' id='word_1_393' title='bbox 1342 5107 1620 5164; x_wconf 89' lang='lat' dir='ltr'><strong>inusitato.</strong></span> 
     </span>
    </p>
   </div>
   <div class='ocr_carea' id='block_1_53' title="bbox 91 5183 1622 5256">
    <p class='ocr_par' dir='ltr' id='par_1_53' title="bbox 91 5183 1622 5256">
     <span class='ocr_line' id='line_1_53' title="bbox 91 5183 1622 5256; baseline 0.008 -14"><span class='ocrx_word' id='word_1_394' title='bbox 91 5183 277 5256; x_wconf 70' lang='lat' dir='ltr'><strong>Agnorit</strong></span> <span class='ocrx_word' id='word_1_395' title='bbox 302 5190 577 5251; x_wconf 78' lang='lat' dir='ltr'><strong>Seldeiius</strong></span> <span class='ocrx_word' id='word_1_396' title='bbox 606 5197 860 5252; x_wconf 88' lang='lat' dir='ltr'><strong>ordinem</strong></span> <span class='ocrx_word' id='word_1_397' title='bbox 902 5197 1225 5254; x_wconf 88' lang='lat' dir='ltr'><strong>inusitatum</strong></span> <span class='ocrx_word' id='word_1_398' title='bbox 1269 5214 1300 5253; x_wconf 88' lang='lat' dir='ltr'><strong>a</strong></span> <span class='ocrx_word' id='word_1_399' title='bbox 1345 5199 1489 5255; x_wconf 87' lang='lat' dir='ltr'><strong>Beda</strong></span> <span class='ocrx_word' id='word_1_400' title='bbox 1518 5200 1622 5255; x_wconf 90' lang='lat' dir='ltr'><strong>ob-</strong></span> 
     </span>
    </p>
   </div>
   <div class='ocr_carea' id='block_1_54' title="bbox 91 5286 1622 5360">
    <p class='ocr_par' dir='ltr' id='par_1_54' title="bbox 91 5286 1622 5360">
     <span class='ocr_line' id='line_1_54' title="bbox 91 5286 1622 5360; baseline 0.01 -29"><span class='ocrx_word' id='word_1_401' title='bbox 91 5290 314 5339; x_wconf 75' lang='lat' dir='ltr'><strong>servatum</strong></span> <span class='ocrx_word' id='word_1_402' title='bbox 341 5305 355 5341; x_wconf 90' lang='lat'><strong>:</strong></span> <span class='ocrx_word' id='word_1_403' title='bbox 387 5286 493 5342; x_wconf 90' lang='lat' dir='ltr'><strong>Sed</strong></span> <span class='ocrx_word' id='word_1_404' title='bbox 529 5289 646 5359; x_wconf 88' lang='lat' dir='ltr'><strong>qui,</strong></span> <span class='ocrx_word' id='word_1_405' title='bbox 677 5289 876 5360; x_wconf 89' lang='lat' dir='ltr'><strong>inquit,</strong></span> <span class='ocrx_word' id='word_1_406' title='bbox 908 5306 973 5344; x_wconf 76' lang='lat' dir='ltr'><strong>ea:</strong></span> <span class='ocrx_word' id='word_1_407' title='bbox 1003 5307 1145 5345; x_wconf 87' lang='lat' dir='ltr'><strong>more</strong></span> <span class='ocrx_word' id='word_1_408' title='bbox 1170 5291 1244 5344; x_wconf 89' lang='lat' dir='ltr'><strong>ibi</strong></span> <span class='ocrx_word' id='word_1_409' title='bbox 1269 5292 1622 5347; x_wconf 84' lang='lat' dir='ltr'><strong>vetustissimo</strong></span> 
     </span>
    </p>
   </div>
   <div class='ocr_carea' id='block_1_55' title="bbox 87 5373 1618 5454">
    <p class='ocr_par' dir='ltr' id='par_1_55' title="bbox 87 5373 1618 5454">
     <span class='ocr_line' id='line_1_55' title="bbox 87 5373 1618 5454; baseline 0.005 -23"><span class='ocrx_word' id='word_1_410' title='bbox 87 5373 450 5450; x_wconf 55' lang='lat' dir='ltr'><strong>“tutorumque</strong></span> <span class='ocrx_word' id='word_1_411' title='bbox 468 5380 588 5435; x_wconf 84' lang='lat' dir='ltr'><strong>illic</strong></span> <span class='ocrx_word' id='word_1_412' title='bbox 606 5384 933 5437; x_wconf 88' lang='lat' dir='ltr'><strong>anteriorum</strong></span> <span class='ocrx_word' id='word_1_413' title='bbox 959 5383 1243 5453; x_wconf 85' lang='lat' dir='ltr'><strong>disciplina</strong></span> <span class='ocrx_word' id='word_1_414' title='bbox 1268 5396 1503 5454; x_wconf 88' lang='lat' dir='ltr'><strong>receptus</strong></span> <span class='ocrx_word' id='word_1_415' title='bbox 1528 5386 1618 5440; x_wconf 89' lang='lat' dir='ltr'><strong>sit.</strong></span> 
     </span>
    </p>
   </div>
   <div class='ocr_carea' id='block_1_56' title="bbox 90 5458 1622 5547">
    <p class='ocr_par' dir='ltr' id='par_1_56' title="bbox 90 5458 1622 5547">
     <span class='ocr_line' id='line_1_56' title="bbox 90 5458 1622 5547; baseline 0.01 -30"><span class='ocrx_word' id='word_1_416' title='bbox 90 5458 171 5517; x_wconf 85' lang='lat' dir='ltr'><strong>Sed</strong></span> <span class='ocrx_word' id='word_1_417' title='bbox 197 5475 306 5540; x_wconf 82' lang='lat' dir='ltr'><strong>quis</strong></span> <span class='ocrx_word' id='word_1_418' title='bbox 333 5474 477 5542; x_wconf 89' lang='lat' dir='ltr'><strong>apud</strong></span> <span class='ocrx_word' id='word_1_419' title='bbox 514 5473 787 5531; x_wconf 88' lang='lat' dir='ltr'><strong>Jonenses</strong></span> <span class='ocrx_word' id='word_1_420' title='bbox 814 5476 1161 5547; x_wconf 86' lang='lat' dir='ltr'><strong>presbyteros</strong></span> <span class='ocrx_word' id='word_1_421' title='bbox 1183 5492 1304 5532; x_wconf 85' lang='lat' dir='ltr'><strong>mos</strong></span> <span class='ocrx_word' id='word_1_422' title='bbox 1337 5476 1438 5531; x_wconf 91' lang='lat' dir='ltr'><strong>fuit</strong></span> <span class='ocrx_word' id='word_1_423' title='bbox 1462 5476 1622 5533; x_wconf 61' lang='lat' dir='ltr'><strong>Beda:</strong></span> 
     </span>
    </p>
   </div>
   <div class='ocr_carea' id='block_1_57' title="bbox 88 5564 1615 5640">
    <p class='ocr_par' dir='ltr' id='par_1_57' title="bbox 88 5564 1615 5640">
     <span class='ocr_line' id='line_1_57' title="bbox 88 5564 1615 5640; baseline 0.01 -29"><span class='ocrx_word' id='word_1_424' title='bbox 88 5567 174 5611; x_wconf 65' lang='lat' dir='ltr'><strong>avo</strong></span> <span class='ocrx_word' id='word_1_425' title='bbox 196 5564 629 5636; x_wconf 85' lang='lat' dir='ltr'><strong>antiquissimus,</strong></span> <span class='ocrx_word' id='word_1_426' title='bbox 670 5578 765 5623; x_wconf 92' lang='lat' dir='ltr'><strong>aut</strong></span> <span class='ocrx_word' id='word_1_427' title='bbox 797 5580 932 5640; x_wconf 87' lang='lat' dir='ltr'><strong>quot</strong></span> <span class='ocrx_word' id='word_1_428' title='bbox 964 5569 1191 5626; x_wconf 89' lang='lat' dir='ltr'><strong>fuerunt</strong></span> <span class='ocrx_word' id='word_1_429' title='bbox 1222 5570 1313 5625; x_wconf 89' lang='lat' dir='ltr'><strong>illa</strong></span> <span class='ocrx_word' id='word_1_430' title='bbox 1342 5571 1615 5627; x_wconf 88' lang='lat' dir='ltr'><strong>anteriora</strong></span> 
     </span>
    </p>
   </div>
   <div class='ocr_carea' id='block_1_58' title="bbox 87 5650 1616 5729">
    <p class='ocr_par' dir='ltr' id='par_1_58' title="bbox 87 5650 1616 5729">
     <span class='ocr_line' id='line_1_58' title="bbox 87 5650 1616 5729; baseline 0.009 -26"><span class='ocrx_word' id='word_1_431' title='bbox 87 5650 280 5705; x_wconf 61' lang='lat' dir='ltr'><strong>secula?</strong></span> <span class='ocrx_word' id='word_1_432' title='bbox 307 5655 466 5712; x_wconf 86' lang='lat' dir='ltr'><strong>Certe</strong></span> <span class='ocrx_word' id='word_1_433' title='bbox 487 5657 561 5711; x_wconf 90' lang='lat' dir='ltr'><strong>ab</strong></span> <span class='ocrx_word' id='word_1_434' title='bbox 584 5658 736 5712; x_wconf 90' lang='lat' dir='ltr'><strong>obitu</strong></span> <span class='ocrx_word' id='word_1_435' title='bbox 770 5658 1073 5724; x_wconf 66' lang='lat' dir='ltr'><strong>Columbae,</strong></span> <span class='ocrx_word' id='word_1_436' title='bbox 1100 5660 1194 5729; x_wconf 89' lang='lat' dir='ltr'><strong>qui</strong></span> <span class='ocrx_word' id='word_1_437' title='bbox 1221 5659 1616 5717; x_wconf 88' lang='lat' dir='ltr'><strong>monasterium</strong></span> 
     </span>
    </p>
   </div>
   <div class='ocr_carea' id='block_1_59' title="bbox 86 5738 1613 5824">
    <p class='ocr_par' dir='ltr' id='par_1_59' title="bbox 86 5738 1613 5824">
     <span class='ocr_line' id='line_1_59' title="bbox 86 5738 1613 5824; baseline 0.012 -35"><span class='ocrx_word' id='word_1_438' title='bbox 86 5738 311 5813; x_wconf 82' lang='lat' dir='ltr'><strong>condidit,</strong></span> <span class='ocrx_word' id='word_1_439' title='bbox 364 5749 430 5804; x_wconf 88' lang='lat' dir='ltr'><strong>ad</strong></span> <span class='ocrx_word' id='word_1_440' title='bbox 468 5759 654 5805; x_wconf 89' lang='lat' dir='ltr'><strong>ortum</strong></span> <span class='ocrx_word' id='word_1_441' title='bbox 695 5749 873 5819; x_wconf 83' lang='lat' dir='ltr'><strong>Bedae,</strong></span> <span class='ocrx_word' id='word_1_442' title='bbox 921 5752 1017 5822; x_wconf 92' lang='lat' dir='ltr'><strong>qui</strong></span> <span class='ocrx_word' id='word_1_443' title='bbox 1052 5753 1169 5808; x_wconf 67' lang='lat' dir='ltr'><strong>haec</strong></span> <span class='ocrx_word' id='word_1_444' title='bbox 1212 5752 1453 5824; x_wconf 89' lang='lat' dir='ltr'><strong>scripsit,</strong></span> <span class='ocrx_word' id='word_1_445' title='bbox 1486 5753 1613 5808; x_wconf 89' lang='lat' dir='ltr'><strong>anni</strong></span> 
     </span>
    </p>
   </div>
   <div class='ocr_carea' id='block_1_60' title="bbox 87 5833 1622 5918">
    <p class='ocr_par' dir='ltr' id='par_1_60' title="bbox 87 5833 1622 5918">
     <span class='ocr_line' id='line_1_60' title="bbox 87 5833 1622 5918; baseline 0.016 -38"><span class='ocrx_word' id='word_1_446' title='bbox 87 5833 252 5892; x_wconf 72' lang='lat' dir='ltr'><strong>tantum</strong></span> <span class='ocrx_word' id='word_1_447' title='bbox 274 5851 632 5899; x_wconf 88' lang='lat' dir='ltr'><strong>numerantur</strong></span> <span class='ocrx_word' id='word_1_448' title='bbox 664 5842 750 5898; x_wconf 86' lang='lat'><strong>76.</strong></span> <span class='ocrx_word' id='word_1_449' title='bbox 782 5843 921 5914; x_wconf 87' lang='lat' dir='ltr'><strong>Quid</strong></span> <span class='ocrx_word' id='word_1_450' title='bbox 945 5858 1126 5905; x_wconf 80' lang='lat' dir='ltr'><strong>autem</strong></span> <span class='ocrx_word' id='word_1_451' title='bbox 1170 5845 1299 5908; x_wconf 84' lang='lat' dir='ltr'><strong>hinc</strong></span> <span class='ocrx_word' id='word_1_452' title='bbox 1330 5845 1622 5918; x_wconf 78' lang='lat' dir='ltr'><strong>sequitur?</strong></span> 
     </span>
    </p>
   </div>
   <div class='ocr_carea' id='block_1_61' title="bbox 1686 1847 1730 1903">
    <p class='ocr_par' dir='ltr' id='par_1_61' title="bbox 1686 1847 1730 1903">
     <span class='ocr_line' id='line_1_61' title="bbox 1686 1847 1730 1903; baseline 0 0"><span class='ocrx_word' id='word_1_453' title='bbox 1686 1847 1730 1903; x_wconf 91' lang='lat' dir='ltr'><strong>B</strong></span> 
     </span>
    </p>
   </div>
   <div class='ocr_carea' id='block_1_62' title="bbox 808 366 2490 431">
    <p class='ocr_par' dir='ltr' id='par_1_62' title="bbox 808 366 2490 431">
     <span class='ocr_line' id='line_1_62' title="bbox 808 366 2490 431; baseline 0.005 -9"><span class='ocrx_word' id='word_1_454' title='bbox 808 367 860 422; x_wconf 81' lang='lat' dir='ltr'><strong>J.</strong></span> <span class='ocrx_word' id='word_1_455' title='bbox 902 366 1269 424; x_wconf 79' lang='lat' dir='ltr'><strong>PEARSONH</strong></span> <span class='ocrx_word' id='word_1_456' title='bbox 1310 368 1635 427; x_wconf 66' lang='lat' dir='ltr'><strong>VINDICIIE</strong></span> <span class='ocrx_word' id='word_1_457' title='bbox 1670 370 2089 429; x_wconf 70' lang='lat' dir='ltr'><strong>lGNATlANA&#39;S.</strong></span> <span class='ocrx_word' id='word_1_458' title='bbox 2128 404 2198 415; x_wconf 92' lang='lat'><strong>-</strong></span> <span class='ocrx_word' id='word_1_459' title='bbox 2234 373 2417 431; x_wconf 79' lang='lat' dir='ltr'><strong>PARS</strong></span> <span class='ocrx_word' id='word_1_460' title='bbox 2450 376 2490 431; x_wconf 82' lang='lat' dir='ltr'><strong>l.</strong></span> 
     </span>
    </p>
   </div>
   <div class='ocr_carea' id='block_1_63' title="bbox 3238 381 3346 438">
    <p class='ocr_par' dir='ltr' id='par_1_63' title="bbox 3238 381 3346 438">
     <span class='ocr_line' id='line_1_63' title="bbox 3238 381 3346 438; baseline 0.019 -1"><span class='ocrx_word' id='word_1_461' title='bbox 3238 381 3346 438; x_wconf 75' lang='lat'><strong>250</strong></span> 
     </span>
    </p>
   </div>
   <div class='ocr_carea' id='block_1_64' title="bbox 1772 489 3343 561">
    <p class='ocr_par' dir='ltr' id='par_1_64' title="bbox 1772 489 3343 561">
     <span class='ocr_line' id='line_1_64' title="bbox 1772 489 3343 561; baseline 0.006 -17"><span class='ocrx_word' id='word_1_462' title='bbox 1772 489 1976 561; x_wconf 84' lang='lat' dir='ltr'><strong>Ignatii</strong></span> <span class='ocrx_word' id='word_1_463' title='bbox 2018 494 2392 548; x_wconf 85' lang='lat' dir='ltr'><strong>auctoritatem</strong></span> <span class='ocrx_word' id='word_1_464' title='bbox 2437 511 2509 549; x_wconf 84' lang='lat' dir='ltr'><strong>vu</strong></span> <span class='ocrx_word' id='word_1_465' title='bbox 2562 497 2755 550; x_wconf 76' lang='lat' dir='ltr'><strong>sceculo</strong></span> <span class='ocrx_word' id='word_1_466' title='bbox 2795 495 2967 551; x_wconf 85' lang='lat' dir='ltr'><strong>Scotis</strong></span> <span class='ocrx_word' id='word_1_467' title='bbox 3017 494 3343 554; x_wconf 74' lang='lat' dir='ltr'><strong>Christianis</strong></span> 
     </span>
    </p>
   </div>
   <div class='ocr_carea' id='block_1_65' title="bbox 1769 582 3344 659">
    <p class='ocr_par' dir='ltr' id='par_1_65' title="bbox 1769 582 3344 659">
     <span class='ocr_line' id='line_1_65' title="bbox 1769 582 3344 659; baseline 0.006 -25"><span class='ocrx_word' id='word_1_468' title='bbox 1769 583 1934 652; x_wconf 78' lang='lat' dir='ltr'><strong>fuisse</strong></span> <span class='ocrx_word' id='word_1_469' title='bbox 1963 582 2218 653; x_wconf 84' lang='lat' dir='ltr'><strong>ignotam,</strong></span> <span class='ocrx_word' id='word_1_470' title='bbox 2245 585 2423 654; x_wconf 88' lang='lat' dir='ltr'><strong>inquit</strong></span> <span class='ocrx_word' id='word_1_471' title='bbox 2455 585 2707 642; x_wconf 67' lang='lat' dir='ltr'><strong>Dallazus.</strong></span> <span class='ocrx_word' id='word_1_472' title='bbox 2752 587 2913 643; x_wconf 86' lang='lat' dir='ltr'><strong>Certe</strong></span> <span class='ocrx_word' id='word_1_473' title='bbox 2944 603 3054 643; x_wconf 90' lang='lat' dir='ltr'><strong>non</strong></span> <span class='ocrx_word' id='word_1_474' title='bbox 3095 588 3344 659; x_wconf 78' lang='lat' dir='ltr'><strong>Sequitur</strong></span> 
     </span>
    </p>
   </div>
   <div class='ocr_carea' id='block_1_66' title="bbox 1768 673 3343 751">
    <p class='ocr_par' dir='ltr' id='par_1_66' title="bbox 1768 673 3343 751">
     <span class='ocr_line' id='line_1_66' title="bbox 1768 673 3343 751; baseline 0.005 -24"><span class='ocrx_word' id='word_1_475' title='bbox 1768 674 1994 744; x_wconf 84' lang='lat' dir='ltr'><strong>reliquis</strong></span> <span class='ocrx_word' id='word_1_476' title='bbox 2048 673 2229 733; x_wconf 90' lang='lat' dir='ltr'><strong>Scotis</strong></span> <span class='ocrx_word' id='word_1_477' title='bbox 2272 677 2367 747; x_wconf 81' lang='lat' dir='ltr'><strong>qui</strong></span> <span class='ocrx_word' id='word_1_478' title='bbox 2416 678 2691 749; x_wconf 86' lang='lat' dir='ltr'><strong>episcopis</strong></span> <span class='ocrx_word' id='word_1_479' title='bbox 2736 680 3019 750; x_wconf 89' lang='lat' dir='ltr'><strong>parebant,</strong></span> <span class='ocrx_word' id='word_1_480' title='bbox 3070 678 3343 751; x_wconf 84' lang='lat' dir='ltr'><strong>lgnatiutu</strong></span> 
     </span>
    </p>
   </div>
   <div class='ocr_carea' id='block_1_67' title="bbox 1767 770 3345 843">
    <p class='ocr_par' dir='ltr' id='par_1_67' title="bbox 1767 770 3345 843">
     <span class='ocr_line' id='line_1_67' title="bbox 1767 770 3345 843; baseline 0.004 -23"><span class='ocrx_word' id='word_1_481' title='bbox 1767 775 1981 833; x_wconf 88' lang='lat' dir='ltr'><strong>notum,</strong></span> <span class='ocrx_word' id='word_1_482' title='bbox 2014 783 2191 838; x_wconf 89' lang='lat' dir='ltr'><strong>neque</strong></span> <span class='ocrx_word' id='word_1_483' title='bbox 2240 770 2528 827; x_wconf 89' lang='lat' dir='ltr'><strong>monachis</strong></span> <span class='ocrx_word' id='word_1_484' title='bbox 2555 770 2909 841; x_wconf 77' lang='lat' dir='ltr'><strong>Jonensibus,</strong></span> <span class='ocrx_word' id='word_1_485' title='bbox 2940 771 3087 843; x_wconf 84' lang='lat' dir='ltr'><strong>quod</strong></span> <span class='ocrx_word' id='word_1_486' title='bbox 3130 772 3345 827; x_wconf 83' lang='lat' dir='ltr'><strong>abbati-</strong></span> 
     </span>
    </p>
   </div>
   <div class='ocr_carea' id='block_1_68' title="bbox 1766 857 3340 937">
    <p class='ocr_par' dir='ltr' id='par_1_68' title="bbox 1766 857 3340 937">
     <span class='ocr_line' id='line_1_68' title="bbox 1766 857 3340 937; baseline 0.006 -26"><span class='ocrx_word' id='word_1_487' title='bbox 1766 872 1832 912; x_wconf 92' lang='lat' dir='ltr'><strong>co</strong></span> <span class='ocrx_word' id='word_1_488' title='bbox 1865 857 1977 927; x_wconf 89' lang='lat' dir='ltr'><strong>juri</strong></span> <span class='ocrx_word' id='word_1_489' title='bbox 2024 858 2266 931; x_wconf 87' lang='lat' dir='ltr'><strong>episcopi</strong></span> <span class='ocrx_word' id='word_1_490' title='bbox 2307 860 2540 933; x_wconf 85' lang='lat' dir='ltr'><strong>subjecti</strong></span> <span class='ocrx_word' id='word_1_491' title='bbox 2593 873 2797 931; x_wconf 90' lang='lat' dir='ltr'><strong>essent,</strong></span> <span class='ocrx_word' id='word_1_492' title='bbox 2849 865 3095 937; x_wconf 87' lang='lat' dir='ltr'><strong>ignotum</strong></span> <span class='ocrx_word' id='word_1_493' title='bbox 3146 858 3340 921; x_wconf 76' lang='lat' dir='ltr'><strong>fuisse.</strong></span> 
     </span>
    </p>
   </div>
   <div class='ocr_carea' id='block_1_69' title="bbox 1766 944 3345 1027">
    <p class='ocr_par' dir='ltr' id='par_1_69' title="bbox 1766 944 3345 1027">
     <span class='ocr_line' id='line_1_69' title="bbox 1766 944 3345 1027; baseline 0.007 -25"><span class='ocrx_word' id='word_1_494' title='bbox 1766 944 1950 1003; x_wconf 89' lang='lat' dir='ltr'><strong>Potuit</strong></span> <span class='ocrx_word' id='word_1_495' title='bbox 1974 950 2078 1006; x_wconf 89' lang='lat' dir='ltr'><strong>hoc</strong></span> <span class='ocrx_word' id='word_1_496' title='bbox 2107 951 2222 1007; x_wconf 82' lang='lat' dir='ltr'><strong>fieri</strong></span> <span class='ocrx_word' id='word_1_497' title='bbox 2248 963 2479 1023; x_wconf 90' lang='lat' dir='ltr'><strong>utraque</strong></span> <span class='ocrx_word' id='word_1_498' title='bbox 2520 964 2675 1023; x_wconf 87' lang='lat' dir='ltr'><strong>parte</strong></span> <span class='ocrx_word' id='word_1_499' title='bbox 2697 954 2966 1025; x_wconf 83' lang='lat' dir='ltr'><strong>lgnatium</strong></span> <span class='ocrx_word' id='word_1_500' title='bbox 2995 957 3220 1023; x_wconf 85' lang='lat' dir='ltr'><strong>sciente,</strong></span> <span class='ocrx_word' id='word_1_501' title='bbox 3252 972 3345 1027; x_wconf 88' lang='lat' dir='ltr'><strong>po-</strong></span> 
     </span>
    </p>
   </div>
   <div class='ocr_carea' id='block_1_70' title="bbox 1768 1043 3342 1119">
    <p class='ocr_par' dir='ltr' id='par_1_70' title="bbox 1768 1043 3342 1119">
     <span class='ocr_line' id='line_1_70' title="bbox 1768 1043 3342 1119; baseline 0.004 -21"><span class='ocrx_word' id='word_1_502' title='bbox 1768 1043 1871 1098; x_wconf 90' lang='lat' dir='ltr'><strong>tuit</strong></span> <span class='ocrx_word' id='word_1_503' title='bbox 1894 1052 2127 1113; x_wconf 88' lang='lat' dir='ltr'><strong>utraque</strong></span> <span class='ocrx_word' id='word_1_504' title='bbox 2156 1045 2463 1116; x_wconf 83' lang='lat' dir='ltr'><strong>ignorante.</strong></span> <span class='ocrx_word' id='word_1_505' title='bbox 2497 1046 2555 1100; x_wconf 91' lang='lat' dir='ltr'><strong>Si</strong></span> <span class='ocrx_word' id='word_1_506' title='bbox 2582 1046 2704 1101; x_wconf 92' lang='lat' dir='ltr'><strong>ideo</strong></span> <span class='ocrx_word' id='word_1_507' title='bbox 2743 1046 3012 1118; x_wconf 86' lang='lat' dir='ltr'><strong>lgnatium</strong></span> <span class='ocrx_word' id='word_1_508' title='bbox 3058 1047 3342 1119; x_wconf 80' lang='lat' dir='ltr'><strong>ignorasse</strong></span> 
     </span>
    </p>
   </div>
   <div class='ocr_carea' id='block_1_71' title="bbox 1765 1138 3340 1204">
    <p class='ocr_par' dir='ltr' id='par_1_71' title="bbox 1765 1138 3340 1204">
     <span class='ocr_line' id='line_1_71' title="bbox 1765 1138 3340 1204; baseline 0.004 -13"><span class='ocrx_word' id='word_1_509' title='bbox 1765 1138 2021 1193; x_wconf 89' lang='lat' dir='ltr'><strong>censendi</strong></span> <span class='ocrx_word' id='word_1_510' title='bbox 2067 1148 2230 1204; x_wconf 91' lang='lat' dir='ltr'><strong>sunt,</strong></span> <span class='ocrx_word' id='word_1_511' title='bbox 2274 1148 2420 1194; x_wconf 81' lang='lat' dir='ltr'><strong>certe</strong></span> <span class='ocrx_word' id='word_1_512' title='bbox 2466 1149 2522 1195; x_wconf 92' lang='lat' dir='ltr'><strong>et</strong></span> <span class='ocrx_word' id='word_1_513' title='bbox 2564 1139 3005 1196; x_wconf 88' lang='lat' dir='ltr'><strong>Cbalcedonense</strong></span> <span class='ocrx_word' id='word_1_514' title='bbox 3048 1141 3340 1197; x_wconf 90' lang='lat' dir='ltr'><strong>concilium</strong></span> 
     </span>
    </p>
   </div>
   <div class='ocr_carea' id='block_1_72' title="bbox 1764 1227 3343 1301">
    <p class='ocr_par' dir='ltr' id='par_1_72' title="bbox 1764 1227 3343 1301">
     <span class='ocr_line' id='line_1_72' title="bbox 1764 1227 3343 1301; baseline 0.004 -20"><span class='ocrx_word' id='word_1_515' title='bbox 1764 1227 2109 1298; x_wconf 87' lang='lat' dir='ltr'><strong>ignorabant,</strong></span> <span class='ocrx_word' id='word_1_516' title='bbox 2136 1231 2294 1301; x_wconf 88' lang='lat' dir='ltr'><strong>cujus</strong></span> <span class='ocrx_word' id='word_1_517' title='bbox 2318 1246 2493 1286; x_wconf 77' lang='lat' dir='ltr'><strong>canon</strong></span> <span class='ocrx_word' id='word_1_518' title='bbox 2522 1242 2750 1287; x_wconf 90' lang='lat' dir='ltr'><strong>octavus</strong></span> <span class='ocrx_word' id='word_1_519' title='bbox 2771 1248 2961 1288; x_wconf 89' lang='lat' dir='ltr'><strong>omnes</strong></span> <span class='ocrx_word' id='word_1_520' title='bbox 2980 1234 3343 1288; x_wconf 87' lang='lat' dir='ltr'><strong>monasterio-</strong></span> 
     </span>
    </p>
   </div>
   <div class='ocr_carea' id='block_1_73' title="bbox 1762 1324 3339 1397">
    <p class='ocr_par' dir='ltr' id='par_1_73' title="bbox 1762 1324 3339 1397">
     <span class='ocr_line' id='line_1_73' title="bbox 1762 1324 3339 1397; baseline 0.001 -22"><span class='ocrx_word' id='word_1_521' title='bbox 1762 1336 1884 1375; x_wconf 89' lang='lat' dir='ltr'><strong>rum</strong></span> <span class='ocrx_word' id='word_1_522' title='bbox 1922 1324 2153 1379; x_wconf 90' lang='lat' dir='ltr'><strong>clericos</strong></span> <span class='ocrx_word' id='word_1_523' title='bbox 2183 1325 2444 1395; x_wconf 87' lang='lat' dir='ltr'><strong>episc0po</strong></span> <span class='ocrx_word' id='word_1_524' title='bbox 2477 1324 2591 1380; x_wconf 87' lang='lat' dir='ltr'><strong>vult</strong></span> <span class='ocrx_word' id='word_1_525' title='bbox 2631 1340 2752 1380; x_wconf 88' lang='lat' dir='ltr'><strong>esse</strong></span> <span class='ocrx_word' id='word_1_526' title='bbox 2782 1325 3077 1394; x_wconf 87' lang='lat' dir='ltr'><strong>subjectos.</strong></span> <span class='ocrx_word' id='word_1_527' title='bbox 3107 1327 3171 1379; x_wconf 87' lang='grc' dir='ltr'><strong>Οἱ</strong></span> <span class='ocrx_word' id='word_1_528' title='bbox 3204 1325 3339 1397; x_wconf 83' lang='grc' dir='ltr'><strong>κλη-</strong></span> 
     </span>
    </p>
   </div>
   <div class='ocr_carea' id='block_1_74' title="bbox 1762 1411 3343 1487">
    <p class='ocr_par' dir='ltr' id='par_1_74' title="bbox 1762 1411 3343 1487">
     <span class='ocr_line' id='line_1_74' title="bbox 1762 1411 3343 1487; baseline 0.003 -24"><span class='ocrx_word' id='word_1_529' title='bbox 1762 1411 1905 1483; x_wconf 81' lang='grc' dir='ltr'>ρικοὶ</span> <span class='ocrx_word' id='word_1_530' title='bbox 1939 1412 2047 1467; x_wconf 80' lang='grc' dir='ltr'>τῶν</span> <span class='ocrx_word' id='word_1_531' title='bbox 2098 1412 2379 1484; x_wconf 77' lang='grc' dir='ltr'>πτωχείων</span> <span class='ocrx_word' id='word_1_532' title='bbox 2428 1413 2523 1468; x_wconf 71' lang='grc' dir='ltr'><strong>καὶ</strong></span> <span class='ocrx_word' id='word_1_533' title='bbox 2581 1415 2956 1486; x_wconf 80' lang='grc' dir='ltr'>μοναστηρίων</span> <span class='ocrx_word' id='word_1_534' title='bbox 3006 1415 3099 1469; x_wconf 77' lang='grc' dir='ltr'><strong>καὶ</strong></span> <span class='ocrx_word' id='word_1_535' title='bbox 3136 1433 3343 1487; x_wconf 79' lang='grc' dir='ltr'>μαρτυ-</span> 
     </span>
    </p>
   </div>
   <div class='ocr_carea' id='block_1_75' title="bbox 1762 1502 3339 1580">
    <p class='ocr_par' dir='ltr' id='par_1_75' title="bbox 1762 1502 3339 1580">
     <span class='ocr_line' id='line_1_75' title="bbox 1762 1502 3339 1580; baseline 0.004 -27"><span class='ocrx_word' id='word_1_536' title='bbox 1762 1502 1894 1575; x_wconf 86' lang='grc' dir='ltr'>ρίων</span> <span class='ocrx_word' id='word_1_537' title='bbox 1927 1503 2031 1557; x_wconf 79' lang='grc' dir='ltr'>ὑπὸ</span> <span class='ocrx_word' id='word_1_538' title='bbox 2063 1504 2161 1577; x_wconf 80' lang='grc' dir='ltr'><strong>τὴν</strong></span> <span class='ocrx_word' id='word_1_539' title='bbox 2196 1504 2444 1572; x_wconf 78' lang='grc' dir='ltr'><strong>ἐξουσίαν</strong></span> <span class='ocrx_word' id='word_1_540' title='bbox 2462 1505 2570 1559; x_wconf 81' lang='grc' dir='ltr'><strong>τῶν</strong></span> <span class='ocrx_word' id='word_1_541' title='bbox 2605 1508 2661 1559; x_wconf 81' lang='grc' dir='ltr'>ἐν</span> <span class='ocrx_word' id='word_1_542' title='bbox 2694 1506 2899 1580; x_wconf 80' lang='grc' dir='ltr'><strong>ἑκάστῃ</strong></span> <span class='ocrx_word' id='word_1_543' title='bbox 2933 1507 3084 1561; x_wconf 85' lang='grc' dir='ltr'>πόλει</span> <span class='ocrx_word' id='word_1_544' title='bbox 3116 1506 3339 1560; x_wconf 75' lang='grc' dir='ltr'><strong>ἐπισκό-</strong></span> 
     </span>
    </p>
   </div>
   <div class='ocr_carea' id='block_1_76' title="bbox 1760 1596 3337 1670">
    <p class='ocr_par' dir='ltr' id='par_1_76' title="bbox 1760 1596 3337 1670">
     <span class='ocr_line' id='line_1_76' title="bbox 1760 1596 3337 1670; baseline 0.002 -22"><span class='ocrx_word' id='word_1_545' title='bbox 1760 1612 1899 1659; x_wconf 78' lang='grc' dir='ltr'>πων,</span> <span class='ocrx_word' id='word_1_546' title='bbox 1936 1597 2077 1651; x_wconf 79' lang='grc' dir='ltr'><strong>κατὰ</strong></span> <span class='ocrx_word' id='word_1_547' title='bbox 2111 1597 2208 1669; x_wconf 74' lang='grc' dir='ltr'><strong>τὴν</strong></span> <span class='ocrx_word' id='word_1_548' title='bbox 2241 1597 2351 1652; x_wconf 83' lang='grc' dir='ltr'><strong>τῶν</strong></span> <span class='ocrx_word' id='word_1_549' title='bbox 2398 1596 2566 1667; x_wconf 81' lang='grc' dir='ltr'>ἁγίων</span> <span class='ocrx_word' id='word_1_550' title='bbox 2600 1597 2860 1669; x_wconf 78' lang='grc' dir='ltr'><strong>Πατέρων</strong></span> <span class='ocrx_word' id='word_1_551' title='bbox 2894 1598 3191 1670; x_wconf 77' lang='grc' dir='ltr'>παράδοσιν</span> <span class='ocrx_word' id='word_1_552' title='bbox 3221 1599 3337 1652; x_wconf 82' lang='grc' dir='ltr'>δια-</span> 
     </span>
    </p>
   </div>
   <div class='ocr_carea' id='block_1_77' title="bbox 1763 1684 3340 1759">
    <p class='ocr_par' dir='ltr' id='par_1_77' title="bbox 1763 1684 3340 1759">
     <span class='ocr_line' id='line_1_77' title="bbox 1763 1684 3340 1759; baseline 0.004 -23"><span class='ocrx_word' id='word_1_553' title='bbox 1763 1684 2091 1754; x_wconf 80' lang='grc' dir='ltr'>μενέτωσαν,</span> <span class='ocrx_word' id='word_1_554' title='bbox 2127 1686 2220 1739; x_wconf 76' lang='grc' dir='ltr'><strong>καὶ</strong></span> <span class='ocrx_word' id='word_1_555' title='bbox 2258 1685 2332 1759; x_wconf 83' lang='grc' dir='ltr'><strong>μὴ</strong></span> <span class='ocrx_word' id='word_1_556' title='bbox 2366 1689 2487 1740; x_wconf 76' lang='grc' dir='ltr'>κατ’</span> <span class='ocrx_word' id='word_1_557' title='bbox 2522 1687 2810 1741; x_wconf 73' lang='grc' dir='ltr'>αὐθάδειαν</span> <span class='ocrx_word' id='word_1_558' title='bbox 2831 1688 3214 1759; x_wconf 78' lang='grc' dir='ltr'><strong>ἀφηνιάτωσαν</strong></span> <span class='ocrx_word' id='word_1_559' title='bbox 3246 1686 3340 1742; x_wconf 74' lang='grc' dir='ltr'><strong>τοῦ</strong></span> 
     </span>
    </p>
   </div>
   <div class='ocr_carea' id='block_1_78' title="bbox 1764 1778 3341 1853">
    <p class='ocr_par' dir='ltr' id='par_1_78' title="bbox 1764 1778 3341 1853">
     <span class='ocr_line' id='line_1_78' title="bbox 1764 1778 3341 1853; baseline 0.004 -22"><span class='ocrx_word' id='word_1_560' title='bbox 1764 1778 1894 1832; x_wconf 86' lang='grc' dir='ltr'>ίδίου</span> <span class='ocrx_word' id='word_1_561' title='bbox 1929 1781 2249 1834; x_wconf 77' lang='grc' dir='ltr'>ἐπισκόπου.</span> <span class='ocrx_word' id='word_1_562' title='bbox 2287 1780 2481 1836; x_wconf 89' lang='lat' dir='ltr'><strong>Clerici</strong></span> <span class='ocrx_word' id='word_1_563' title='bbox 2506 1782 2869 1853; x_wconf 88' lang='lat' dir='ltr'><strong>ptochiorum,</strong></span> <span class='ocrx_word' id='word_1_564' title='bbox 2902 1784 3341 1837; x_wconf 84' lang='lat' dir='ltr'><strong>monasteriorum</strong></span> 
     </span>
    </p>
   </div>
   <div class='ocr_carea' id='block_1_79' title="bbox 1757 1872 3343 1945">
    <p class='ocr_par' dir='ltr' id='par_1_79' title="bbox 1757 1872 3343 1945">
     <span class='ocr_line' id='line_1_79' title="bbox 1757 1872 3343 1945; baseline 0.003 -20"><span class='ocrx_word' id='word_1_565' title='bbox 1757 1878 1807 1925; x_wconf 90' lang='lat' dir='ltr'><strong>et</strong></span> <span class='ocrx_word' id='word_1_566' title='bbox 1839 1872 2215 1942; x_wconf 83' lang='lat' dir='ltr'><strong>martyriorum</strong></span> <span class='ocrx_word' id='word_1_567' title='bbox 2237 1874 2331 1928; x_wconf 89' lang='lat' dir='ltr'><strong>sub</strong></span> <span class='ocrx_word' id='word_1_568' title='bbox 2358 1884 2618 1945; x_wconf 86' lang='lat' dir='ltr'><strong>potestate</strong></span> <span class='ocrx_word' id='word_1_569' title='bbox 2636 1876 2997 1945; x_wconf 88' lang='lat' dir='ltr'><strong>episcoporum</strong></span> <span class='ocrx_word' id='word_1_570' title='bbox 3025 1876 3116 1945; x_wconf 87' lang='lat' dir='ltr'><strong>qui</strong></span> <span class='ocrx_word' id='word_1_571' title='bbox 3142 1884 3262 1929; x_wconf 90' lang='lat' dir='ltr'><strong>sunt</strong></span> <span class='ocrx_word' id='word_1_572' title='bbox 3286 1877 3343 1930; x_wconf 85' lang='lat' dir='ltr'><strong>in</strong></span> 
     </span>
    </p>
   </div>
   <div class='ocr_carea' id='block_1_80' title="bbox 1759 1965 3340 2035">
    <p class='ocr_par' dir='ltr' id='par_1_80' title="bbox 1759 1965 3340 2035">
     <span class='ocr_line' id='line_1_80' title="bbox 1759 1965 3340 2035; baseline 0.004 -20"><span class='ocrx_word' id='word_1_573' title='bbox 1759 1978 2074 2035; x_wconf 88' lang='lat' dir='ltr'><strong>unaquaque</strong></span> <span class='ocrx_word' id='word_1_574' title='bbox 2111 1965 2344 2033; x_wconf 88' lang='lat' dir='ltr'><strong>civitate,</strong></span> <span class='ocrx_word' id='word_1_575' title='bbox 2378 1967 2666 2022; x_wconf 86' lang='lat' dir='ltr'><strong>secundum</strong></span> <span class='ocrx_word' id='word_1_576' title='bbox 2691 1966 2794 2023; x_wconf 87' lang='lat' dir='ltr'><strong>SS.</strong></span> <span class='ocrx_word' id='word_1_577' title='bbox 2834 1965 3061 2022; x_wconf 80' lang='lat' dir='ltr'><strong>Patrum</strong></span> <span class='ocrx_word' id='word_1_578' title='bbox 3086 1969 3340 2021; x_wconf 79' lang='lat' dir='ltr'><strong>traditio-</strong></span> 
     </span>
    </p>
   </div>
   <div class='ocr_carea' id='block_1_81' title="bbox 1756 2059 3342 2132">
    <p class='ocr_par' dir='ltr' id='par_1_81' title="bbox 1756 2059 3342 2132">
     <span class='ocr_line' id='line_1_81' title="bbox 1756 2059 3342 2132; baseline 0.005 -25"><span class='ocrx_word' id='word_1_579' title='bbox 1756 2070 1897 2121; x_wconf 86' lang='lat' dir='ltr'><strong>nem,</strong></span> <span class='ocrx_word' id='word_1_580' title='bbox 1924 2066 2286 2124; x_wconf 84' lang='lat' dir='ltr'><strong>permaneant,</strong></span> <span class='ocrx_word' id='word_1_581' title='bbox 2317 2075 2409 2112; x_wconf 88' lang='lat' dir='ltr'><strong>nec</strong></span> <span class='ocrx_word' id='word_1_582' title='bbox 2437 2075 2530 2129; x_wconf 88' lang='lat' dir='ltr'><strong>per</strong></span> <span class='ocrx_word' id='word_1_583' title='bbox 2547 2059 3013 2129; x_wconf 80' lang='lat' dir='ltr'><strong>prcesumptionem</strong></span> <span class='ocrx_word' id='word_1_584' title='bbox 3044 2077 3077 2113; x_wconf 87' lang='lat' dir='ltr'><strong>a</strong></span> <span class='ocrx_word' id='word_1_585' title='bbox 3111 2077 3206 2115; x_wconf 83' lang='lat' dir='ltr'><strong>suo</strong></span> <span class='ocrx_word' id='word_1_586' title='bbox 3229 2061 3342 2132; x_wconf 85' lang='lat' dir='ltr'><strong>epi-</strong></span> 
     </span>
    </p>
   </div>
   <div class='ocr_carea' id='block_1_82' title="bbox 1756 2148 2202 2213">
    <p class='ocr_par' dir='ltr' id='par_1_82' title="bbox 1756 2148 2202 2213">
     <span class='ocr_line' id='line_1_82' title="bbox 1756 2148 2202 2213; baseline 0.009 -17"><span class='ocrx_word' id='word_1_587' title='bbox 1756 2159 1911 2213; x_wconf 84' lang='lat' dir='ltr'><strong>scopo</strong></span> <span class='ocrx_word' id='word_1_588' title='bbox 1935 2148 2202 2201; x_wconf 86' lang='lat' dir='ltr'><strong>recedant.</strong></span> 
     </span>
    </p>
   </div>
   <div class='ocr_carea' id='block_1_83' title="bbox 1830 2233 3337 2312">
    <p class='ocr_par' dir='ltr' id='par_1_83' title="bbox 1830 2233 3337 2312">
     <span class='ocr_line' id='line_1_83' title="bbox 1830 2233 3337 2312; baseline 0.005 -23"><span class='ocrx_word' id='word_1_589' title='bbox 1830 2233 1889 2289; x_wconf 93' lang='lat' dir='ltr'><strong>Si</strong></span> <span class='ocrx_word' id='word_1_590' title='bbox 1933 2236 2127 2292; x_wconf 90' lang='lat' dir='ltr'><strong>demus</strong></span> <span class='ocrx_word' id='word_1_591' title='bbox 2167 2236 2435 2306; x_wconf 80' lang='lat' dir='ltr'><strong>Jonenses</strong></span> <span class='ocrx_word' id='word_1_592' title='bbox 2469 2237 2738 2311; x_wconf 86' lang='lat' dir='ltr'><strong>Ignatium</strong></span> <span class='ocrx_word' id='word_1_593' title='bbox 2790 2241 3133 2311; x_wconf 88' lang='lat' dir='ltr'><strong>epistolicum</strong></span> <span class='ocrx_word' id='word_1_594' title='bbox 3182 2242 3337 2312; x_wconf 87' lang='lat' dir='ltr'><strong>igno-</strong></span> 
     </span>
    </p>
   </div>
   <div class='ocr_carea' id='block_1_84' title="bbox 1754 2331 3334 2405">
    <p class='ocr_par' dir='ltr' id='par_1_84' title="bbox 1754 2331 3334 2405">
     <span class='ocr_line' id='line_1_84' title="bbox 1754 2331 3334 2405; baseline 0.004 -23"><span class='ocrx_word' id='word_1_595' title='bbox 1754 2344 1930 2393; x_wconf 85' lang='lat' dir='ltr'><strong>rasse,</strong></span> <span class='ocrx_word' id='word_1_596' title='bbox 1963 2331 2118 2400; x_wconf 91' lang='lat' dir='ltr'><strong>prius</strong></span> <span class='ocrx_word' id='word_1_597' title='bbox 2148 2332 2439 2387; x_wconf 89' lang='lat' dir='ltr'><strong>ostendere</strong></span> <span class='ocrx_word' id='word_1_598' title='bbox 2484 2333 2752 2403; x_wconf 86' lang='lat' dir='ltr'><strong>oportuit,</strong></span> <span class='ocrx_word' id='word_1_599' title='bbox 2785 2334 2919 2405; x_wconf 89' lang='lat' dir='ltr'><strong>quid</strong></span> <span class='ocrx_word' id='word_1_600' title='bbox 2951 2335 3029 2389; x_wconf 89' lang='lat' dir='ltr'><strong>illi</strong></span> <span class='ocrx_word' id='word_1_601' title='bbox 3059 2336 3334 2403; x_wconf 88' lang='lat' dir='ltr'><strong>noverint,</strong></span> 
     </span>
    </p>
   </div>
   <div class='ocr_carea' id='block_1_85' title="bbox 1752 2422 3337 2499">
    <p class='ocr_par' dir='ltr' id='par_1_85' title="bbox 1752 2422 3337 2499">
     <span class='ocr_line' id='line_1_85' title="bbox 1752 2422 3337 2499; baseline 0.006 -25"><span class='ocrx_word' id='word_1_602' title='bbox 1752 2436 1917 2491; x_wconf 90' lang='lat' dir='ltr'><strong>quam</strong></span> <span class='ocrx_word' id='word_1_603' title='bbox 1959 2422 2090 2477; x_wconf 88' lang='lat' dir='ltr'><strong>illud</strong></span> <span class='ocrx_word' id='word_1_604' title='bbox 2124 2424 2403 2495; x_wconf 90' lang='lat' dir='ltr'><strong>objiceret,</strong></span> <span class='ocrx_word' id='word_1_605' title='bbox 2431 2425 2579 2495; x_wconf 89' lang='lat' dir='ltr'><strong>quod</strong></span> <span class='ocrx_word' id='word_1_606' title='bbox 2613 2426 2958 2497; x_wconf 88' lang='lat' dir='ltr'><strong>ignorabant.</strong></span> <span class='ocrx_word' id='word_1_607' title='bbox 2992 2427 3165 2483; x_wconf 84' lang='lat' dir='ltr'><strong>Antea</strong></span> <span class='ocrx_word' id='word_1_608' title='bbox 3207 2428 3337 2499; x_wconf 88' lang='lat' dir='ltr'><strong>qui-</strong></span> 
     </span>
    </p>
   </div>
   <div class='ocr_carea' id='block_1_86' title="bbox 1750 2515 3339 2590">
    <p class='ocr_par' dir='ltr' id='par_1_86' title="bbox 1750 2515 3339 2590">
     <span class='ocr_line' id='line_1_86' title="bbox 1750 2515 3339 2590; baseline 0.004 -21"><span class='ocrx_word' id='word_1_609' title='bbox 1750 2515 1873 2570; x_wconf 88' lang='lat' dir='ltr'><strong>dem</strong></span> <span class='ocrx_word' id='word_1_610' title='bbox 1918 2516 1971 2571; x_wconf 91' lang='lat' dir='ltr'><strong>in</strong></span> <span class='ocrx_word' id='word_1_611' title='bbox 2018 2516 2168 2573; x_wconf 89' lang='lat' dir='ltr'><strong>hunc</strong></span> <span class='ocrx_word' id='word_1_612' title='bbox 2214 2518 2439 2573; x_wconf 88' lang='lat' dir='ltr'><strong>modum</strong></span> <span class='ocrx_word' id='word_1_613' title='bbox 2488 2518 2808 2589; x_wconf 89' lang='lat' dir='ltr'><strong>disputabat</strong></span> <span class='ocrx_word' id='word_1_614' title='bbox 2858 2538 2871 2573; x_wconf 91' lang='lat'><strong>:</strong></span> <span class='ocrx_word' id='word_1_615' title='bbox 2931 2518 2989 2574; x_wconf 91' lang='lat' dir='ltr'><strong>Si</strong></span> <span class='ocrx_word' id='word_1_616' title='bbox 3024 2521 3339 2590; x_wconf 81' lang='lat' dir='ltr'><strong>scripsisset</strong></span> 
     </span>
    </p>
   </div>
   <div class='ocr_carea' id='block_1_87' title="bbox 1748 2604 3338 2681">
    <p class='ocr_par' dir='ltr' id='par_1_87' title="bbox 1748 2604 3338 2681">
     <span class='ocr_line' id='line_1_87' title="bbox 1748 2604 3338 2681; baseline 0.008 -23"><span class='ocrx_word' id='word_1_617' title='bbox 1748 2604 1993 2677; x_wconf 87' lang='lat' dir='ltr'><strong>lgnatius</strong></span> <span class='ocrx_word' id='word_1_618' title='bbox 2014 2609 2299 2678; x_wconf 84' lang='lat' dir='ltr'><strong>epistolas,</strong></span> <span class='ocrx_word' id='word_1_619' title='bbox 2331 2625 2409 2665; x_wconf 65' lang='lat' dir='ltr'><strong>ese</strong></span> <span class='ocrx_word' id='word_1_620' title='bbox 2439 2610 2678 2666; x_wconf 89' lang='lat' dir='ltr'><strong>fuissent</strong></span> <span class='ocrx_word' id='word_1_621' title='bbox 2706 2610 2946 2680; x_wconf 81' lang='lat' dir='ltr'><strong>Justino,</strong></span> <span class='ocrx_word' id='word_1_622' title='bbox 2976 2612 3197 2681; x_wconf 59' lang='lat' dir='ltr'><strong>Irenaeo,</strong></span> <span class='ocrx_word' id='word_1_623' title='bbox 3216 2614 3338 2671; x_wconf 85' lang='lat' dir='ltr'><strong>Cle-</strong></span> 
     </span>
    </p>
   </div>
   <div class='ocr_carea' id='block_1_88' title="bbox 1749 2696 3335 2772">
    <p class='ocr_par' dir='ltr' id='par_1_88' title="bbox 1749 2696 3335 2772">
     <span class='ocr_line' id='line_1_88' title="bbox 1749 2696 3335 2772; baseline 0.003 -22"><span class='ocrx_word' id='word_1_624' title='bbox 1749 2696 1918 2751; x_wconf 88' lang='lat' dir='ltr'><strong>menti</strong></span> <span class='ocrx_word' id='word_1_625' title='bbox 1948 2696 2321 2753; x_wconf 77' lang='lat' dir='ltr'><strong>Alexandrino</strong></span> <span class='ocrx_word' id='word_1_626' title='bbox 2362 2707 2417 2754; x_wconf 91' lang='lat' dir='ltr'><strong>et</strong></span> <span class='ocrx_word' id='word_1_627' title='bbox 2454 2697 2795 2754; x_wconf 89' lang='lat' dir='ltr'><strong>Tertulliano</strong></span> <span class='ocrx_word' id='word_1_628' title='bbox 2826 2700 3076 2772; x_wconf 65' lang='lat' dir='ltr'><strong>cognitas.</strong></span> <span class='ocrx_word' id='word_1_629' title='bbox 3103 2699 3241 2755; x_wconf 85' lang='lat' dir='ltr'><strong>Nam</strong></span> <span class='ocrx_word' id='word_1_630' title='bbox 3277 2700 3335 2755; x_wconf 88' lang='lat' dir='ltr'><strong>bi</strong></span> 
     </span>
    </p>
   </div>
   <div class='ocr_carea' id='block_1_89' title="bbox 1745 2789 3334 2863">
    <p class='ocr_par' dir='ltr' id='par_1_89' title="bbox 1745 2789 3334 2863">
     <span class='ocr_line' id='line_1_89' title="bbox 1745 2789 3334 2863; baseline 0.003 -21"><span class='ocrx_word' id='word_1_631' title='bbox 1745 2789 1849 2843; x_wconf 88' lang='lat' dir='ltr'><strong>viri</strong></span> <span class='ocrx_word' id='word_1_632' title='bbox 1871 2799 2049 2857; x_wconf 87' lang='lat' dir='ltr'><strong>erant,</strong></span> <span class='ocrx_word' id='word_1_633' title='bbox 2084 2793 2245 2846; x_wconf 89' lang='lat' dir='ltr'><strong>totius</strong></span> <span class='ocrx_word' id='word_1_634' title='bbox 2273 2793 2612 2863; x_wconf 86' lang='lat' dir='ltr'><strong>antiquitatis</strong></span> <span class='ocrx_word' id='word_1_635' title='bbox 2647 2791 2931 2849; x_wconf 67' lang='lat' dir='ltr'><strong>litterariae</strong></span> <span class='ocrx_word' id='word_1_636' title='bbox 2955 2794 3185 2848; x_wconf 72' lang='lat' dir='ltr'><strong>maxime</strong></span> <span class='ocrx_word' id='word_1_637' title='bbox 3215 2810 3334 2849; x_wconf 85' lang='lat' dir='ltr'><strong>vero</strong></span> 
     </span>
    </p>
   </div>
   <div class='ocr_carea' id='block_1_90' title="bbox 1746 2881 3334 2958">
    <p class='ocr_par' dir='ltr' id='par_1_90' title="bbox 1746 2881 3334 2958">
     <span class='ocr_line' id='line_1_90' title="bbox 1746 2881 3334 2958; baseline 0.003 -21"><span class='ocrx_word' id='word_1_638' title='bbox 1746 2881 2067 2938; x_wconf 78' lang='lat' dir='ltr'><strong>Christiana:</strong></span> <span class='ocrx_word' id='word_1_639' title='bbox 2090 2885 2507 2950; x_wconf 87' lang='lat' dir='ltr'><strong>studiosissimi,</strong></span> <span class='ocrx_word' id='word_1_640' title='bbox 2539 2886 2701 2941; x_wconf 88' lang='lat' dir='ltr'><strong>iidem</strong></span> <span class='ocrx_word' id='word_1_641' title='bbox 2732 2897 2888 2958; x_wconf 86' lang='lat' dir='ltr'><strong>atque</strong></span> <span class='ocrx_word' id='word_1_642' title='bbox 2920 2888 3221 2941; x_wconf 87' lang='lat' dir='ltr'><strong>acutissimi</strong></span> <span class='ocrx_word' id='word_1_643' title='bbox 3245 2888 3334 2941; x_wconf 80' lang='lat' dir='ltr'><strong>in-</strong></span> 
     </span>
    </p>
   </div>
   <div class='ocr_carea' id='block_1_91' title="bbox 1744 2975 3328 3049">
    <p class='ocr_par' dir='ltr' id='par_1_91' title="bbox 1744 2975 3328 3049">
     <span class='ocr_line' id='line_1_91' title="bbox 1744 2975 3328 3049; baseline 0.004 -21"><span class='ocrx_word' id='word_1_644' title='bbox 1744 2975 2044 3045; x_wconf 85' lang='lat' dir='ltr'><strong>dagatores.</strong></span> <span class='ocrx_word' id='word_1_645' title='bbox 2088 2976 2172 3031; x_wconf 82' lang='lat' dir='ltr'><strong>An</strong></span> <span class='ocrx_word' id='word_1_646' title='bbox 2216 2977 2359 3033; x_wconf 88' lang='lat' dir='ltr'><strong>idem</strong></span> <span class='ocrx_word' id='word_1_647' title='bbox 2403 2979 2471 3033; x_wconf 91' lang='lat' dir='ltr'><strong>de</strong></span> <span class='ocrx_word' id='word_1_648' title='bbox 2514 2978 2694 3035; x_wconf 84' lang='lat' dir='ltr'><strong>Scotis</strong></span> <span class='ocrx_word' id='word_1_649' title='bbox 2740 2980 3074 3037; x_wconf 84' lang='lat' dir='ltr'><strong>Christianis</strong></span> <span class='ocrx_word' id='word_1_650' title='bbox 3108 2978 3328 3049; x_wconf 86' lang='lat' dir='ltr'><strong>septimi</strong></span> 
     </span>
    </p>
   </div>
   <div class='ocr_carea' id='block_1_92' title="bbox 1744 3066 3331 3137">
    <p class='ocr_par' dir='ltr' id='par_1_92' title="bbox 1744 3066 3331 3137">
     <span class='ocr_line' id='line_1_92' title="bbox 1744 3066 3331 3137; baseline 0.003 -14"><span class='ocrx_word' id='word_1_651' title='bbox 1744 3067 1927 3123; x_wconf 61' lang='lat' dir='ltr'><strong>saeculi</strong></span> <span class='ocrx_word' id='word_1_652' title='bbox 1972 3066 2331 3137; x_wconf 89' lang='lat' dir='ltr'><strong>judicandum</strong></span> <span class='ocrx_word' id='word_1_653' title='bbox 2390 3072 2514 3125; x_wconf 86' lang='lat' dir='ltr'><strong>est?</strong></span> <span class='ocrx_word' id='word_1_654' title='bbox 2570 3069 2712 3125; x_wconf 85' lang='lat' dir='ltr'><strong>Num</strong></span> <span class='ocrx_word' id='word_1_655' title='bbox 2760 3070 3028 3127; x_wconf 83' lang='lat' dir='ltr'><strong>Jonenses</strong></span> <span class='ocrx_word' id='word_1_656' title='bbox 3072 3070 3331 3127; x_wconf 88' lang='lat' dir='ltr'><strong>monachi</strong></span> 
     </span>
    </p>
   </div>
   <div class='ocr_carea' id='block_1_93' title="bbox 1744 3158 3333 3233">
    <p class='ocr_par' dir='ltr' id='par_1_93' title="bbox 1744 3158 3333 3233">
     <span class='ocr_line' id='line_1_93' title="bbox 1744 3158 3333 3233; baseline 0.005 -22"><span class='ocrx_word' id='word_1_657' title='bbox 1744 3158 2087 3229; x_wconf 89' lang='lat' dir='ltr'><strong>antiquitatis</strong></span> <span class='ocrx_word' id='word_1_658' title='bbox 2127 3160 2517 3216; x_wconf 89' lang='lat' dir='ltr'><strong>studiosissimi</strong></span> <span class='ocrx_word' id='word_1_659' title='bbox 2565 3171 2729 3233; x_wconf 88' lang='lat' dir='ltr'><strong>atque</strong></span> <span class='ocrx_word' id='word_1_660' title='bbox 2766 3162 3076 3219; x_wconf 87' lang='lat' dir='ltr'><strong>acutissimi</strong></span> <span class='ocrx_word' id='word_1_661' title='bbox 3133 3172 3187 3218; x_wconf 91' lang='lat' dir='ltr'><strong>et</strong></span> <span class='ocrx_word' id='word_1_662' title='bbox 3229 3163 3333 3219; x_wconf 82' lang='lat' dir='ltr'><strong>do-</strong></span> 
     </span>
    </p>
   </div>
   <div class='ocr_carea' id='block_1_94' title="bbox 1744 3250 3333 3324">
    <p class='ocr_par' dir='ltr' id='par_1_94' title="bbox 1744 3250 3333 3324">
     <span class='ocr_line' id='line_1_94' title="bbox 1744 3250 3333 3324; baseline 0.005 -21"><span class='ocrx_word' id='word_1_663' title='bbox 1744 3250 1976 3304; x_wconf 90' lang='lat' dir='ltr'><strong>ctissimi</strong></span> <span class='ocrx_word' id='word_1_664' title='bbox 2008 3252 2354 3323; x_wconf 80' lang='lat' dir='ltr'><strong>indagatores</strong></span> <span class='ocrx_word' id='word_1_665' title='bbox 2403 3252 2575 3309; x_wconf 86' lang='lat' dir='ltr'><strong>fuisse</strong></span> <span class='ocrx_word' id='word_1_666' title='bbox 2620 3254 3017 3324; x_wconf 85' lang='lat' dir='ltr'><strong>perhibentur?</strong></span> <span class='ocrx_word' id='word_1_667' title='bbox 3044 3254 3160 3311; x_wconf 82' lang='lat' dir='ltr'><strong>luto</strong></span> <span class='ocrx_word' id='word_1_668' title='bbox 3202 3271 3333 3311; x_wconf 81' lang='lat' dir='ltr'><strong>vero</strong></span> 
     </span>
    </p>
   </div>
   <div class='ocr_carea' id='block_1_95' title="bbox 1740 3342 3329 3413">
    <p class='ocr_par' dir='ltr' id='par_1_95' title="bbox 1740 3342 3329 3413">
     <span class='ocr_line' id='line_1_95' title="bbox 1740 3342 3329 3413; baseline 0.004 -17"><span class='ocrx_word' id='word_1_669' title='bbox 1740 3358 1811 3397; x_wconf 90' lang='lat' dir='ltr'><strong>an</strong></span> <span class='ocrx_word' id='word_1_670' title='bbox 1882 3342 2063 3398; x_wconf 88' lang='lat' dir='ltr'><strong>adhuc</strong></span> <span class='ocrx_word' id='word_1_671' title='bbox 2113 3344 2384 3413; x_wconf 88' lang='lat' dir='ltr'><strong>amplius,</strong></span> <span class='ocrx_word' id='word_1_672' title='bbox 2450 3344 2717 3402; x_wconf 85' lang='lat' dir='ltr'><strong>Jonenses</strong></span> <span class='ocrx_word' id='word_1_673' title='bbox 2769 3347 2846 3401; x_wconf 91' lang='lat' dir='ltr'><strong>illi</strong></span> <span class='ocrx_word' id='word_1_674' title='bbox 2908 3348 2966 3402; x_wconf 91' lang='lat' dir='ltr'><strong>in</strong></span> <span class='ocrx_word' id='word_1_675' title='bbox 3024 3347 3329 3403; x_wconf 84' lang='lat' dir='ltr'><strong>discutien-</strong></span> 
     </span>
    </p>
   </div>
   <div class='ocr_carea' id='block_1_96' title="bbox 1740 3434 3331 3496">
    <p class='ocr_par' dir='ltr' id='par_1_96' title="bbox 1740 3434 3331 3496">
     <span class='ocr_line' id='line_1_96' title="bbox 1740 3434 3331 3496; baseline 0.003 -6"><span class='ocrx_word' id='word_1_676' title='bbox 1740 3434 1824 3490; x_wconf 90' lang='lat' dir='ltr'><strong>dis</strong></span> <span class='ocrx_word' id='word_1_677' title='bbox 1867 3444 2113 3490; x_wconf 90' lang='lat' dir='ltr'><strong>veterum</strong></span> <span class='ocrx_word' id='word_1_678' title='bbox 2172 3435 2486 3492; x_wconf 84' lang='lat' dir='ltr'><strong>Graecorum</strong></span> <span class='ocrx_word' id='word_1_679' title='bbox 2538 3440 2909 3494; x_wconf 87' lang='lat' dir='ltr'><strong>monumentis</strong></span> <span class='ocrx_word' id='word_1_680' title='bbox 2957 3439 3093 3496; x_wconf 89' lang='lat' dir='ltr'><strong>adeo</strong></span> <span class='ocrx_word' id='word_1_681' title='bbox 3131 3456 3331 3495; x_wconf 83' lang='lat' dir='ltr'><strong>eruun-</strong></span> 
     </span>
    </p>
   </div>
   <div class='ocr_carea' id='block_1_97' title="bbox 1739 3523 3331 3594">
    <p class='ocr_par' dir='ltr' id='par_1_97' title="bbox 1739 3523 3331 3594">
     <span class='ocr_line' id='line_1_97' title="bbox 1739 3523 3331 3594; baseline 0.004 -16"><span class='ocrx_word' id='word_1_682' title='bbox 1739 3532 1841 3578; x_wconf 70' lang='lat' dir='ltr'><strong>cta:</strong></span> <span class='ocrx_word' id='word_1_683' title='bbox 1876 3524 2025 3579; x_wconf 90' lang='lat' dir='ltr'><strong>naris</strong></span> <span class='ocrx_word' id='word_1_684' title='bbox 2061 3523 2239 3580; x_wconf 89' lang='lat' dir='ltr'><strong>critici</strong></span> <span class='ocrx_word' id='word_1_685' title='bbox 2270 3524 2463 3592; x_wconf 88' lang='lat' dir='ltr'><strong>fuere,</strong></span> <span class='ocrx_word' id='word_1_686' title='bbox 2496 3536 2555 3581; x_wconf 92' lang='lat' dir='ltr'><strong>ut</strong></span> <span class='ocrx_word' id='word_1_687' title='bbox 2601 3527 2846 3592; x_wconf 88' lang='lat' dir='ltr'><strong>Eusebii,</strong></span> <span class='ocrx_word' id='word_1_688' title='bbox 2880 3528 2959 3582; x_wconf 92' lang='lat' dir='ltr'><strong>uti</strong></span> <span class='ocrx_word' id='word_1_689' title='bbox 2988 3528 3178 3583; x_wconf 91' lang='lat' dir='ltr'><strong>volunt</strong></span> <span class='ocrx_word' id='word_1_690' title='bbox 3199 3569 3214 3594; x_wconf 92' lang='lat'><strong>,</strong></span> <span class='ocrx_word' id='word_1_691' title='bbox 3242 3545 3331 3585; x_wconf 89' lang='lat' dir='ltr'><strong>er-</strong></span> 
     </span>
    </p>
   </div>
   <div class='ocr_carea' id='block_1_98' title="bbox 1737 3614 3330 3690">
    <p class='ocr_par' dir='ltr' id='par_1_98' title="bbox 1737 3614 3330 3690">
     <span class='ocr_line' id='line_1_98' title="bbox 1737 3614 3330 3690; baseline 0.006 -22"><span class='ocrx_word' id='word_1_692' title='bbox 1737 3628 1831 3669; x_wconf 89' lang='lat' dir='ltr'><strong>ror</strong></span> <span class='ocrx_word' id='word_1_693' title='bbox 1859 3615 1953 3685; x_wconf 91' lang='lat' dir='ltr'><strong>qui</strong></span> <span class='ocrx_word' id='word_1_694' title='bbox 1987 3614 2376 3683; x_wconf 85' lang='lat' dir='ltr'><strong>Athanasium,</strong></span> <span class='ocrx_word' id='word_1_695' title='bbox 2402 3616 2819 3690; x_wconf 85' lang='lat' dir='ltr'><strong>Hieronymum,</strong></span> <span class='ocrx_word' id='word_1_696' title='bbox 2845 3618 3249 3675; x_wconf 88' lang='lat' dir='ltr'><strong>Tbeodoretum</strong></span> <span class='ocrx_word' id='word_1_697' title='bbox 3271 3634 3330 3678; x_wconf 84' lang='lat' dir='ltr'><strong>et</strong></span> 
     </span>
    </p>
   </div>
   <div class='ocr_carea' id='block_1_99' title="bbox 1738 3708 3329 3780">
    <p class='ocr_par' dir='ltr' id='par_1_99' title="bbox 1738 3708 3329 3780">
     <span class='ocr_line' id='line_1_99' title="bbox 1738 3708 3329 3780; baseline 0.003 -15"><span class='ocrx_word' id='word_1_698' title='bbox 1738 3708 2016 3765; x_wconf 88' lang='lat' dir='ltr'><strong>Gelasium</strong></span> <span class='ocrx_word' id='word_1_699' title='bbox 2065 3708 2297 3775; x_wconf 78' lang='lat' dir='ltr'><strong>fefellit,</strong></span> <span class='ocrx_word' id='word_1_700' title='bbox 2358 3710 2425 3765; x_wconf 90' lang='lat' dir='ltr'><strong>iis</strong></span> <span class='ocrx_word' id='word_1_701' title='bbox 2470 3710 2820 3780; x_wconf 90' lang='lat' dir='ltr'><strong>potissimum</strong></span> <span class='ocrx_word' id='word_1_702' title='bbox 2867 3711 3183 3767; x_wconf 87' lang='lat' dir='ltr'><strong>suboleret?</strong></span> <span class='ocrx_word' id='word_1_703' title='bbox 3212 3710 3329 3769; x_wconf 89' lang='lat' dir='ltr'><strong>Hoc</strong></span> 
     </span>
    </p>
   </div>
   <div class='ocr_carea' id='block_1_100' title="bbox 1736 3798 3326 3874">
    <p class='ocr_par' dir='ltr' id='par_1_100' title="bbox 1736 3798 3326 3874">
     <span class='ocr_line' id='line_1_100' title="bbox 1736 3798 3326 3874; baseline 0.003 -20"><span class='ocrx_word' id='word_1_704' title='bbox 1736 3798 1884 3854; x_wconf 93' lang='lat' dir='ltr'><strong>enim</strong></span> <span class='ocrx_word' id='word_1_705' title='bbox 1924 3799 2240 3855; x_wconf 89' lang='lat' dir='ltr'><strong>necessario</strong></span> <span class='ocrx_word' id='word_1_706' title='bbox 2268 3798 2560 3855; x_wconf 89' lang='lat' dir='ltr'><strong>dicendum</strong></span> <span class='ocrx_word' id='word_1_707' title='bbox 2592 3809 2677 3855; x_wconf 89' lang='lat' dir='ltr'><strong>est</strong></span> <span class='ocrx_word' id='word_1_708' title='bbox 2712 3800 2779 3857; x_wconf 89' lang='lat' dir='ltr'><strong>de</strong></span> <span class='ocrx_word' id='word_1_709' title='bbox 2811 3801 3125 3857; x_wconf 90' lang='lat' dir='ltr'><strong>testimonio</strong></span> <span class='ocrx_word' id='word_1_710' title='bbox 3156 3804 3326 3874; x_wconf 86' lang='lat' dir='ltr'><strong>septi-</strong></span> 
     </span>
    </p>
   </div>
   <div class='ocr_carea' id='block_1_101' title="bbox 1736 3892 3327 3963">
    <p class='ocr_par' dir='ltr' id='par_1_101' title="bbox 1736 3892 3327 3963">
     <span class='ocr_line' id='line_1_101' title="bbox 1736 3892 3327 3963; baseline 0.003 -17"><span class='ocrx_word' id='word_1_711' title='bbox 1736 3893 1811 3947; x_wconf 92' lang='lat' dir='ltr'><strong>mi</strong></span> <span class='ocrx_word' id='word_1_712' title='bbox 1842 3892 2047 3959; x_wconf 60' lang='lat' dir='ltr'><strong>saeculi,</strong></span> <span class='ocrx_word' id='word_1_713' title='bbox 2085 3902 2144 3948; x_wconf 92' lang='lat' dir='ltr'><strong>ut</strong></span> <span class='ocrx_word' id='word_1_714' title='bbox 2180 3893 2289 3947; x_wconf 90' lang='lat' dir='ltr'><strong>vim</strong></span> <span class='ocrx_word' id='word_1_715' title='bbox 2331 3894 2575 3963; x_wconf 85' lang='lat' dir='ltr'><strong>aliquam</strong></span> <span class='ocrx_word' id='word_1_716' title='bbox 2612 3894 2818 3950; x_wconf 88' lang='lat' dir='ltr'><strong>habere</strong></span> <span class='ocrx_word' id='word_1_717' title='bbox 2854 3894 3139 3963; x_wconf 89' lang='lat' dir='ltr'><strong>videatur;</strong></span> <span class='ocrx_word' id='word_1_718' title='bbox 3193 3905 3327 3952; x_wconf 88' lang='lat' dir='ltr'><strong>tunc</strong></span> 
     </span>
    </p>
   </div>
   <div class='ocr_carea' id='block_1_102' title="bbox 1735 3986 3323 4059">
    <p class='ocr_par' dir='ltr' id='par_1_102' title="bbox 1735 3986 3323 4059">
     <span class='ocr_line' id='line_1_102' title="bbox 1735 3986 3323 4059; baseline 0.003 -20"><span class='ocrx_word' id='word_1_719' title='bbox 1735 3986 1880 4040; x_wconf 88' lang='lat' dir='ltr'><strong>enim</strong></span> <span class='ocrx_word' id='word_1_720' title='bbox 1919 3986 2221 4042; x_wconf 90' lang='lat' dir='ltr'><strong>auctoritas</strong></span> <span class='ocrx_word' id='word_1_721' title='bbox 2255 3987 2616 4057; x_wconf 89' lang='lat' dir='ltr'><strong>epistolarum</strong></span> <span class='ocrx_word' id='word_1_722' title='bbox 2670 3986 2866 4059; x_wconf 89' lang='lat' dir='ltr'><strong>Ignatii</strong></span> <span class='ocrx_word' id='word_1_723' title='bbox 2904 3988 3047 4044; x_wconf 92' lang='lat' dir='ltr'><strong>inter</strong></span> <span class='ocrx_word' id='word_1_724' title='bbox 3076 3990 3323 4045; x_wconf 89' lang='lat' dir='ltr'><strong>Catholi-</strong></span> 
     </span>
    </p>
   </div>
   <div class='ocr_carea' id='block_1_103' title="bbox 1734 4078 3123 4150">
    <p class='ocr_par' dir='ltr' id='par_1_103' title="bbox 1734 4078 3123 4150">
     <span class='ocr_line' id='line_1_103' title="bbox 1734 4078 3123 4150; baseline 0.001 -16"><span class='ocrx_word' id='word_1_725' title='bbox 1734 4094 1831 4134; x_wconf 89' lang='lat' dir='ltr'><strong>cos</strong></span> <span class='ocrx_word' id='word_1_726' title='bbox 1863 4087 2031 4149; x_wconf 83' lang='lat' dir='ltr'><strong>atque</strong></span> <span class='ocrx_word' id='word_1_727' title='bbox 2064 4079 2228 4133; x_wconf 88' lang='lat' dir='ltr'><strong>etiam</strong></span> <span class='ocrx_word' id='word_1_728' title='bbox 2253 4078 2541 4134; x_wconf 60' lang='lat' dir='ltr'><strong>haereticos</strong></span> <span class='ocrx_word' id='word_1_729' title='bbox 2573 4088 2690 4134; x_wconf 92' lang='lat' dir='ltr'><strong>erat</strong></span> <span class='ocrx_word' id='word_1_730' title='bbox 2720 4080 3123 4150; x_wconf 87' lang='lat' dir='ltr'><strong>receptissima.</strong></span> 
     </span>
    </p>
   </div>
   <div class='ocr_carea' id='block_1_104' title="bbox 1802 4168 3326 4241">
    <p class='ocr_par' dir='ltr' id='par_1_104' title="bbox 1802 4168 3326 4241">
     <span class='ocr_line' id='line_1_104' title="bbox 1802 4168 3326 4241; baseline 0.005 -17"><span class='ocrx_word' id='word_1_731' title='bbox 1802 4168 2101 4241; x_wconf 91' lang='lat' dir='ltr'><strong>Postquam</strong></span> <span class='ocrx_word' id='word_1_732' title='bbox 2134 4170 2519 4227; x_wconf 81' lang='lat' dir='ltr'><strong>Boioariorum</strong></span> <span class='ocrx_word' id='word_1_733' title='bbox 2548 4180 2601 4226; x_wconf 90' lang='lat' dir='ltr'><strong>et</strong></span> <span class='ocrx_word' id='word_1_734' title='bbox 2631 4170 2957 4227; x_wconf 82' lang='lat' dir='ltr'><strong>Jonensium</strong></span> <span class='ocrx_word' id='word_1_735' title='bbox 2984 4174 3326 4231; x_wconf 86' lang='lat' dir='ltr'><strong>meminisset</strong></span> 
     </span>
    </p>
   </div>
   <div class='ocr_carea' id='block_1_105' title="bbox 1732 4264 3322 4337">
    <p class='ocr_par' dir='ltr' id='par_1_105' title="bbox 1732 4264 3322 4337">
     <span class='ocr_line' id='line_1_105' title="bbox 1732 4264 3322 4337; baseline 0.004 -19"><span class='ocrx_word' id='word_1_736' title='bbox 1732 4264 1818 4318; x_wconf 93' lang='lat' dir='ltr'><strong>vir</strong></span> <span class='ocrx_word' id='word_1_737' title='bbox 1844 4264 2242 4331; x_wconf 91' lang='lat' dir='ltr'><strong>doctissimus,</strong></span> <span class='ocrx_word' id='word_1_738' title='bbox 2285 4273 2339 4319; x_wconf 89' lang='lat' dir='ltr'><strong>et</strong></span> <span class='ocrx_word' id='word_1_739' title='bbox 2373 4264 2443 4319; x_wconf 90' lang='lat' dir='ltr'><strong>ab</strong></span> <span class='ocrx_word' id='word_1_740' title='bbox 2476 4275 2800 4336; x_wconf 88' lang='lat' dir='ltr'><strong>argumento</strong></span> <span class='ocrx_word' id='word_1_741' title='bbox 2832 4282 2954 4333; x_wconf 92' lang='lat' dir='ltr'><strong>suo,</strong></span> <span class='ocrx_word' id='word_1_742' title='bbox 2990 4268 3136 4337; x_wconf 90' lang='lat' dir='ltr'><strong>quod</strong></span> <span class='ocrx_word' id='word_1_743' title='bbox 3168 4285 3198 4323; x_wconf 92' lang='lat' dir='ltr'><strong>a</strong></span> <span class='ocrx_word' id='word_1_744' title='bbox 3242 4270 3322 4324; x_wconf 87' lang='lat' dir='ltr'><strong>si-</strong></span> 
     </span>
    </p>
   </div>
   <div class='ocr_carea' id='block_1_106' title="bbox 1732 4356 3323 4431">
    <p class='ocr_par' dir='ltr' id='par_1_106' title="bbox 1732 4356 3323 4431">
     <span class='ocr_line' id='line_1_106' title="bbox 1732 4356 3323 4431; baseline 0.003 -20"><span class='ocrx_word' id='word_1_745' title='bbox 1732 4356 1904 4411; x_wconf 88' lang='lat' dir='ltr'><strong>lentio</strong></span> <span class='ocrx_word' id='word_1_746' title='bbox 1934 4356 2263 4427; x_wconf 91' lang='lat' dir='ltr'><strong>scriptorum</strong></span> <span class='ocrx_word' id='word_1_747' title='bbox 2297 4365 2425 4411; x_wconf 89' lang='lat' dir='ltr'><strong>ante</strong></span> <span class='ocrx_word' id='word_1_748' title='bbox 2454 4356 2752 4413; x_wconf 90' lang='lat' dir='ltr'><strong>Eusebium</strong></span> <span class='ocrx_word' id='word_1_749' title='bbox 2776 4360 3081 4429; x_wconf 88' lang='lat' dir='ltr'><strong>petebatur,</strong></span> <span class='ocrx_word' id='word_1_750' title='bbox 3104 4360 3323 4431; x_wconf 87' lang='lat' dir='ltr'><strong>longius</strong></span> 
     </span>
    </p>
   </div>
   <div class='ocr_carea' id='block_1_107' title="bbox 1734 4447 3323 4522">
    <p class='ocr_par' dir='ltr' id='par_1_107' title="bbox 1734 4447 3323 4522">
     <span class='ocr_line' id='line_1_107' title="bbox 1734 4447 3323 4522; baseline 0.003 -19"><span class='ocrx_word' id='word_1_751' title='bbox 1734 4449 2064 4517; x_wconf 79' lang='lat' dir='ltr'><strong>aberrasset,</strong></span> <span class='ocrx_word' id='word_1_752' title='bbox 2111 4449 2363 4519; x_wconf 74' lang='lat' dir='ltr'><strong>adjunxit</strong></span> <span class='ocrx_word' id='word_1_753' title='bbox 2394 4447 2714 4522; x_wconf 84' lang='lat' dir='ltr'><strong>Hieronymi</strong></span> <span class='ocrx_word' id='word_1_754' title='bbox 2740 4458 2796 4505; x_wconf 91' lang='lat' dir='ltr'><strong>et</strong></span> <span class='ocrx_word' id='word_1_755' title='bbox 2846 4451 3136 4521; x_wconf 90' lang='lat' dir='ltr'><strong>Epiphanii</strong></span> <span class='ocrx_word' id='word_1_756' title='bbox 3167 4453 3323 4507; x_wconf 83' lang='lat' dir='ltr'><strong>testi-</strong></span> 
     </span>
    </p>
   </div>
   <div class='ocr_carea' id='block_1_108' title="bbox 1736 4540 3319 4615">
    <p class='ocr_par' dir='ltr' id='par_1_108' title="bbox 1736 4540 3319 4615">
     <span class='ocr_line' id='line_1_108' title="bbox 1736 4540 3319 4615; baseline 0.004 -20"><span class='ocrx_word' id='word_1_757' title='bbox 1736 4542 1920 4596; x_wconf 91' lang='lat' dir='ltr'><strong>monia</strong></span> <span class='ocrx_word' id='word_1_758' title='bbox 1955 4560 1970 4596; x_wconf 90' lang='lat'><strong>:</strong></span> <span class='ocrx_word' id='word_1_759' title='bbox 2001 4541 2157 4596; x_wconf 91' lang='lat' dir='ltr'><strong>illum</strong></span> <span class='ocrx_word' id='word_1_760' title='bbox 2188 4541 2310 4597; x_wconf 90' lang='lat' dir='ltr'><strong>ideo</strong></span> <span class='ocrx_word' id='word_1_761' title='bbox 2333 4540 2584 4610; x_wconf 86' lang='lat' dir='ltr'><strong>adduxit,</strong></span> <span class='ocrx_word' id='word_1_762' title='bbox 2608 4543 2736 4613; x_wconf 89' lang='lat' dir='ltr'><strong>quia</strong></span> <span class='ocrx_word' id='word_1_763' title='bbox 2757 4544 3164 4615; x_wconf 82' lang='lat' dir='ltr'><strong>presbyteratus</strong></span> <span class='ocrx_word' id='word_1_764' title='bbox 3192 4561 3319 4601; x_wconf 86' lang='lat' dir='ltr'><strong>cum</strong></span> 
     </span>
    </p>
   </div>
   <div class='ocr_carea' id='block_1_109' title="bbox 1730 4634 3318 4708">
    <p class='ocr_par' dir='ltr' id='par_1_109' title="bbox 1730 4634 3318 4708">
     <span class='ocr_line' id='line_1_109' title="bbox 1730 4634 3318 4708; baseline 0.004 -20"><span class='ocrx_word' id='word_1_765' title='bbox 1730 4634 2046 4704; x_wconf 89' lang='lat' dir='ltr'><strong>episcopatu</strong></span> <span class='ocrx_word' id='word_1_766' title='bbox 2071 4675 2087 4701; x_wconf 94' lang='lat'><strong>,</strong></span> <span class='ocrx_word' id='word_1_767' title='bbox 2120 4642 2181 4688; x_wconf 93' lang='lat' dir='ltr'><strong>ut</strong></span> <span class='ocrx_word' id='word_1_768' title='bbox 2213 4634 2310 4701; x_wconf 91' lang='lat' dir='ltr'><strong>ait,</strong></span> <span class='ocrx_word' id='word_1_769' title='bbox 2345 4634 2626 4705; x_wconf 82' lang='grc' dir='ltr'>ίσοτομίαν</span> <span class='ocrx_word' id='word_1_770' title='bbox 2660 4636 2957 4708; x_wconf 73' lang='lat' dir='ltr'><strong>probabat;</strong></span> <span class='ocrx_word' id='word_1_771' title='bbox 2986 4635 3157 4703; x_wconf 80' lang='lat' dir='ltr'><strong>hunc,</strong></span> <span class='ocrx_word' id='word_1_772' title='bbox 3188 4637 3318 4708; x_wconf 84' lang='lat' dir='ltr'><strong>quia</strong></span> 
     </span>
    </p>
   </div>
   <div class='ocr_carea' id='block_1_110' title="bbox 1728 4727 3321 4787">
    <p class='ocr_par' dir='ltr' id='par_1_110' title="bbox 1728 4727 3321 4787">
     <span class='ocr_line' id='line_1_110' title="bbox 1728 4727 3321 4787; baseline 0.003 -6"><span class='ocrx_word' id='word_1_773' title='bbox 1728 4741 1848 4781; x_wconf 90' lang='lat' dir='ltr'><strong>eam</strong></span> <span class='ocrx_word' id='word_1_774' title='bbox 1884 4727 2209 4783; x_wconf 90' lang='lat' dir='ltr'><strong>sententiam</strong></span> <span class='ocrx_word' id='word_1_775' title='bbox 2242 4735 2301 4780; x_wconf 92' lang='lat' dir='ltr'><strong>ut</strong></span> <span class='ocrx_word' id='word_1_776' title='bbox 2328 4727 2562 4781; x_wconf 83' lang='lat' dir='ltr'><strong>baeresin</strong></span> <span class='ocrx_word' id='word_1_777' title='bbox 2594 4727 2648 4780; x_wconf 90' lang='lat' dir='ltr'><strong>in</strong></span> <span class='ocrx_word' id='word_1_778' title='bbox 2670 4727 2838 4782; x_wconf 86' lang='lat' dir='ltr'><strong>Aerio</strong></span> <span class='ocrx_word' id='word_1_779' title='bbox 2869 4728 3168 4784; x_wconf 89' lang='lat' dir='ltr'><strong>damnabat</strong></span> <span class='ocrx_word' id='word_1_780' title='bbox 3195 4748 3207 4785; x_wconf 92' lang='lat'>:</span> <span class='ocrx_word' id='word_1_781' title='bbox 3233 4740 3321 4787; x_wconf 88' lang='lat' dir='ltr'><strong>te-</strong></span> 
     </span>
    </p>
   </div>
   <div class='ocr_carea' id='block_1_111' title="bbox 1728 4816 3317 4895">
    <p class='ocr_par' dir='ltr' id='par_1_111' title="bbox 1728 4816 3317 4895">
     <span class='ocr_line' id='line_1_111' title="bbox 1728 4816 3317 4895; baseline 0.004 -23"><span class='ocrx_word' id='word_1_782' title='bbox 1728 4826 1841 4872; x_wconf 91' lang='lat' dir='ltr'><strong>stes</strong></span> <span class='ocrx_word' id='word_1_783' title='bbox 1859 4816 2000 4873; x_wconf 90' lang='lat' dir='ltr'><strong>duos</strong></span> <span class='ocrx_word' id='word_1_784' title='bbox 2023 4816 2079 4871; x_wconf 92' lang='lat' dir='ltr'><strong>in</strong></span> <span class='ocrx_word' id='word_1_785' title='bbox 2110 4816 2383 4888; x_wconf 81' lang='lat' dir='ltr'><strong>Ignatium</strong></span> <span class='ocrx_word' id='word_1_786' title='bbox 2401 4818 2518 4888; x_wconf 88' lang='lat' dir='ltr'><strong>jam</strong></span> <span class='ocrx_word' id='word_1_787' title='bbox 2535 4818 2627 4873; x_wconf 92' lang='lat' dir='ltr'><strong>diu</strong></span> <span class='ocrx_word' id='word_1_788' title='bbox 2652 4829 2931 4891; x_wconf 91' lang='lat' dir='ltr'><strong>receptum</strong></span> <span class='ocrx_word' id='word_1_789' title='bbox 2953 4822 3170 4895; x_wconf 88' lang='lat' dir='ltr'><strong>egregie</strong></span> <span class='ocrx_word' id='word_1_790' title='bbox 3186 4839 3317 4879; x_wconf 80' lang='lat' dir='ltr'><strong>con-</strong></span> 
     </span>
    </p>
   </div>
   <div class='ocr_carea' id='block_1_112' title="bbox 1728 4908 3311 4982">
    <p class='ocr_par' dir='ltr' id='par_1_112' title="bbox 1728 4908 3311 4982">
     <span class='ocr_line' id='line_1_112' title="bbox 1728 4908 3311 4982; baseline 0.004 -18"><span class='ocrx_word' id='word_1_791' title='bbox 1728 4910 2024 4979; x_wconf 82' lang='lat' dir='ltr'><strong>Spirantes.</strong></span> <span class='ocrx_word' id='word_1_792' title='bbox 2060 4908 2120 4963; x_wconf 89' lang='lat' dir='ltr'><strong>S.</strong></span> <span class='ocrx_word' id='word_1_793' title='bbox 2159 4908 2529 4982; x_wconf 81' lang='lat' dir='ltr'><strong>Hieronymus</strong></span> <span class='ocrx_word' id='word_1_794' title='bbox 2551 4926 2695 4982; x_wconf 71' lang='lat' dir='ltr'><strong>saepe</strong></span> <span class='ocrx_word' id='word_1_795' title='bbox 2719 4910 2777 4967; x_wconf 92' lang='lat' dir='ltr'><strong>S.</strong></span> <span class='ocrx_word' id='word_1_796' title='bbox 2811 4911 3006 4979; x_wconf 79' lang='lat' dir='ltr'><strong>Ignatii</strong></span> <span class='ocrx_word' id='word_1_797' title='bbox 3038 4916 3311 4981; x_wconf 86' lang='lat' dir='ltr'><strong>meminit,</strong></span> 
     </span>
    </p>
   </div>
   <div class='ocr_carea' id='block_1_113' title="bbox 1727 5002 3313 5078">
    <p class='ocr_par' dir='ltr' id='par_1_113' title="bbox 1727 5002 3313 5078">
     <span class='ocr_line' id='line_1_113' title="bbox 1727 5002 3313 5078; baseline 0.003 -21"><span class='ocrx_word' id='word_1_798' title='bbox 1727 5003 1858 5072; x_wconf 90' lang='lat' dir='ltr'><strong>quid</strong></span> <span class='ocrx_word' id='word_1_799' title='bbox 1893 5002 2178 5074; x_wconf 88' lang='lat' dir='ltr'><strong>scripserit</strong></span> <span class='ocrx_word' id='word_1_800' title='bbox 2211 5003 2297 5057; x_wconf 92' lang='lat' dir='ltr'><strong>vir</strong></span> <span class='ocrx_word' id='word_1_801' title='bbox 2340 5004 2676 5074; x_wconf 89' lang='lat' dir='ltr'><strong>apostolicus</strong></span> <span class='ocrx_word' id='word_1_802' title='bbox 2707 5014 2760 5061; x_wconf 91' lang='lat' dir='ltr'><strong>et</strong></span> <span class='ocrx_word' id='word_1_803' title='bbox 2795 5015 3004 5078; x_wconf 83' lang='lat' dir='ltr'><strong>martyr</strong></span> <span class='ocrx_word' id='word_1_804' title='bbox 3035 5007 3313 5072; x_wconf 84' lang='lat' dir='ltr'><strong>observat,</strong></span> 
     </span>
    </p>
   </div>
   <div class='ocr_carea' id='block_1_114' title="bbox 1727 5095 3315 5172">
    <p class='ocr_par' dir='ltr' id='par_1_114' title="bbox 1727 5095 3315 5172">
     <span class='ocr_line' id='line_1_114' title="bbox 1727 5095 3315 5172; baseline 0.004 -23"><span class='ocrx_word' id='word_1_805' title='bbox 1727 5095 2037 5152; x_wconf 82' lang='lat' dir='ltr'><strong>Eusebiana</strong></span> <span class='ocrx_word' id='word_1_806' title='bbox 2063 5096 2379 5153; x_wconf 89' lang='lat' dir='ltr'><strong>transcribit</strong></span> <span class='ocrx_word' id='word_1_807' title='bbox 2407 5105 2463 5153; x_wconf 92' lang='lat' dir='ltr'><strong>et</strong></span> <span class='ocrx_word' id='word_1_808' title='bbox 2501 5099 2770 5169; x_wconf 86' lang='lat' dir='ltr'><strong>approbat</strong></span> <span class='ocrx_word' id='word_1_809' title='bbox 2807 5118 2820 5154; x_wconf 88' lang='lat'><strong>:</strong></span> <span class='ocrx_word' id='word_1_810' title='bbox 2854 5100 2988 5171; x_wconf 91' lang='lat' dir='ltr'><strong>quid</strong></span> <span class='ocrx_word' id='word_1_811' title='bbox 3015 5100 3182 5172; x_wconf 88' lang='lat' dir='ltr'><strong>igitur</strong></span> <span class='ocrx_word' id='word_1_812' title='bbox 3221 5099 3315 5156; x_wconf 83' lang='lat' dir='ltr'><strong>ille</strong></span> 
     </span>
    </p>
   </div>
   <div class='ocr_carea' id='block_1_115' title="bbox 1726 5190 3307 5265">
    <p class='ocr_par' dir='ltr' id='par_1_115' title="bbox 1726 5190 3307 5265">
     <span class='ocr_line' id='line_1_115' title="bbox 1726 5190 3307 5265; baseline 0 -19"><span class='ocrx_word' id='word_1_813' title='bbox 1726 5191 1988 5247; x_wconf 87' lang='lat' dir='ltr'><strong>adversus</strong></span> <span class='ocrx_word' id='word_1_814' title='bbox 2020 5190 2217 5263; x_wconf 86' lang='lat' dir='ltr'><strong>Ignatii</strong></span> <span class='ocrx_word' id='word_1_815' title='bbox 2244 5192 2546 5263; x_wconf 88' lang='lat' dir='ltr'><strong>epistolas?</strong></span> <span class='ocrx_word' id='word_1_816' title='bbox 2575 5192 2855 5250; x_wconf 88' lang='lat' dir='ltr'><strong>Sollicitor</strong></span> <span class='ocrx_word' id='word_1_817' title='bbox 2877 5203 3086 5265; x_wconf 87' lang='lat' dir='ltr'><strong>putare,</strong></span> <span class='ocrx_word' id='word_1_818' title='bbox 3107 5192 3307 5262; x_wconf 89' lang='lat' dir='ltr'><strong>inquit,</strong></span> 
     </span>
    </p>
   </div>
   <div class='ocr_carea' id='block_1_116' title="bbox 1723 5286 3373 5358">
    <p class='ocr_par' dir='ltr' id='par_1_116' title="bbox 1723 5286 3373 5358">
     <span class='ocr_line' id='line_1_116' title="bbox 1723 5286 3373 5358; baseline 0.001 -18"><span class='ocrx_word' id='word_1_819' title='bbox 1723 5286 1801 5341; x_wconf 89' lang='lat' dir='ltr'><strong>vel</strong></span> <span class='ocrx_word' id='word_1_820' title='bbox 1826 5288 2062 5342; x_wconf 88' lang='lat' dir='ltr'><strong>nondum</strong></span> <span class='ocrx_word' id='word_1_821' title='bbox 2081 5288 2137 5342; x_wconf 84' lang='lat' dir='ltr'><strong>in</strong></span> <span class='ocrx_word' id='word_1_822' title='bbox 2163 5288 2229 5342; x_wconf 87' lang='lat' dir='ltr'><strong>iis</strong></span> <span class='ocrx_word' id='word_1_823' title='bbox 2259 5289 2363 5341; x_wconf 87' lang='lat' dir='ltr'><strong>ista</strong></span> <span class='ocrx_word' id='word_1_824' title='bbox 2380 5298 2491 5342; x_wconf 90' lang='lat' dir='ltr'><strong>tam</strong></span> <span class='ocrx_word' id='word_1_825' title='bbox 2520 5288 2688 5343; x_wconf 89' lang='lat' dir='ltr'><strong>multa</strong></span> <span class='ocrx_word' id='word_1_826' title='bbox 2721 5289 2906 5357; x_wconf 73' lang='lat' dir='ltr'><strong>fuisse,</strong></span> <span class='ocrx_word' id='word_1_827' title='bbox 2933 5303 3052 5358; x_wconf 79' lang='lat' dir='ltr'><strong>qua:</strong></span> <span class='ocrx_word' id='word_1_828' title='bbox 3068 5286 3224 5341; x_wconf 81' lang='lat' dir='ltr'><strong>hodie</strong></span> <span class='ocrx_word' id='word_1_829' title='bbox 3245 5287 3315 5343; x_wconf 82' lang='lat' dir='ltr'><strong>de</strong></span> <span class='ocrx_word' id='word_1_830' title='bbox 3368 5350 3373 5351; x_wconf 19' lang='grc' dir='ltr'><strong>ί</strong></span> 
     </span>
    </p>
   </div>
   <div class='ocr_carea' id='block_1_117' title="bbox 1722 5379 3312 5451">
    <p class='ocr_par' dir='ltr' id='par_1_117' title="bbox 1722 5379 3312 5451">
     <span class='ocr_line' id='line_1_117' title="bbox 1722 5379 3312 5451; baseline 0 -18"><span class='ocrx_word' id='word_1_831' title='bbox 1722 5379 2054 5450; x_wconf 87' lang='lat' dir='ltr'><strong>episcopatus</strong></span> <span class='ocrx_word' id='word_1_832' title='bbox 2087 5381 2397 5435; x_wconf 87' lang='lat' dir='ltr'><strong>necessitate</strong></span> <span class='ocrx_word' id='word_1_833' title='bbox 2430 5390 2481 5435; x_wconf 87' lang='lat' dir='ltr'><strong>et</strong></span> <span class='ocrx_word' id='word_1_834' title='bbox 2516 5397 2628 5451; x_wconf 77' lang='lat' dir='ltr'><strong>pra:</strong></span> <span class='ocrx_word' id='word_1_835' title='bbox 2658 5380 3022 5450; x_wconf 85' lang='lat' dir='ltr'><strong>presbyteratu</strong></span> <span class='ocrx_word' id='word_1_836' title='bbox 3051 5379 3312 5434; x_wconf 72' lang='lat' dir='ltr'><strong>excellen-</strong></span> 
     </span>
    </p>
   </div>
   <div class='ocr_carea' id='block_1_118' title="bbox 1724 5469 3347 5541">
    <p class='ocr_par' dir='ltr' id='par_1_118' title="bbox 1724 5469 3347 5541">
     <span class='ocr_line' id='line_1_118' title="bbox 1724 5469 3347 5541; baseline 0 -17"><span class='ocrx_word' id='word_1_837' title='bbox 1724 5472 1803 5525; x_wconf 90' lang='lat' dir='ltr'><strong>tia</strong></span> <span class='ocrx_word' id='word_1_838' title='bbox 1831 5470 1987 5524; x_wconf 88' lang='lat' dir='ltr'><strong>isthic</strong></span> <span class='ocrx_word' id='word_1_839' title='bbox 2015 5470 2257 5541; x_wconf 85' lang='lat' dir='ltr'><strong>legimus,</strong></span> <span class='ocrx_word' id='word_1_840' title='bbox 2274 5471 2508 5539; x_wconf 81' lang='lat' dir='ltr'><strong>velcerte</strong></span> <span class='ocrx_word' id='word_1_841' title='bbox 2541 5472 2874 5525; x_wconf 74' lang='lat' dir='ltr'><strong>existimasse</strong></span> <span class='ocrx_word' id='word_1_842' title='bbox 2898 5469 3307 5541; x_wconf 80' lang='lat' dir='ltr'><strong>Hieronymum,</strong></span> <span class='ocrx_word' id='word_1_843' title='bbox 3344 5497 3347 5500; x_wconf 51' lang='grc' dir='ltr'><strong><em>ι</em></strong></span> 
     </span>
    </p>
   </div>
   <div class='ocr_carea' id='block_1_119' title="bbox 1720 5564 3302 5635">
    <p class='ocr_par' dir='ltr' id='par_1_119' title="bbox 1720 5564 3302 5635">
     <span class='ocr_line' id='line_1_119' title="bbox 1720 5564 3302 5635; baseline 0.001 -17"><span class='ocrx_word' id='word_1_844' title='bbox 1720 5564 2051 5635; x_wconf 86' lang='lat' dir='ltr'><strong>quantalibet</strong></span> <span class='ocrx_word' id='word_1_845' title='bbox 2078 5564 2244 5633; x_wconf 82' lang='lat' dir='ltr'><strong>fuerit</strong></span> <span class='ocrx_word' id='word_1_846' title='bbox 2267 5564 2517 5634; x_wconf 87' lang='lat' dir='ltr'><strong>martyris</strong></span> <span class='ocrx_word' id='word_1_847' title='bbox 2535 5565 2848 5629; x_wconf 86' lang='lat' dir='ltr'><strong>auctoritas,</strong></span> <span class='ocrx_word' id='word_1_848' title='bbox 2874 5580 2979 5618; x_wconf 84' lang='lat' dir='ltr'><strong>non</strong></span> <span class='ocrx_word' id='word_1_849' title='bbox 3003 5574 3177 5619; x_wconf 84' lang='lat' dir='ltr'><strong>tamen</strong></span> <span class='ocrx_word' id='word_1_850' title='bbox 3207 5582 3302 5619; x_wconf 76' lang='lat' dir='ltr'><strong>sa—</strong></span> 
     </span>
    </p>
   </div>
   <div class='ocr_carea' id='block_1_120' title="bbox 1722 5656 3306 5728">
    <p class='ocr_par' dir='ltr' id='par_1_120' title="bbox 1722 5656 3306 5728">
     <span class='ocr_line' id='line_1_120' title="bbox 1722 5656 3306 5728; baseline -0.003 -13"><span class='ocrx_word' id='word_1_851' title='bbox 1722 5661 1791 5717; x_wconf 85' lang='lat' dir='ltr'><strong>tis</strong></span> <span class='ocrx_word' id='word_1_852' title='bbox 1811 5678 1927 5715; x_wconf 87' lang='lat' dir='ltr'><strong>cam</strong></span> <span class='ocrx_word' id='word_1_853' title='bbox 1952 5661 2143 5725; x_wconf 89' lang='lat' dir='ltr'><strong>valere,</strong></span> <span class='ocrx_word' id='word_1_854' title='bbox 2169 5669 2228 5714; x_wconf 91' lang='lat' dir='ltr'><strong>ut</strong></span> <span class='ocrx_word' id='word_1_855' title='bbox 2254 5677 2361 5715; x_wconf 87' lang='lat' dir='ltr'><strong>rem</strong></span> <span class='ocrx_word' id='word_1_856' title='bbox 2385 5660 2599 5714; x_wconf 87' lang='lat' dir='ltr'><strong>disertis</strong></span> <span class='ocrx_word' id='word_1_857' title='bbox 2629 5656 2922 5728; x_wconf 74' lang='lat' dir='ltr'><strong>Scriptum</strong></span> <span class='ocrx_word' id='word_1_858' title='bbox 2945 5658 3155 5713; x_wconf 85' lang='lat' dir='ltr'><strong>vocibus</strong></span> <span class='ocrx_word' id='word_1_859' title='bbox 3179 5675 3306 5712; x_wconf 84' lang='lat' dir='ltr'><strong>con-</strong></span> 
     </span>
    </p>
   </div>
   <div class='ocr_carea' id='block_1_121' title="bbox 1721 5749 3303 5823">
    <p class='ocr_par' dir='ltr' id='par_1_121' title="bbox 1721 5749 3303 5823">
     <span class='ocr_line' id='line_1_121' title="bbox 1721 5749 3303 5823; baseline -0.001 -17"><span class='ocrx_word' id='word_1_860' title='bbox 1721 5754 1994 5823; x_wconf 78' lang='lat' dir='ltr'><strong>ﬁrmatam</strong></span> <span class='ocrx_word' id='word_1_861' title='bbox 2019 5751 2307 5805; x_wconf 86' lang='lat' dir='ltr'><strong>convellere</strong></span> <span class='ocrx_word' id='word_1_862' title='bbox 2341 5758 2519 5820; x_wconf 84' lang='lat' dir='ltr'><strong>posset</strong></span> <span class='ocrx_word' id='word_1_863' title='bbox 2551 5759 2643 5804; x_wconf 87' lang='lat' dir='ltr'><strong>aut</strong></span> <span class='ocrx_word' id='word_1_864' title='bbox 2684 5749 2910 5806; x_wconf 87' lang='lat' dir='ltr'><strong>deberet.</strong></span> <span class='ocrx_word' id='word_1_865' title='bbox 2949 5750 3088 5819; x_wconf 88' lang='lat' dir='ltr'><strong>Quid</strong></span> <span class='ocrx_word' id='word_1_866' title='bbox 3124 5760 3303 5805; x_wconf 87' lang='lat' dir='ltr'><strong>autem</strong></span> 
     </span>
    </p>
   </div>
   <div class='ocr_carea' id='block_1_122' title="bbox 1722 5845 3305 5914">
    <p class='ocr_par' dir='ltr' id='par_1_122' title="bbox 1722 5845 3305 5914">
     <span class='ocr_line' id='line_1_122' title="bbox 1722 5845 3305 5914; baseline -0.005 -8"><span class='ocrx_word' id='word_1_867' title='bbox 1722 5848 1769 5906; x_wconf 85' lang='lat' dir='ltr'><strong>si</strong></span> <span class='ocrx_word' id='word_1_868' title='bbox 1803 5847 1885 5905; x_wconf 85' lang='lat' dir='ltr'><strong>vir</strong></span> <span class='ocrx_word' id='word_1_869' title='bbox 1940 5845 2292 5904; x_wconf 84' lang='lat' dir='ltr'><strong>doctissimus</strong></span> <span class='ocrx_word' id='word_1_870' title='bbox 2338 5860 2531 5906; x_wconf 76' lang='lat' dir='ltr'><strong>revera</strong></span> <span class='ocrx_word' id='word_1_871' title='bbox 2575 5853 2790 5914; x_wconf 84' lang='lat' dir='ltr'><strong>putaret</strong></span> <span class='ocrx_word' id='word_1_872' title='bbox 2820 5845 2875 5903; x_wconf 89' lang='lat' dir='ltr'><strong>id</strong></span> <span class='ocrx_word' id='word_1_873' title='bbox 2920 5846 3066 5907; x_wconf 81' lang='lat' dir='ltr'><strong>quod</strong></span> <span class='ocrx_word' id='word_1_874' title='bbox 3109 5853 3305 5914; x_wconf 80' lang='lat' dir='ltr'><strong>putare</strong></span> 
     </span>
    </p>
   </div>
  </div>
