3824 6198
412 299 514 355 251

1425 287 1497 361 ‘s.
1539 303 1888 361 lGNATlUS.
1928 333 1993 342 -
2030 304 2560 362 PROLEGOMENA.

3581 306 3677 363 233

411 423 999 495 sollicitatur?quid‘si
1030 442 1218 482 verum
1244 438 1395 485 esset
1413 431 1559 501 quod
1579 430 1763 501 putet?
1783 445 1851 484 an
1872 427 1995 482 inde
2023 430 2067 487 Α
2098 445 2309 497 parcns.
2361 428 2457 483 Et:
2528 428 2711 483 Virum
2771 431 3152 497 honorabilem,
3212 431 3435 501 fratrem
3488 445 3671 501 meum,

411 515 662 585 sequitur
691 518 950 587 epistolas
984 518 1104 574 illas
1137 534 1329 577 omnes
1370 538 1494 577 esse
1522 522 1683 577 tertio
1710 522 1909 575 saeculo
1938 521 2003 575 li»

410 616 530 663 clas
553 618 716 679 atque
749 611 1108 680 suppositas?
1131 613 1188 667 Si
1214 630 1400 683 parem
1431 631 1554 671 cum
1582 615 1881 685 S‘cripturis
1903 622 2001 669 au-

410 701 719 758 ctoritatem
758 721 863 758 non
890 705 1159 771 habeant,
1195 716 1290 760 aut
1323 724 1431 762 una
1466 708 1549 763 vel
1579 708 1750 762 altera
1779 715 2001 763 senten-

412 793 488 847 tia
525 793 593 847 de
617 796 940 851 necessitate
966 805 1019 851 et
1044 798 1359 852 excellentia
1378 800 1724 871 episcopatus
1741 800 1793 853 in
1816 816 2000 855 exem-

414 885 551 954 plari
577 884 1003 958 Hieronymiano
1050 906 1160 945 non
1191 892 1519 960 haberetur,
1563 909 1685 963 quae
1714 894 1767 947 in
1796 895 1998 951 nostris

412 987 658 1047 apparet,
693 996 762 1034 an
796 986 983 1036 statim
1014 985 1285 1054 sequitur,
1313 1001 1507 1041 omnes
1534 986 1705 1041 fuisse
1724 1002 1999 1043 commen-

408 1068 603 1123 titias?
635 1072 939 1140 praesertim
959 1090 1084 1129 cum
1119 1074 1176 1129 S‘.
1212 1074 1576 1147 Hieronymus
1595 1093 1689 1132 eas
1717 1094 1853 1147 quas
1880 1079 1997 1149 ipse

406 1159 603 1216 habuit
622 1178 780 1219 veras
810 1174 865 1220 et
895 1167 1164 1236 genuinas
1186 1168 1415 1238 putavit.
1440 1168 1664 1224 Fatetur
1692 1170 1773 1224 vir
1791 1170 1997 1226 doctis-

408 1254 614 1321 simus,
662 1272 758 1312 eas
788 1258 1052 1328 epistolas
1083 1276 1222 1330 quas
1254 1277 1401 1317 nunc
1450 1262 1740 1330 habemus,
1771 1264 1990 1319 easdem

406 1348 635 1404 omnino
683 1365 807 1406 esse
850 1367 989 1421 quas
1035 1353 1228 1409 habuit
1257 1352 1563 1421 Ensebius,
1600 1364 1661 1411 et
1701 1365 1822 1426 post
1865 1372 1991 1412 eum

409 1438 749 1497 Athanasius
792 1452 955 1513 atque
1005 1443 1402 1503 Theodoretus.
1445 1446 1563 1515 Qua
1603 1465 1734 1520 ergo
1779 1450 1992 1506 ratione

404 1529 604 1586 ductus
653 1531 907 1590 dubitare
934 1545 1114 1606 potest
1144 1539 1211 1593 de
1250 1539 1548 1609 exemplari
1588 1541 1762 1597 solius
1798 1540 1991 1597 Hiero-

404 1622 578 1693 nymi,
596 1625 689 1694 qui
720 1635 845 1695 post
870 1625 1166 1683 Eusebium
1185 1641 1239 1685 et
1258 1632 1648 1701 Athanasium,
1666 1644 1791 1690 ante
1811 1634 1991 1691 Theo-

403 1713 654 1771 doretum
689 1719 867 1774 vixit?
902 1720 1023 1775 Non
1055 1731 1166 1775 tam
1202 1724 1393 1793 multa,
1418 1726 1643 1793 scilicet,
1672 1727 1736 1781 de
1759 1745 1821 1782 ea
1851 1745 1906 1783 re
1932 1729 1986 1783 in

403 1804 620 1878 Ignatio
643 1810 773 1864 vidit
799 1810 1155 1883 Hieronymus
1178 1830 1198 1869 :
1230 1816 1408 1885 quasi,
1446 1817 1492 1871 si
1519 1818 1779 1887 pauciora
1805 1820 1871 1875 de
1891 1836 1987 1875 ea—

402 1898 529 1954 dem
559 1915 619 1955 re
649 1901 885 1958 dixisset
907 1902 1184 1974 lgnatius,
1219 1907 1379 1963 fidem
1423 1908 1519 1965 Dei
1566 1927 1787 1968 omnem
1833 1915 1991 1971 abro-

401 2002 586 2064 gasset
609 1992 997 2067 Hieronymus.
1028 1998 1183 2054 Anne
1209 2000 1509 2058 auctoritas
1532 2004 1624 2059 illa
1658 2012 1870 2060 tantum
1892 2023 1989 2062 va-

401 2080 510 2135 lida
539 2088 644 2146 est,
671 2098 793 2152 qure
811 2086 1103 2142 sententiis
1132 2087 1275 2143 idem
1307 2090 1467 2156 plane
1496 2095 1823 2151 sonantibus
1844 2112 1988 2167 saepe

399 2171 644 2241 repetitis
678 2176 931 2229 constat?
960 2175 1105 2242 Quot
1130 2182 1414 2236 sententiae
1444 2182 1499 2238 in
1534 2182 1745 2255 lgnatio
1768 2188 1989 2244 oblitte-

398 2264 585 2318 randzc
620 2273 771 2331 sunt,
804 2274 865 2320 ut
904 2269 1257 2340 episcopatus
1287 2282 1343 2329 et
1374 2276 1787 2347 presbyteratus
1817 2282 1985 2335 ἰσοτι-

399 2354 498 2427 μία
526 2357 595 2410 ab
622 2358 718 2413 illo
764 2362 1121 2417 condemnari
1157 2379 1268 2419 non
1323 2375 1567 2436 putetur,
1604 2379 1659 2424 et
1707 2372 1984 2441 doctrina,

396 2460 563 2514 quam
580 2455 839 2518 tanquam
863 2449 1343 2524 Hieronymianam
1375 2468 1773 2526 repraesentant
1790 2461 1984 2517 adver-

403 2536 579 2607 sarii,
633 2537 928 2611 lgnatiana:
962 2544 1192 2601 minime
1239 2550 1517 2603 contraria
1557 2552 1838 2608 videatur!
1876 2553 1985 2610 Sed

395 2643 590 2685 revera
617 2628 937 2705 Hieronymi
987 2638 1280 2705 sententia,
1320 2640 1368 2696 si
1404 2658 1509 2696 una
1544 2652 1709 2713 atque
1752 2645 1984 2717 simplex

392 2719 489 2787 sit,
515 2732 569 2777 et
582 2734 727 2779 recte
749 2727 1072 2796 explicetur,
1094 2727 1287 2801 ignatii
1305 2734 1589 2789 sententia:
1604 2737 1831 2792 minime
1853 2754 1985 2794 con-

394 2818 562 2869 traria
588 2825 707 2883 est;
741 2821 1101 2878 contrarietas
1122 2824 1267 2878 enim
1306 2841 1429 2895 qua:
1456 2828 1787 2895 obtenditur,
1812 2831 1983 2903 origi-

391 2921 520 2963 nem
552 2918 765 2965 tantum
796 2922 1046 2984 spectat,
1085 2916 1153 2971 de
1179 2933 1291 2987 qua
1318 2919 1461 2973 nihil
1476 2919 1739 2991 lgnatius.
1773 2923 1982 2981 Caetera

391 3016 523 3055 vero
560 3018 682 3074 quae
709 3005 875 3062 habet
912 3006 1281 3081 Hieronymus
1308 3027 1440 3068 sane
1467 3015 1872 3086 quamplurima
1914 3020 1981 3075 de

2103 518 2276 587 ﬁlium
2308 519 2635 590 dignationis
2676 533 2803 585 tute,
2832 522 3080 576 Orosium
3111 523 3476 593 presbyterum
3500 533 3551 577 et
3598 525 3673 577 sui

2102 612 2291 665 merito
2313 623 2360 665 et
2396 622 2444 665 te
2457 612 2674 682 jubente
2723 615 2946 678 suscepi.
2974 612 3105 679 Qua:
3133 630 3257 669 cum
3313 615 3390 669 ita
3426 614 3561 681 sint,
3593 616 3673 669 illa

2103 702 2157 755 in
2190 714 2448 772 suspecto
2475 720 2639 774 opere
2674 706 2729 759 in
2769 705 3031 775 psalmum
3068 722 3195 760 xmv
3221 706 3561 779 Hieronymo
3591 708 3675 761 vix

2101 792 2408 861 abjuilicari
2443 805 2706 865 possunt:
2741 794 3027 863 Fuerunt,
3077 815 3107 851 ο
3133 797 3377 852 Ecclesia
3404 841 3419 865 ,
3453 798 3674 869 apostoli

2099 893 2275 952 patres
2303 886 2402 949 tui,
2433 887 2558 956 quia
2589 887 2692 957 ipsi
2730 898 2778 940 te
2798 897 3113 958 genuerunt.
3158 887 3316 942 Nunc
3344 900 3528 942 autem
3557 888 3673 957 quia

2099 975 2182 1029 illi
2230 988 2555 1034 recesserunt
2596 996 2628 1032 a
2673 981 2904 1045 mundo,
2962 980 3120 1035 habes
3142 996 3238 1051 pro
3277 982 3362 1036 his
3410 982 3675 1051 episcopos

2096 1067 2261 1136 ﬁlios,
2290 1070 2381 1138 qui
2414 1087 2445 1122 a
2476 1080 2525 1124 te
2556 1071 2721 1123 creati
2751 1080 2915 1126 sunt:
2946 1081 3070 1126 sunt
3115 1074 3254 1127 enim
3300 1082 3365 1127 et.
3397 1074 3453 1126 hi
3505 1082 3674 1143 patres

2098 1161 2196 1223 tui,
2224 1161 2349 1232 quia
2372 1161 2437 1214 ab
2465 1164 2595 1231 ipsis
2619 1165 2839 1232 reget-is.
2860 1162 2984 1219 Haec
3017 1174 3199 1219 autem
3229 1165 3506 1235 subjectio
3550 1165 3675 1221 Hie-

2098 1252 2418 1321 ronymiana
2468 1253 2603 1307 nihil
2642 1253 2803 1308 aliud’
2820 1265 2907 1311 est
2945 1272 3111 1327 quam
3156 1258 3367 1331 ὑπακοὴ
3423 1258 3513 1313 vel
3546 1259 3676 1313 ὐπο-

2095 1342 2243 1413 ταγὴη
2278 1342 2582 1413 lgnatiana.
2626 1344 2912 1415 Secundo,
2944 1345 3312 1419 Hieronymus
3373 1349 3679 1420 saepissime

2095 1440 2205 1487 tres
2228 1434 2432 1501 gradus
2460 1435 2577 1492 sive
2608 1438 2833 1494 ordines
2877 1439 2934 1493 in
2967 1437 3233 1506 Ecclesia,
3268 1440 3673 1512 episcopatum,

2093 1525 2525 1598 presbyteratum
2570 1540 2625 1587 et
2651 1531 3005 1589 diaconatum
3049 1535 3319 1605 agnoscit,
3349 1550 3462 1590 non
3494 1536 3677 1591 minus

2091 1632 2260 1688 quam
2294 1619 2557 1695 lgnatius.
2602 1623 2827 1698 Dialogo
2870 1626 3136 1683 adversas
3173 1626 3593 1685 Luciferianos:
3630 1628 3675 1682 Α

2094 1712 2322 1782 triginta
2345 1714 2537 1770 cubitis
2564 1718 2819 1788 incipiens
2844 1729 2892 1774 et
2920 1736 3081 1790 usque
3115 1720 3185 1774 ad
3224 1738 3405 1775 unum»
3440 1722 3679 1777 cubitum

2088 1805 2355 1873 paulatim
2396 1808 2698 1864 decrescens
2731 1828 2861 1865 arca
2896 1813 3267 1868 construitur:
3318 1814 3583 1876 similiter
3627 1823 3680 1869 et

2089 1893 2332 1951 Ecclesia
2351 1898 2532 1954 multis
2552 1901 2807 1970 gradibus
2825 1904 3114 1958 consistens
3136 1906 3206 1958 ad
3227 1916 3528 1961 extremum
3553 1906 3681 1961 dia-

2089 1986 2258 2052 conis,
2280 1987 2599 2058 presbyteris
2649 1991 3007 2062 episwpisque
3030 1993 3236 2061 ﬁnitur.
3266 1993 3344 2046 Ita
3370 1993 3494 2048 ille:
3524 1994 3681 2049 Arce

2088 2093 2419 2134 sacramenta
2444 2098 2564 2135 cum
2594 2081 2836 2137 Ecclesia
2888 2101 3222 2154 componens.
3260 2085 3682 2143 Commentario

2089 2167 2142 2221 in
2171 2167 2396 2225 Michea:
2439 2187 2561 2242 cap.
2587 2189 2699 2228 vn:
2729 2173 2913 2228 Nolite
2942 2175 3155 2229 credere
3183 2176 3237 2229 in
3260 2176 3513 2244 ducibus,
3576 2193 3681 2231 non

2087 2260 2143 2314 in
2165 2262 2429 2333 episcopo,
2460 2282 2565 2319 non
2588 2266 2643 2320 in
2671 2267 3000 2338 presbytero,
3031 2284 3136 2323 non
3168 2269 3225 2323 in
3272 2270 3526 2337 diacono,
3572 2288 3680 2325 non

2087 2354 2144 2407 in
2176 2355 2408 2425 qualibet
2440 2359 2709 2413 hominum
2734 2361 3016 2432 dignitate.
3046 2360 3169 2416 Non
3204 2363 3303 2417 hoc
3345 2362 3492 2430 dico,
3537 2363 3681 2435 quod

2085 2445 2393 2503 istiusmodi
2437 2452 2689 2521 gradibus
2733 2454 2788 2507 in
2831 2454 3072 2509 Ecclesia
3115 2472 3221 2510 non
3278 2456 3519 2510 debeatis
3568 2472 3685 2512 esse

2085 2538 2675 2613 subjecti.tQuicunque
2695 2545 2835 2598 enim
2869 2546 3205 2601 maledixerit
3236 2548 3382 2617 patri
3416 2558 3515 2601 aut
3565 2565 3685 2603 ma-

2086 2632 2178 2698 tri,
2206 2643 2371 2687 morte
2394 2637 2649 2689 morietur
2687 2640 2733 2669 ²⁰
2754 2640 3158 2708 ;›βιΑροδιοΙαε
3188 2639 3339 2694 docet
3368 2642 3683 2711 prwpositis

2084 2723 2139 2777 in
2180 2723 2416 2779 Ecclesia
2455 2726 2797 2783 obediendum
2818 2731 2885 2784 “.
2925 2729 3028 2785 Sed
3054 2731 3193 2802 quod
3217 2732 3371 2785 aliud
3400 2734 3470 2787 sit
3506 2733 3683 2787 horto-

2082 2832 2203 2869 rare
2218 2817 2401 2885 duces,
2427 2818 2577 2872 aliud
2598 2838 2740 2890 spem
2769 2822 2958 2877 habere
2981 2824 3035 2875 in
3052 2824 3297 2877 ducibus.
3332 2822 3680 2879 Honoremus

2082 2907 2403 2977 episcopum,
2427 2910 2729 2979 presbytero
2760 2912 3059 2983 deferamus
3084 2956 3099 2979 ,
3146 2931 3499 2985 assurgamus
3551 2918 3683 2971 dia—

2083 3015 2234 3066 cono,
2260 3010 2308 3054 et
2339 3009 2510 3055 tamen
2554 3019 2657 3055 non
2694 3020 2958 3072 sperentus
2986 3006 3042 3058 in
3075 3007 3172 3060 eis.
3204 3008 3475 3079 Apologia
3494 3011 3683 3079 prima

390 3096 749 3165 episcopatus
783 3114 814 3153 a
857 3100 1238 3171 presbyteratu
1283 3103 1638 3163 distinctione
1678 3117 1732 3163 et
1773 3124 1971 3179 prazex-

2097 3093 2348 3148 adversus
2373 3093 2644 3149 Bullinum
2669 3116 2681 3148 :
2716 3095 2862 3149 Sciat
2897 3099 3121 3151 multant
3148 3101 3399 3154 interesse
3425 3103 3489 3156 de
3515 3120 3684 3173 ange-

389 3187 669 3255 cellentia,
715 3204 780 3243 ac
804 3192 1131 3248 necessitate
1159 3195 1592 3268 antiquitateque
1608 3200 1893 3271 utriusque
1923 3201 1979 3256 in

388 3276 637 3337 Ecclesia
669 3279 786 3349 Dei,
812 3291 868 3337 et
899 3283 1047 3340 Aerii
1076 3286 1275 3358 dogma
1300 3288 1577 3360 jngulant,
1606 3300 1657 3347 et
1681 3290 1977 3363 lgnatianis

386 3372 550 3441 plane
572 3372 879 3430 conformis
910 3386 1074 3444 sunt;
1100 3396 1227 3450 quae
1264 3381 1426 3438 toties
1452 3381 1705 3438 imitatur
1724 3394 1778 3441 et
1792 3385 1979 3455 sequi-

387 3472 509 3532 tur,
539 3474 599 3520 ut
629 3469 763 3539 quin
797 3470 985 3526 omnia
1033 3472 1253 3539 viderit,
1296 3490 1420 3543 qua:
1470 3490 1572 3531 nos
1614 3477 1669 3531 in
1720 3478 1975 3549 genuinis

383 3556 633 3625 epistolis
654 3559 923 3627 videmus,
954 3563 1218 3633 dubitari,
1250 3574 1398 3621 certe
1435 3576 1494 3621 ut
1556 3568 1821 3637 pauciora
1843 3609 1857 3634 ,
1892 3568 1975 3623 all

383 3645 597 3702 ﬁrmari
644 3665 753 3704 non
778 3652 974 3720 possit.
1017 3652 1161 3709 Nam
1206 3655 1261 3709 in
1305 3656 1538 3726 epistola
1591 3659 1661 3713 ad
1714 3657 1974 3731 Nepotia-

383 3752 555 3792 num:
590 3738 743 3806 Esto,
772 3743 971 3812 inquit,
999 3744 1267 3813 subjectus
1295 3750 1536 3817 pontiﬁci
1569 3763 1694 3820 tuo,
1724 3763 1774 3806 et
1816 3755 1973 3823 quasi

383 3835 581 3890 animle
604 3848 874 3907 parentem
899 3842 1127 3911 suscipe,
1147 3843 1233 3898 vel
1258 3846 1483 3912 suspice.
1509 3844 1833 3904 Exhortatio
1858 3849 1973 3906 haec

385 3943 497 3983 non
526 3928 797 3996 Aeriana,
844 3931 937 3986 sed
992 3930 1276 4002 lguatiana
1319 3944 1420 3990 est.
1458 3935 1795 4006 Nepotianus
1820 3941 1967 3995 enim

383 4022 671 4093 presbyter
699 4032 836 4078 erat.
876 4023 952 4079 lta
976 4024 1043 4080 de
1061 4026 1156 4081 illo
1181 4025 1550 4100 Hieronymus
1580 4032 1741 4102 epist.
1775 4034 1841 4087 3:
1878 4032 1969 4088 Fit

383 4112 634 4177 clericus,
686 4123 738 4169 et
789 4130 882 4183 per
907 4115 1094 4170 solitos
1124 4117 1324 4187 gradus
1354 4124 1624 4193 presbyter
1661 4124 1965 4181 ordinatur.

380 4200 770 4275 Presbyterum
803 4204 971 4276 igitur
1010 4206 1320 4277 subjectum
1380 4213 1637 4284 episc0po
1697 4232 1800 4271 suo
1846 4233 1970 4273 esse

379 4293 581 4350 debere
607 4304 794 4351 monet
824 4295 1216 4371 Hieronymus,
1245 4310 1299 4357 et
1334 4304 1556 4373 quidem
1588 4314 1849 4378 tanquam
1910 4309 1971 4362 ti-

376 4384 515 4441 lium
538 4389 774 4457 parenti.
825 4387 1055 4460 Semper
1077 4392 1227 4447 enim
1287 4395 1606 4466 episcopum
1658 4399 1962 4473 presbyteri

2085 3184 2151 3238 lis
2174 3196 2222 3241 et
2255 3184 2535 3256 Seraphint
2559 3198 2607 3241 et
2647 3187 2928 3243 Cherubim
2963 3190 3137 3245 dicere
3179 3193 3445 3248 dwmones
3488 3207 3539 3251 et
3577 3199 3681 3252 ho-

2081 3278 2245 3332 mines
2277 3279 2415 3348 ﬁeri,
2458 3281 2597 3349 quod
2626 3282 2852 3349 aﬁirmat
2879 3280 3150 3351 Origenes,
3181 3293 3232 3337 et
3263 3288 3405 3354 ipsos
3447 3288 3589 3342 inter
3619 3306 3682 3344 sc

2079 3370 2292 3440 angelos
2324 3372 2533 3425 diversa
2564 3373 2850 3440 officiorum
2882 3390 3073 3443 genera
3105 3390 3219 3429 esse
3250 3378 3497 3443 sortitos,
3530 3380 3682 3448 quod

2079 3462 2336 3517 Ecclesiae
2362 3480 2463 3515 non
2496 3476 2770 3532 repugnat.
2799 3464 3073 3529 Quomodo
3128 3476 3177 3520 et
3233 3468 3378 3522 inter
3427 3470 3683 3527 homines

2076 3556 2206 3609 ordo
2253 3556 2579 3625 dignitatum
2640 3572 2704 3608 ea:
2734 3555 2932 3610 laboris
2966 3558 3221 3611 varietate
3274 3559 3518 3616 diversus
3548 3572 3682 3620 est:

2076 3664 2194 3701 cum
2224 3648 2520 3717 episcopus,
2544 3658 2591 3700 et
2621 3647 2909 3717 presbyter,
2940 3657 2991 3701 et
3039 3651 3209 3704 omnis
3263 3652 3681 3710 ecclesiasticus

2070 3739 2270 3808 gradus
2291 3739 2477 3791 habeat
2496 3739 2731 3792 ordinem
2762 3756 2939 3806 suum,
2987 3752 3038 3797 et
3079 3750 3256 3795 tamen
3286 3759 3469 3799 omnes
3494 3746 3685 3801 homi-

2074 3846 2161 3884 nes
2181 3840 2322 3883 sunt.
2354 3830 2594 3900 Epistula
2619 3832 2686 3884 27
2713 3847 2833 3901 quae
2848 3832 3006 3886 estad
3022 3831 3403 3893 Eustochium:
3425 3839 3685 3894 Aderant

2074 3920 2571 3992 Hierosolymorum
2595 3932 2645 3976 et
2672 3923 2907 3977 aliarum
2955 3923 3166 3979 urbium
3200 3928 3458 3999 episc0pi,
3486 3940 3538 3984 et
3574 3949 3686 3986 sa-

2071 4014 2339 4067 cerdotum
2361 4014 2627 4083 inferioris
2653 4014 2874 4085 gradus,
2899 4032 2961 4068 ac
3031 4015 3313 4071 levitarum
3350 4020 3684 4077 innumera-

2072 4106 2194 4159 bilis
2215 4106 2523 4160 multitudo.
2560 4107 2749 4161 Dicent
2778 4105 3166 4180 Hieronymum
3188 4110 3257 4165 de
3285 4110 3523 4168 diversis
3539 4130 3689 4183 gra-

2068 4198 2234 4254 dibus
2292 4210 2385 4254 aut
2413 4200 2701 4257 ordinibus
2733 4202 2883 4272 loqui
2917 4202 3220 4257 secundum
3263 4220 3426 4259 usum
3473 4210 3684 4264 seculi

2070 4291 2190 4345 sui:
2224 4292 2365 4346 idem
2398 4306 2451 4347 et
2467 4309 2567 4363 ego
2595 4293 2663 4347 de
2686 4292 2896 4363 lgnatio
2920 4294 3151 4349 afﬁrmo.
3182 4293 3250 4349 Et
3275 4298 3499 4367 quidem
3526 4298 3685 4356 Hie-

2068 4402 2334 4457 ronymus
2362 4386 2584 4442 eosdem
2610 4387 2816 4457 gradus
2847 4385 3015 4441 refert
3050 4386 3119 4444 ad
3146 4396 3395 4458 tempora
3432 4400 3687 4461 aposto-

374 4486 586 4548 patrem
620 4481 893 4551 agnoscit.
921 4459 1166 4553 Epistola
1197 4484 1267 4540 62
1308 4459 1378 4542 ad
1408 4459 1771 4561 Theophilum
1793 4509 1806 4545 :
1826 4459 1963 4548 illan

2097 4480 2200 4535 ica:
2225 4489 2285 4535 ut
2307 4481 2506 4535 mirum
2536 4496 2645 4534 non
2673 4480 2745 4534 sit
2780 4478 3073 4549 lgnatium,
3100 4488 3225 4550 post
3246 4482 3499 4537 omnium
3521 4499 3691 4554 apo-

376 4585 560 4624 sumus
593 4581 703 4625 tam
733 4574 914 4643 inﬂati
934 4577 1133 4643 cordis,
1173 4590 1231 4633 ut
1260 4580 1558 4650 ignoremus
1593 4584 1722 4655 quid
1772 4584 1963 4640 debea-

377 4668 467 4713 tur
503 4665 863 4721 sacerdotibus
906 4667 1127 4726 Christi.
1155 4670 1260 4736 Qui
1291 4674 1433 4727 enim
1474 4692 1562 4730 eos
1609 4678 1816 4748 recipit,
1854 4696 1962 4732 non

376 4760 489 4807 tam
531 4770 616 4808 eos
639 4757 860 4827 recipit,
882 4777 1041 4831 quam
1064 4764 1216 4818 illum
1253 4767 1404 4836 cujus
1434 4769 1667 4839 episcopi
1685 4781 1828 4827 sunt.
1857 4772 1960 4827 Sed

372 4847 611 4898 contenti
635 4847 742 4900 sint
765 4848 961 4905 honore
982 4869 1076 4907 suo
1096 4869 1114 4907 :
1137 4854 1332 4911 Patres
1366 4875 1421 4913 se
1450 4861 1623 4914 sciant
1652 4878 1762 4916 esse
1780 4903 1796 4930 ,
1855 4880 1960 4917 non

370 4936 634 4992 dominos.
655 4937 732 4994 De
752 4937 1045 4999 Heliodoro
1071 4944 1360 5018 Nepotiani
1389 4952 1647 5023 episcopo
1671 4954 1744 5008 ita
1773 4955 1956 5025 loqui-

371 5039 492 5084 tur:
527 5030 741 5097 Quanto
766 5036 936 5105 magis
969 5045 1025 5090 tu
1044 5047 1095 5091 et
1115 5041 1408 5095 avunculus
1439 5051 1489 5096 et
1517 5045 1813 5115 episcopus,
1859 5046 1957 5101 hoc

370 5130 449 5175 est
470 5132 519 5176 et
569 5123 624 5176 in
652 5140 833 5190 carne,
897 5134 948 5179 et
985 5128 1041 5181 in
1069 5130 1264 5199 spiritu
1293 5140 1465 5201 pater,
1514 5134 1659 5188 doles
1686 5135 1866 5190 abesse
1890 5139 1960 5192 vi-

371 5227 522 5266 scera
552 5223 665 5282 tua,
698 5224 749 5270 et
780 5216 936 5287 quasi
964 5234 998 5271 a
1028 5227 1077 5273 te
1104 5220 1314 5275 divulsa
1348 5222 1615 5291 suspiras.
1655 5221 1738 5276 Ad
1778 5222 1958 5295 Nepo—

2070 4569 2341 4626 stolorum
2374 4579 2630 4635 mortem,
2654 4570 2726 4623 ita
2751 4569 2995 4625 locutum
3020 4585 3160 4627 esse.
3201 4570 3446 4642 Epistola
3476 4575 3688 4645 prima

2058 4664 2127 4720 ad
2150 4663 2496 4721 Heliodorum
2524 4682 2536 4718 :
2571 4685 2589 4719 t
2620 4664 2726 4732 Qui
2749 4667 3108 4736 episcopatum
3134 4667 3424 4730 desiderat,
3452 4670 3683 4727 bonum

2059 4772 2189 4825 opus
2216 4756 2479 4811 desiderat
2510 4759 2576 4810 “.
2618 4776 2637 4810 ι
2667 4756 2877 4813 Scimus
2899 4759 3006 4812 ista
3036 4775 3056 4813 :
3082 4760 3172 4814 sed
3196 4760 3362 4831 junge
3388 4763 3528 4833 quod
3562 4780 3685 4818 se-

2059 4848 2278 4919 quitur:
2306 4867 2324 4899 ι
2358 4847 2573 4916 Oportet
2598 4858 2772 4902 autem
2800 4848 3103 4917 hujusmodi
3136 4850 3694 4918 irreprehensibilem

2059 4956 2171 4995 esse
2191 4941 2257 5007 “,
2291 4957 2310 4992 ι
2343 4949 2449 4997 etc.
2478 4940 2548 4994 Et
2570 4942 2771 4996 caeteris
2796 4956 2913 5013 quo:
2934 4941 2997 4995 de
3018 4959 3077 4996 ea
3107 4954 3403 5014 sequuntur
3425 4945 3697 5014 explici-

2060 5032 2154 5098 tis,
2172 5048 2275 5087 non
2297 5033 2550 5087 minorem
2572 5034 2628 5087 in
2653 5034 2809 5087 tertio
2825 5033 2996 5103 gradu
3017 5034 3261 5089 adhibuit
3290 5034 3699 5106 diligentiam,

2064 5122 2243 5179 dicens
2263 5138 2283 5177 :
2301 5142 2321 5176 ε
2346 5123 2607 5179 Diaconos
2628 5124 2876 5179 similiter
2894 5125 3113 5195 pudicos
3135 5125 3201 5181 ".
3238 5145 3257 5177 ι
3278 5126 3399 5182 Lib.
3420 5143 3436 5180 ι
3464 5126 3704 5186 adver-

2059 5238 2156 5278 sus
2193 5219 2579 5278 Iovinianum:
2614 5219 2800 5274 Cernis
2828 5220 2998 5291 igitur
3028 5219 3171 5289 quod
3199 5220 3494 5289 episcOpus,
3522 5236 3701 5288 pre-

2060 5313 2238 5382 sbyler
2289 5321 2341 5365 et
2370 5312 2628 5365 diaconus
2661 5328 2764 5366 non
2788 5312 2906 5366 ideo
2931 5310 3038 5363 sint
3058 5312 3221 5376 beati,
3245 5312 3375 5381 quia
3394 5310 3704 5383 episcOpi,

2059 5404 2138 5458 vel
2163 5402 2454 5473 presbyteri
2484 5403 2611 5467 sint,
2651 5412 2745 5456 aut
2780 5403 3040 5467 diaconi;
3101 5403 3192 5456 sed
3224 5404 3271 5457 si
3294 5404 3514 5456 virtutes
3564 5406 3706 5464 ha-

2060 5495 2271 5549 buerint
2308 5496 2581 5548 nominum
2630 5511 2851 5550 suorum
2898 5504 2949 5548 et
2982 5494 3294 5564 oﬂiciorum.
3332 5494 3559 5561 Alioqui
3638 5504 3707 5556 δέ

2060 5589 2314 5643 diaconus
2345 5588 2582 5643 sanctior
2600 5590 2844 5658 episcopo
2868 5602 2962 5641 suo
2989 5586 3177 5656 fuerit,
3196 5602 3301 5640 non
3324 5602 3390 5640 ea:
3416 5602 3475 5639 eo
3500 5599 3709 5657 quod

372 5302 585 5359 tianum
608 5306 771 5377 epist.
807 5309 876 5362 ὃς
912 5308 1102 5365 Gloria
1123 5313 1294 5381 patris
1333 5320 1411 5366 est
1456 5312 1602 5382 ﬁlius
1632 5316 1843 5384 sapiens
1869 5318 1953 5385 ‘9;

373 5390 613 5449 Gaudeat
641 5399 913 5470 episcopus
936 5401 1142 5470 iudicio
1168 5419 1287 5470 suo,
1312 5419 1433 5456 cum
1456 5403 1587 5459 tales
1614 5405 1826 5461 Christo
1852 5408 1957 5463 ele-

372 5486 507 5552 gerit
531 5490 849 5546 sacerdotes.
878 5491 956 5547 lta
981 5494 1099 5563 ipse
1118 5492 1178 5548 S.
1208 5495 1577 5567 Augustinum
1629 5501 1953 5569 compellat:

386 5571 512 5627 Vale
561 5578 691 5631 mihi
735 5583 903 5637 amice
952 5584 1299 5656 charissime,
1353 5596 1511 5642 aztate
1537 5588 1644 5658 ﬁli,
1695 5589 1956 5659 dignitate

446 5736 490 5769 ”
522 5736 683 5797 Prov.
714 5759 768 5810 ι,
807 5748 855 5801 l.
932 5750 976 5781 ’°
1014 5749 1143 5807 Lev.
1182 5768 1275 5817 xx,
1312 5754 1363 5810 9.
1444 5758 1484 5788 ²¹
1514 5754 1679 5813 Hebr.
1716 5773 1835 5823 xm.
1875 5758 1960 5816 17.

2112 5758 2134 5815 Ι
2169 5757 2308 5814 Tim.
2342 5775 2425 5820 Ill,
2453 5758 2501 5813 l.
2578 5758 2621 5788 ³³
2658 5755 2790 5811 Ibid.
2816 5799 2828 5812 .
2874 5755 2928 5810 ἓ.
3008 5755 3052 5786 ’³
3089 5752 3225 5809 Ibid.
3250 5796 3264 5812 .
3301 5754 3353 5811 8.
