3770 6312
140 401 232 455 153

803 396 853 452 Ι.
898 395 1260 453 PEARSONH
1291 394 1611 452 VINDICIE
1653 396 2069 453 lGNATIANtE.
2108 426 2180 438 -—
2215 397 2394 452 PARS
2432 395 2471 451 Ι.

3226 394 3334 449 254

141 514 338 583 inferior
366 513 530 584 gradu
552 522 631 567 est
653 552 689 580 ,,
720 515 860 583 apud
890 516 1157 570 Christum
1181 516 1410 570 deterior
1428 518 1562 580 erit;
1583 529 1670 571 aut
1700 521 1748 577 Α
1774 517 2024 588 dogmate
2054 519 2289 573 maxime
2311 516 2687 572 abhorrentia.
2714 514 2956 584 Denique
2994 514 3130 568 hanc
3161 510 3334 582 ipsam

143 605 411 676 Stephanus
430 606 713 672 diaconus,
741 608 830 677 qui
856 609 1059 676 primus
1098 610 1354 678 martyrio
1390 619 1670 663 coronatus

138 707 224 761 est,
257 698 420 750 minor
442 697 654 765 futurus
669 708 744 751 est
773 698 829 751 in
862 715 1020 770 regno
1064 700 1311 754 caelorum
1342 700 1521 754 multis
1564 701 1674 771 epi-

141 789 311 858 scopis,
344 798 390 842 et
426 788 693 843 Timotheo
733 806 803 842 ac
824 788 963 856 Tito,
1002 808 1128 855 quos
1172 800 1232 846 ut
1274 791 1535 861 subjicere
1570 808 1675 847 non

126 884 309 943 audeo,
332 882 406 935 ita
446 897 537 934 nec
560 891 895 951 anteponere.
946 882 1090 939 Idem
1131 884 1501 955 episcopatum
1550 894 1668 940 tan-

142 988 282 1038 quam
312 987 583 1026 summum
614 973 667 1026 in
699 972 939 1029 Ecclesia
972 976 1217 1030 ordinem
1252 977 1474 1030 maximi
1524 976 1672 1045 facit,

142 1065 371 1134 episcopo
405 1065 759 1120 commissam
804 1082 926 1121 esse
960 1066 1261 1123 Ecclesiam
1310 1070 1485 1134 docet,
1518 1070 1676 1139 eique

144 1156 477 1228 principatum
528 1158 797 1212 attribuit.
834 1157 1076 1228 Epistola
1129 1160 1286 1214 tertia
1324 1160 1389 1214 ad
1421 1158 1676 1231 Nepotia-

142 1266 284 1304 num:
334 1248 479 1304 Sciat
524 1251 820 1321 cpiscopus,
856 1252 942 1305 cui
982 1254 1262 1308 commissa
1306 1262 1382 1307 est
1414 1252 1673 1319 Ecclesia,

142 1339 271 1410 quem
322 1340 703 1409 dispensationi
758 1358 1051 1410 pauperum
1109 1359 1349 1413 curruque
1395 1344 1673 1412 prazﬁciat.

144 1434 359 1504 Epistola
383 1435 450 1489 ad
475 1433 858 1504 Theophilum,
884 1436 951 1490 de
966 1433 1176 1491 Joanne
1204 1438 1463 1506 episcopo
1486 1436 1677 1492 Hiero-

144 1530 473 1602 solymitano:
505 1530 635 1593 Aut,
667 1530 819 1600 quasi
854 1530 1113 1600 pontifex,
1159 1532 1361 1584 cunctis
1403 1530 1678 1602 wqualiter

141 1623 357 1690 imperet:
385 1630 497 1687 aut,
542 1624 697 1693 quasi
754 1623 994 1676 imitator
1029 1623 1289 1693 Apostoli,
1320 1625 1677 1679 universorum

140 1712 279 1766 soluti
302 1727 365 1765 ea:
385 1728 533 1783 (equo
554 1713 765 1766 serviat.
788 1711 1194 1769 Commentario
1221 1714 1273 1768 in
1308 1712 1529 1781 Isaiam,
1554 1729 1671 1783 cap.

140 1802 465 1869 uuPonam,
501 1804 701 1872 inquit,
732 1801 990 1873 principes
1020 1810 1135 1857 tuos
1166 1803 1219 1857 in
1247 1820 1423 1873 pacem
1442 1845 1456 1870 ,
1489 1813 1537 1857 et
1560 1804 1675 1874 epi-

142 1910 298 1962 scopos
319 1902 431 1948 tuas
459 1896 512 1948 in
544 1894 818 1963 justitiam
846 1894 1016 1960 “;sin
1035 1911 1136 1965 quo
1164 1893 1451 1965 Scriptura:
1480 1904 1676 1951 sanctae

141 1985 420 2039 admiranda
446 1985 722 2054 majestas,
754 1984 895 2055 quod
926 1985 1185 2054 principes
1237 1985 1442 2054 futuros
1495 1985 1676 2041 Eccle-

96 2128 100 2133 ,
138 2077 216 2131 sia-
241 2077 492 2147 episcopos
518 2076 834 2130 nominavit.
861 2076 919 2130 In
944 2076 1201 2147 Catalogo
1229 2076 1554 2145 scriptorum
1586 2092 1675 2133 ec-

138 2169 571 2225 clesiasticorum:
607 2168 950 2238 Polycarpus,
978 2166 1204 2221 Joannis
1251 2166 1475 2238 apostoli
1514 2168 1676 2222 disci-

137 2262 287 2331 pulus,
318 2273 363 2314 et
396 2262 459 2314 ab
506 2277 570 2315 eo
621 2258 863 2330 Smyrna:
881 2261 1152 2330 episcOpus
1183 2260 1479 2325 ordinatus,
1513 2263 1673 2315 totius

138 2352 256 2407 Asia!
281 2353 514 2423 princeps
532 2352 658 2421 fuit.
689 2350 1102 2406 Commentario
1126 2350 1179 2404 in
1206 2349 1400 2405 Isaiam
1434 2367 1554 2420 cap.
1578 2367 1669 2406 nt:

140 2441 224 2496 Sed
247 2436 290 2496 et
322 2443 387 2495 ad
412 2451 622 2496 nostros
652 2442 915 2511 principes
941 2442 1127 2510 referri
1154 2449 1343 2511 potest,
1375 2442 1424 2494 si
1443 2450 1673 2495 atterunt

140 2533 393 2601 subjectum
413 2533 519 2587 sibi
543 2532 764 2602 plebem,
802 2540 857 2586 et
897 2548 1150 2611 pauperes
1192 2531 1542 2597 delinquentes
1576 2549 1676 2601 pu-

142 2622 248 2677 blice
274 2634 490 2695 arguant
516 2634 676 2694 atque
695 2623 1044 2693 confundant,
1079 2622 1331 2677 divitibus
1354 2633 1526 2677 autem
1557 2640 1672 2677 ma-

134 2714 237 2783 jora
266 2714 595 2785 peccantibus
626 2731 687 2769 ne
713 2722 906 2768 nutum
942 2714 1152 2785 quidem
1199 2714 1372 2781 facere
1418 2714 1670 2783 audeant,

142 2814 226 2859 etc.
256 2804 315 2861 Et
335 2821 451 2876 eap.
483 2822 555 2859 v:
605 2804 904 2859 Abutamur
933 2805 1027 2857 hoc
1068 2804 1363 2858 testimonio
1398 2804 1674 2859 adversum

142 2897 364 2966 principes
392 2897 668 2962 Ecclesiae,
692 2897 782 2966 qui
816 2896 880 2949 de
922 2912 1075 2949 mane
1106 2903 1427 2967 consurgunt
1481 2894 1550 2947 ad
1592 2910 1675 2949 se—

142 2990 353 3042 ctandam
377 2990 627 3053 siceram,
666 2998 714 3042 et
764 2987 1043 3042 bibendum
1087 3004 1247 3057 usque
1271 2988 1339 3041 ad
1384 3005 1669 3060 vesperam,

143 3086 226 3134 etc.
255 3080 650 3146 Commentario
673 3082 724 3135 in
766 3080 948 3135 Titum
988 3097 1109 3151 cap.
1142 3098 1189 3136 ιε
1229 3080 1502 3137 Nonenim
1530 3086 1671 3155 Apo-

1773 616 2024 671 ordinum
2067 618 2470 674 distinctionem
2518 634 2547 672 a
2603 613 2944 683 temporibus
2996 611 3336 681 apostolicis,

1773 705 1883 761 imo
1915 706 1983 761 ab
2013 707 2147 776 ipsis
2164 709 2423 776 apostolis
2448 706 2675 762 arcessit
2708 703 3094 774 Hieronymus.
3126 699 3185 754 ln
3218 701 3337 769 ipsa

1772 796 1916 853 enim
1949 796 2021 852 ad
2041 797 2328 869 Evagrium
2356 798 2604 868 epistola,
2633 810 2796 864 quam
2830 792 3125 848 adversarii
3158 799 3337 845 tanto-

1771 902 1901 959 pere
1925 890 2237 955 sollicitant,
2272 892 2387 945 Itmc
2416 891 2609 944 habet:
2647 886 2714 941 Ut
2745 886 2976 939 sciamus
3023 884 3336 937 traditiones

1774 982 2091 1050 apostolicos
2141 992 2378 1050 sumptas
2434 982 2500 1034 de
2560 980 2730 1033 Veteri
2767 976 3137 1040 Testa’mento,
3196 974 3337 1045 quod

1774 1074 1953 1126 Aaron
1977 1082 2026 1127 et
2055 1074 2158 1143 filii
2218 1073 2331 1141 ejus
2362 1084 2517 1143 atque
2573 1072 2741 1125 levitw
2790 1071 2847 1122 in
2880 1067 3069 1136 templo
3101 1067 3337 1135 fuerunt,

1774 1164 1871 1218 hoc
1900 1164 2003 1219 sibi
2020 1164 2267 1234 episcopi,
2298 1163 2583 1233 presbyteri
2626 1172 2672 1215 et
2719 1159 2929 1213 diaconi
2976 1157 3237 1211 vindicent
3282 1155 3339 1207 in

1776 1256 2037 1311 Ecclesia.
2071 1254 2175 1311 Ubi
2196 1256 2375 1327 primo
2390 1266 2573 1325 aperta
2593 1253 2870 1309 distinctio
2892 1251 3141 1307 ordinum
3166 1248 3339 1302 :.alius

1773 1348 1920 1404 enim
1949 1347 2083 1404 ordo
2109 1347 2366 1412 Aaronis,
2395 1347 2509 1401 sive
2535 1345 2735 1401 summi
2764 1342 3081 1408 sacerdotis,
3116 1339 3209 1409 qui
3245 1353 3341 1407 per

1774 1438 2148 1525 pxcellentiam
2187 1447 2318 1525 Vm
2344 1440 2373 1491 ὁ
2424 1438 2622 1509 ἱερεὺς,
2656 1435 2739 1490 vel
2787 1435 2948 1489 etiam
2985 1443 3159 1491 αγις-ττι
3208 1438 3342 1515 ῖτῡη

1773 1512 1928 1601 ’παπ
1974 1538 2129 1612 tam,
2176 1512 2262 1583 vel
2304 1541 2423 1587 sm
2466 1540 2628 1594 sum,
2677 1528 2736 1580 ὃν
2789 1524 3139 1598 ἀναραϐἀχην
3172 1512 3311 1590 προσ

1773 1624 2131 1696 αγορεύουσιο
2234 1620 2489 1690 σημαίνει
2544 1618 2602 1672 δὲ
2659 1617 2937 1690 ἀρχιερέα,
2992 1624 3054 1669 ut
3098 1612 3340 1682 loquitur

1775 1705 2078 1777 Iosephus;
2112 1707 2255 1763 alius
2277 1709 2517 1763 ﬁliorum
2544 1708 2776 1763 Aaronis
2796 1748 2812 1774 ,
2858 1721 2951 1761 seu
2989 1700 3343 1759 sccundario-

1777 1817 1899 1855 rum
1937 1801 2300 1868 sacerdotum,
2324 1800 2419 1865 οὓς
2449 1801 2675 1871 χαναίας
2732 1800 2990 1864 καλοῦσι,
3026 1796 3345 1867 simpliciter

1774 1901 1959 1957 uvam,
2005 1892 2090 1948 vel
2145 1908 2268 1948 cum
2305 1892 2668 1949 diminutione
2731 1900 2964 1951 cnam
3025 1899 3190 1950 nun:
3255 1903 3342 1941 la-

1774 1987 2006 2040 rerdotes
2064 1985 2281 2052 idiotas,
2337 1986 2423 2039 vel
2478 1984 2619 2039 κατὰ
2665 1984 2865 2055 μέρος;
2916 1984 3057 2038 alius
3110 1982 3344 2050 denique

1773 2075 2062 2131 levitarum
2091 2091 2106 2128 :
2163 2090 2397 2145 quorum
2431 2074 2649 2130 diversa
2680 2074 2851 2129 ollicia
2888 2084 2941 2127 et
2975 2072 3265 2143 dignitates
3288 2072 3343 2125 in

1774 2164 2062 2236 Scriptura
2088 2164 2427 2220 referuntur.
2458 2164 2663 2219 Aaroni
2717 2172 2920 2228 autem,
2979 2178 3077 2219 seu
3126 2176 3344 2219 summo

1774 2256 2043 2313 sacerdoti
2073 2256 2393 2326 episcopum
2411 2296 2427 2322 ,
2460 2255 2834 2310 sacerdotibus
2858 2252 3195 2310 secundariis
3220 2267 3342 2323 pre-

1774 2349 2026 2419 sbyteros
2054 2388 2071 2413 ,
2120 2347 2300 2402 levitis
2350 2346 2614 2401 diaconos
2637 2346 2691 2400 in
2742 2345 2985 2401 Ecclesia
3018 2346 3345 2415 respondere

1773 2442 1967 2498 asserit
1998 2439 2381 2511 Hieronymus.
2424 2438 2675 2495 Secundo
2696 2481 2712 2506 ,
2744 2439 2908 2509 hujus
2954 2439 3207 2495 ordinum
3232 2439 3346 2495 dis-

1771 2532 2057 2589 tinctionis
2120 2532 2503 2601 antiquitatem
2555 2532 3046 2601 auctoritatemque
3082 2530 3343 2601 depingit,

1772 2643 1840 2681 ex
1864 2624 2170 2695 apostolico
2187 2625 2335 2679 enim
2356 2623 2652 2679 traditione
2678 2632 2859 2677 natam
2879 2623 2946 2677 ad
2977 2638 3077 2677 sua
3102 2632 3347 2691 tempora

1772 2716 2076 2771 derivatam
2126 2715 2307 2770 docet.
2353 2714 2669 2769 Blondellus
2725 2714 2781 2768 in
2814 2714 3079 2784 Apologia
3116 2714 3183 2768 ad
3232 2714 3349 2769 haec

1773 2806 1979 2862 nullam
2004 2806 2457 2862 ’observationem
2514 2806 2775 2870 adhibet,
2822 2805 3239 2861 elucidationem
3287 2805 3342 2860 in

1773 2907 1927 2956 sexta
1953 2897 2099 2953 illius
2129 2898 2311 2968 operis
2340 2898 2584 2953 sectione
2613 2898 2904 2967 promittit,
2935 2913 3060 2953 cum
3090 2908 3205 2953 tres
3231 2907 3347 2952 tan-

1774 3002 1890 3047 tum
1923 2991 2195 3047 sectiones
2217 2988 2468 3044 ediderit.
2500 2988 2606 3043 Sed
2629 2988 2757 3059 quid
2784 2988 2850 3042 ad
2876 2988 2988 3043 hcce
3018 2988 3347 3058 respondere

1772 3084 2034 3155 potuerit,
2066 3080 2203 3137 satis
2234 3081 2563 3152 perspicitur
2588 3096 2655 3135 ex
2699 3081 2768 3135 iis
2791 3121 2806 3146 ,
2841 3095 2962 3149 quae
3013 3081 3066 3135 in
3092 3080 3350 3151 Prolego-

143 3171 277 3226 stolus
305 3172 550 3228 Ecclesia:
570 3174 857 3243 principem
886 3174 1119 3244 formans
1144 3183 1284 3228 vetat
1310 3190 1420 3228 esse
1445 3176 1673 3246 pugilem
1700 3194 1741 3251 ς
1776 3175 1953 3229 menis
1980 3173 2047 3228 ad
2073 3168 2589 3229 Pseudo-lsidorum
2624 3171 2863 3241 scripsit,
2890 3171 3086 3227 misera
3124 3180 3178 3226 et
3202 3171 3346 3228 inie-

143 3270 181 3317 et
200 3266 610 3333 pancratiasten;
647 3282 770 3336 qua:
794 3276 981 3336 postea
1010 3267 1242 3336 explicat
1286 3266 1381 3320 lib.
1415 3283 1431 3321 ι
1479 3268 1671 3322 adver-

144 3373 218 3412 sus
236 3356 593 3422 Jovinianum,
616 3356 795 3429 Neque
824 3359 961 3413 enim
992 3359 1221 3429 pugilem
1236 3359 1481 3413 describit
1503 3378 1671 3415 sermo

144 3448 445 3515 apostolicus,
499 3450 594 3502 sed
634 3449 936 3518 pontiﬁcem
967 3450 1221 3504 instituit.
1250 3449 1422 3521 Epist.
1446 3453 1510 3506 '5:
1534 3451 1674 3506 Pru-

145 3539 384 3609 denterque
422 3540 671 3595 Ennius:
705 3560 722 3591 ι
744 3540 920 3606 Plebs,
948 3542 1139 3611 inquit,
1176 3542 1231 3595 in
1268 3544 1363 3595 hoc
1393 3543 1501 3613 regi
1532 3552 1675 3597 ante-

144 3636 227 3681 stat
249 3629 385 3694 loco;
435 3631 559 3686 licet
609 3631 907 3702 lacrymare
959 3633 1128 3702 plebi,
1186 3634 1293 3703 regi
1319 3633 1528 3687 honeste
1569 3650 1673 3689 non

144 3716 258 3771 licet.
294 3737 311 3769 ›
364 3719 428 3773 Ut
455 3724 569 3791 regi
594 3762 608 3786 ,
632 3722 708 3775 sic
736 3723 1013 3791 episcopo;
1054 3722 1159 3775 imo
1209 3722 1383 3775 minus
1408 3722 1669 3792 episcopo,

145 3823 271 3877 quam
288 3812 404 3881 regi.
426 3812 557 3878 Qua:
574 3828 698 3867 cum
725 3811 1054 3884 Hieronymo
1076 3813 1211 3868 adeo
1233 3814 1342 3867 sint
1360 3813 1669 3883 familiaria,

147 3899 278 3952 etiam
305 3901 387 3955 illa
418 3919 539 3972 quae
572 3902 627 3957 in
663 3903 934 3972 psalmum
966 3920 1094 3957 κων
1134 3905 1237 3959 sub
1282 3905 1402 3975 ejus
1454 3908 1672 3965 nomine

147 3987 336 4059 legimus
357 3993 729 4062 praetereunda
760 4010 871 4049 non
897 3994 1174 4049 videntur:
1203 3995 1494 4050 Constituit
1512 3997 1669 4053 Chri-

147 4091 238 4134 stus
260 4096 449 4139 sanctos
506 4102 632 4140 suos
658 4102 813 4155 super
842 4102 1019 4139 omnes
1069 4087 1310 4156 populos.
1368 4087 1434 4142 In
1467 4091 1672 4144 nomine

148 4173 255 4224 enim
278 4173 363 4229 Dei
391 4176 679 4230 dilatatam
704 4185 781 4231 est
820 4175 1166 4248 Evangelium
1196 4180 1249 4232 in
1277 4180 1519 4234 omnibus
1550 4181 1671 4249 ﬁni-

150 4263 221 4315 bus
245 4267 430 4331 mundi,
474 4269 532 4321 in
571 4268 758 4338 quibus
779 4270 1040 4339 principes
1075 4269 1347 4338 Ecclesiae,
1366 4272 1421 4325 id
1450 4282 1527 4326 est
1555 4274 1670 4342 epi-

149 4356 262 4423 scopi
282 4359 545 4413 constituti
567 4370 714 4414 sunt.
741 4358 1013 4415 Praeterea
1048 4360 1410 4433 Hieronymus
1432 4364 1672 4418 necessi-

150 4451 281 4501 tatem
304 4448 489 4505 horum
514 4452 783 4523 graduum
822 4452 876 4505 in
909 4451 1173 4521 Ecclesia,
1200 4462 1254 4509 et
1280 4454 1501 4524 quidem
1553 4455 1671 4524 epi-

150 4548 380 4607 scopatus,
407 4557 514 4596 non
530 4542 715 4598 minus
737 4559 901 4613 quam
926 4542 1166 4614 lgnatius
1193 4554 1392 4600 tuetur.
1423 4545 1500 4601 Ita
1522 4547 1669 4601 enim
1700 4528 1746 4585 Ῐ)

151 4623 219 4680 ille
238 4630 283 4683 in
309 4629 527 4705 Dialogo
549 4634 815 4691 adversus
840 4635 1219 4692 Luciferianos
1250 4653 1265 4689 :
1301 4638 1541 4692 Ecclesia
1567 4656 1672 4693 non

152 4727 351 4789 neque
372 4741 471 4778 non
518 4726 674 4780 habet
704 4728 1022 4780 sacerdotes.
1052 4726 1201 4793 Quos
1224 4737 1407 4783 autem
1440 4730 1673 4785 voluerit

153 4816 437 4882 sacerdotes,
490 4818 608 4887 ipse
628 4819 763 4872 satis
790 4817 1015 4882 indicat,
1051 4820 1119 4874 de
1145 4818 1355 4875 Hilario
1405 4822 1666 4891 loquens:

156 4899 393 4975 Episcopos
436 4919 486 4963 et
528 4910 855 4979 presbyteros
875 4926 976 4963 non
1003 4910 1252 4977 habente;
1307 4911 1559 4983 idemque
1603 4928 1671 4968 ex

1774 3266 1899 3320 licia
1920 3274 1975 3319 et
2001 3265 2223 3319 homine
2239 3265 2323 3319 vel
2346 3262 2507 3319 docto
2536 3264 2621 3319 vel
2655 3263 2825 3333 probo
2848 3280 3073 3334 prorsus
3101 3263 3343 3334 indigna.

1776 3356 1868 3411 Sic
1899 3358 2044 3411 enim
2073 3356 2405 3411 Turrianum
2452 3355 2821 3425 disputantem
2862 3357 3092 3411 inducit.
3133 3356 3193 3411 Si
3241 3356 3344 3426 fui:

1773 3450 2074 3518 differentia
2104 3452 2243 3503 inter
2283 3450 2512 3503 Aaronis
2540 3448 2680 3518 ﬁlios
2718 3458 2767 3503 et
2810 3450 3023 3515 levitas,
3083 3458 3207 3504 sunt
3247 3466 3346 3503 au-

1775 3555 1877 3597 tem
1917 3543 2049 3597 tales
2080 3543 2308 3613 episcopi
2348 3552 2397 3596 et
2421 3543 2734 3613 presbyteri,
2766 3544 2870 3613 fuit
2913 3560 3113 3613 semper
3154 3543 3345 3596 distin-

1772 3635 1879 3689 ctio
1891 3651 2091 3689 eorum.
2117 3635 2280 3705 Atqui
2302 3650 2479 3689 verum
2504 3636 2674 3704 prius,
2701 3644 2827 3689 teste
2851 3634 3068 3689 Hieron.
3098 3636 3250 3704 epist.
3277 3635 3346 3689 ad

1774 3727 2084 3800 Evagrium.
2115 3728 2257 3784 Tum
2279 3742 2410 3784 vero
2431 3728 2846 3799 responsionem
2865 3744 3019 3784 suam
3039 3728 3342 3800 subjungit:

1770 3822 1935 3893 Atqui
1972 3838 2076 3877 non
2092 3830 2215 3878 sunt
2245 3822 2377 3877 tales
2398 3823 2626 3891 episcopi
2650 3832 2699 3876 et
2725 3822 3051 3891 presbyteri;
3092 3821 3182 3876 sed
3232 3823 3347 3891 epi-

1771 3915 2018 3986 scopi(in
2046 3915 2235 3985 quibus
2291 3912 2639 3985 Hieronymo,
2685 3916 2792 3969 imo
2842 3914 3080 3984 apostolo
3129 3926 3345 3970 auctore

1769 4007 2057 4077 presbyteri
2080 4006 2437 4076 continentur)
2461 4017 2512 4060 et
2534 4007 2764 4062 diaconi.
2798 4006 2940 4079 Ergo
2962 4008 3174 4077 fallitur
3206 4006 3345 4061 Tur-

1773 4100 1979 4152 rianus.
2044 4098 2267 4153 Duabus
2310 4098 2558 4167 partibus
2607 4098 2726 4154 hmo
2770 4099 3059 4168 responsio
3108 4108 3346 4164 constat,

1771 4191 2020 4262 negativa
2047 4206 2178 4257 una,
2198 4190 2522 4245 afﬁrmativa
2547 4191 2740 4246 altera.
2765 4191 3019 4263 Episcopi
3041 4202 3095 4247 et
3121 4195 3347 4265 presby-

1771 4282 1872 4338 teri
1910 4297 2019 4336 non
2056 4289 2186 4335 sunt
2214 4280 2451 4335 Aaronis
2503 4280 2600 4334 lilii
2630 4289 2686 4337 et
2743 4282 2948 4337 levitas:
2982 4284 3096 4337 haec
3146 4285 3344 4353 prima.

1774 4370 2025 4443 Episcopi
2081 4370 2366 4425 etdiaconi
2392 4378 2520 4426 sunt
2544 4370 2782 4427 Aaronis
2808 4372 2900 4426 lilii
2925 4381 2977 4427 et
3015 4372 3209 4439 levitas,
3234 4374 3350 4429 haec

1773 4464 2033 4519 secunda.
2075 4460 2180 4516 Sed
2212 4461 2343 4531 quid
2387 4461 2541 4527 haec,
2574 4462 2789 4529 amabo,
2845 4463 2913 4518 ad
2946 4464 3109 4518 verba
3158 4462 3351 4521 Hiero:

1772 4556 1960 4627 nymi?
1985 4557 2067 4609 An
2106 4554 2409 4609 Turrianus
2444 4552 2580 4609 adeo
2608 4553 2883 4619 insanivit,
2916 4562 2977 4608 ut
3001 4554 3203 4610 diceret
3228 4555 3346 4625 epi-

1773 4662 1971 4716 scopos
2022 4654 2078 4701 et
2128 4646 2478 4717 presbyteros
2530 4645 2665 4700 tales
2715 4660 2856 4711 esse,
2882 4644 3074 4715 quales
3126 4644 3350 4702 fuerunt

1771 4737 2005 4793 Aaronis
2032 4737 2127 4791 ﬁlii
2185 4747 2239 4791 et
2276 4736 2493 4791 levitas?
2517 4736 2744 4791 minime
2762 4752 2911 4792 vero.
2943 4735 3038 4792 llle
3060 4737 3347 4793 nobiscum

1771 4831 1852 4885 sic
1878 4829 2193 4899 disputavit,
2221 4844 2321 4898 pro
2340 4828 2598 4898 Epistolis
2617 4828 2981 4884 decretalibus
3004 4829 3099 4885 lib.
3124 4846 3188 4884 v:
3212 4830 3346 4884 Hie--

1773 4937 2019 4991 ronymus
2058 4922 2113 4975 in
2150 4920 2395 4990 Epistola
2423 4922 2493 4975 ad
2519 4921 2806 4993 Evagrium
2836 4923 2915 4976 ita
2945 4922 3345 4987 scribimQuod

155 4993 296 5051 verbis
316 5001 664 5069 sequentibus
702 5010 946 5079 apparet.
996 5000 1120 5068 Sed,
1142 5004 1351 5057 omissis
1379 5005 1561 5075 paucis
1584 5004 1672 5057 Iso-

1774 5015 1953 5085 Auron
1973 5024 2023 5068 et
2044 5014 2148 5085 ﬁlii
2170 5014 2320 5083 ejus,
2351 5022 2509 5085 atque
2566 5014 2736 5070 levitas
2775 5015 2825 5069 in
2869 5014 3060 5084 templo
3110 5015 3344 5084 fuerunt,

155 5085 336 5183 mitibus
360 5130 376 5154 ,
415 5093 504 5161 qui
558 5092 660 5162 ipsi
696 5094 797 5146 sibi
843 5102 891 5146 et
914 5094 1042 5147 laici
1069 5103 1190 5148 sunt
1219 5105 1269 5149 et
1300 5096 1550 5165 episcopi,
1576 5112 1673 5149 au-
1734 5106 1869 5183 ..ἔθυε
1910 5107 2012 5160 sibi
2048 5107 2299 5177 episcopi,
2331 5106 2621 5177 presbyteri
2681 5116 2730 5161 et
2773 5108 2987 5161 diaconi
3010 5107 3061 5159 in
3108 5104 3347 5159 Ecclesia

156 5180 288 5235 stulta
302 5186 419 5253 quid
448 5188 510 5240 de
531 5189 673 5241 omni
696 5188 935 5243 Ecclesia
954 5191 1286 5243 sentiendum
1312 5190 1400 5242 sit.
1426 5187 1583 5255 Quod
1604 5204 1671 5243 ex

157 5271 302 5326 eodem
328 5274 463 5331 libro
484 5279 754 5347 imprimis
778 5280 1169 5350 comprobatur
1192 5299 1205 5334 :
1245 5279 1500 5334 Ecclesia:
1521 5279 1670 5334 salus

158 5356 198 5409 in
232 5366 399 5419 summi
447 5370 736 5424 sacerdotis
770 5370 1029 5441 dignitate
1074 5371 1297 5441 pendet;
1358 5372 1445 5425 cui
1498 5373 1544 5426 si
1570 5387 1670 5425 non

159 5464 296 5507 mors
313 5460 571 5527 quadam,
605 5472 652 5517 et
669 5462 733 5516 ab
760 5464 1056 5517 hominibus
1081 5464 1311 5517 eminens
1338 5463 1494 5517 detur
1528 5472 1645 5531 pote
1662 5492 1673 5502 ~

160 5552 257 5610 “at.
284 5559 348 5606 tot
376 5553 428 5607 in
480 5554 719 5610 Ecclesia
768 5557 1066 5626 efﬁcientur
1093 5558 1400 5622 schismata,
1436 5566 1559 5628 quot
1584 5572 1672 5610 sa—

159 5638 506 5710 cerdotes.Qute
533 5661 667 5716 pura
688 5657 815 5719 puta
844 5658 975 5705 sunt
1004 5648 1304 5721 lgnatiana,
1327 5658 1382 5706 et
1415 5650 1485 5705 ab
1523 5648 1670 5704 Acrii

1065 5787 1095 5799 α

236 5793 273 5824 ’⁸
300 5792 393 5853 lsa.
426 5815 513 5868 Ls,
552 5802 635 5858 t7.

1768 5196 2223 5263 vindicent-Quis
2249 5209 2427 5252 autem
2454 5200 2597 5253 dicat
2624 5215 2727 5252 non
2749 5200 2913 5267 fuisse
2937 5199 2991 5251 in
3024 5196 3213 5265 templo
3237 5197 3343 5266 dif-

1774 5286 2049 5354 ferentiam
2082 5287 2218 5341 inter
2255 5303 2520 5340 summum
2540 5288 2865 5342 sacerdotem
2880 5287 3083 5352 Aaron,
3122 5294 3171 5339 et
3196 5287 3340 5355 ﬁlios

1770 5378 1882 5447 ejus
1914 5378 2137 5433 minores
2176 5380 2509 5434 sacerdotes?
2563 5378 2716 5443 Quod
2762 5379 2809 5432 si
2853 5378 2956 5447 fuit
2986 5394 3205 5446 semper,
3234 5379 3337 5447 fuit

1773 5480 1935 5539 igitur
1959 5486 2179 5539 semper,
2203 5479 2418 5523 auctore
2437 5469 2781 5538 Hieronymo,
2816 5468 3118 5537 di/Ierentia
3147 5470 3200 5523 in
3236 5468 3341 5525 Ec-

1775 5559 1933 5613 clesia
1958 5560 2095 5613 inter
2126 5560 2392 5629 episcopos
2421 5568 2469 5614 et
2499 5558 2849 5628 presbyteros.
2886 5558 3011 5614 Haec
3037 5569 3167 5615 sunt
3195 5560 3327 5617 Tur-

1772 5650 1913 5707 riani
1936 5651 2270 5722 verba,qua:
2302 5652 2499 5708 misere
2524 5650 2757 5707 detorsit
2779 5649 3116 5724 Blondellus,
3148 5663 3208 5711 ut
3229 5655 3338 5711 illis
