3824 6198
402 320 509 379 255
1377 319 1448 379 ὃ.
1486 320 1834 379 lGNATlUS.
1871 350 1941 363 —
1972 316 2499 377 PROLEGOMENA.
3542 318 3651 374 956

399 441 809 513 responsionem
863 441 1057 498 saltem
1111 442 1350 515 aliquam
1382 458 1647 514 reponere
1672 442 1966 498 videretur.
1997 444 2047 503 Α
2072 439 2190 505 lito,
2216 440 2401 505 Caius,
2424 437 2714 510 Dionysius
2729 434 3071 503 Corinthius,
3091 434 3386 509 Dionysius
3406 436 3650 491 Alexan—

398 531 650 603 Disputat
674 532 978 591 Turrianus
999 536 1067 591 de
1083 537 1298 592 Aarone
1318 552 1411 592 seu
1430 552 1648 593 summo
1666 537 1967 601 sacerdote,
2069 531 2263 587 drinus
2285 572 2302 600 ,
2351 531 2636 601 Philippus
2681 530 2973 600 episcopus
2994 527 3297 595 Cretensis,
3356 526 3646 594 Musanus,

397 630 455 678 et
479 622 604 679 ﬁliis
645 623 765 694 ejus
812 640 909 680 seu
946 626 1250 684 minoribus
1307 628 1714 696 sacerdotibus;
1774 644 1968 686 eorum
2068 621 2365 690 Modestus.
2401 620 2959 688 RIIOdOﬂ.Mi|liadeS'.
2984 618 3326 690 ΑΡοῙΙοῐιὶυδν
3352 619 3643 690 Serapio".

399 716 521 772 loco
544 714 827 771 substituit
856 715 1191 785 Blondellus,
1235 718 1292 773 in
1320 728 1645 790 argumento
1684 718 1964 786 Turriani,

398 807 634 865 Aaronis
666 810 807 865 ﬁlios
838 819 893 864 et
943 810 1172 878 levitas;
1203 826 1270 866 ac
1298 822 1428 867 tunc
1465 813 1794 883 respondet,
1852 829 1963 868 non

396 914 521 957 esse
575 902 713 957 tales
757 903 1040 973 episcopos
1086 912 1142 959 et
1191 905 1568 976 presbyteros;
1612 905 1759 976 quod
1803 922 1964 963 nemo

398 1007 639 1063 unquam
671 994 829 1050 dixit.
866 996 936 1049 At
964 1011 1063 1051 nos
1093 996 1347 1064 dicimus,
1375 998 1674 1053 secundum
1698 996 1965 1070 Hierony-

396 1097 570 1151 mum,
597 1085 913 1154 episcOpum
959 1087 1288 1157 respondere
1338 1086 1567 1151 Aaroni,
1615 1089 1964 1160 presbyteros

394 1174 629 1232 Aaronis
654 1177 803 1245 ﬁliis,
830 1177 1094 1234 diaconos
1154 1178 1353 1234 levitis.
1407 1178 1623 1235 Etcum
1674 1183 1962 1251 episcopus

394 1268 674 1325 vindicare
700 1271 894 1326 debeat
915 1272 967 1326 in
996 1271 1237 1327 Ecclesia
1282 1272 1334 1327 id
1365 1272 1511 1342 quod
1542 1272 1725 1327 Aaron
1747 1318 1751 1322 .
1770 1270 1877 1327 fuit
1904 1273 1960 1328 in

396 1358 619 1428 templo,
642 1360 1050 1415 distinctionem
1083 1362 1293 1418 ordinis
1310 1377 1576 1429 asserere,
1599 1363 1962 1433 praeminen-

316 1498 326 1537 ἓ
394 1453 526 1506 tiam
558 1453 837 1524 dignitatis
885 1469 1166 1510 assumere
1191 1495 1205 1519 ,
1231 1455 1625 1526 subjectionem
1661 1471 1693 1511 a
1727 1456 1959 1537 presby-

287 1543 324 1595 ηι
394 1543 528 1597 teris
585 1545 859 1613 postulare
911 1561 978 1600 ex
1028 1548 1328 1616 apostolica
1372 1547 1663 1603 traditione
1720 1554 1955 1605 tenetur.

350 1624 354 1629 ’
392 1632 538 1688 Alibi
568 1634 813 1689 eamdem
830 1636 1294 1705 comparationem
1310 1637 1548 1693 instituit
1570 1636 1954 1711 Hieronymus,

390 1725 540 1779 nulla
586 1725 873 1781 levitarum
921 1736 1017 1782 aut
1063 1728 1417 1784 diaconorum
1466 1728 1608 1785 iacta
1654 1733 1951 1787 mentione.

389 1815 562 1887 Epist.
590 1818 659 1873 ad
695 1817 1082 1890 Nepotianum,
1113 1822 1265 1887 Quod
1304 1821 1483 1876 Aaron
1530 1833 1579 1877 et
1631 1824 1775 1893 ﬁlios
1818 1824 1954 1894 ejus,

386 1908 483 1962 hoc
527 1911 824 1981 episcopum
845 1952 860 1978 ,
908 1924 958 1966 et
1014 1913 1340 1983 presbyteros
1362 1931 1472 1969 esse
1499 1917 1817 1973 noverimus.
1850 1915 1956 1971 Ubi

384 2000 533 2056 clare
560 2002 851 2072 episc0pus
902 2004 1195 2074 singularis
1245 2022 1461 2062 summo
1497 2009 1790 2077 sacerdoti,
1830 2024 1957 2080 pre-

385 2094 590 2166 sbyteri
635 2097 942 2151 minoribus
982 2098 1357 2154 sacerdotibus
1408 2100 1789 2156 conteruntur.
1840 2100 1957 2157 Hoc

382 2180 715 2255 Hieronymo
739 2186 980 2241 solemne
1003 2194 1106 2242 est.
1136 2185 1213 2241 Ita
1243 2187 1360 2257 ipse
1384 2187 1452 2243 de
1477 2190 1660 2258 seipso
1689 2189 1804 2258 jam
1832 2204 1956 2259 pre-

383 2274 602 2346 sbytero
650 2276 812 2345 epist.
866 2277 934 2331 99
972 2294 983 2329 :
1028 2276 1282 2332 Omnium
1328 2296 1455 2349 pene
1497 2280 1707 2349 judicio
1762 2281 1952 2351 dignus

382 2384 588 2422 summo
636 2370 931 2425 sacerdotio
978 2372 1314 2443 decernebar,
1348 2376 1455 2431 hoc
1474 2385 1558 2431 est
1612 2376 1949 2447 episcopatu.

382 2455 558 2528 Epist.
590 2459 652 2514 6i
678 2502 693 2528 ,
749 2462 1011 2519 adversus
1050 2464 1315 2521 Joannem
1361 2466 1947 2539 Hierosolymitanum:

385 2549 513 2604 Nisi
540 2568 619 2605 me
664 2552 829 2608 honor
879 2555 1187 2623 sacerdotii,
1240 2567 1289 2611 et
1318 2561 1581 2614 veneratio
1622 2561 1847 2615 nominis
1880 2578 1975 2619 res

382 2640 635 2710 frenaret,
686 2654 737 2698 et
759 2646 950 2701 scirem
976 2646 1115 2702 illud
1140 2650 1786 2720 Apostoli:¢Nesciebam,
1838 2655 1953 2723 fra-

383 2744 509 2801 tres,
537 2738 662 2806 quia
684 2741 924 2809 pontifex
942 2750 1022 2796 est
1047 2759 1066 2807 ,'
1102 2744 1357 2812 scriptum
1380 2755 1455 2800 est
1502 2747 1641 2800 enim
1660 2762 1678 2799 :
1708 2746 1949 2816 Principi

378 2826 560 2895 populi
583 2830 661 2882 tui
689 2845 791 2883 non
812 2831 1325 2904 maledices“',rqua
1338 2836 1709 2905 vociferatione
1734 2848 1782 2892 et
1812 2838 1952 2892 indi-

378 2918 628 2987 gnatione
648 2922 922 2975 verborum
968 2922 1034 2976 de
1088 2932 1182 2978 tua
1223 2928 1527 2981 narratione
1572 2926 1951 2999 conquererer!

378 3005 501 3063 licet
524 3011 635 3079 ipse
659 3012 886 3066 nominis
925 3015 1005 3067 tui
1028 3023 1273 3069 extenues
1315 3017 1649 3088 dignitatem,
1680 3036 1800 3073 cum
1847 3036 1949 3090 pa-

2068 713 2402 785 Theophilus
2447 712 2955 781 Caesareensis,etc.
2980 711 3043 765 lli
3064 711 3267 782 aliique
3291 726 3425 768 sane
3451 725 3644 782 quam-

2067 804 2289 876 plurimi
2325 804 2493 859 multa
2529 804 2596 859 ad
2627 810 3017 873 argumentum
3050 800 3340 871 Epiphanii
3380 810 3646 871 opportu-

2064 896 2295 953 nissima
2345 897 2633 966 scripsere,
2661 910 2899 965 quorum
2965 894 3168 949 nullius
3206 894 3298 949 ille
3352 893 3642 957 meminit;

2064 1003 2227 1047 nemo
2262 999 2445 1045 tamen
2473 1005 2599 1045 eum
2623 988 2725 1043 hos
2747 1003 2960 1055 omnes,
2987 988 3235 1059 aliosque
3266 995 3645 1058 quospraeter-

2061 1082 2160 1149 iit,
2239 1092 2335 1137 aut
2371 1082 2672 1151 ignorasse,
2697 1091 2793 1136 aut
2820 1082 3214 1152 contempsisse
3239 1080 3404 1136 dicet.
3454 1080 3646 1137 Memi-

2063 1180 2145 1234 nit
2192 1178 2413 1249 quidem
2463 1177 2817 1248 epistolarum
2870 1174 3173 1231 Clementis
3225 1173 3494 1237 Romani,
3548 1174 3645 1229 sed

2060 1271 2237 1326 obiter
2268 1277 2500 1337 tantum,
2533 1284 2643 1325 non
2675 1278 2736 1324 ut
2768 1268 2939 1323 ullam
2987 1282 3055 1323 ex
3085 1266 3155 1323 iis
3198 1266 3531 1323 sententiam
3575 1265 3644 1320 ad

2060 1360 2308 1416 haeresim
2334 1361 2572 1430 aliquam
2596 1356 2947 1413 refellendam
2998 1354 3411 1425 transcriberct,
3444 1355 3541 1410 sed
3584 1363 3648 1410 ut

2058 1454 2425 1510 adulteratum
2450 1454 2519 1509 ab
2547 1453 2816 1509 haereticis
2846 1451 3015 1507 fuisse
3038 1450 3241 1505 librum
3266 1450 3422 1504 illum
3457 1458 3646 1504 osten-

2058 1542 2231 1612 deret,
2272 1546 2366 1616 ιιιιί
2423 1545 2525 1600 sub
2573 1545 2871 1600 Clementis
2912 1542 3137 1598 nomine
3191 1538 3455 1602 Periodus
3491 1537 3644 1597 Petri

2058 1638 2377 1693 vocabatur.
2403 1636 2578 1692 Verba
2608 1635 2774 1691 etiam
2804 1634 3053 1705 quasdam
3073 1650 3136 1689 ex
3168 1633 3404 1704 epistola
3427 1633 3495 1687 ad
3535 1632 3645 1689 Co-

2060 1729 2293 1787 rinthios
2318 1730 2469 1796 citat,
2497 1745 2606 1785 non
2635 1739 2826 1784 contra
2854 1728 3163 1794 haereticos,
3198 1727 3293 1783 sed
3321 1736 3537 1782 tantum
3579 1735 3645 1782 ut

2059 1826 2252 1897 probet
2281 1824 2613 1880 Clementem
2641 1822 3034 1893 [episcopatum
3067 1821 3246 1890 primo
3290 1818 3639 1890 nepudiasse.

2058 1917 2261 1973 Contra
2304 1930 2495 1971 omnes
2548 1915 2833 1970 haereticos
2883 1913 2970 1970 sui
3023 1912 3287 1984 temporis
3339 1911 3644 1981 scripserat

2056 2007 2333 2065 Justinus:
2358 2023 2484 2064 eum
2515 2018 2699 2062 tamen
2737 2007 2906 2061 semel
2937 2014 3154 2060 tantum
3200 2004 3455 2061 nominat
3506 2003 3642 2073 Epi-

2055 2101 2315 2172 phanius,
2347 2115 2448 2156 nec
2477 2098 2531 2152 in
2561 2097 2729 2152 alium
2784 2097 2968 2162 ﬁnem,
3002 2113 3167 2167 quam
3230 2105 3289 2151 ut
3338 2095 3640 2150 Tatianum

2056 2191 2369 2246 hareticum
2427 2189 2506 2243 illi
2546 2189 2915 2261 synchronum
2966 2186 3137 2243 fuisse
3194 2186 3470 2243 ostendat.
3528 2184 3642 2241 Ire—

2056 2298 2237 2338 meum
2290 2282 2576 2352 aliquoties
2622 2282 2796 2349 citat,
2841 2288 2901 2335 ut
2922 2280 3094 2335 labori
3118 2296 3220 2336 suo
3269 2289 3543 2350 parceret,
3581 2286 3643 2334 et

2056 2373 2431 2429 luereticorum
2462 2373 2749 2428 historiam
2780 2387 2845 2426 ex
2871 2373 2961 2428 illo
2979 2369 3470 2427 transcriberet:at
3509 2384 3640 2424 sen-

2054 2463 2253 2517 tentias
2277 2463 2487 2534 aliquas
2522 2479 2588 2519 ex
2620 2464 2811 2519 eodem
2843 2463 2911 2518 ad
2940 2461 3324 2518 haereticorum
3370 2461 3640 2530 dogmata

2053 2554 2385 2611 conlutanda
2407 2572 2689 2627 nunquam
2728 2556 2969 2611 adducit.
3007 2555 3144 2622 Imo,
3177 2564 3235 2609 ut
3285 2555 3408 2624 ipse
3438 2553 3637 2608 obser-

2052 2655 2162 2713 vat,
2202 2645 2435 2703 lrenzeus
2464 2648 2641 2718 primo
2666 2647 2809 2702 libro
2852 2647 3139 2702 haereticos
3164 2655 3443 2711 recenset,
3494 2644 3637 2699 reli-

2051 2737 2175 2807 quis
2221 2736 2461 2793 refutat:
2510 2739 2790 2809 ἁκρότατα
2821 2738 2877 2791 δὲ
2910 2737 3107 2801 αὐτοὺς
3139 2739 3197 2791 ὲν
3233 2736 3311 2807 τῷ
3345 2734 3475 2808 ἑξῆς
3507 2735 3637 2788 δευ-

2050 2828 2193 2901 τέρῳ
2223 2829 2387 2884 αὐτοῦ
2420 2830 2564 2901 λόγῳ
2597 2830 2690 2884 καὶ
2739 2832 2853 2893 τοῖς
2885 2829 3063 2893 ἄλλοις
3093 2827 3343 2899 διήλεγξε
3377 2841 3639 2899 περιττο-

2048 2921 2243 2994 τέρως,
2303 2938 2426 2993 quae
2441 2924 2800 2995 negligentius
2820 2940 2847 2977 a
2866 2921 3088 2978 Petavio
3110 2937 3271 2977 versa
3290 2922 3373 2977 sic
3396 2920 3634 2991 reﬁnge:

2050 3010 2159 3068 Eos
2201 3024 2379 3069 autem
2405 3015 2459 3069 in
2483 3017 2722 3085 proximo
2775 3032 2865 3069 seu
2892 3014 3120 3069 secundo
3164 3013 3303 3067 libro
3331 3015 3639 3068 accuratis-

375 3107 504 3153 trem
541 3118 668 3170 pene
687 3105 921 3157 omnium
942 3107 1309 3177 episcoporum
1344 3119 1395 3162 et
1424 3126 1580 3179 opere
1616 3119 1667 3163 et
1714 3127 1948 3167 sermone
1973 3113 2015 3173 C
2049 3108 2202 3175 sime,
2226 3116 2277 3161 et
2314 3110 2369 3162 in
2397 3108 2614 3179 reliquis
2643 3124 2709 3162 ea:
2753 3107 3208 3178 superabundanti
3249 3107 3532 3177 refutauit.
3590 3108 3637 3162 E

376 3189 666 3259 despicias.
685 3191 807 3259 Quo
829 3195 1100 3265 praecipue
1123 3196 1371 3268 spectant
1393 3214 1458 3254 ea
1486 3216 1609 3271 qua:
1629 3212 1754 3256 ante
1776 3203 1947 3259 addu-
2048 3199 2225 3270 primo
2248 3207 2430 3255 tamen
2470 3201 2633 3265 libro,
2669 3208 2853 3271 utpote
2870 3199 3133 3254 historico
3162 3208 3405 3265 tantum,
3430 3212 3633 3256 excer—

374 3278 579 3347 ximus,
610 3279 864 3338 Ecclesia:
884 3285 1031 3339 salus
1074 3288 1128 3341 in
1155 3290 1349 3343 summi
1375 3290 1665 3346 sacerdotis
1689 3292 1947 3362 dignitate
2047 3299 2137 3360 pta
2159 3292 2387 3362 protulit
2414 3291 2776 3362 Epiphanius,
2798 3293 2866 3347 ad
2897 3291 3197 3347 secundum
3226 3291 3398 3345 semel
3441 3308 3636 3361 respe-

371 3368 577 3442 pendet.
606 3373 744 3429 Cum
784 3376 951 3447 igitur
983 3378 1343 3453 Hieronymus
1360 3381 1427 3438 de
1454 3382 1805 3440 distinctione
1824 3386 1944 3455 epi-

376 3475 682 3534 scopatusa
716 3470 1114 3543 presbyteratu,
1142 3473 1211 3529 de
1230 3474 1474 3544 ejusdem
1503 3477 1667 3532 etiam
1694 3480 1944 3548 preemi-

372 3557 557 3612 nentia
579 3567 743 3630 atque
759 3570 1046 3633 potestate,
1063 3564 1132 3621 de
1168 3567 1492 3624 necessitate
1512 3583 1675 3639 porro
1711 3579 1768 3625 et
1798 3572 1942 3625 anti-

371 3647 581 3715 quitate
607 3659 719 3705 tam
748 3654 969 3723 copiose
994 3656 1345 3724 disseruerit;
1380 3660 1529 3715 nulla
1556 3661 1785 3717 rationis
1820 3678 1945 3732 spe-

372 3737 461 3793 cie
489 3749 585 3794 aut
608 3742 847 3799 Aeriano
879 3746 1124 3815 dogmati
1148 3750 1524 3815 consensisse,
1552 3759 1649 3807 aut
1667 3752 1940 3810 confertas

371 3825 566 3896 lgnatii
595 3835 894 3890 sententias
927 3836 1151 3893 minime
1177 3839 1383 3894 vidisse
1412 3842 1593 3909 putari
1615 3851 1809 3911 potest.

442 3917 775 3993 Hieronymo
819 3925 1185 3996 Epiphanium
1220 3931 1360 3985 mire
1402 3933 1705 4003 coniungit,
1732 3950 1801 3988 ex
1829 3950 1938 4005 quo

369 4010 482 4067 duo
504 4013 851 4081 potissimum
868 4017 1142 4082 observat,
1161 4021 1356 4088 primo,
1377 4036 1501 4076 eum
1534 4021 1937 4094 Ignatianorum

370 4117 484 4157 non
529 4104 1186 4177 meminisse;secundo,
1230 4110 1478 4180 quaedam
1529 4115 1778 4183 posuisse
1810 4132 1935 4171 cum

368 4192 666 4267 lgnatianis
702 4199 1043 4267 apertissime
1083 4203 1405 4273 pugnantia.
1442 4204 1671 4276 Propter
1696 4208 1810 4264 haec
1827 4210 1936 4264 duo

368 4303 540 4343 unum
569 4304 637 4345 ex
676 4291 850 4347 tribus
879 4293 1035 4363 sequi
1065 4294 1160 4359 ait,
1214 4297 1299 4351 vel
1322 4297 1686 4369 Epiphanium
1718 4310 1937 4355 senten-

366 4381 473 4437 tias
502 4382 569 4438 de
591 4384 909 4455 episcopatu
940 4403 1047 4442 non
1080 4389 1304 4455 vidisse,
1329 4399 1516 4461 utpote
1542 4392 1611 4447 ab
1636 4392 1933 4463 interpola-

2048 3380 2148 3447 xit,
2186 3382 2431 3452 reliquos
2453 3399 2733 3454 nunquam
2770 3383 2979 3454 attigit;
3002 3398 3071 3437 ne
3109 3398 3279 3439 unum
3305 3382 3531 3453 quidem
3560 3399 3634 3439 ex

2047 3470 2115 3526 iis
2147 3472 2524 3528 testimonium
2583 3476 2847 3530 adversus
2878 3474 3164 3529 haereticos
3194 3473 3449 3541 adduxit,
3503 3474 3635 3529 Cleo

2043 3574 2283 3620 mentem
2305 3566 2741 3622 Alexandrinum
2763 3576 2818 3623 et
2852 3566 3152 3621 Eusebium
3201 3566 3478 3631 nominat,
3531 3568 3631 3623 sed

2044 3657 2427 3712 tantummodo
2467 3666 2729 3728 tanquam
2761 3658 2865 3713 ﬁde
2918 3658 3112 3728 dignos
3150 3665 3318 3713 testes
3379 3657 3633 3714 historia:

2043 3760 2169 3815 quae
2186 3745 2252 3801 de
2275 3743 2332 3801 S.
2355 3744 2559 3802 Jacobo
2587 3757 2859 3803 narratur.

2114 3834 2316 3902 Quidni
2346 3845 2530 3891 autem
2570 3846 2626 3892 et
2669 3837 2723 3891 in
2760 3836 3057 3908 lgnatianis
3103 3851 3258 3907 teque
3307 3838 3358 3891 ei
3405 3838 3627 3904 ἀξιόπι-

2046 3944 2171 3993 στος
2196 3939 2313 3983 erat
2338 3928 2646 3985 Eusebius?
2671 3929 3008 3985 Clementem
3040 3930 3189 3983 hunc
3219 3928 3390 3983 etiam
3422 3930 3629 3984 adver-

2041 4036 2138 4074 sus
2168 4021 2450 4091 gentilium
2481 4020 2636 4089 deos,
2665 4036 2767 4076 nec
2791 4021 2948 4077 aliter
2968 4020 3121 4076 citat.
3150 4018 3432 4074 Prolixam
3457 4036 3627 4089 porro

2044 4112 2103 4169 S.
2134 4112 2396 4169 Methodii
2419 4113 2849 4184 disputationem
2876 4112 3100 4166 adducit
3129 4111 3397 4177 adversus
3427 4112 3625 4183 Orige-

2042 4221 2166 4261 netn
2198 4206 2274 4261 De
2312 4208 2720 4271 resurrectione,
2749 4215 2843 4262 aut
2870 4213 2929 4261 ut
2965 4204 3141 4259 labori
3193 4217 3297 4259 suo
3342 4214 3627 4274 parceret,

2041 4306 2137 4352 aut
2158 4306 2219 4351 ut
2247 4297 2508 4352 invidiam
2536 4296 2852 4351 declinaret.
2884 4293 2963 4348 Eo
2982 4295 3123 4349 enim
3157 4301 3389 4363 tempore
3425 4294 3626 4366 Orige-g

2041 4391 2123 4443 nis
2156 4406 2343 4443 nomen
2372 4388 2593 4458 ﬂorebat
2624 4389 2678 4442 in
2706 4389 2899 4442 mundo
2922 4426 2939 4453 ,
2966 4395 3029 4441 ut
3066 4387 3311 4457 loquitur
3344 4385 3623 4460 Hierony-

363 4480 483 4528 tore
516 4486 703 4545 postea
737 4477 1006 4547 insertas;
1038 4480 1123 4535 vel
1162 4482 1420 4552 epistolas
1470 4486 1797 4552 nescivisse;
1845 4485 1934 4540 vel
1968 4465 2012 4522 ι)
2035 4496 2183 4536 mus.
2230 4479 2289 4535 S.
2336 4480 2624 4536 Athanasii
2664 4479 2885 4549 quidem
2920 4478 3189 4549 integram
3218 4479 3511 4548 epistolam
3546 4482 3623 4535 ad

363 4574 624 4637 tanquam
674 4569 830 4625 ﬁctas
885 4574 1312 4642 contempsisse;
1376 4578 1524 4646 quod
1575 4578 1932 4634 verisimilius

362 4667 539 4730 putat.
568 4659 631 4714 Et
656 4660 836 4730 primo
861 4664 1082 4733 quidem
1106 4663 1309 4732 fateor,
1336 4666 1699 4739 Epiphanium
1732 4669 1929 4741 Ignatii

364 4750 421 4806 in
460 4751 615 4808 libris
644 4752 720 4807 De
747 4755 1031 4811 hieresibus
1049 4774 1328 4829 nunquam
1354 4764 1700 4832 meminisse;
1726 4774 1781 4820 at
1803 4780 1930 4820 eum

364 4861 467 4901 nec
488 4845 767 4917 ignorasse
788 4848 915 4905 inde
934 4851 1202 4921 sequitur,
1220 4868 1320 4909 nec
1331 4858 1742 4929 contempsisse;
1755 4874 1930 4929 neque

362 4939 410 4994 si
434 4938 789 5009 ignoraverit,
822 4949 903 4996 tot
935 4942 1028 4997 illo
1082 4959 1198 4999 aevo
1221 4953 1278 4999 et
1308 4947 1511 5016 optime
1548 4947 1848 5004 scientibus
1875 4958 1930 5019 et

361 5045 578 5085 summe
607 5033 1031 5101 praedicantibus
1062 5075 1079 5101 ,
1127 5037 1452 5092 sententiam
1506 5048 1753 5094 nostram
1817 5039 1949 5111 ullo_

361 5123 526 5178 modo
546 5124 711 5191 laedit,
736 5133 832 5179 aut
852 5127 1104 5197 negantis
1132 5129 1437 5198 argumenti
1480 5132 1716 5199 speciem
1756 5132 1926 5189 ullam

360 5216 543 5271 habet.
581 5215 867 5287 lgnorasse
901 5234 1011 5273 non
1044 5220 1313 5290 sequitur,
1340 5222 1469 5290 quia
1490 5224 1926 5293 quamplurimas

357 5316 611 5364 auctores
629 5310 1038 5367 laudatissimos
1068 5322 1122 5367 et
1150 5313 1217 5367 ad
1238 5328 1352 5368 rem
1375 5329 1529 5367 suam
1546 5318 1929 5374 accommoda-

361 5397 608 5456 tissimos
631 5418 740 5457 non
774 5403 1036 5471 laudavit,
1088 5418 1227 5474 quos
1257 5413 1441 5459 tamen
1478 5421 1606 5461 eum
1642 5408 1926 5478 ignorasse

357 5488 659 5545 verisimile
681 5508 789 5548 non
812 5503 914 5549 est.
937 5495 1136 5561 Quales
1153 5494 1305 5551 fuere
1322 5494 1541 5566 Papias,
1566 5496 1921 5571 Hegesippus,

360 5575 717 5649 TheOpliilus,
746 5583 1139 5658 Athenagoras,
1165 5587 1476 5658 Pantaenus,
1507 5589 1740 5666 Agrippa
1766 5635 1781 5663 ,
1812 5592 1923 5650 Me-

432 5708 631 5770 HI'Act.
668 5734 827 5783 χχιιι,
852 5721 903 5775 5.

2033 4571 2341 4642 Epictetum
2373 4572 2751 4642 transcripsit;
2796 4571 2891 4627 sed
2936 4580 2998 4626 ut
3040 4570 3457 4626 Dimaaritarum
3502 4572 3621 4627 ha:-

2031 4660 2181 4716 resin
2216 4660 2551 4716 luculentius
2582 4659 2936 4724 describeret,
2963 4659 3238 4729 simulque
3265 4670 3508 4725 caveret,
3544 4678 3628 4717 ne

2029 4751 2138 4807 illis
2159 4752 2412 4822 dogmata
2439 4752 2691 4822 atlingere
2718 4751 2835 4821 ipse
2864 4752 3161 4808 videretur.
3189 4751 3407 4808 Paulini
3443 4752 3617 4809 etiam

2028 4845 2425 4917 professionem
2474 4844 2597 4902 ﬁdei
2641 4846 2913 4917 adjunxit,
2962 4857 3022 4901 ut
3063 4863 3257 4903 eorum
3302 4846 3613 4904 Historiam

2028 4939 2227 4994 melius
2256 4939 2572 4994 illustraret.
2602 4937 2901 4994 Eusebium
2936 4922 3336 4995 Vercellensem
3363 4958 3426 4997 se
3472 4940 3614 5013 Scy-

2028 5029 2237 5099 thopoli
2264 5029 2467 5084 vidisse
2500 5028 2641 5084 forte
2660 5039 3074 5085 commemorat.
3095 5029 3237 5097 Quid
3269 5032 3389 5101 ipse
3416 5033 3485 5088 de
3509 5033 3607 5100 iis,

2027 5121 2123 5190 qui
2159 5131 2284 5176 ante
2314 5136 2440 5175 eum
2462 5132 2654 5177 contra
2682 5122 2918 5178 haereses
2941 5122 3306 5192 scripserant,
3341 5124 3606 5191 senserit,

2025 5214 2116 5269 cui
2155 5214 2281 5269 usui
2312 5223 2497 5270 essent
2530 5215 2635 5269 sibi
2679 5216 2733 5269 in
2764 5230 2929 5285 opere
2973 5231 3075 5271 suo
3102 5216 3426 5282 condendo,
3461 5218 3608 5272 duo-

2026 5309 2131 5364 bus
2153 5307 2499 5378 potissimum
2523 5308 2659 5364 locis
2685 5308 2942 5364 ostendit.
2970 5308 3041 5364 Ut
3070 5310 3264 5366 haeresi
3291 5310 3603 5369 Valentini:

2038 5399 2302 5470 Ὀρῶντες
2341 5398 2423 5451 ὅτι
2460 5398 2606 5452 ἄλλοι
2643 5403 3002 5474 πεπονήκασι,
3055 5402 3196 5473 φημὶ
3241 5402 3300 5455 δὲ
3344 5403 3602 5476 Κλήμης,

2024 5490 2120 5543 καὶ
2142 5490 2456 5559 Εἰρηναῖος,
2486 5491 2579 5543 καὶ
2610 5491 2939 5560 Ἱππόλυτος,
2974 5493 3071 5547 καὶ
3097 5492 3246 5548 ἄλλοι
3271 5492 3517 5558 πλειους,
3552 5494 3603 5547 οι

2024 5582 2119 5637 καὶ
2160 5580 2486 5653 θαυμαστῶς
2510 5580 2605 5653 τὴν
2631 5585 2751 5638 κατ’
2786 5582 2963 5639 αὐτῶν
3005 5585 3328 5653 πεποίηνται
3368 5584 3602 5656 ἀνατρο-
