3770 6324
159 243 246 297 237

805 246 856 301 J.
897 246 1263 305 PEARSONII
1303 246 1623 305 V'INDICIA‘J
1664 247 2087 306 lGNATIANlE.
2135 279 2199 292 —
2226 248 2407 305 PARS
2443 249 2485 304 l.

3252 254 3359 311 258

156 362 268 436 πήν,
307 362 366 417 οὑ
408 362 542 416 πάνυ
588 381 639 417 τι
669 364 749 437 τῷ
792 368 1019 439 καμάτῳ
1047 368 1380 440 προσθεῖναι,
1404 367 1479 433 ὡς
1508 371 1661 441 προεῖ

1793 385 1903 424 non
1932 377 2142 424 tantum
2173 370 2318 425 Aerii
2342 376 2661 442 argumenta
2689 370 2871 425 leviter
2884 386 2947 424 ac
2972 370 3119 427 molli
3146 373 3359 430 brachio

156 471 271 521 πον,
314 455 677 528 ἠθελήσαμεν,
727 460 1080 526 ίκανωθέντες
1120 465 1233 525 τοῖς
1278 463 1691 534 προειρημένοις

153 544 371 618 ἀνδράσι.
404 545 534 601 Cum
563 548 697 604 alios
729 567 929 622 quoque
972 554 1239 609 videamus
1277 555 1415 609 hunc
1455 556 1689 611 laborem

155 637 743 706 suscepisse,Clementem
761 642 900 709 dico,
914 653 962 697 et
979 643 1260 710 Irenaeum,
1276 656 1326 699 et
1346 646 1689 717 Hippolytum

152 738 193 783 et
218 729 338 783 alios
365 730 670 800 complures,
693 735 783 804 qui
808 736 1062 803 praeclare
1081 754 1259 791 eorum
1280 739 1528 808 dogmata
1546 741 1688 809 refu-

153 829 327 885 tarunt,
342 821 561 876 multum
577 823 795 891 laboris,
808 835 865 879 ut
876 845 940 880 an
949 836 995 881 te
1008 829 1141 894 dixi,
1157 830 1500 898 superaddere
1514 830 1687 883 nolui-

149 927 268 979 mus,
278 912 537 979 prtzdictis
550 915 676 970 viris
689 918 939 973 contenti.
957 916 1022 973 Et
1035 921 1223 976 haeresi
1240 920 1682 976 Manichaeorum:

152 1003 271 1073 Ἤδη
300 1004 354 1056 δὲ
382 1004 603 1077 ἀνδράσι
629 1008 882 1076 μεγάλοις
907 1009 1234 1082 Θαυμαστῶς
1261 1012 1382 1068 κατ’
1413 1012 1575 1066 αὐτοῦ
1599 1014 1686 1066 ἀν·
1708 1008 1720 1025 “

146 1095 396 1165 τιρρήσεις
426 1094 519 1150 τοῦ
553 1095 771 1168 ἐλέγχου
809 1100 1148 1171 πεποίηνται·
1184 1103 1453 1176 Ἀρχελάῳ
1482 1105 1579 1175 μὲν
1604 1105 1683 1177 τῷ

146 1187 415 1259 intexti-mp,
450 1189 528 1252 ὡς
556 1190 894 1263 προείρηται,
931 1193 1187 1267 Ὠριγὲνει
1217 1196 1305 1263 δὲ,
1332 1195 1406 1259 ὡς
1432 1198 1643 1266 ἀκήκοα
1663 1235 1680 1262 ,

146 1277 356 1348 Εὑσεὸίῳ
373 1277 427 1331 δὲ
446 1278 525 1349 τῷ
546 1281 898 1353 Καισαρείας,
932 1286 1024 1338 καὶ
1047 1284 1286 1355 Εὐσεδίῳ
1312 1285 1390 1356 τῷ
1427 1287 1677 1357 Ἐμέσης,

144 1367 414 1440 Σεραπίωνι
428 1369 507 1440 τῷ
523 1370 797 1441 Θμούεως,
816 1370 1113 1447 Ἀθανασίῳ
1144 1376 1221 1447 τῷ
1251 1376 1676 1450 Ἀλεξανδρείας,

144 1461 366 1533 Γεωργίῳ
379 1461 456 1532 τῷ
472 1462 813 1530 Λαοδικείας,
844 1465 1227 1541 Ἂπολλιναρίῳ
1246 1469 1324 1540 τῷ
1339 1470 1675 1537 Λαοδικείας,

143 1555 281 1624 Τίτῳ,
311 1554 398 1606 καὶ
430 1554 644 1621 πολλοῖς
671 1558 778 1612 τῶν
800 1559 920 1613 κατ’
950 1559 1135 1614 αὑτοῦ.
1169 1562 1329 1615 Οὐδὲν
1366 1563 1422 1616 δὲ
1448 1563 1677 1635 λυπήσει

142 1647 218 1698 καὶ
245 1647 342 1700 ἀπὸ
370 1648 471 1719 τῆς
502 1648 658 1721 ήμῶν
690 1650 960 1721 πτωχείας
991 1652 1145 1722 ὀλίγα
1172 1655 1252 1718 είς
1289 1653 1548 1726 αἰσχύνην
1580 1656 1674 1709 τοῦ

1790 459 1973 523 solvit,
2011 461 2105 514 sed
2151 469 2204 515 et
2235 460 2608 530 imprudenter
2633 476 2857 517 causam
2901 477 3057 517 suam
3096 464 3354 533 prodidit.

1790 549 1990 605 Verum
2016 552 2174 605 aliter
2204 551 2362 620 plane
2388 568 2447 607 se
2467 567 2556 607 res
2583 552 2761 607 habet.
2805 553 3196 625 Distinguenda
3224 565 3356 612 sunt

1788 648 2053 710 tempora,
2086 651 2140 696 et
2172 642 2429 698 Ecclesiae
2458 653 2655 711 status,
2699 646 2844 714 quod
2876 658 3129 702 accurate
3169 648 3357 703 obser-

1786 739 1877 784 vat
1905 731 2261 801 Epiphanius,
2291 743 2344 788 et
2376 735 2558 788 omnia
2587 735 2769 789 statim
2798 736 2959 805 plane
2987 737 3351 805 convenient;

1786 825 1936 879 nulla
1966 826 2107 879 inter
2138 825 2406 895 lgnatium
2451 834 2505 881 et
2553 825 2917 896 Epiphanium
2967 829 3181 885 dissidii
3226 831 3350 886 vola

1783 917 1869 971 vel
1896 917 2183 988 vestigium
2214 918 2513 987 apparebit.
2533 916 2608 972 De
2638 927 2793 975 atate
2820 918 2879 975 S.
2906 919 3064 978 Pauli
3086 923 3197 993 agit
3220 924 3348 994 Epi-

1782 1009 2038 1079 phanius,
2062 1009 2130 1063 de
2155 1024 2254 1063 sua
2291 1008 2549 1079 lgnatius.
2584 1009 2676 1064 llle
2696 1011 2762 1065 de
2784 1012 3031 1069 ecclesiis
3055 1016 3343 1084 particula?

1781 1101 1933 1155 ribus
1968 1100 2211 1154 nondum
2243 1101 2499 1156 omnibus
2539 1104 2784 1159 numeris
2816 1105 3101 1173 absolutis,
3130 1115 3186 1161 et
3213 1107 3341 1179 πλη-

1784 1190 2010 1263 ρώματα
2039 1189 2348 1260 οἰκονομίας
2379 1191 2558 1247 adhuc
2600 1194 2927 1263 recepturis,
2979 1194 3070 1250 hic
3119 1196 3187 1250 de
3232 1196 3344 1265 jam

1779 1283 1936 1351 plene
1973 1283 2310 1348 constitutis,
2336 1292 2389 1337 et
2418 1285 2607 1337 ultima
2639 1284 3011 1353 apostolorum
3062 1301 3227 1340 manu
3268 1286 3327 1342 ef-

1777 1371 2027 1427 formatis
2079 1383 2243 1441 atque
2272 1374 2544 1428 stabilitis.
2580 1373 2652 1427 lta
2682 1375 2770 1428 ille
2793 1374 2860 1429 de
2884 1375 3046 1429 Aerio
3069 1376 3333 1445 loquitur:

1777 1467 1888 1520 Οὐκ
1909 1461 2048 1519 οἶδεν
2074 1466 2102 1517 ὁ
2136 1465 2233 1535 τὴν
2278 1465 2597 1520 ἀκολουθίαν
2636 1467 2735 1536 τῆς
2762 1467 3015 1538 ἀληθείας
3054 1469 3343 1540 ἀγνοήσας,

1776 1556 1869 1609 καὶ
1893 1556 2155 1627 ἱστορίαις
2185 1556 2508 1626 βαθυτάταις
2546 1558 2619 1629 μὴ
2652 1556 2909 1627 ἐντυχὼν,
2942 1558 3023 1612 ὅτι
3050 1560 3169 1612 νέου
3195 1560 3343 1622 ὄντος

1773 1647 1867 1700 τοῦ
1893 1649 2244 1720 κηρύγματος
2261 1649 2394 1719 πρὸς
2415 1648 2482 1702 τὰ
2504 1649 2874 1704 ὑποπίπτοντα
2891 1650 3125 1721 ἔγραφεν
3149 1654 3177 1704 ὀ
3194 1652 3342 1721 ἆγιςς

140 1738 340 1793 ἐλεεινοῦ
366 1740 652 1813 ἀνθρώπου
694 1743 885 1795 εἰπεῖν.
921 1742 1250 1814 Iampridem
1279 1764 1395 1801 vero
1435 1748 1661 1801 admira-

1783 1738 2117 1803 Ἀπόστολος.
2154 1738 2401 1793 Veritatis
2428 1740 2517 1794 ille
2537 1742 2724 1795 seriem
2748 1742 3021 1812 ignorans,
3048 1759 3139 1796 nec
3162 1744 3217 1797 in
3253 1760 3342 1797 re-

140 1829 245 1883 biles
267 1832 329 1883 ad
363 1829 511 1887 illius
544 1833 852 1902 refutaudos
871 1852 1072 1889 errores
1105 1836 1492 1892 lucubrationes
1515 1840 1669 1893 edittz

138 1928 275 1973 sunt:
312 1921 443 1975 velut
474 1920 541 1976 ab
584 1924 841 1978 Archelao
881 1927 1153 1997 episcopo,
1188 1938 1247 1982 ut
1283 1942 1436 1983 antea
1472 1931 1668 1986 dictum

137 2021 215 2077 est,
240 2012 466 2084 Origene,
490 2026 551 2068 ut
572 2018 890 2087 accepimus,
917 2018 1142 2074 Eusebio
1168 2020 1489 2077 Caesareensi
1517 2036 1565 2078 et
1587 2025 1670 2079 al-

140 2111 227 2157 tera
280 2104 525 2160 Emeseno
551 2148 566 2171 ,
635 2107 918 2178 Serapione
985 2110 1303 2180 Tltmuensi,
1372 2115 1666 2170 Athanasio

136 2192 479 2261 Alexandrino,
515 2194 736 2268 Georgio
767 2198 1085 2268 Laodiceno,
1116 2203 1449 2271 Apollinario
1476 2205 1669 2261 Laodi-

136 2301 255 2352 ceno,
282 2285 412 2355 Tito,
444 2289 731 2361 multisque
755 2292 845 2362 qui
870 2292 1115 2348 adversus
1145 2296 1297 2349 illum
1324 2299 1663 2367 scripserunt.

138 2374 237 2430 Non
262 2380 354 2431 erit
395 2388 574 2434 tamen
620 2382 916 2460 molestum,
960 2391 1008 2444 si
1029 2405 1197 2459 pauca
1222 2404 1315 2458 pro
1344 2389 1523 2463 inopia
1565 2409 1665 2452 n0-

135 2476 247 2532 δίΐαν
283 2468 347 2521 ad
374 2472 667 2541 augendam
700 2475 931 2553 {nfelicis
960 2485 1318 2541 homunciom’s
1360 2488 1661 2558 infamiam,

135 2558 357 2614 dicatum.
398 2560 589 2618 Plures
628 2564 714 2627 bis
762 2575 1054 2643 scriptores
1095 2578 1415 2643 catholicos,
1447 2578 1659 2647 Opinor,

136 2666 223 2705 non
251 2654 538 2717 nominavit
569 2654 905 2734 Epiphanius
950 2666 1005 2721 in
1047 2667 1202 2723 libris
1242 2668 1319 2721 De
1356 2668 1659 2737 Ittrresibus,

138 2750 329 2817 prolixis
370 2770 499 2809 sane
546 2764 601 2809 et
643 2756 969 2823 elaboratis;
1015 2756 1259 2813 infinitos
1312 2758 1476 2829 igitur
1527 2774 1663 2828 pene

136 2842 308 2902 enlisit.
338 2854 389 2899 et
407 2861 471 2900 ex
496 2846 605 2901 illis
636 2861 772 2915 quos
803 2848 1124 2915 nominavit,
1156 2864 1224 2903 ne
1246 2866 1408 2903 unam
1440 2850 1660 2919 quidem

138 2936 421 2990 sententiam
472 2937 721 3002 adduxit,
747 2954 853 3008 qua
885 2949 1203 3009 argumenta
1249 2955 1347 2994 sua
1378 2941 1663 2995 confirma-

137 3033 218 3090 ret,
239 3035 323 3079 aut
349 3027 585 3082 haeretici
612 3028 916 3098 cujuspiam
946 3030 1143 3098 dogma
1170 3030 1455 3085 refelleret.

190 3117 464 3173 Audiamus
492 3118 661 3189 igitur
679 3093 812 3190 quid
843 3119 909 3174 de
938 3093 1241 3189 Epiphanio
1284 3121 1537 3176 observet
1573 3124 1659 3178 vir
1684 3093 1726 3152 α

137 3206 487 3277 doctissimus,
525 3210 658 3279 quid
698 3226 761 3263 ex
800 3211 1183 3265 observatione
1231 3212 1469 3279 colligat.
1528 3211 1659 3282 Epi-

134 3300 340 3366 phanius,
371 3301 569 3371 inquit,
612 3300 787 3354 nullus
815 3300 1222 3371 Ignatiunorum
1252 3302 1510 3365 meminit,
1540 3301 1659 3370 qui-

136 3390 208 3443 bus
233 3392 349 3445 nihil
392 3394 443 3447 in
487 3402 601 3446 tota
631 3393 946 3462 antiquitate
981 3391 1229 3445 adversus
1272 3392 1421 3447 Aerii
1447 3394 1657 3461 opinio-

136 3496 227 3534 nem
250 3483 503 3539 disertius.
536 3484 681 3556 Ergo
710 3484 1037 3555 velepistola:
1060 3493 1179 3538 sunt
1217 3492 1398 3553 postea
1431 3486 1657 3553 interpo-

136 3570 263 3637 latae,
295 3576 366 3629 vel
393 3594 479 3631 eas
513 3577 754 3640 nescivit,
786 3574 864 3630 vel
902 3576 1230 3646 contempsit.
1258 3573 1406 3628 Nihil
1436 3575 1652 3629 horum.

137 3657 251 3714 Nihil
274 3666 407 3720 enim
439 3683 506 3722 ex
537 3678 649 3723 tota
674 3667 998 3736 antiquitate
1043 3682 1286 3737 unquam
1320 3666 1502 3720 attulit
1528 3664 1655 3735 Epi-

138 3754 328 3819 phanius
356 3760 418 3812 ad
443 3760 613 3814 ullam
651 3759 901 3815 haeresim
953 3758 1342 3825 refellendam;
1372 3771 1652 3826 nunquam

139 3845 412 3901 auctoritate
447 3860 693 3904 veterum
723 3865 857 3904 usus
899 3857 982 3904 est
1014 3850 1083 3903 ad
1120 3848 1290 3902 ullum
1341 3847 1654 3901 haereticum

139 3937 527 4003 opprimendum.
579 3939 731 3996 Licet
773 3941 941 4012 igitur
990 3940 1072 3995 hae
1110 3940 1243 4010 ipsae
1285 3938 1554 4008 epistolae,
1593 3946 1654 3993 ut

138 4039 209 4082 eas
235 4044 363 4087 nunc
390 4033 674 4099 habemus,
706 4031 991 4103 Epiphanii
1014 4046 1128 4087 :evo
1155 4032 1458 4086 exstiterint
1484 4028 1651 4099 (quod

139 4122 389 4177 certissime
412 4124 779 4195 cognoscitur,
806 4134 861 4178 et
894 4123 947 4178 id
978 4138 1175 4193 negare
1199 4138 1308 4177 non
1330 4130 1507 4191 potest
1526 4119 1651 4175 Dal—

140 4208 275 4280 leus,
310 4216 395 4285 qui
432 4231 557 4271 cum
595 4213 899 4281 Salmasio,
949 4212 1231 4268 Blondello
1266 4220 1321 4267 et
1368 4211 1649 4267 Albertino

140 4304 312 4360 easdem
338 4322 453 4363 esse
493 4323 635 4378 quas
676 4306 947 4363 Eusebius
987 4315 1041 4361 et
1069 4305 1402 4361 Athanasius
1444 4304 1651 4358 habue-

140 4405 255 4464 runt,
276 4397 481 4471 fatetur)
503 4400 553 4456 si
576 4416 671 4455 eas
696 4399 899 4470 optime
921 4398 1134 4453 noverit
1163 4405 1217 4452 et
1254 4397 1475 4450 maximi
1507 4395 1648 4451 fece-
1680 4429 1725 4483 Β

140 4485 207 4549 rit,
235 4497 279 4543 et
302 4491 361 4544 ad
387 4506 611 4545 manum
636 4491 799 4546 etiam
821 4506 947 4546 cum
979 4489 1240 4545 scriberet
1271 4488 1540 4555 habuerit;
1566 4487 1652 4543 in-

139 4580 349 4639 credibile
368 4595 549 4639 tamen
580 4593 665 4639 est
685 4600 811 4639 eum
840 4582 1080 4637 voluisse
1109 4565 1194 4636 va
1224 4596 1389 4636 unam
1432 4589 1651 4637 senten-

141 4670 241 4726 tiam
264 4676 407 4731 exiis
432 4679 698 4732 adversus
724 4676 945 4730 Aerium
972 4674 1263 4741 adducere,
1295 4674 1389 4743 qui
1418 4675 1563 4729 aliud
1592 4674 1648 4729 in

140 4768 226 4819 toto
243 4766 321 4822 illo
341 4784 497 4840 opere
521 4769 824 4825 institutum
854 4768 1138 4832 babuit,.et
1162 4768 1215 4823 in
1237 4768 1383 4822 nulla
1405 4782 1647 4837 unquam

142 4855 454 4927 disputatione
504 4863 766 4918 adversus
812 4861 983 4916 ullum
1036 4860 1372 4925 luereticum,
1405 4860 1471 4914 ad
1501 4860 1648 4914 illius

141 4960 406 5021 Argumenta
434 4955 763 5011 retundenda
792 4995 807 5021 ,
854 4954 939 5008 vel
993 4969 1157 5008 unam
1202 4953 1527 5008 sententiam
1579 4966 1643 5007 ex

141 5051 335 5099 veterum
374 5047 557 5117 aliquo
591 5047 838 5102 adduxit.
869 5045 1143 5112 Quorsum
1187 5044 1353 5113 igitur
1388 5043 1481 5114 qui
1520 5043 1641 5098 reli-

140 5144 247 5197 quos
271 5149 447 5192 omnes
475 5137 757 5207 praeteriit,
790 5138 1055 5208 Ignatium
1091 5136 1268 5191 solum
1295 5134 1577 5190 laudaret?

192 5221 409 5284 Secunda
447 5230 759 5286 observatio
804 5246 871 5284 ex
911 5230 1216 5300 Epiphanio
1260 5230 1425 5300 petita
1472 5230 1645 5285 multo

141 5318 448 5380 minusvalet.
475 5324 750 5390 Quaedam,
778 5322 956 5393 inquit
979 5323 1033 5376 in
1062 5321 1430 5391 disputatione
1454 5322 1646 5376 adver-

141 5420 213 5464 sus
232 5412 356 5469 Aerii
385 5417 610 5485 dogma,
637 5417 783 5486 ponit
820 5430 938 5469 cum
981 5413 1283 5484 Ignatiauis
1318 5412 1643 5483 apertissime

140 5507 399 5575 Pugnantia,
422 5510 528 5563 imo
552 5509 767 5563 totidem
792 5516 1027 5562 monstra
1054 5521 1119 5560 ea:
1158 5503 1357 5576 Ignatii
1385 5504 1643 5575 epistoliri

142 5588 424 5655 bierarclticis
462 5601 657 5671 legibus
682 5615 705 5654 .'
744 5600 929 5671 quibus
966 5598 1306 5668 epistolarum
1344 5597 1539 5671 κυρίας
1558 5597 1643 5651 δό-

144 5678 217 5746 ξας
246 5687 421 5758 “quiia
462 5693 641 5749 evertit
686 5691 1033 5762 Epiphanius.
1077 5689 1135 5746 Si
1180 5690 1295 5746 haec
1332 5704 1459 5745 vera
1507 5689 1638 5759 sint,

1767 1830 2150 1885 conditioribus
2179 1830 2415 1884 historiis
2442 1840 2676 1884 versatus
2697 1847 2799 1884 non
2825 1832 3071 1901 intelligit
3097 1844 3341 1887 sanctum

1767 1921 2107 1992 Apostolum,
2138 1937 2257 1974 cum
2303 1936 2477 1974 recens
2508 1931 2641 1975 esset
2680 1920 2956 1992 Evangelii
3002 1900 3337 1991 prtedicatio,
3424 1900 3434 1918 ‘

1765 2030 1859 2084 pro
1890 2030 1945 2068 re
1972 2023 2099 2068 nata
2120 2012 2415 2082 scripsisse.
2443 2013 2680 2078 Scilicet,
2706 2014 3000 2071 utoccasio
3015 2031 3081 2069 ex
3104 2014 3340 2070 circum-

1766 2109 1981 2164 stantiis
2015 2108 2161 2163 illius
2194 2108 2455 2178 temporis
2483 2122 2542 2163 se
2570 2107 2785 2174 obtulit,
2830 2123 2930 2163 sua
2962 2109 3166 2179 scripta
3198 2118 3337 2164 tem-

1764 2202 1972 2270 peravit
1994 2200 2314 2269 Apostolus.
2341 2201 2396 2254 In
2424 2201 2696 2270 aliquibus
2734 2200 2867 2254 locis
2898 2210 3029 2255 tunc
3073 2201 3338 2271 temporis

1763 2299 1883 2345 erat
1912 2291 2206 2360 episcopus
2238 2306 2362 2345 cum
2392 2290 2661 2355 diaconis,
2693 2290 2936 2344 nondum
2971 2291 3170 2346 ibidem
3201 2308 3336 2347 con-

1762 2383 1969 2439 stitutis
1999 2384 2351 2454 presbyteris,
2377 2383 2446 2438 ob
2478 2382 2805 2452 paucitatem
2828 2382 3098 2447 fidelium;
3126 2383 3181 2437 in
3211 2384 3336 2439 aliis

1761 2482 1914 2533 erant
1937 2473 2237 2548 presbyteri
2258 2490 2382 2529 cum
2413 2472 2682 2540 diaconis,
2710 2473 2952 2527 nondum
2980 2473 3177 2529 ibidem
3203 2491 3335 2529 con-

1761 2571 1955 2625 stituto
1988 2568 2277 2638 episcopo,
2310 2566 2456 2635 quod
2491 2565 2785 2635 quisquam
2823 2580 2888 2620 ea
2930 2564 3209 2622 iunctione
3250 2567 3335 2622 di-

1760 2677 1902 2733 gnus
1928 2661 2107 2715 adhuc
2135 2659 2279 2714 baud
2306 2658 2653 2728 reperiretur.
2686 2656 2811 2712 llaec
2840 2673 2907 2712 ex
2949 2659 3333 2714 reconditiori-

1760 2753 1862 2808 bus
1908 2752 2155 2807 historiis
2191 2752 2453 2806 hauserat
2483 2748 2844 2819 Epiphanius,
2888 2766 3029 2819 quas
3055 2766 3164 2805 non
3196 2768 3331 2806 cono

1760 2844 2004 2914 spexisse
2050 2843 2153 2913 ipsi
2203 2843 2489 2898 videbatur
2517 2841 2732 2895 Aerius.
2762 2842 2939 2905 Οὕτω,
2969 2842 3180 2912 inquit,
3210 2844 3331 2898 κατ’

1759 2935 1933 2987 ἐκεῖνο
1964 2933 2154 3004 καιροῦ
2180 2929 2318 3006 ἦσαν
2349 2934 2398 2985 οἱ
2425 2934 2600 2999 τόποι,
2624 2933 2718 2987 καὶ
2744 2933 2854 3005 γὰρ
2894 2934 3125 2988 ἕκαστον
3186 2940 3332 3009 πρᾶει

1760 3026 1983 3096 γμαούκ
2002 3026 2096 3077 ἀπ’
2113 3026 2289 3097 ἀρχῆς
2314 3025 2384 3079 τὰ
2420 3025 2598 3079 πάντα
2626 3026 2804 3098 ἔσχεν*
2840 3025 2974 3081 ἀλλά
3005 3026 3329 3097 προϐαίνον-

1757 3135 1849 3180 τος
1873 3116 1967 3171 τοῢ
1995 3118 2188 3189 χρόνου
2213 3116 2282 3170 τὰ
2311 3118 2446 3191 πρὸς
2474 3118 2751 3173 τελείωσιν
2769 3118 2876 3173 τῶν
2911 3119 3107 3191 χρειῶν
3130 3136 3331 3192 κατήρη

1757 3204 1952 3269 τίζετο.
2002 3204 2093 3259 Ita
2148 3221 2240 3273 per
2288 3205 2426 3260 illud
2480 3217 2679 3277 tempus
2733 3209 3038 3262 istiusmodi
3092 3209 3329 3263 locorum

1756 3306 1927 3350 status
1951 3296 2193 3359 exstitit;
2222 3297 2411 3350 etenim
2440 3312 2763 3367 unaquaeque
2794 3316 2873 3352 res
2908 3316 3008 3355 non
3058 3301 3122 3353 ab
3172 3301 3328 3355 initio

1756 3384 1994 3439 omnibus
2029 3387 2260 3440 numeris
2296 3388 2539 3441 absoluta
2566 3390 2709 3458 fuit;
2753 3390 2844 3443 sed
2882 3392 3189 3458 procedente
3230 3392 3328 3446 de-

1756 3492 1898 3530 mum
1926 3485 2151 3545 tempore
2169 3519 2183 3543 ,
2210 3494 2272 3532 ea
2299 3494 2415 3547 qua:
2444 3479 2513 3532 ad
2544 3481 2917 3549 perfectionem
2956 3482 3191 3535 omnium
3236 3497 3330 3535 ne-

1755 3569 2056 3621 cessitatum
2081 3570 2362 3637 pertinent,
2394 3570 2683 3624 constituta
2726 3578 2871 3626 sunt.
2919 3569 3075 3636 Quod
3119 3571 3225 3626 late
3258 3586 3323 3628 ex

1754 3656 1935 3713 Veteri
1960 3658 2309 3715 Testamento
2344 3662 2559 3730 probat,
2603 3670 2658 3715 et
2684 3661 2765 3717 sic
2800 3662 3148 3734 intelligenda
3177 3665 3325 3735 Apo-

1753 3749 1879 3805 stoli
1902 3749 2069 3804 verba
2094 3750 2312 3815 asserit,
2356 3760 2411 3804 et
2440 3751 2542 3805 hoc
2575 3766 2683 3805 uno
2728 3750 3084 3807 fundamento
3117 3755 3320 3824 posito,

1752 3855 1911 3895 ruere
1936 3855 2125 3896 omnes
2149 3841 2297 3894 Aerii
2321 3840 2659 3909 obiectiones
2681 3843 2979 3909 concludit,
3015 3852 3070 3898 et
3100 3860 3199 3899 nos
3225 3860 3323 3914 pa-

1751 3928 1883 3984 riter
1908 3944 2127 3983 omncm
2150 3928 2610 3997 contrarietatem,
2636 3939 2691 3984 et
2715 3945 2841 3984 cum
2860 3928 3155 4002 lgnatiauis
3174 3933 3323 3987 ἐναν-

1750 4023 2060 4091 τιοφάνειαν
2092 4022 2279 4077 eodem
2318 4023 2431 4077 tolli
2457 4031 2735 4092 putamus.
2908 4020 2913 4031 ’

1820 4115 2145 4172 Examinato
2202 4116 2436 4186 septimo
2494 4117 2705 4187 capite,
2762 4116 3011 4187 sequitur
3063 4126 3317 4174 octavum

1750 4225 1875 4266 cum
1899 4210 2001 4264 hoc
2029 4210 2186 4264 titulo
2216 4227 2232 4265 :
2258 4208 2451 4280 Ignota
2487 4210 2812 4265 Tertulliano
2837 4213 2999 4281 fuisse
3029 4210 3318 4282 Ignatiana

1748 4301 2143 4355 demonstratur
2180 4302 2406 4372 quinque
2440 4303 2782 4373 argumentis.
2811 4302 2916 4357 Sed
2948 4304 3198 4374 quintum
3233 4313 3315 4359 te-

1748 4394 1862 4449 lum
1893 4393 2092 4449 fatetur
2115 4394 2469 4449 Usserianum
2499 4395 2762 4466 lgnatium
2800 4410 2908 4449 non
2943 4395 3142 4463 ferire;
3181 4412 3317 4465 qua-

1752 4494 1880 4541 tuor
1909 4486 2093 4557 itaque
2117 4488 2494 4542 tantummodo
2544 4487 2700 4542 nobis
2736 4495 2945 4542 restant
2982 4486 3312 4556 repellenda.

1750 4576 1960 4645 Primo,
2003 4579 2160 4634 docet
2198 4579 2253 4635 id
2309 4577 2680 4634 Tertullianus
2718 4579 2862 4647 quod
2896 4577 3184 4648 [gnatianze
3216 4579 3315 4653 dt)-

1749 4670 1936 4726 ctriua:
1960 4679 2045 4725 est
2068 4671 2425 4726 contrarium.
2450 4668 2592 4740 Ergo
2614 4684 2738 4724 eum
2764 4670 3012 4725 nescivit.
3039 4669 3314 4726 Adversus

1748 4760 1896 4816 enim
1930 4762 2287 4831 apostolicum
2316 4763 2494 4816 virum
2530 4770 2584 4815 et
2628 4769 2921 4832 martyrem
2979 4761 3083 4816 sibi
3120 4771 3312 4819 notum

1749 4867 2029 4922 nunquam
2082 4852 2379 4923 quidquam
2427 4853 2724 4908 docuisset.
2778 4851 2912 4931 Mira
2969 4853 3083 4908 bmc
3117 4869 3313 4909 conse-

1747 4945 1966 5014 quentia
1993 4944 2059 4999 de
2080 4945 2320 5015 quolibet
2345 4944 2631 5015 scriptore,
2665 4944 2731 5000 de
2757 4930 3098 5000 Tertulliano
3131 4946 3308 5000 maxi-

1746 5052 1836 5092 me
1861 5036 2131 5093 miranda.
2163 5036 2522 5109 Nunquamne
2563 5048 2623 5094 ut
2650 5040 2955 5110 quisquam“
2973 5040 3173 5109 aliquid
3217 5040 3308 5094 do-

1746 5132 1941 5195 cuerit,
1971 5132 2117 5201 quod
2153 5140 2299 5187 esset
2336 5132 2468 5187 viris
2507 5132 2825 5201 apostolicis
2848 5142 2942 5188 aut
2973 5130 3306 5202 martyribus

1745 5224 1892 5278 notis
1917 5223 2252 5279 adversans?
2270 5224 2354 5277 An
2386 5223 2491 5277 viri
2512 5224 2799 5295 apostolici
2827 5234 2882 5279 et
2898 5214 3166 5293 martyres
3189 5237 3308 5283 ma—

1738 5317 1878 5389 joris
1907 5333 2147 5389 unquam
2178 5314 2520 5371 auctoritatis
2548 5314 2720 5379 fuere,
2746 5330 2908 5385 quam
2940 5313 3043 5384 ipsi
3072 5313 3304 5388 apostoli

1742 5418 1798 5466 et
1826 5410 2209 5481 evangelista?
2235 5408 2456 5463 Illorum
2484 5416 2631 5463 certe
2652 5406 2915 5467 doctrinae
2943 5405 3189 5459 nonnulli
3212 5405 3307 5461 ali-

1742 5504 1962 5573 quando
1987 5502 2402 5568 contradixere;
2436 5515 2546 5554 non
2579 5498 2980 5567 Scripturarum
3004 5496 3184 5563 inscii,
3210 5507 3308 5552 aut

1740 5610 1928 5651 earum
1974 5594 2317 5650 auctoritatis
2347 5599 2771 5661 contemptores,
2813 5589 2909 5645 sed
2940 5589 3020 5644 vel
3051 5589 3305 5644 inadver-

1744 5688 1908 5743 tentia
1934 5687 2103 5755 ducti,
2135 5687 2219 5744 vel
2246 5684 2562 5758 prsejudicio
2583 5682 2770 5757 aliquo
2799 5682 3029 5753 abrepti.
3062 5682 3142 5736 An
3166 5680 3301 5736 Ter-
