3770 6298
412 199 519 257 259

1503 194 1559 249 S.
1599 188 1944 250 IGNATIUS.
1968 220 2035 230 —
2064 186 2596 247 PROLEGOMENA.

3548 186 3646 241 260

418 316 679 371 tullianus
721 315 859 371 adeo
905 313 1118 371 subacti
1148 312 1360 384 judicii,
1395 312 1535 368 adeo
1574 311 1746 367 sedati
1778 291 2058 382 ingenii]
2085 306 2478 374 Tertullianus,
2524 305 2630 363 nisi
2676 303 2827 377 quod
2874 314 2929 362 et
2974 303 3238 376 lgnatius.
3280 302 3421 359 Cum
3473 313 3647 357 autem

419 408 601 463 fuitut
630 407 766 462 nulli
792 422 1034 477 unquam
1058 406 1178 461 viro
1202 406 1255 459 in
1280 403 1523 460 Ecclesia
1546 402 1745 459 celebri
1772 413 1984 458 contra-

420 501 645 563 diceret,
677 516 801 555 cum
821 499 935 570 ipse
958 499 1030 553 ab
1051 497 1293 554 Ecclesia
1310 496 1618 565 recesserit,
1644 507 1700 552 et
1719 496 1983 552 adversus

421 609 542 649 eam
573 593 971 664 quamplurima
995 591 1190 647 acerbe
1224 600 1279 646 et
1313 590 1620 661 petulanter
1663 589 1985 661 scripserit?

420 684 708 752 Praeterea,
740 686 823 741 vel
852 685 982 755 ipsis
1009 684 1287 755 iudicibus
1321 683 1671 751 adversariis,
1704 684 1820 739 haec
1845 698 1982 739 con-

422 779 704 848 sequentia
731 794 838 832 non
886 786 971 833 est
996 779 1331 834 necessaria.
1382 779 1457 834 De
1484 778 1607 834 aliis
1645 778 1812 845 enim,
1848 776 1984 832 Ter-

422 870 647 924 tulliann
671 868 1002 938 junioribus,
1022 884 1162 940 quos
1188 868 1398 940 Ignatio
1425 869 1701 925 contraria
1728 869 1984 926 docuisse

419 962 553 1028 vult,
585 961 659 1016 ita
689 962 930 1031 disputat
954 961 1226 1028 Dallazus,
1264 970 1326 1015 ut
1366 961 1442 1015 illi
1479 961 1563 1017 vel
1590 960 1979 1032 ignoraverint,

416 1053 502 1108 vel
540 1054 642 1109 ista
676 1054 878 1124 quibus
912 1052 1191 1108 contraria
1231 1053 1517 1109 docuerint
1542 1054 1598 1109 in
1632 1052 1838 1126 lgnatio
1868 1069 1981 1109 non

415 1146 673 1211 viderint,
692 1146 777 1201 vel
799 1146 1060 1216 epistolas
1083 1153 1341 1215 tanquam
1362 1145 1515 1201 [ictas
1531 1147 1977 1218 contempserint.

417 1235 475 1291 Si
504 1246 685 1291 autem
712 1238 828 1292 haec
856 1238 922 1292 de
946 1237 1068 1293 aliis
1109 1236 1218 1292 dici
1263 1237 1506 1307 possint,
1548 1252 1649 1292 cur
1687 1252 1796 1292 non
1832 1247 1889 1293 et
1914 1238 1981 1295 de

416 1325 792 1380 Tertulliano?
820 1323 980 1380 Certe
1010 1322 1334 1389 Salmasius,
1365 1323 1694 1391 Blondellus,
1723 1332 1778 1379 et
1797 1322 1983 1380 Alber-

417 1420 563 1474 tinus
592 1420 732 1474 hanc
757 1418 1204 1488 consequentiam
1247 1418 1431 1488 potius
1478 1416 1848 1484 admitterent,
1886 1416 1981 1487 qui

413 1512 676 1581 epistolas
699 1511 791 1565 diu
810 1518 936 1565 ante
963 1525 1137 1565 aevum
1156 1509 1480 1565 Tertulliani
1510 1511 1665 1565 [ictas
1685 1518 1977 1580 putarunt;

414 1616 469 1660 et
514 1605 563 1660 si
604 1604 838 1661 Dallaaus
884 1619 993 1659 non
1036 1604 1320 1670 admittat,
1369 1605 1423 1659 in
1467 1603 1838 1674 disputatione
1879 1621 1976 1660 sua

2083 399 2322 473 lgnatius
2343 398 2527 466 addat,
2559 398 2729 471 χωρὶς
2746 397 2974 465 τούτων,
3004 398 3116 451 sine
3135 398 3413 467 episcopis,
3444 396 3651 466 presby-

2086 492 2211 545 teris
2238 500 2289 544 et
2317 490 2561 544 diaconis
2588 488 2828 545 Ecclesia
2862 506 2965 544 non
2988 501 3231 557 vocatur,
3258 490 3450 545 eadem
3479 488 3652 544 notio-

2083 595 2151 637 ne
2179 580 2297 637 sine
2328 580 2496 637 dubio
2534 579 2753 636 locutus
2784 588 2870 636 est
2898 579 3297 646 Tertullianus,
3341 578 3542 634 saltem
3563 578 3651 632 ad-

2083 671 2189 728 huc
2239 672 2295 727 in
2329 670 2571 729 Ecclesia
2617 671 2888 727 catholica
2931 686 3180 727 manens.
3222 669 3359 724 Nam
3404 685 3555 725 cum.
3590 668 3651 724 de

2082 762 2329 819 ecclesiis
2358 763 2679 834 apostolicis
2701 763 2965 833 loquitur,
2993 763 3109 818 haec
3129 761 3295 817 habet
3330 780 3345 816 :
3377 760 3650 817 Habeam

2082 866 2135 911 et
2156 855 2379 910 Joannis
2410 855 2651 910 alumnas
2678 855 2944 911 ecclesias.
2976 853 3118 908 Nam
3156 853 3256 909 etsi
3298 853 3652 923 Apocalypsin

2082 946 2324 1001 Marcion
2355 958 2587 1018 respuat,
2612 948 2740 1001 ordo
2772 958 2946 1003 tamen
2988 943 3353 1016 episcoporum'
3389 946 3465 998 ad
3493 946 3651 1015 origi‘

2083 1056 2199 1095 nem
2241 1057 2479 1095 recensus
2529 1042 2585 1095 in
2627 1039 2891 1095 Joannem
2935 1041 3100 1095 stabit
3139 1049 3433 1095 auctorem.
3480 1037 3549 1092 Et
3585 1038 3653 1092 De

2082 1132 2493 1204 praescriptione
2539 1132 2940 1198 haereticorum,
2986 1146 3108 1202 cap.
3158 1130 3269 1185 εει
3304 1129 3495 1183 Edunt
3539 1147 3652 1201 ergo

2083 1222 2312 1292 origines
2346 1221 2687 1275 ecclesiarum
2708 1238 2923 1276 suarum
2939 1236 2960 1286 ;
3005 1220 3244 1274 evolvant
3271 1219 3523 1274 ordinem
3551 1220 3654 1286 cpi-

2081 1332 2357 1387 scoporum
2394 1332 2612 1372 suorum
2632 1357 2647 1380 ,
2674 1317 2750 1370 ita
2787 1332 2880 1385 per
2901 1316 3250 1369 successiones
3288 1314 3362 1366 ad
3385 1313 3550 1367 initia
3570 1318 3655 1369 de-

2082 1418 2397 1474 currentem,
2430 1418 2488 1461 ut
2524 1408 2729 1477 primus
2764 1406 2857 1461 ille
2881 1408 3155 1478 episcopus
3179 1406 3410 1477 aliquem
3450 1422 3520 1460 ea:
3542 1424 3655 1477 apo-

2082 1500 2231 1555 stolis
2276 1501 2354 1555 vel
2399 1500 2702 1571 apostolicis
2731 1500 2879 1568 viris,
2911 1500 3002 1571 qui
3026 1510 3199 1553 tamen
3239 1515 3361 1552 cum
3400 1498 3654 1566 apostolis

2081 1594 2503 1665 perseveraverit,
2549 1593 2793 1647 habuerit
2841 1602 3111 1646 auctorem
3151 1600 3205 1645 et
3242 1600 3651 1646 ontecessorem.

415 1698 743 1768 principium
769 1697 919 1768 petit,
951 1698 1081 1753 dum
1103 1713 1169 1753 ex
1199 1696 1533 1752 Tertulliano
1557 1698 1636 1751 sic
1658 1697 1853 1766 probet
1868 1698 1980 1769 epi-

2084 1684 2201 1739 Hoc
2226 1685 2365 1740 enim
2399 1685 2553 1739 modo
2585 1682 2842 1739 Ecclesia:
2866 1684 3171 1754 apostolica
3198 1700 3387 1738 census
3413 1700 3541 1737 suos
3571 1684 3653 1737 de-

416 1791 585 1846 stolas
608 1805 717 1845 non
746 1790 1042 1857 exstitisse,
1065 1806 1189 1846 cum
1215 1797 1597 1860 argumentum
1628 1789 1765 1844 nihil
1788 1790 1980 1859 valeat,

416 1880 521 1935 nisi
552 1881 677 1951 quis
706 1881 968 1936 concedat
994 1881 1210 1936 easdem
1241 1889 1367 1951 post
1389 1879 1709 1935 Tertulliani
1736 1890 1982 1952 tempora

413 1971 584 2027 fuisse
624 1972 959 2044 suppositas.
1001 1971 1057 2027 Si
1086 1974 1230 2027 enim
1262 1981 1389 2028 ante
1416 1971 1813 2027 Tertullianum
1842 1971 1982 2029 ‘iue-

414 2072 541 2119 runt
570 2063 726 2132 liene,
758 2072 813 2119 et
842 2064 1021 2135 potuit
1048 2064 1139 2119 ille
1168 2078 1528 2133 coanoscere,
1549 2073 1603 2118 et
1628 2062 1817 2118 debuit
1842 2076 1981 2118 con-

411 2162 673 2211 temnere.

482 2246 589 2302 Sed
622 2248 837 2302 interim
876 2248 1159 2303 videamus
1191 2247 1454 2319 quidnam
1497 2246 1631 2303 illud
1658 2246 1982 2303 Tertulliani

410 2338 686 2392 decretum
713 2338 802 2404 sit,
847 2338 993 2408 quod
1023 2337 1364 2408 lgnatianum
1406 2336 1541 2391 adeo
1581 2344 1766 2406 aperte
1804 2334 1983 2405 reﬁgit

410 2437 465 2483 et
495 2429 792 2497 proculcat.
823 2426 1027 2498 Nempe
1054 2447 1067 2482 :
1096 2427 1199 2481 Ubi
1242 2438 1344 2482 tres
1368 2467 1385 2495 ,
1418 2426 1656 2482 Ecclesia
1697 2437 1774 2481 est
1795 2468 1811 2495 ,
1860 2427 1980 2482 licet

410 2519 560 2576 laici.
609 2519 735 2575 Haec.
779 2519 1168 2574 Tertullianus.
1226 2518 1297 2571 At
1340 2518 1601 2587 lgnatius,
1656 2519 1824 2589 χωρὶς
1858 2517 1981 2570 τού-

410 2629 519 2666 των
540 2654 555 2678 ,
589 2613 642 2668 id
668 2623 752 2667 est
798 2613 917 2669 sine
952 2610 1258 2682 episcopis,
1285 2609 1617 2681 presbyteris
1654 2619 1709 2664 et
1736 2610 1983 2665 diaconis

411 2703 676 2774 ἐκκλησία
706 2704 765 2756 οὐ
788 2703 1050 2757 καλεῖται.
1079 2700 1274 2768 Qumro
1306 2700 1505 2771 primo,
1536 2700 1628 2755 ubi
1654 2701 1769 2757 haec
1795 2718 1825 2756 a
1851 2700 1983 2756 Ter-

413 2794 640 2849 tulliano
663 2795 1012 2850 scribuntur?
1038 2794 1440 2864 Respondetur,
1466 2794 1605 2849 libro
1635 2792 1707 2847 De
1733 2794 1983 2849 eat/torta-

413 2890 551 2942 tione
576 2890 861 2944 castitatis.
890 2890 959 2944 At
987 2888 1046 2944 S.
1091 2888 1431 2959 Augustinus
1476 2886 1871 2942 Tertullianum
1902 2888 1983 2943 fa-

2084 1777 2260 1847 ferunt
2288 1792 2307 1831 .'
2336 1776 2473 1831 sicut
2502 1776 2896 1847 Smyrnworum
2929 1776 3173 1832 Ecclesia
3207 1776 3569 1848 Polycarpum
3596 1777 3654 1831 ab

2081 1868 2288 1924 Joanne
2328 1869 2645 1925 collocatum
2690 1870 2880 1941 refert;
2943 1872 3082 1926 sicut
3125 1871 3495 1926 Romanorum
3544 1871 3657 1928 Cle-

2084 1973 2305 2017 mentem
2339 1981 2373 2018 a
2414 1963 2581 2018 Petro
2618 1964 2923 2018 ordinatum
2965 1965 3172 2020 itidem.
3216 1964 3455 2020 Perinde
3484 1966 3655 2037 utique

2082 2048 2353 2112 etcatera
2382 2058 2644 2125 esltibent,
2677 2074 2806 2129 quos
2838 2056 2901 2111 ob
2928 2058 3183 2128 apostolis
3209 2059 3265 2112 in
3293 2060 3653 2129 episcopatum

2082 2150 2397 2205 mnstitutos
2428 2151 2704 2220 apostolici
2733 2151 2946 2206 seminis
2972 2151 3213 2206 traduces
3235 2150 3490 2205 habeant.
3523 2151 3654 2206 Cum

2083 2238 2250 2311 igitur
2295 2240 2517 2311 proprie
2571 2248 2626 2296 et
2684 2241 2953 2296 catholice
2999 2241 3065 2296 de
3097 2240 3341 2297 Ecclesia
3384 2242 3652 2312 loquitur,

2083 2331 2319 2387 ostendit
2361 2346 2421 2386 se
2472 2330 2617 2386 idem
2667 2331 2893 2386 omnino
2924 2332 3149 2390 ,sentire
3193 2332 3341 2402 quod
3392 2332 3653 2389 sentiebat

2083 2422 2343 2495 Ignatius,
2400 2439 2521 2479 eam
2570 2424 2688 2480 sine
2734 2425 2994 2495 episcopo
3046 2426 3315 2495 integram
3368 2440 3497 2481 esse
3549 2442 3651 2481 non

2083 2532 2265 2587 posse.
2301 2515 2377 2571 De
2405 2517 2673 2572 vocabulo
2712 2518 2933 2588 quidem
2967 2516 3221 2573 Ecclesia:
3262 2519 3337 2573 ita
3385 2534 3534 2589 saepe
3575 2519 3650 2575 ιο.

2084 2610 2301 2681 quitur,
2343 2619 2404 2665 ut
2447 2618 2503 2665 et
2552 2611 2824 2667 haereticis
2861 2611 3099 2678 tribuat;
3136 2627 3277 2683 quos
3315 2613 3373 2668 in
3410 2611 3651 2669 Ecclesia

2083 2701 2300 2771 praprie
2358 2699 2502 2755 dicta
2554 2715 2677 2756 esse
2718 2716 2820 2757 nec
2862 2702 3008 2772 ipse,
3048 2718 3147 2758 nec
3174 2706 3476 2773 quisquam
3518 2705 3651 2758 alius

2084 2795 2322 2865 agnovit.
2353 2794 2606 2861 Faciunt,
2638 2795 2836 2867 inquit,
2861 2796 3009 2865 favos
3037 2806 3087 2851 et
3112 2813 3309 2866 vespa’;
3343 2796 3556 2865 faciunt
3578 2815 3647 2852 cc-

2085 2892 2268 2945 :lesias
2294 2901 2341 2945 et
2366 2891 2765 2958 Marcionistaz;
2796 2892 2889 2948 sed
2907 2908 3070 2964 quam
3100 2892 3283 2962 inique
3306 2892 3441 2947 illud
3462 2906 3651 2946 nomen

410 2990 557 3036 ctum
585 2982 898 3037 haereticum
929 2981 1087 3036 docet
1109 2980 1379 3035 secundas
1409 2978 1651 3050 nuptias,
1677 2989 1869 3035 contra
1892 2980 1984 3035 do—
2010 3024 2052 3081 C
2088 2983 2153 3037 iis
2180 2985 2511 3040 attribuatur
2555 2986 2715 3041 docet
2742 3004 2755 3042 :
2789 2984 2961 3040 Habet
3002 2986 3210 3056 quidem
3242 2984 3340 3038 illa
3385 2984 3648 3045 ecclesias,

410 3072 641 3127 ctrinam
690 3073 1079 3143 apostolicam,
1132 3083 1395 3145 tanquam
1442 3086 1631 3147 stupra
1679 3077 1978 3144 damnare,

409 3163 555 3232 quod
595 3164 649 3217 in
691 3178 757 3219 eo
795 3180 959 3235 opere
996 3164 1145 3221 facit.
1186 3165 1293 3233 Qui
1338 3178 1519 3223 autem
1548 3181 1737 3225 contra
1778 3170 1982 3224 doctri-

410 3268 536 3307 nam
571 3255 924 3324 apostolicam
959 3258 1196 3327 scripsit,
1242 3259 1369 3313 licet
1415 3259 1473 3314 S.
1528 3259 1682 3314 Pauli
1722 3261 1981 3331 epistolas

410 3356 619 3411 nosset,
647 3361 829 3403 nonne
860 3358 913 3403 et
941 3359 1132 3404 contra
1164 3348 1502 3421 lgnatianam
1528 3353 1767 3407 scribere
1783 3353 1979 3423 potuit,

408 3434 536 3490 licet
566 3441 686 3508 ejus
718 3439 980 3508 epistolas
1026 3442 1174 3497 haud
1224 3442 1590 3513 ignoraverit?
1621 3443 1777 3500 Hunc
1801 3446 1981 3515 ipsutn

407 3527 607 3583 librum
636 3528 981 3601 Nicephorus
1006 3544 1276 3588 memorat
1301 3542 1561 3606 tanquam
1592 3537 1857 3591 adversus
1880 3535 1982 3591 Ec-

407 3622 627 3677 clesiam
658 3624 944 3694 scriptum,
983 3626 1078 3678 καὶ
1114 3626 1295 3691 tame;
1326 3628 1464 3681 κατὰ
1487 3628 1586 3698 τῆς
1610 3628 1840 3682 καθόλου
1865 3627 1983 3682 Ἐκ-

406 3716 635 3786 κλησίας
686 3716 863 3788 βξδλθν
910 3719 1210 3773 συντάττεισ
1258 3721 1408 3774 οὐδὲν
1438 3721 1491 3774 δὲ
1527 3718 1689 3793 ἦττον
1724 3723 1819 3775 καὶ
1855 3723 1982 3794 περὶ

408 3807 764 3881 Σωφροσύνης
786 3810 972 3883 ἕτερον
1003 3812 1343 3884 σύγγραμμα
1372 3813 1712 3877 καταλείπει,
1737 3814 1831 3867 καὶ
1852 3815 1982 3886 περὶ

408 3898 757 3970 Μονογαμίας
800 3900 1005 3979 ξτερον.
1042 3901 1179 3956 Cum
1233 3904 1398 3973 igitur
1443 3912 1633 3960 contra
1676 3904 1980 3961 EccleSiam

410 3988 737 4044 catholicam
760 3991 1043 4059 scriberet,
1080 3992 1196 4047 haec
1231 3992 1463 4048 habuit:
1497 3992 1599 4048 Ubi
1650 4004 1777 4060 tres,
1808 3994 1983 4050 Eccle-

408 4079 493 4133 sia
512 4088 608 4145 est,
637 4079 757 4135 licet
782 4081 932 4138 laici.
959 4082 1171 4138 Pariter
1193 4093 1245 4139 et
1266 4085 1332 4139 de
1356 4085 1483 4157 luga
1501 4086 1554 4140 in
1584 4088 1979 4156 persecutione,

404 4175 519 4247 jam
550 4174 1139 4235 adultior'Montanista
1171 4181 1225 4235 in
1255 4181 1401 4236 hunc
1446 4183 1667 4237 modum
1696 4184 1937 4253 loquitur
1963 4202 1978 4240 :

412 4267 535 4323 Non
562 4278 705 4340 potes
733 4271 1028 4327 discurrere
1049 4290 1141 4342 per
1165 4274 1442 4345 singulos?
1482 4276 1555 4330 sit
1587 4276 1682 4331 tibi
1708 4286 1758 4331 et
1792 4278 1847 4331 in
1884 4278 1983 4331 tri-

2085 3075 2174 3130 sed
2207 3093 2331 3130 suas
2385 3088 2492 3130 tam
2528 3087 2767 3148 posteros
2796 3094 2957 3149 quam
3003 3077 3313 3141 adulteras;
3353 3093 3583 3148 quorum
3611 3080 3651 3128 si

2082 3184 2292 3223 censum
2316 3171 2575 3236 requiras,
2604 3169 2816 3239 facilius
2848 3170 3201 3240 apostolicum
3231 3170 3473 3223 inuenias
3502 3184 3648 3239 quam

2082 3258 2455 3328 apostolicum.
2475 3258 2550 3314 De
2574 3258 2817 3315 Ecclesia
2843 3260 3005 3314 etiam
3030 3259 3260 3328 myStice
3288 3258 3542 3330 loquitur
3563 3256 3649 3313 lib.

2083 3349 2159 3404 De
2185 3351 2468 3418 pudicitia,
2492 3366 2613 3421 cap.
2644 3351 2708 3406 21
2746 3370 2758 3406 :
2794 3349 2938 3405 Nam
2983 3360 3033 3405 et
3075 3350 3317 3405 Ecclesia
3361 3353 3575 3423 proprie
3607 3361 3648 3404 et

2081 3443 2449 3513 principaliter
2502 3446 2612 3514 ipse
2657 3452 2737 3498 est
2785 3444 3029 3513 spiritus,
3074 3445 3128 3497 in
3164 3460 3265 3514 quo
3319 3453 3399 3497 est
3447 3444 3649 3499 trinitas

2082 3536 2237 3590 unius
2258 3536 2580 3603 divinitatis,
2611 3533 2792 3603 Pater,
2836 3544 2885 3589 et
2935 3534 3112 3589 Filius
3133 3576 3147 3598 ,
3182 3546 3234 3590 et
3263 3534 3504 3606 Spiritus
3534 3553 3647 3590 san-

2082 3636 2218 3680 ctus.
2255 3624 2413 3680 Illam
2442 3625 2737 3680 Ecclesium
2780 3636 3096 3698 congregat,
3129 3644 3287 3697 quam
3313 3626 3576 3681 Dominus
3601 3628 3647 3679 in

2084 3718 2251 3772 tribus
2275 3719 2471 3787 posuit.
2496 3717 2665 3790 Atque
2694 3719 2772 3772 ita
2797 3719 2985 3773 exinde
3013 3721 3174 3773 etiam
3206 3736 3459 3773 numerus
3487 3721 3647 3773 omnis

2080 3812 2169 3881 qui
2196 3812 2252 3864 in
2286 3812 2422 3865 hanc
2449 3812 2606 3881 ﬁdem
2642 3812 3039 3882 conspiraverit,
3076 3811 3311 3867 Ecclesia
3339 3813 3404 3867 ab
3443 3824 3647 3868 actore

2081 3913 2129 3958 et
2158 3912 2518 3959 consecratore
2544 3914 2800 3960 censetur.
2839 3904 2905 3958 Et
2934 3906 3051 3959 ideo
3077 3904 3317 3960 Ecclesia
3336 3906 3549 3975 quidem
3573 3907 3648 3960 de-

2081 3995 2210 4049 licta
2249 3994 2502 4063 donabit,
2548 3996 2638 4050 sed
2676 3994 2917 4051 Ecclesia
2946 3996 3184 4067 Spiritus
3218 4015 3313 4067 per
3351 4000 3646 4070 spiritalem

2082 4089 2339 4143 hominem
2365 4130 2380 4156 ,
2409 4106 2509 4143 non
2544 4089 2782 4144 Ecclesia
2823 4106 3072 4144 tiumerus
3101 4091 3489 4161 episcoporum.
3515 4093 3646 4149 Cum

2082 4182 2247 4253 igitur
2271 4180 2638 4237 Tertullianus
2680 4196 2826 4237 nunc
2870 4180 3129 4237 Ecclesiae
3169 4184 3497 4238 vocabulum
3533 4201 3628 4255 pro

2081 4276 2198 4345 prie
2221 4283 2423 4341 sumat,
2450 4290 2550 4344 pro
2582 4274 2699 4340 tali,
2731 4274 2958 4338 scilicet,
2996 4275 3213 4345 qualem
3248 4277 3481 4346 apostoli
3522 4292 3645 4330 con-

409 4360 503 4418 bus
538 4361 793 4419 Ecclesia.
828 4363 954 4423 Hatc
982 4366 1071 4422 ille
1092 4382 1159 4422 ex
1184 4367 1639 4427 MontaniStarum
1657 4370 1973 4440 disciplina;
2008 4368 2053 4423 D
2082 4367 2410 4433 stituerunt,
2456 4380 2604 4421 nunc
2645 4366 2962 4437 improprie,
2991 4380 3044 4423 et
3080 4368 3133 4422 in
3170 4367 3275 4423 alia
3306 4369 3560 4435 notione,
3589 4378 3643 4422 ut

410 4471 597 4515 contra
621 4476 786 4531 quam
810 4460 926 4531 ipse
949 4461 1253 4518 catholicus
1283 4465 1539 4535 scripsit:
1572 4465 1745 4521 Hodie
1766 4467 1975 4539 presby-

411 4563 517 4617 ter,
549 4556 639 4625 qui
683 4572 801 4610 cras
840 4556 1048 4611 laicus:
1075 4574 1197 4611 nam
1238 4568 1288 4611 et
1320 4558 1473 4613 laicis
1512 4560 1863 4615 sacerdotalia
1890 4563 1979 4617 in-

404 4644 652 4716 jungunt.
688 4647 855 4701 Aliter
891 4648 957 4703 de
988 4649 1091 4703 hac
1129 4649 1244 4719 ipsa
1276 4664 1337 4704 re
1376 4649 1592 4706 locutus
1621 4660 1704 4707 est
1737 4653 1864 4707 dum
1896 4670 1982 4709 ca-

412 4738 646 4793 tholicus
676 4739 777 4794 fuit
806 4760 818 4794 :
850 4740 947 4794 Ubi
980 4751 1104 4807 tres,
1138 4742 1191 4794 id
1226 4753 1299 4796 est
1324 4741 1485 4797 Pater
1512 4754 1559 4797 et
1587 4743 1759 4799 Filius
1783 4756 1832 4799 et
1858 4745 1981 4817 Spi-

413 4829 548 4883 ritus
597 4841 835 4896 sanctus,
880 4832 951 4884 ibi
1002 4830 1241 4885 Ecclesia
1287 4850 1402 4902 quae
1448 4836 1608 4888 trium
1657 4852 1843 4906 corpus
1879 4846 1979 4893 est.

412 4922 688 4993 Quidquid
711 4933 890 4978 autem
922 4925 989 4979 de
1037 4925 1131 4979 illo
1176 4926 1297 4981 loco
1329 4930 1565 4983 senserit
1592 4947 1605 4983 :
1641 4929 1739 4984 Ubi
1769 4932 1871 4985 duo
1901 4931 1980 4985 rel

413 5026 517 5069 tres
549 5015 605 5067 in
628 5014 835 5069 nomine
861 5031 970 5068 meo
996 5026 1397 5087 congregantur,
1415 5035 1505 5089 ego
1530 5022 1586 5073 in
1611 5022 1777 5075 medio
1800 5038 1979 5076 eorum

412 5122 529 5159 sum
559 5106 627 5173 ",
647 5105 713 5161 de
743 5107 1030 5175 praesentia
1055 5107 1259 5164 Christi
1290 5110 1343 5164 id
1377 5112 1616 5182 accepit,
1641 5129 1762 5183 qua:
1794 5115 1981 5185 aliquo

413 5213 578 5256 sensu
608 5196 905 5252 Ecclesiam
936 5197 1117 5253 facere
1144 5199 1377 5266 videtur,
1397 5202 1499 5255 etsi
1523 5201 1773 5258 Christus
1797 5204 1850 5258 id
1870 5220 1979 5260 non

413 5290 629 5346 dixerit.
662 5288 739 5344 Ita
779 5291 892 5360 ipse
923 5290 1076 5357 alibi,
1110 5288 1175 5343 In
1200 5308 1302 5345 uno
1339 5302 1390 5347 et
1413 5292 1580 5346 altero
1611 5292 1849 5350 Ecclesia
1879 5306 1976 5363 est,

415 5381 654 5437 Ecclesia
703 5400 819 5438 vero
872 5383 1139 5439 Christus.
1190 5382 1345 5450 Quod
1393 5384 1531 5439 adeo
1572 5401 1678 5440 non
1715 5398 1979 5460 repugnat

413 5475 640 5545 lgnatio,
673 5486 730 5530 ut
760 5477 873 5546 ipse
894 5477 1059 5531 etiam
1097 5476 1296 5533 dixerit
1323 5495 1336 5530 :
1367 5475 1467 5532 Ubi
1494 5488 1572 5532 est
1612 5477 1853 5534 Christus
1877 5480 1975 5535 Je-

412 5580 524 5631 sus,
551 5563 663 5617 illic
688 5565 949 5619 catholica
978 5564 1238 5621 Ecclesia.
1272 5563 1417 5622 Nihil
1440 5566 1623 5639 itaque
1644 5568 1822 5624 adhuc
1841 5569 1978 5627 dixit

514 5680 558 5713 ¹⁴¹
593 5678 781 5735 Matth.
815 5696 968 5749 xvut,
1003 5680 1094 5737 20.

2082 4473 2207 4513 cum
2234 4458 2484 4530 spiritum
2513 4471 2635 4513 esse
2666 4455 2818 4523 dicit,
2842 4472 2967 4512 cum
2995 4457 3138 4512 idem
3182 4472 3384 4512 nomen
3429 4458 3642 4513 haereti-

2080 4566 2269 4607 corum
2302 4537 2659 4607 conventﬁius
2694 4551 2903 4617 tribuit,
2947 4558 3042 4605 aut
3084 4550 3259 4606 tribus
3302 4550 3485 4617 laicis,
3513 4564 3644 4622 quos

2080 4642 2197 4713 ipse
2225 4642 2531 4699 sacerdotes
2567 4652 2725 4697 vocat
2754 4657 2915 4697 sensu
2948 4642 3153 4712 aliquo,
3192 4643 3326 4712 (tam
3368 4642 3517 4698 enim
3559 4656 3646 4694 ve-

2078 4749 2200 4789 rum
2233 4743 2317 4789 est
2362 4749 2428 4789 ex
2476 4732 2794 4789 Tertulliani
2840 4733 3131 4800 sententia,
3173 4732 3318 4803 quod
3364 4742 3480 4788 tres
3524 4730 3644 4787 laici

2080 4835 2208 4881 sunt
2236 4833 2347 4881 tres
2376 4827 2708 4892 sacerdotes,
2740 4841 2904 4896 quam
2932 4826 3076 4896 quod
3110 4825 3200 4880 ubi
3233 4838 3342 4880 tres
3374 4825 3518 4891 laici,
3546 4822 3648 4877 Ec-

2080 4919 2247 4975 clesia
2276 4920 2382 4989 est)
2419 4934 2562 4982 cum,
2594 4920 2842 4989 inquam,
2874 4930 2984 4974 tam
3030 4917 3329 4988 improprie
3362 4917 3431 4972 de
3466 4917 3645 4971 Eccle—

2080 5011 2162 5068 sia
2200 5013 2480 5083 loquatur,
2504 5013 2635 5069 illud
2659 5013 2937 5068 decretum
2962 5012 3244 5082 lgnatiano
3271 5012 3498 5066 minime
3517 5024 3645 5066 con-

2079 5106 2307 5161 trarium
2346 5112 2449 5173 est,
2492 5120 2615 5160 cum
2665 5105 2908 5178 lgnatius
2951 5106 3019 5161 de
3065 5104 3309 5161 Ecclesia
3356 5103 3569 5175 proprie
3593 5112 3645 5156 et

2080 5198 2287 5270 integre
2321 5207 2543 5269 accepta
2589 5198 2879 5269 loquatur,
2925 5197 3116 5253 eodem
3176 5196 3341 5251 modo
3373 5211 3483 5267 quo
3515 5193 3643 5249 alibi

2081 5292 2449 5350 Tertullianus
2476 5334 2492 5359 ,
2524 5309 2635 5365 quo
2669 5292 2726 5349 S.
2758 5292 3098 5365 Cyprianus,
3129 5294 3226 5365 qui
3253 5292 3642 5349 Tertullianum

2079 5388 2396 5454 magistrum
2430 5388 2644 5442 vocavit
2670 5406 2684 5441 :
2716 5385 2811 5441 Illi
2835 5396 2958 5441 sunt
2997 5385 3273 5453 Ecclesia,
3304 5385 3449 5454 plebs
3472 5399 3643 5438 sacer-

2077 5478 2189 5533 doti
2235 5478 2471 5533 odunata
2499 5519 2514 5544 ,
2550 5488 2599 5531 et
2649 5478 2854 5547 pastori
2884 5494 2979 5531 suo
3009 5492 3135 5547 grea:
3165 5478 3459 5533 adhaerens.
3496 5474 3643 5529 Unde

2079 5554 2212 5627 scire
2231 5571 2381 5627 debes
2402 5572 2702 5642 episcopum
2723 5572 2777 5627 in
2802 5568 3037 5626 Ecclesia
3060 5586 3191 5640 esse,
3212 5582 3262 5626 et
3281 5568 3567 5625 Ecclesium
3590 5568 3640 5620 in
