  <div class='ocr_page' id='page_1' title='image "/cluster/home/n/w/nwhite01/storage/ocr_20150623/5/hvd.32044019206598/138.png"; bbox 0 0 3770 6324; ppageno 0'>
   <div class='ocr_carea' id='block_1_1' title="bbox 174 251 260 305">
    <p class='ocr_par' dir='ltr' id='par_1_1' title="bbox 174 251 260 305">
     <span class='ocr_line' id='line_1_1' title="bbox 174 251 260 305; baseline -0.023 0"><span class='ocrx_word' id='word_1_1' title='bbox 174 251 260 305; x_wconf 79' lang='grc'><strong><em>261</em></strong></span> 
     </span>
    </p>
   </div>
   <div class='ocr_carea' id='block_1_2' title="bbox 822 202 2510 303">
    <p class='ocr_par' dir='ltr' id='par_1_2' title="bbox 822 202 2510 303">
     <span class='ocr_line' id='line_1_2' title="bbox 822 202 2510 303; baseline 0.001 -1"><span class='ocrx_word' id='word_1_2' title='bbox 917 246 1281 302; x_wconf 70' lang='lat' dir='ltr'><strong>PEARSONII</strong></span> <span class='ocrx_word' id='word_1_3' title='bbox 1316 244 1635 302; x_wconf 73' lang='lat' dir='ltr'><strong><em>VINDICUE</em></strong></span> <span class='ocrx_word' id='word_1_4' title='bbox 1676 243 2100 300; x_wconf 56' lang='lat' dir='ltr'><strong><em>IGNATIANE.</em></strong></span> <span class='ocrx_word' id='word_1_5' title='bbox 2143 277 2212 288; x_wconf 95' lang='lat'><strong>—</strong></span> <span class='ocrx_word' id='word_1_6' title='bbox 2249 245 2432 303; x_wconf 76' lang='lat' dir='ltr'><strong><em>PARS</em></strong></span> <span class='ocrx_word' id='word_1_7' title='bbox 2468 248 2510 303; x_wconf 90' lang='lat' dir='ltr'><strong><em>I.</em></strong></span> 
     </span>
    </p>
   </div>
   <div class='ocr_carea' id='block_1_3' title="bbox 3297 249 3406 308">
    <p class='ocr_par' dir='ltr' id='par_1_3' title="bbox 3297 249 3406 308">
     <span class='ocr_line' id='line_1_3' title="bbox 3297 249 3406 308; baseline 0.037 -4"><span class='ocrx_word' id='word_1_8' title='bbox 3297 249 3406 308; x_wconf 71' lang='lat'><strong><em>262</em></strong></span> 
     </span>
    </p>
   </div>
   <div class='ocr_carea' id='block_1_4' title="bbox 172 360 3403 435">
    <p class='ocr_par' dir='ltr' id='par_1_4' title="bbox 172 360 3403 435">
     <span class='ocr_line' id='line_1_4' title="bbox 172 360 3403 435; baseline 0.001 -16"><span class='ocrx_word' id='word_1_9' title='bbox 172 367 411 434; x_wconf 84' lang='lat' dir='ltr'><strong><em>episcopo,</em></strong></span> <span class='ocrx_word' id='word_1_10' title='bbox 442 373 491 417; x_wconf 88' lang='lat' dir='ltr'><strong><em>et</em></strong></span> <span class='ocrx_word' id='word_1_11' title='bbox 519 365 568 417; x_wconf 88' lang='lat' dir='ltr'><strong><em>si</em></strong></span> <span class='ocrx_word' id='word_1_12' title='bbox 588 363 679 434; x_wconf 87' lang='lat' dir='ltr'><strong><em>qui</em></strong></span> <span class='ocrx_word' id='word_1_13' title='bbox 713 381 832 417; x_wconf 91' lang='lat' dir='ltr'><strong><em>cum</em></strong></span> <span class='ocrx_word' id='word_1_14' title='bbox 867 366 1108 434; x_wconf 86' lang='lat' dir='ltr'><strong><em>episcopo</em></strong></span> <span class='ocrx_word' id='word_1_15' title='bbox 1144 381 1246 417; x_wconf 89' lang='lat' dir='ltr'><strong><em>non</em></strong></span> <span class='ocrx_word' id='word_1_16' title='bbox 1272 373 1423 429; x_wconf 87' lang='lat' dir='ltr'><strong><em>sunt,</em></strong></span> <span class='ocrx_word' id='word_1_17' title='bbox 1446 366 1501 418; x_wconf 89' lang='lat' dir='ltr'><strong><em>in</em></strong></span> <span class='ocrx_word' id='word_1_18' title='bbox 1533 361 1716 416; x_wconf 86' lang='lat' dir='ltr'><strong><em>Eccle-</em></strong></span> <span class='ocrx_word' id='word_1_19' title='bbox 1744 366 1792 423; x_wconf 76' lang='grc' dir='ltr'>Α</span> <span class='ocrx_word' id='word_1_20' title='bbox 1822 360 2173 417; x_wconf 75' lang='lat' dir='ltr'><strong><em>Harcionitas</em></strong></span> <span class='ocrx_word' id='word_1_21' title='bbox 2218 372 2407 429; x_wconf 90' lang='lat' dir='ltr'><strong><em>notat,</em></strong></span> <span class='ocrx_word' id='word_1_22' title='bbox 2453 364 2544 435; x_wconf 81' lang='lat' dir='ltr'><strong><em>qui</em></strong></span> <span class='ocrx_word' id='word_1_23' title='bbox 2591 363 2864 419; x_wconf 83' lang='lat' dir='ltr'><strong><em>Christum</em></strong></span> <span class='ocrx_word' id='word_1_24' title='bbox 2893 366 3219 433; x_wconf 70' lang='lat' dir='ltr'><strong><em>phantasma</em></strong></span> <span class='ocrx_word' id='word_1_25' title='bbox 3264 366 3403 421; x_wconf 82' lang='lat' dir='ltr'><strong><em>dicc-</em></strong></span> 
     </span>
    </p>
   </div>
   <div class='ocr_carea' id='block_1_5' title="bbox 174 452 1713 523">
    <p class='ocr_par' dir='ltr' id='par_1_5' title="bbox 174 452 1713 523">
     <span class='ocr_line' id='line_1_5' title="bbox 174 452 1713 523; baseline -0.001 -16"><span class='ocrx_word' id='word_1_26' title='bbox 174 457 243 508; x_wconf 84' lang='lat' dir='ltr'><strong><em>sia</em></strong></span> <span class='ocrx_word' id='word_1_27' title='bbox 263 471 357 508; x_wconf 89' lang='lat' dir='ltr'><strong><em>non</em></strong></span> <span class='ocrx_word' id='word_1_28' title='bbox 383 470 509 517; x_wconf 85' lang='lat' dir='ltr'><strong><em>esse,</em></strong></span> <span class='ocrx_word' id='word_1_29' title='bbox 544 454 702 522; x_wconf 87' lang='lat' dir='ltr'><strong><em>epist.</em></strong></span> <span class='ocrx_word' id='word_1_30' title='bbox 736 453 837 519; x_wconf 87' lang='lat'><strong><em>69;</em></strong></span> <span class='ocrx_word' id='word_1_31' title='bbox 882 454 1072 509; x_wconf 87' lang='lat' dir='ltr'><strong><em>eodem</em></strong></span> <span class='ocrx_word' id='word_1_32' title='bbox 1105 469 1213 523; x_wconf 92' lang='lat' dir='ltr'><strong><em>quo</em></strong></span> <span class='ocrx_word' id='word_1_33' title='bbox 1242 452 1470 523; x_wconf 87' lang='lat' dir='ltr'><strong><em>Optatus</em></strong></span> <span class='ocrx_word' id='word_1_34' title='bbox 1509 453 1713 522; x_wconf 88' lang='lat' dir='ltr'><strong><em>pariter</em></strong></span> 
     </span>
    </p>
   </div>
   <div class='ocr_carea' id='block_1_6' title="bbox 171 546 1713 616">
    <p class='ocr_par' dir='ltr' id='par_1_6' title="bbox 171 546 1713 616">
     <span class='ocr_line' id='line_1_6' title="bbox 171 546 1713 616; baseline -0.002 -15"><span class='ocrx_word' id='word_1_35' title='bbox 171 548 482 603; x_wconf 78' lang='lat' dir='ltr'><strong><em>Africanus:</em></strong></span> <span class='ocrx_word' id='word_1_36' title='bbox 524 546 762 600; x_wconf 78' lang='lat' dir='ltr'><strong><em>Ecclesia</em></strong></span> <span class='ocrx_word' id='word_1_37' title='bbox 791 557 933 599; x_wconf 90' lang='lat' dir='ltr'><strong><em>certa</em></strong></span> <span class='ocrx_word' id='word_1_38' title='bbox 970 547 1213 616; x_wconf 67' lang='lat' dir='ltr'><strong><em>qua’dam</em></strong></span> <span class='ocrx_word' id='word_1_39' title='bbox 1253 546 1485 599; x_wconf 89' lang='lat' dir='ltr'><strong><em>membra</em></strong></span> <span class='ocrx_word' id='word_1_40' title='bbox 1524 546 1713 613; x_wconf 93' lang='lat' dir='ltr'><strong><em>habet,</em></strong></span> 
     </span>
    </p>
   </div>
   <div class='ocr_carea' id='block_1_7' title="bbox 172 638 1713 709">
    <p class='ocr_par' dir='ltr' id='par_1_7' title="bbox 172 638 1713 709">
     <span class='ocr_line' id='line_1_7' title="bbox 172 638 1713 709; baseline -0.001 -17"><span class='ocrx_word' id='word_1_41' title='bbox 172 641 433 709; x_wconf 73' lang='lat' dir='ltr'><strong><em>episcopos,</em></strong></span> <span class='ocrx_word' id='word_1_42' title='bbox 460 639 807 709; x_wconf 81' lang='lat' dir='ltr'><strong><em>presbyteros,</em></strong></span> <span class='ocrx_word' id='word_1_43' title='bbox 836 638 1083 692; x_wconf 79' lang='lat' dir='ltr'><strong><em>diaconos</em></strong></span> <span class='ocrx_word' id='word_1_44' title='bbox 1128 649 1175 692; x_wconf 91' lang='lat' dir='ltr'><strong><em>et</em></strong></span> <span class='ocrx_word' id='word_1_45' title='bbox 1207 639 1412 691; x_wconf 87' lang='lat' dir='ltr'><strong><em>turbam</em></strong></span> <span class='ocrx_word' id='word_1_46' title='bbox 1440 638 1713 706; x_wconf 84' lang='lat' dir='ltr'><strong><em>ﬁdelium;</em></strong></span> 
     </span>
    </p>
   </div>
   <div class='ocr_carea' id='block_1_8' title="bbox 172 730 1716 801">
    <p class='ocr_par' dir='ltr' id='par_1_8' title="bbox 172 730 1716 801">
     <span class='ocr_line' id='line_1_8' title="bbox 172 730 1716 801; baseline 0.001 -16"><span class='ocrx_word' id='word_1_47' title='bbox 172 732 339 785; x_wconf 86' lang='lat' dir='ltr'><strong><em>eodem</em></strong></span> <span class='ocrx_word' id='word_1_48' title='bbox 363 746 469 801; x_wconf 93' lang='lat' dir='ltr'><strong><em>quo</em></strong></span> <span class='ocrx_word' id='word_1_49' title='bbox 508 731 699 787; x_wconf 76' lang='lat' dir='ltr'><strong><em>Victor</em></strong></span> <span class='ocrx_word' id='word_1_50' title='bbox 734 730 974 788; x_wconf 82' lang='lat' dir='ltr'><strong><em>Vitensis</em></strong></span> <span class='ocrx_word' id='word_1_51' title='bbox 1022 732 1185 787; x_wconf 88' lang='lat' dir='ltr'><strong><em>etiam</em></strong></span> <span class='ocrx_word' id='word_1_52' title='bbox 1216 731 1508 789; x_wconf 81' lang='lat' dir='ltr'><strong><em>Africanus</em></strong></span> <span class='ocrx_word' id='word_1_53' title='bbox 1541 732 1716 798; x_wconf 82' lang='lat' dir='ltr'><strong><em>:Qui-</em></strong></span> 
     </span>
    </p>
   </div>
   <div class='ocr_carea' id='block_1_9' title="bbox 172 824 1714 895">
    <p class='ocr_par' dir='ltr' id='par_1_9' title="bbox 172 824 1714 895">
     <span class='ocr_line' id='line_1_9' title="bbox 172 824 1714 895; baseline 0.002 -19"><span class='ocrx_word' id='word_1_54' title='bbox 172 825 252 877; x_wconf 77' lang='lat' dir='ltr'><strong><em>bus</em></strong></span> <span class='ocrx_word' id='word_1_55' title='bbox 274 834 439 877; x_wconf 88' lang='lat' dir='ltr'><strong><em>autem</em></strong></span> <span class='ocrx_word' id='word_1_56' title='bbox 460 840 744 895; x_wconf 85' lang='lat' dir='ltr'><strong><em>persequar</em></strong></span> <span class='ocrx_word' id='word_1_57' title='bbox 770 825 1079 894; x_wconf 84' lang='lat' dir='ltr'><strong><em>fluminibus</em></strong></span> <span class='ocrx_word' id='word_1_58' title='bbox 1102 824 1480 895; x_wconf 88' lang='lat' dir='ltr'><strong><em>lacrymarum,</em></strong></span> <span class='ocrx_word' id='word_1_59' title='bbox 1506 825 1714 895; x_wconf 83' lang='lat' dir='ltr'><strong><em>quando</em></strong></span> 
     </span>
    </p>
   </div>
   <div class='ocr_carea' id='block_1_10' title="bbox 168 913 1714 989">
    <p class='ocr_par' dir='ltr' id='par_1_10' title="bbox 168 913 1714 989">
     <span class='ocr_line' id='line_1_10' title="bbox 168 913 1714 989; baseline -0.001 -18"><span class='ocrx_word' id='word_1_60' title='bbox 168 919 433 989; x_wconf 80' lang='lat' dir='ltr'><strong><em>episcopos,</em></strong></span> <span class='ocrx_word' id='word_1_61' title='bbox 484 917 832 986; x_wconf 80' lang='lat' dir='ltr'><strong><em>presbyteros,</em></strong></span> <span class='ocrx_word' id='word_1_62' title='bbox 883 916 1156 981; x_wconf 81' lang='lat' dir='ltr'><strong><em>diaconos,</em></strong></span> <span class='ocrx_word' id='word_1_63' title='bbox 1203 926 1255 969; x_wconf 90' lang='lat' dir='ltr'><strong><em>et</em></strong></span> <span class='ocrx_word' id='word_1_64' title='bbox 1300 915 1413 969; x_wconf 88' lang='lat' dir='ltr'><strong><em>alia</em></strong></span> <span class='ocrx_word' id='word_1_65' title='bbox 1462 913 1714 970; x_wconf 77' lang='lat' dir='ltr'><strong><em>Ecclesia:</em></strong></span> 
     </span>
    </p>
   </div>
   <div class='ocr_carea' id='block_1_11' title="bbox 168 1009 1268 1065">
    <p class='ocr_par' dir='ltr' id='par_1_11' title="bbox 168 1009 1268 1065">
     <span class='ocr_line' id='line_1_11' title="bbox 168 1009 1268 1065; baseline 0 -2"><span class='ocrx_word' id='word_1_66' title='bbox 168 1010 375 1064; x_wconf 78' lang='lat' dir='ltr'><strong><em>membra</em></strong></span> <span class='ocrx_word' id='word_1_67' title='bbox 404 1010 472 1062; x_wconf 89' lang='lat' dir='ltr'><strong><em>ad</em></strong></span> <span class='ocrx_word' id='word_1_68' title='bbox 500 1009 747 1063; x_wconf 75' lang='lat' dir='ltr'><strong><em>exsilium</em></strong></span> <span class='ocrx_word' id='word_1_69' title='bbox 778 1010 937 1063; x_wconf 85' lang='lat' dir='ltr'><strong><em>eremi</em></strong></span> <span class='ocrx_word' id='word_1_70' title='bbox 965 1010 1268 1065; x_wconf 80' lang='lat' dir='ltr'><strong><em>destinavit.</em></strong></span> 
     </span>
    </p>
   </div>
   <div class='ocr_carea' id='block_1_12' title="bbox 228 1094 1706 1167">
    <p class='ocr_par' dir='ltr' id='par_1_12' title="bbox 228 1094 1706 1167">
     <span class='ocr_line' id='line_1_12' title="bbox 228 1094 1706 1167; baseline -0.003 -14"><span class='ocrx_word' id='word_1_71' title='bbox 228 1098 497 1162; x_wconf 82' lang='lat' dir='ltr'><strong><em>Secundo,</em></strong></span> <span class='ocrx_word' id='word_1_72' title='bbox 530 1098 733 1166; x_wconf 90' lang='lat' dir='ltr'><strong><em>colligit</em></strong></span> <span class='ocrx_word' id='word_1_73' title='bbox 776 1096 1043 1167; x_wconf 80' lang='lat' dir='ltr'><strong><em>lgnatium</em></strong></span> <span class='ocrx_word' id='word_1_74' title='bbox 1086 1104 1332 1151; x_wconf 90' lang='lat' dir='ltr'><strong><em>nostrum</em></strong></span> <span class='ocrx_word' id='word_1_75' title='bbox 1372 1094 1706 1149; x_wconf 90' lang='lat' dir='ltr'><strong><em>Tertulliano</em></strong></span> 
     </span>
    </p>
   </div>
   <div class='ocr_carea' id='block_1_13' title="bbox 168 1187 1706 1260">
    <p class='ocr_par' dir='ltr' id='par_1_13' title="bbox 168 1187 1706 1260">
     <span class='ocr_line' id='line_1_13' title="bbox 168 1187 1706 1260; baseline -0.001 -16"><span class='ocrx_word' id='word_1_76' title='bbox 168 1190 315 1245; x_wconf 82' lang='lat' dir='ltr'><strong><em>fuisse</em></strong></span> <span class='ocrx_word' id='word_1_77' title='bbox 359 1190 601 1260; x_wconf 83' lang='lat' dir='ltr'><strong><em>ignotum</em></strong></span> <span class='ocrx_word' id='word_1_78' title='bbox 623 1232 637 1253; x_wconf 91' lang='lat'><strong><em>,</em></strong></span> <span class='ocrx_word' id='word_1_79' title='bbox 667 1188 793 1257; x_wconf 84' lang='lat' dir='ltr'><strong><em>quia</em></strong></span> <span class='ocrx_word' id='word_1_80' title='bbox 835 1203 961 1241; x_wconf 89' lang='lat' dir='ltr'><strong><em>cum</em></strong></span> <span class='ocrx_word' id='word_1_81' title='bbox 1005 1203 1107 1241; x_wconf 87' lang='lat' dir='ltr'><strong><em>non</em></strong></span> <span class='ocrx_word' id='word_1_82' title='bbox 1137 1187 1311 1242; x_wconf 81' lang='lat' dir='ltr'><strong><em>solum</em></strong></span> <span class='ocrx_word' id='word_1_83' title='bbox 1344 1196 1706 1243; x_wconf 76' lang='lat' dir='ltr'><strong><em>antecessores</em></strong></span> 
     </span>
    </p>
   </div>
   <div class='ocr_carea' id='block_1_14' title="bbox 166 1280 1715 1351">
    <p class='ocr_par' dir='ltr' id='par_1_14' title="bbox 166 1280 1715 1351">
     <span class='ocr_line' id='line_1_14' title="bbox 166 1280 1715 1351; baseline 0 -16"><span class='ocrx_word' id='word_1_84' title='bbox 166 1299 292 1340; x_wconf 85' lang='lat' dir='ltr'><strong><em>suos.</em></strong></span> <span class='ocrx_word' id='word_1_85' title='bbox 315 1281 399 1334; x_wconf 85' lang='lat' dir='ltr'><strong><em>sed</em></strong></span> <span class='ocrx_word' id='word_1_86' title='bbox 428 1283 673 1350; x_wconf 86' lang='lat' dir='ltr'><strong><em>ipsorum</em></strong></span> <span class='ocrx_word' id='word_1_87' title='bbox 706 1281 867 1333; x_wconf 89' lang='lat' dir='ltr'><strong><em>etiam</em></strong></span> <span class='ocrx_word' id='word_1_88' title='bbox 909 1280 1376 1334; x_wconf 75' lang='lat' dir='ltr'><strong><em>hwresiarcharum</em></strong></span> <span class='ocrx_word' id='word_1_89' title='bbox 1416 1291 1715 1351; x_wconf 88' lang='lat' dir='ltr'><strong><em>contempo-</em></strong></span> 
     </span>
    </p>
   </div>
   <div class='ocr_carea' id='block_1_15' title="bbox 168 1370 1712 1442">
    <p class='ocr_par' dir='ltr' id='par_1_15' title="bbox 168 1370 1712 1442">
     <span class='ocr_line' id='line_1_15' title="bbox 168 1370 1712 1442; baseline 0 -15"><span class='ocrx_word' id='word_1_90' title='bbox 168 1380 288 1428; x_wconf 86' lang='lat' dir='ltr'><strong><em>rales</em></strong></span> <span class='ocrx_word' id='word_1_91' title='bbox 318 1374 629 1426; x_wconf 86' lang='lat' dir='ltr'><strong><em>nominatim</em></strong></span> <span class='ocrx_word' id='word_1_92' title='bbox 664 1380 963 1438; x_wconf 88' lang='lat' dir='ltr'><strong><em>recenseat,</em></strong></span> <span class='ocrx_word' id='word_1_93' title='bbox 996 1370 1269 1442; x_wconf 86' lang='lat' dir='ltr'><strong><em>lgnatium</em></strong></span> <span class='ocrx_word' id='word_1_94' title='bbox 1311 1389 1373 1425; x_wconf 86' lang='lat' dir='ltr'><strong><em>ne</em></strong></span> <span class='ocrx_word' id='word_1_95' title='bbox 1410 1376 1712 1427; x_wconf 77' lang='lat' dir='ltr'><strong><em>nominauit</em></strong></span> 
     </span>
    </p>
   </div>
   <div class='ocr_carea' id='block_1_16' title="bbox 164 1460 1715 1531">
    <p class='ocr_par' dir='ltr' id='par_1_16' title="bbox 164 1460 1715 1531">
     <span class='ocr_line' id='line_1_16' title="bbox 164 1460 1715 1531; baseline 0.003 -17"><span class='ocrx_word' id='word_1_96' title='bbox 164 1462 379 1530; x_wconf 84' lang='lat' dir='ltr'><strong><em>quidem;</em></strong></span> <span class='ocrx_word' id='word_1_97' title='bbox 427 1460 711 1517; x_wconf 79' lang='lat' dir='ltr'><strong><em>videamus</em></strong></span> <span class='ocrx_word' id='word_1_98' title='bbox 756 1478 919 1531; x_wconf 89' lang='lat' dir='ltr'><strong><em>quam</em></strong></span> <span class='ocrx_word' id='word_1_99' title='bbox 953 1471 1117 1518; x_wconf 89' lang='lat' dir='ltr'><strong><em>recte.</em></strong></span> <span class='ocrx_word' id='word_1_100' title='bbox 1166 1462 1534 1519; x_wconf 81' lang='lat' dir='ltr'><strong><em>Tertullianus</em></strong></span> <span class='ocrx_word' id='word_1_101' title='bbox 1578 1465 1715 1520; x_wconf 89' lang='lat' dir='ltr'><strong><em>scri-</em></strong></span> 
     </span>
    </p>
   </div>
   <div class='ocr_carea' id='block_1_17' title="bbox 164 1551 1712 1625">
    <p class='ocr_par' dir='ltr' id='par_1_17' title="bbox 164 1551 1712 1625">
     <span class='ocr_line' id='line_1_17' title="bbox 164 1551 1712 1625; baseline 0.002 -18"><span class='ocrx_word' id='word_1_102' title='bbox 164 1554 280 1608; x_wconf 88' lang='lat' dir='ltr'><strong><em>bens</em></strong></span> <span class='ocrx_word' id='word_1_103' title='bbox 305 1554 564 1609; x_wconf 88' lang='lat' dir='ltr'><strong><em>adversus</em></strong></span> <span class='ocrx_word' id='word_1_104' title='bbox 580 1551 1012 1621; x_wconf 80' lang='lat' dir='ltr'><strong><em>Valentinianos,</em></strong></span> <span class='ocrx_word' id='word_1_105' title='bbox 1038 1556 1291 1609; x_wconf 80' lang='lat' dir='ltr'><strong><em>observat</em></strong></span> <span class='ocrx_word' id='word_1_106' title='bbox 1319 1556 1496 1625; x_wconf 88' lang='lat' dir='ltr'><strong><em>primo</em></strong></span> <span class='ocrx_word' id='word_1_107' title='bbox 1520 1570 1712 1611; x_wconf 88' lang='lat' dir='ltr'><strong><em>eorum</em></strong></span> 
     </span>
    </p>
   </div>
   <div class='ocr_carea' id='block_1_18' title="bbox 163 1644 1710 1717">
    <p class='ocr_par' dir='ltr' id='par_1_18' title="bbox 163 1644 1710 1717">
     <span class='ocr_line' id='line_1_18' title="bbox 163 1644 1710 1717; baseline 0.003 -19"><span class='ocrx_word' id='word_1_108' title='bbox 163 1645 399 1715; x_wconf 80' lang='lat' dir='ltr'><strong><em>originem</em></strong></span> <span class='ocrx_word' id='word_1_109' title='bbox 438 1646 492 1699; x_wconf 93' lang='lat' dir='ltr'><strong><em>in</em></strong></span> <span class='ocrx_word' id='word_1_110' title='bbox 526 1644 987 1715; x_wconf 78' lang='lat' dir='ltr'><strong><em>Valentino,-ejus</em></strong></span> <span class='ocrx_word' id='word_1_111' title='bbox 1023 1663 1289 1717; x_wconf 81' lang='lat' dir='ltr'><strong><em>sequaces</em></strong></span> <span class='ocrx_word' id='word_1_112' title='bbox 1319 1657 1489 1714; x_wconf 89' lang='lat' dir='ltr'><strong><em>notat,</em></strong></span> <span class='ocrx_word' id='word_1_113' title='bbox 1518 1648 1710 1703; x_wconf 84' lang='lat' dir='ltr'><strong><em>Celar-</em></strong></span> 
     </span>
    </p>
   </div>
   <div class='ocr_carea' id='block_1_19' title="bbox 1812 453 3398 528">
    <p class='ocr_par' dir='ltr' id='par_1_19' title="bbox 1812 453 3398 528">
     <span class='ocr_line' id='line_1_19' title="bbox 1812 453 3398 528; baseline 0.004 -23"><span class='ocrx_word' id='word_1_114' title='bbox 1812 453 2147 523; x_wconf 87' lang='lat' dir='ltr'><strong><em>rent;idque</em></strong></span> <span class='ocrx_word' id='word_1_115' title='bbox 2168 456 2356 524; x_wconf 86' lang='lat' dir='ltr'><strong><em>probat</em></strong></span> <span class='ocrx_word' id='word_1_116' title='bbox 2385 472 2451 510; x_wconf 79' lang='lat' dir='ltr'><strong><em>ea:</em></strong></span> <span class='ocrx_word' id='word_1_117' title='bbox 2491 454 2699 509; x_wconf 78' lang='lat' dir='ltr'><strong><em>Joanne</em></strong></span> <span class='ocrx_word' id='word_1_118' title='bbox 2742 458 2999 526; x_wconf 79' lang='lat' dir='ltr'><strong><em>apostolo.</em></strong></span> <span class='ocrx_word' id='word_1_119' title='bbox 3041 458 3110 512; x_wconf 83' lang='lat' dir='ltr'><strong><em>At</em></strong></span> <span class='ocrx_word' id='word_1_120' title='bbox 3149 455 3398 528; x_wconf 85' lang='lat' dir='ltr'><strong><em>lgnatius</em></strong></span> 
     </span>
    </p>
   </div>
   <div class='ocr_carea' id='block_1_20' title="bbox 1812 544 3391 615">
    <p class='ocr_par' dir='ltr' id='par_1_20' title="bbox 1812 544 3391 615">
     <span class='ocr_line' id='line_1_20' title="bbox 1812 544 3391 615; baseline 0.003 -20"><span class='ocrx_word' id='word_1_121' title='bbox 1812 558 1992 595; x_wconf 86' lang='lat' dir='ltr'><strong><em>eorum</em></strong></span> <span class='ocrx_word' id='word_1_122' title='bbox 2039 544 2340 597; x_wconf 87' lang='lat' dir='ltr'><strong><em>doctrinam</em></strong></span> <span class='ocrx_word' id='word_1_123' title='bbox 2378 546 2685 615; x_wconf 86' lang='lat' dir='ltr'><strong><em>perstringit</em></strong></span> <span class='ocrx_word' id='word_1_124' title='bbox 2736 561 2755 599; x_wconf 90' lang='lat'><strong><em>:</em></strong></span> <span class='ocrx_word' id='word_1_125' title='bbox 2805 563 2925 600; x_wconf 85' lang='lat' dir='ltr'><strong><em>eum</em></strong></span> <span class='ocrx_word' id='word_1_126' title='bbox 2970 547 3137 615; x_wconf 86' lang='lat' dir='ltr'><strong><em>igitur</em></strong></span> <span class='ocrx_word' id='word_1_127' title='bbox 3189 545 3391 600; x_wconf 82' lang='lat' dir='ltr'><strong><em>Joanui</em></strong></span> 
     </span>
    </p>
   </div>
   <div class='ocr_carea' id='block_1_21' title="bbox 1817 634 3395 702">
    <p class='ocr_par' dir='ltr' id='par_1_21' title="bbox 1817 634 3395 702">
     <span class='ocr_line' id='line_1_21' title="bbox 1817 634 3395 702; baseline 0.003 -16"><span class='ocrx_word' id='word_1_128' title='bbox 1817 642 1999 687; x_wconf 83' lang='lat' dir='ltr'><strong><em>testem</em></strong></span> <span class='ocrx_word' id='word_1_129' title='bbox 2046 634 2337 689; x_wconf 82' lang='lat' dir='ltr'><strong><em>addidisset</em></strong></span> <span class='ocrx_word' id='word_1_130' title='bbox 2374 634 2761 702; x_wconf 87' lang='lat' dir='ltr'><strong><em>Tertullianus,</em></strong></span> <span class='ocrx_word' id='word_1_131' title='bbox 2796 638 2843 689; x_wconf 90' lang='lat' dir='ltr'><strong><em>si</em></strong></span> <span class='ocrx_word' id='word_1_132' title='bbox 2893 636 3153 689; x_wconf 89' lang='lat' dir='ltr'><strong><em>hominem</em></strong></span> <span class='ocrx_word' id='word_1_133' title='bbox 3200 646 3395 691; x_wconf 84' lang='lat' dir='ltr'><strong><em>nosset.</em></strong></span> 
     </span>
    </p>
   </div>
   <div class='ocr_carea' id='block_1_22' title="bbox 1815 721 3399 797">
    <p class='ocr_par' dir='ltr' id='par_1_22' title="bbox 1815 721 3399 797">
     <span class='ocr_line' id='line_1_22' title="bbox 1815 721 3399 797; baseline 0.003 -21"><span class='ocrx_word' id='word_1_134' title='bbox 1815 721 1984 789; x_wconf 85' lang='lat' dir='ltr'><strong><em>Quasi</em></strong></span> <span class='ocrx_word' id='word_1_135' title='bbox 2021 740 2148 779; x_wconf 88' lang='lat' dir='ltr'><strong><em>vero</em></strong></span> <span class='ocrx_word' id='word_1_136' title='bbox 2192 724 2386 795; x_wconf 85' lang='lat' dir='ltr'><strong><em>lgnatii</em></strong></span> <span class='ocrx_word' id='word_1_137' title='bbox 2438 726 2757 781; x_wconf 88' lang='lat' dir='ltr'><strong><em>testimonio</em></strong></span> <span class='ocrx_word' id='word_1_138' title='bbox 2808 742 2947 797; x_wconf 93' lang='lat' dir='ltr'><strong><em>opus</em></strong></span> <span class='ocrx_word' id='word_1_139' title='bbox 2976 737 3121 783; x_wconf 84' lang='lat' dir='ltr'><strong><em>esset</em></strong></span> <span class='ocrx_word' id='word_1_140' title='bbox 3156 727 3225 782; x_wconf 91' lang='lat' dir='ltr'><strong><em>ad</em></strong></span> <span class='ocrx_word' id='word_1_141' title='bbox 3277 742 3399 782; x_wconf 87' lang='lat' dir='ltr'><strong><em>eam</em></strong></span> 
     </span>
    </p>
   </div>
   <div class='ocr_carea' id='block_1_23' title="bbox 1814 815 3399 887">
    <p class='ocr_par' dir='ltr' id='par_1_23' title="bbox 1814 815 3399 887">
     <span class='ocr_line' id='line_1_23' title="bbox 1814 815 3399 887; baseline 0.003 -18"><span class='ocrx_word' id='word_1_142' title='bbox 1814 830 1952 882; x_wconf 87' lang='lat' dir='ltr'><strong><em>rem,</em></strong></span> <span class='ocrx_word' id='word_1_143' title='bbox 1978 815 2136 885; x_wconf 85' lang='lat' dir='ltr'><strong><em>cujus</em></strong></span> <span class='ocrx_word' id='word_1_144' title='bbox 2164 824 2357 873; x_wconf 84' lang='lat' dir='ltr'><strong><em>testem</em></strong></span> <span class='ocrx_word' id='word_1_145' title='bbox 2391 818 2699 887; x_wconf 84' lang='lat' dir='ltr'><strong><em>apostolum</em></strong></span> <span class='ocrx_word' id='word_1_146' title='bbox 2733 818 2943 873; x_wconf 90' lang='lat' dir='ltr'><strong><em>habuit.</em></strong></span> <span class='ocrx_word' id='word_1_147' title='bbox 2982 818 3097 873; x_wconf 86' lang='lat' dir='ltr'><strong><em>Imo</em></strong></span> <span class='ocrx_word' id='word_1_148' title='bbox 3131 834 3259 873; x_wconf 89' lang='lat' dir='ltr'><strong><em>vero</em></strong></span> <span class='ocrx_word' id='word_1_149' title='bbox 3289 835 3399 873; x_wconf 90' lang='lat' dir='ltr'><strong><em>nou</em></strong></span> 
     </span>
    </p>
   </div>
   <div class='ocr_carea' id='block_1_24' title="bbox 1812 910 3400 978">
    <p class='ocr_par' dir='ltr' id='par_1_24' title="bbox 1812 910 3400 978">
     <span class='ocr_line' id='line_1_24' title="bbox 1812 910 3400 978; baseline 0.002 -16"><span class='ocrx_word' id='word_1_150' title='bbox 1812 916 2025 962; x_wconf 89' lang='lat' dir='ltr'><strong><em>tantum</em></strong></span> <span class='ocrx_word' id='word_1_151' title='bbox 2064 923 2203 978; x_wconf 88' lang='lat' dir='ltr'><strong><em>opus</em></strong></span> <span class='ocrx_word' id='word_1_152' title='bbox 2244 924 2356 963; x_wconf 88' lang='lat' dir='ltr'><strong><em>non</em></strong></span> <span class='ocrx_word' id='word_1_153' title='bbox 2398 918 2514 963; x_wconf 90' lang='lat' dir='ltr'><strong><em>erat</em></strong></span> <span class='ocrx_word' id='word_1_154' title='bbox 2563 918 2623 963; x_wconf 92' lang='lat' dir='ltr'><strong><em>ut</em></strong></span> <span class='ocrx_word' id='word_1_155' title='bbox 2660 925 2783 964; x_wconf 88' lang='lat' dir='ltr'><strong><em>eum</em></strong></span> <span class='ocrx_word' id='word_1_156' title='bbox 2826 910 3142 976; x_wconf 85' lang='lat' dir='ltr'><strong><em>adhiberet;</em></strong></span> <span class='ocrx_word' id='word_1_157' title='bbox 3197 910 3290 964; x_wconf 88' lang='lat' dir='ltr'><strong><em>sed</em></strong></span> <span class='ocrx_word' id='word_1_158' title='bbox 3343 920 3400 965; x_wconf 84' lang='lat' dir='ltr'><strong><em>et</em></strong></span> 
     </span>
    </p>
   </div>
   <div class='ocr_carea' id='block_1_25' title="bbox 1810 997 3397 1065">
    <p class='ocr_par' dir='ltr' id='par_1_25' title="bbox 1810 997 3397 1065">
     <span class='ocr_line' id='line_1_25' title="bbox 1810 997 3397 1065; baseline 0.003 -14"><span class='ocrx_word' id='word_1_159' title='bbox 1810 997 2046 1052; x_wconf 85' lang='lat' dir='ltr'><strong><em>absurde</em></strong></span> <span class='ocrx_word' id='word_1_160' title='bbox 2076 997 2321 1065; x_wconf 77' lang='lat' dir='ltr'><strong><em>fecisset,</em></strong></span> <span class='ocrx_word' id='word_1_161' title='bbox 2368 1000 2415 1053; x_wconf 90' lang='lat' dir='ltr'><strong><em>si</em></strong></span> <span class='ocrx_word' id='word_1_162' title='bbox 2458 1000 2825 1055; x_wconf 86' lang='lat' dir='ltr'><strong><em>adhibuisset.</em></strong></span> <span class='ocrx_word' id='word_1_163' title='bbox 2864 999 3079 1056; x_wconf 85' lang='lat' dir='ltr'><strong><em>Primos</em></strong></span> <span class='ocrx_word' id='word_1_164' title='bbox 3115 1001 3262 1056; x_wconf 91' lang='lat' dir='ltr'><strong><em>enim</em></strong></span> <span class='ocrx_word' id='word_1_165' title='bbox 3300 1016 3397 1056; x_wconf 78' lang='lat' dir='ltr'><strong><em>au-</em></strong></span> 
     </span>
    </p>
   </div>
   <div class='ocr_carea' id='block_1_26' title="bbox 1808 1088 3396 1163">
    <p class='ocr_par' dir='ltr' id='par_1_26' title="bbox 1808 1088 3396 1163">
     <span class='ocr_line' id='line_1_26' title="bbox 1808 1088 3396 1163; baseline 0.003 -20"><span class='ocrx_word' id='word_1_166' title='bbox 1808 1097 1987 1144; x_wconf 87' lang='lat' dir='ltr'><strong><em>ctores</em></strong></span> <span class='ocrx_word' id='word_1_167' title='bbox 2010 1088 2131 1159; x_wconf 83' lang='lat' dir='ltr'><strong><em>ejus</em></strong></span> <span class='ocrx_word' id='word_1_168' title='bbox 2161 1090 2451 1145; x_wconf 78' lang='lat' dir='ltr'><strong><em>sententia:</em></strong></span> <span class='ocrx_word' id='word_1_169' title='bbox 2480 1099 2658 1155; x_wconf 88' lang='lat' dir='ltr'><strong><em>notat,</em></strong></span> <span class='ocrx_word' id='word_1_170' title='bbox 2700 1100 2753 1145; x_wconf 91' lang='lat' dir='ltr'><strong><em>et</em></strong></span> <span class='ocrx_word' id='word_1_171' title='bbox 2790 1106 2979 1145; x_wconf 90' lang='lat' dir='ltr'><strong><em>eorum</em></strong></span> <span class='ocrx_word' id='word_1_172' title='bbox 3014 1093 3396 1163; x_wconf 82' lang='lat' dir='ltr'><strong><em>antiquitatem</em></strong></span> 
     </span>
    </p>
   </div>
   <div class='ocr_carea' id='block_1_27' title="bbox 1809 1183 3397 1258">
    <p class='ocr_par' dir='ltr' id='par_1_27' title="bbox 1809 1183 3397 1258">
     <span class='ocr_line' id='line_1_27' title="bbox 1809 1183 3397 1258; baseline 0.004 -21"><span class='ocrx_word' id='word_1_173' title='bbox 1809 1183 2036 1253; x_wconf 85' lang='lat' dir='ltr'><strong><em>probat;</em></strong></span> <span class='ocrx_word' id='word_1_174' title='bbox 2075 1185 2312 1240; x_wconf 86' lang='lat' dir='ltr'><strong><em>ostendit</em></strong></span> <span class='ocrx_word' id='word_1_175' title='bbox 2340 1200 2435 1239; x_wconf 88' lang='lat' dir='ltr'><strong><em>eos</em></strong></span> <span class='ocrx_word' id='word_1_176' title='bbox 2460 1186 2595 1240; x_wconf 90' lang='lat' dir='ltr'><strong><em>adeo</em></strong></span> <span class='ocrx_word' id='word_1_177' title='bbox 2614 1201 2960 1256; x_wconf 69' lang='lat' dir='ltr'><strong><em>,prazcoquos,</em></strong></span> <span class='ocrx_word' id='word_1_178' title='bbox 2987 1196 3046 1240; x_wconf 92' lang='lat' dir='ltr'><strong><em>ut</em></strong></span> <span class='ocrx_word' id='word_1_179' title='bbox 3072 1197 3228 1241; x_wconf 59' lang='lat' dir='ltr'><strong><em>aetate</em></strong></span> <span class='ocrx_word' id='word_1_180' title='bbox 3257 1204 3397 1258; x_wconf 87' lang='lat' dir='ltr'><strong><em>apo-</em></strong></span> 
     </span>
    </p>
   </div>
   <div class='ocr_carea' id='block_1_28' title="bbox 1814 1275 3397 1350">
    <p class='ocr_par' dir='ltr' id='par_1_28' title="bbox 1814 1275 3397 1350">
     <span class='ocr_line' id='line_1_28' title="bbox 1814 1275 3397 1350; baseline 0.004 -21"><span class='ocrx_word' id='word_1_181' title='bbox 1814 1275 2079 1330; x_wconf 87' lang='lat' dir='ltr'><strong><em>stolorum</em></strong></span> <span class='ocrx_word' id='word_1_182' title='bbox 2110 1277 2449 1345; x_wconf 76' lang='lat' dir='ltr'><strong><em>exstiterint;</em></strong></span> <span class='ocrx_word' id='word_1_183' title='bbox 2491 1278 2543 1333; x_wconf 93' lang='lat' dir='ltr'><strong><em>id</em></strong></span> <span class='ocrx_word' id='word_1_184' title='bbox 2592 1294 2722 1332; x_wconf 91' lang='lat' dir='ltr'><strong><em>vero</em></strong></span> <span class='ocrx_word' id='word_1_185' title='bbox 2753 1287 2813 1332; x_wconf 91' lang='lat' dir='ltr'><strong><em>ut</em></strong></span> <span class='ocrx_word' id='word_1_186' title='bbox 2841 1277 3147 1344; x_wconf 82' lang='lat' dir='ltr'><strong><em>conﬁrmet,</em></strong></span> <span class='ocrx_word' id='word_1_187' title='bbox 3176 1289 3397 1350; x_wconf 84' lang='lat' dir='ltr'><strong><em>aposto-</em></strong></span> 
     </span>
    </p>
   </div>
   <div class='ocr_carea' id='block_1_29' title="bbox 1813 1365 3394 1439">
    <p class='ocr_par' dir='ltr' id='par_1_29' title="bbox 1813 1365 3394 1439">
     <span class='ocr_line' id='line_1_29' title="bbox 1813 1365 3394 1439; baseline 0.006 -20"><span class='ocrx_word' id='word_1_188' title='bbox 1813 1365 1927 1421; x_wconf 85' lang='lat' dir='ltr'><strong><em>lum</em></strong></span> <span class='ocrx_word' id='word_1_189' title='bbox 1978 1370 2155 1437; x_wconf 89' lang='lat' dir='ltr'><strong><em>ipsum</em></strong></span> <span class='ocrx_word' id='word_1_190' title='bbox 2202 1377 2395 1422; x_wconf 85' lang='lat' dir='ltr'><strong><em>testem</em></strong></span> <span class='ocrx_word' id='word_1_191' title='bbox 2455 1370 2698 1435; x_wconf 81' lang='lat' dir='ltr'><strong><em>adducit,</em></strong></span> <span class='ocrx_word' id='word_1_192' title='bbox 2754 1369 2846 1439; x_wconf 92' lang='lat' dir='ltr'><strong><em>qui</em></strong></span> <span class='ocrx_word' id='word_1_193' title='bbox 2885 1385 2981 1424; x_wconf 92' lang='lat' dir='ltr'><strong><em>eos</em></strong></span> <span class='ocrx_word' id='word_1_194' title='bbox 3021 1369 3394 1428; x_wconf 85' lang='lat' dir='ltr'><strong><em>Antichristos</em></strong></span> 
     </span>
    </p>
   </div>
   <div class='ocr_carea' id='block_1_30' title="bbox 1813 1459 3392 1530">
    <p class='ocr_par' dir='ltr' id='par_1_30' title="bbox 1813 1459 3392 1530">
     <span class='ocr_line' id='line_1_30' title="bbox 1813 1459 3392 1530; baseline 0.005 -18"><span class='ocrx_word' id='word_1_195' title='bbox 1813 1459 2187 1529; x_wconf 89' lang='lat' dir='ltr'><strong><em>pronuntiavit</em></strong></span> <span class='ocrx_word' id='word_1_196' title='bbox 2217 1470 2474 1530; x_wconf 74' lang='lat' dir='ltr'><strong><em>negantes</em></strong></span> <span class='ocrx_word' id='word_1_197' title='bbox 2516 1460 2796 1515; x_wconf 87' lang='lat' dir='ltr'><strong><em>Christum</em></strong></span> <span class='ocrx_word' id='word_1_198' title='bbox 2838 1461 2894 1515; x_wconf 92' lang='lat' dir='ltr'><strong><em>in</em></strong></span> <span class='ocrx_word' id='word_1_199' title='bbox 2941 1478 3106 1517; x_wconf 88' lang='lat' dir='ltr'><strong><em>carne</em></strong></span> <span class='ocrx_word' id='word_1_200' title='bbox 3155 1464 3392 1520; x_wconf 81' lang='lat' dir='ltr'><strong><em>venisse.</em></strong></span> 
     </span>
    </p>
   </div>
   <div class='ocr_carea' id='block_1_31' title="bbox 1812 1548 3386 1624">
    <p class='ocr_par' dir='ltr' id='par_1_31' title="bbox 1812 1548 3386 1624">
     <span class='ocr_line' id='line_1_31' title="bbox 1812 1548 3386 1624; baseline 0.004 -21"><span class='ocrx_word' id='word_1_201' title='bbox 1812 1548 1932 1603; x_wconf 84' lang='lat' dir='ltr'><strong><em>Jam</em></strong></span> <span class='ocrx_word' id='word_1_202' title='bbox 1968 1566 2097 1605; x_wconf 90' lang='lat' dir='ltr'><strong><em>vero</em></strong></span> <span class='ocrx_word' id='word_1_203' title='bbox 2122 1568 2285 1621; x_wconf 91' lang='lat' dir='ltr'><strong><em>quam</em></strong></span> <span class='ocrx_word' id='word_1_204' title='bbox 2316 1552 2614 1607; x_wconf 89' lang='lat' dir='ltr'><strong><em>absurdum</em></strong></span> <span class='ocrx_word' id='word_1_205' title='bbox 2664 1553 2863 1609; x_wconf 80' lang='lat' dir='ltr'><strong><em>fuisset</em></strong></span> <span class='ocrx_word' id='word_1_206' title='bbox 2910 1552 3103 1624; x_wconf 77' lang='lat' dir='ltr'><strong><em>lgna-lii</em></strong></span> <span class='ocrx_word' id='word_1_207' title='bbox 3136 1555 3386 1609; x_wconf 87' lang='lat' dir='ltr'><strong><em>testimo-</em></strong></span> 
     </span>
    </p>
   </div>
   <div class='ocr_carea' id='block_1_32' title="bbox 1816 1641 3390 1716">
    <p class='ocr_par' dir='ltr' id='par_1_32' title="bbox 1816 1641 3390 1716">
     <span class='ocr_line' id='line_1_32' title="bbox 1816 1641 3390 1716; baseline 0.005 -22"><span class='ocrx_word' id='word_1_208' title='bbox 1816 1641 1967 1695; x_wconf 87' lang='lat' dir='ltr'><strong><em>nium</em></strong></span> <span class='ocrx_word' id='word_1_209' title='bbox 2002 1644 2256 1713; x_wconf 77' lang='lat' dir='ltr'><strong><em>adjicere,</em></strong></span> <span class='ocrx_word' id='word_1_210' title='bbox 2282 1645 2375 1714; x_wconf 89' lang='lat' dir='ltr'><strong><em>qui</em></strong></span> <span class='ocrx_word' id='word_1_211' title='bbox 2418 1657 2469 1697; x_wconf 90' lang='lat' dir='ltr'><strong><em>a.</em></strong></span> <span class='ocrx_word' id='word_1_212' title='bbox 2504 1644 2566 1697; x_wconf 85' lang='grc' dir='ltr'><strong><em>Ι).</em></strong></span> <span class='ocrx_word' id='word_1_213' title='bbox 2600 1646 2698 1699; x_wconf 82' lang='grc'><strong><em>107</em></strong></span> <span class='ocrx_word' id='word_1_214' title='bbox 2740 1645 3027 1716; x_wconf 88' lang='lat' dir='ltr'><strong><em>scripsisse</em></strong></span> <span class='ocrx_word' id='word_1_215' title='bbox 3056 1647 3390 1716; x_wconf 82' lang='lat' dir='ltr'><strong><em>perhibetur,</em></strong></span> 
     </span>
    </p>
   </div>
   <div class='ocr_carea' id='block_1_33' title="bbox 162 1712 3393 1807">
    <p class='ocr_par' dir='ltr' id='par_1_33' title="bbox 162 1712 3393 1807">
     <span class='ocr_line' id='line_1_33' title="bbox 162 1712 3393 1807; baseline 0.002 -20"><span class='ocrx_word' id='word_1_216' title='bbox 162 1712 355 1798; x_wconf 14' lang='lat' dir='ltr'><strong><em>basium,</em></strong></span> <span class='ocrx_word' id='word_1_217' title='bbox 380 1734 754 1799; x_wconf 71' lang='lat' dir='ltr'><strong><em>Ptolemaeum,</em></strong></span> <span class='ocrx_word' id='word_1_218' title='bbox 776 1712 1185 1803; x_wconf 40' lang='lat' dir='ltr'><strong><em>lleracleone-m,</em></strong></span> <span class='ocrx_word' id='word_1_219' title='bbox 1214 1712 1548 1805; x_wconf 85' lang='lat' dir='ltr'><strong><em>Secundum,</em></strong></span> <span class='ocrx_word' id='word_1_220' title='bbox 1572 1738 1709 1793; x_wconf 80' lang='lat' dir='ltr'><strong><em>Mar—</em></strong></span> <span class='ocrx_word' id='word_1_221' title='bbox 1740 1712 1784 1772; x_wconf 76' lang='grc' dir='ltr'><strong>Β</strong></span> <span class='ocrx_word' id='word_1_222' title='bbox 1812 1741 1861 1786; x_wconf 88' lang='lat' dir='ltr'><strong><em>et</em></strong></span> <span class='ocrx_word' id='word_1_223' title='bbox 1890 1733 2261 1803; x_wconf 88' lang='lat' dir='ltr'><strong><em>phantasticos</em></strong></span> <span class='ocrx_word' id='word_1_224' title='bbox 2287 1712 2601 1791; x_wconf 81' lang='lat' dir='ltr'><strong><em>damnasse.</em></strong></span> <span class='ocrx_word' id='word_1_225' title='bbox 2640 1736 2722 1789; x_wconf 83' lang='lat' dir='ltr'><strong><em>An</em></strong></span> <span class='ocrx_word' id='word_1_226' title='bbox 2762 1753 2827 1792; x_wconf 82' lang='lat' dir='ltr'><strong><em>ex</em></strong></span> <span class='ocrx_word' id='word_1_227' title='bbox 2850 1712 3017 1792; x_wconf 32' lang='lat' dir='ltr'><strong><em>Villius</em></strong></span> <span class='ocrx_word' id='word_1_228' title='bbox 3044 1712 3291 1807; x_wconf 76' lang='lat' dir='ltr'><strong><em>epistolis</em></strong></span> <span class='ocrx_word' id='word_1_229' title='bbox 3328 1712 3393 1792; x_wconf 86' lang='lat' dir='ltr'><strong><em>li-</em></strong></span> 
     </span>
    </p>
   </div>
   <div class='ocr_carea' id='block_1_34' title="bbox 162 1825 1707 1897">
    <p class='ocr_par' dir='ltr' id='par_1_34' title="bbox 162 1825 1707 1897">
     <span class='ocr_line' id='line_1_34' title="bbox 162 1825 1707 1897; baseline 0.004 -19"><span class='ocrx_word' id='word_1_230' title='bbox 162 1840 269 1878; x_wconf 88' lang='lat' dir='ltr'><strong><em>eum</em></strong></span> <span class='ocrx_word' id='word_1_231' title='bbox 294 1834 343 1879; x_wconf 87' lang='lat' dir='ltr'><strong><em>et</em></strong></span> <span class='ocrx_word' id='word_1_232' title='bbox 372 1825 744 1893; x_wconf 87' lang='lat' dir='ltr'><strong><em>Theotimum,</em></strong></span> <span class='ocrx_word' id='word_1_233' title='bbox 785 1827 878 1896; x_wconf 89' lang='lat' dir='ltr'><strong><em>qui</em></strong></span> <span class='ocrx_word' id='word_1_234' title='bbox 910 1828 1162 1897; x_wconf 84' lang='lat' dir='ltr'><strong><em>quamvis</em></strong></span> <span class='ocrx_word' id='word_1_235' title='bbox 1206 1827 1575 1883; x_wconf 77' lang='lat' dir='ltr'><strong><em>Valentiniani</em></strong></span> <span class='ocrx_word' id='word_1_236' title='bbox 1619 1830 1707 1885; x_wconf 90' lang='lat' dir='ltr'><strong><em>di-</em></strong></span> 
     </span>
    </p>
   </div>
   <div class='ocr_carea' id='block_1_35' title="bbox 162 1916 1703 1991">
    <p class='ocr_par' dir='ltr' id='par_1_35' title="bbox 162 1916 1703 1991">
     <span class='ocr_line' id='line_1_35' title="bbox 162 1916 1703 1991; baseline 0.005 -22"><span class='ocrx_word' id='word_1_237' title='bbox 162 1924 409 1982; x_wconf 85' lang='lat' dir='ltr'><strong><em>cerentur,</em></strong></span> <span class='ocrx_word' id='word_1_238' title='bbox 444 1916 677 1971; x_wconf 88' lang='lat' dir='ltr'><strong><em>multum</em></strong></span> <span class='ocrx_word' id='word_1_239' title='bbox 714 1926 894 1971; x_wconf 90' lang='lat' dir='ltr'><strong><em>tamen</em></strong></span> <span class='ocrx_word' id='word_1_240' title='bbox 924 1933 954 1971; x_wconf 90' lang='lat' dir='ltr'><strong><em>a</em></strong></span> <span class='ocrx_word' id='word_1_241' title='bbox 983 1917 1270 1973; x_wconf 84' lang='lat' dir='ltr'><strong><em>Valentino</em></strong></span> <span class='ocrx_word' id='word_1_242' title='bbox 1298 1921 1703 1991; x_wconf 81' lang='lat' dir='ltr'><strong><em>discrepabant.</em></strong></span> 
     </span>
    </p>
   </div>
   <div class='ocr_carea' id='block_1_36' title="bbox 162 2008 1706 2083">
    <p class='ocr_par' dir='ltr' id='par_1_36' title="bbox 162 2008 1706 2083">
     <span class='ocr_line' id='line_1_36' title="bbox 162 2008 1706 2083; baseline 0.005 -20"><span class='ocrx_word' id='word_1_243' title='bbox 162 2008 336 2064; x_wconf 84' lang='lat' dir='ltr'><strong><em>Statuit</em></strong></span> <span class='ocrx_word' id='word_1_244' title='bbox 363 2011 528 2079; x_wconf 81' lang='lat' dir='ltr'><strong><em>igitur</em></strong></span> <span class='ocrx_word' id='word_1_245' title='bbox 558 2011 736 2081; x_wconf 89' lang='lat' dir='ltr'><strong><em>primo</em></strong></span> <span class='ocrx_word' id='word_1_246' title='bbox 766 2027 890 2066; x_wconf 92' lang='lat' dir='ltr'><strong><em>cum</em></strong></span> <span class='ocrx_word' id='word_1_247' title='bbox 922 2012 1317 2083; x_wconf 89' lang='lat' dir='ltr'><strong><em>principalibus</em></strong></span> <span class='ocrx_word' id='word_1_248' title='bbox 1356 2030 1516 2083; x_wconf 84' lang='lat' dir='ltr'><strong><em>agere</em></strong></span> <span class='ocrx_word' id='word_1_249' title='bbox 1538 2057 1552 2081; x_wconf 94' lang='lat'><strong><em>,</em></strong></span> <span class='ocrx_word' id='word_1_250' title='bbox 1595 2032 1706 2073; x_wconf 89' lang='lat' dir='ltr'><strong><em>non</em></strong></span> 
     </span>
    </p>
   </div>
   <div class='ocr_carea' id='block_1_37' title="bbox 160 2098 1706 2173">
    <p class='ocr_par' dir='ltr' id='par_1_37' title="bbox 160 2098 1706 2173">
     <span class='ocr_line' id='line_1_37' title="bbox 160 2098 1706 2173; baseline 0.005 -22"><span class='ocrx_word' id='word_1_251' title='bbox 160 2114 258 2151; x_wconf 79' lang='lat' dir='ltr'><strong><em>cum</em></strong></span> <span class='ocrx_word' id='word_1_252' title='bbox 282 2098 524 2166; x_wconf 89' lang='lat' dir='ltr'><strong><em>ducibus,</em></strong></span> <span class='ocrx_word' id='word_1_253' title='bbox 556 2110 615 2154; x_wconf 90' lang='lat' dir='ltr'><strong><em>ut</em></strong></span> <span class='ocrx_word' id='word_1_254' title='bbox 638 2102 900 2171; x_wconf 83' lang='lat' dir='ltr'><strong><em>loquitur,</em></strong></span> <span class='ocrx_word' id='word_1_255' title='bbox 931 2104 1263 2171; x_wconf 89' lang='lat' dir='ltr'><strong><em>passivorum</em></strong></span> <span class='ocrx_word' id='word_1_256' title='bbox 1289 2104 1706 2173; x_wconf 80' lang='lat' dir='ltr'><strong><em>discipulorum;</em></strong></span> 
     </span>
    </p>
   </div>
   <div class='ocr_carea' id='block_1_38' title="bbox 161 2191 1705 2263">
    <p class='ocr_par' dir='ltr' id='par_1_38' title="bbox 161 2191 1705 2263">
     <span class='ocr_line' id='line_1_38' title="bbox 161 2191 1705 2263; baseline 0.005 -21"><span class='ocrx_word' id='word_1_257' title='bbox 161 2191 377 2246; x_wconf 85' lang='lat' dir='ltr'><strong><em>secundo</em></strong></span> <span class='ocrx_word' id='word_1_258' title='bbox 407 2233 422 2258; x_wconf 93' lang='lat'><strong><em>,</em></strong></span> <span class='ocrx_word' id='word_1_259' title='bbox 474 2193 773 2247; x_wconf 86' lang='lat' dir='ltr'><strong><em>lectoribus</em></strong></span> <span class='ocrx_word' id='word_1_260' title='bbox 825 2194 1151 2263; x_wconf 86' lang='lat' dir='ltr'><strong><em>persuadere</em></strong></span> <span class='ocrx_word' id='word_1_261' title='bbox 1202 2204 1431 2248; x_wconf 74' lang='lat' dir='ltr'><strong><em>conatur</em></strong></span> <span class='ocrx_word' id='word_1_262' title='bbox 1486 2211 1544 2249; x_wconf 90' lang='lat' dir='ltr'><strong><em>se</em></strong></span> <span class='ocrx_word' id='word_1_263' title='bbox 1597 2211 1705 2250; x_wconf 89' lang='lat' dir='ltr'><strong><em>non</em></strong></span> 
     </span>
    </p>
   </div>
   <div class='ocr_carea' id='block_1_39' title="bbox 160 2282 1706 2357">
    <p class='ocr_par' dir='ltr' id='par_1_39' title="bbox 160 2282 1706 2357">
     <span class='ocr_line' id='line_1_39' title="bbox 160 2282 1706 2357; baseline 0.005 -22"><span class='ocrx_word' id='word_1_264' title='bbox 160 2282 359 2338; x_wconf 78' lang='lat' dir='ltr'><strong><em>tinxisse</em></strong></span> <span class='ocrx_word' id='word_1_265' title='bbox 380 2285 663 2348; x_wconf 88' lang='lat' dir='ltr'><strong><em>materias,</em></strong></span> <span class='ocrx_word' id='word_1_266' title='bbox 704 2286 935 2351; x_wconf 75' lang='lat' dir='ltr'><strong><em>ltocest,</em></strong></span> <span class='ocrx_word' id='word_1_267' title='bbox 963 2286 1219 2357; x_wconf 83' lang='lat' dir='ltr'><strong><em>dogmata</em></strong></span> <span class='ocrx_word' id='word_1_268' title='bbox 1248 2287 1355 2341; x_wconf 88' lang='lat' dir='ltr'><strong><em>illis</em></strong></span> <span class='ocrx_word' id='word_1_269' title='bbox 1388 2289 1706 2344; x_wconf 88' lang='lat' dir='ltr'><strong><em>attribuisse</em></strong></span> 
     </span>
    </p>
   </div>
   <div class='ocr_carea' id='block_1_40' title="bbox 158 2375 1707 2447">
    <p class='ocr_par' dir='ltr' id='par_1_40' title="bbox 158 2375 1707 2447">
     <span class='ocr_line' id='line_1_40' title="bbox 158 2375 1707 2447; baseline 0.006 -22"><span class='ocrx_word' id='word_1_270' title='bbox 158 2388 264 2442; x_wconf 62' lang='lat' dir='ltr'><strong><em>qua:</em></strong></span> <span class='ocrx_word' id='word_1_271' title='bbox 293 2375 391 2444; x_wconf 86' lang='lat' dir='ltr'><strong><em>ipsi</em></strong></span> <span class='ocrx_word' id='word_1_272' title='bbox 426 2392 537 2430; x_wconf 86' lang='lat' dir='ltr'><strong><em>non</em></strong></span> <span class='ocrx_word' id='word_1_273' title='bbox 563 2377 953 2447; x_wconf 86' lang='lat' dir='ltr'><strong><em>propalabant;</em></strong></span> <span class='ocrx_word' id='word_1_274' title='bbox 984 2377 1133 2447; x_wconf 88' lang='lat' dir='ltr'><strong><em>quod</em></strong></span> <span class='ocrx_word' id='word_1_275' title='bbox 1162 2393 1225 2432; x_wconf 91' lang='lat' dir='ltr'><strong><em>ea</em></strong></span> <span class='ocrx_word' id='word_1_276' title='bbox 1266 2394 1373 2432; x_wconf 89' lang='lat' dir='ltr'><strong><em>non</em></strong></span> <span class='ocrx_word' id='word_1_277' title='bbox 1398 2379 1573 2434; x_wconf 89' lang='lat' dir='ltr'><strong><em>solum</em></strong></span> <span class='ocrx_word' id='word_1_278' title='bbox 1609 2398 1707 2435; x_wconf 92' lang='lat' dir='ltr'><strong><em>an-</em></strong></span> 
     </span>
    </p>
   </div>
   <div class='ocr_carea' id='block_1_41' title="bbox 159 2470 1707 2538">
    <p class='ocr_par' dir='ltr' id='par_1_41' title="bbox 159 2470 1707 2538">
     <span class='ocr_line' id='line_1_41' title="bbox 159 2470 1707 2538; baseline 0.006 -20"><span class='ocrx_word' id='word_1_279' title='bbox 159 2474 409 2521; x_wconf 81' lang='lat' dir='ltr'><strong><em>tecessores</em></strong></span> <span class='ocrx_word' id='word_1_280' title='bbox 442 2470 551 2535; x_wconf 88' lang='lat' dir='ltr'><strong><em>sui,</em></strong></span> <span class='ocrx_word' id='word_1_281' title='bbox 582 2470 673 2524; x_wconf 90' lang='lat' dir='ltr'><strong><em>sed</em></strong></span> <span class='ocrx_word' id='word_1_282' title='bbox 703 2470 946 2538; x_wconf 89' lang='lat' dir='ltr'><strong><em>ipsorum</em></strong></span> <span class='ocrx_word' id='word_1_283' title='bbox 979 2471 1453 2526; x_wconf 76' lang='lat' dir='ltr'><strong><em>liceresiarcltarum</em></strong></span> <span class='ocrx_word' id='word_1_284' title='bbox 1482 2483 1707 2528; x_wconf 89' lang='lat' dir='ltr'><strong><em>contem-</em></strong></span> 
     </span>
    </p>
   </div>
   <div class='ocr_carea' id='block_1_42' title="bbox 159 2557 1705 2631">
    <p class='ocr_par' dir='ltr' id='par_1_42' title="bbox 159 2557 1705 2631">
     <span class='ocr_line' id='line_1_42' title="bbox 159 2557 1705 2631; baseline 0.007 -24"><span class='ocrx_word' id='word_1_285' title='bbox 159 2557 340 2623; x_wconf 82' lang='lat' dir='ltr'><strong><em>porales</em></strong></span> <span class='ocrx_word' id='word_1_286' title='bbox 367 2559 796 2614; x_wconf 84' lang='lat' dir='ltr'><strong><em>iustructissimis</em></strong></span> <span class='ocrx_word' id='word_1_287' title='bbox 822 2560 1174 2615; x_wconf 75' lang='lat' dir='ltr'><strong><em>columinibus</em></strong></span> <span class='ocrx_word' id='word_1_288' title='bbox 1204 2572 1253 2616; x_wconf 90' lang='lat' dir='ltr'><strong><em>et</em></strong></span> <span class='ocrx_word' id='word_1_289' title='bbox 1297 2563 1630 2631; x_wconf 88' lang='lat' dir='ltr'><strong><em>protulerunt</em></strong></span> <span class='ocrx_word' id='word_1_290' title='bbox 1655 2575 1705 2618; x_wconf 91' lang='lat' dir='ltr'><strong><em>et</em></strong></span> 
     </span>
    </p>
   </div>
   <div class='ocr_carea' id='block_1_43' title="bbox 161 2648 1705 2722">
    <p class='ocr_par' dir='ltr' id='par_1_43' title="bbox 161 2648 1705 2722">
     <span class='ocr_line' id='line_1_43' title="bbox 161 2648 1705 2722; baseline 0.007 -24"><span class='ocrx_word' id='word_1_291' title='bbox 161 2648 458 2704; x_wconf 83' lang='lat' dir='ltr'><strong><em>rctuderunt.</em></strong></span> <span class='ocrx_word' id='word_1_292' title='bbox 486 2649 695 2705; x_wconf 88' lang='lat' dir='ltr'><strong><em>Deinde</em></strong></span> <span class='ocrx_word' id='word_1_293' title='bbox 725 2666 821 2706; x_wconf 90' lang='lat' dir='ltr'><strong><em>eos</em></strong></span> <span class='ocrx_word' id='word_1_294' title='bbox 852 2651 1122 2716; x_wconf 84' lang='lat' dir='ltr'><strong><em>nominat,</em></strong></span> <span class='ocrx_word' id='word_1_295' title='bbox 1151 2653 1244 2722; x_wconf 90' lang='lat' dir='ltr'><strong><em>qui</em></strong></span> <span class='ocrx_word' id='word_1_296' title='bbox 1272 2654 1362 2707; x_wconf 90' lang='lat' dir='ltr'><strong><em>illa</em></strong></span> <span class='ocrx_word' id='word_1_297' title='bbox 1390 2654 1705 2709; x_wconf 89' lang='lat' dir='ltr'><strong><em>instructis-</em></strong></span> 
     </span>
    </p>
   </div>
   <div class='ocr_carea' id='block_1_44' title="bbox 160 2740 1702 2813">
    <p class='ocr_par' dir='ltr' id='par_1_44' title="bbox 160 2740 1702 2813">
     <span class='ocr_line' id='line_1_44' title="bbox 160 2740 1702 2813; baseline 0.008 -22"><span class='ocrx_word' id='word_1_298' title='bbox 160 2740 279 2793; x_wconf 89' lang='lat' dir='ltr'><strong><em>sima</em></strong></span> <span class='ocrx_word' id='word_1_299' title='bbox 304 2742 589 2796; x_wconf 85' lang='lat' dir='ltr'><strong><em>volumina</em></strong></span> <span class='ocrx_word' id='word_1_300' title='bbox 621 2742 910 2812; x_wconf 87' lang='lat' dir='ltr'><strong><em>scripsere,</em></strong></span> <span class='ocrx_word' id='word_1_301' title='bbox 933 2745 1135 2813; x_wconf 84' lang='lat' dir='ltr'><strong><em>quibus</em></strong></span> <span class='ocrx_word' id='word_1_302' title='bbox 1163 2760 1352 2799; x_wconf 89' lang='lat' dir='ltr'><strong><em>omnes</em></strong></span> <span class='ocrx_word' id='word_1_303' title='bbox 1375 2746 1495 2800; x_wconf 89' lang='lat' dir='ltr'><strong><em>illas</em></strong></span> <span class='ocrx_word' id='word_1_304' title='bbox 1526 2748 1702 2802; x_wconf 75' lang='lat' dir='ltr'><strong><em>hzere-</em></strong></span> 
     </span>
    </p>
   </div>
   <div class='ocr_carea' id='block_1_45' title="bbox 158 2832 1702 2908">
    <p class='ocr_par' dir='ltr' id='par_1_45' title="bbox 158 2832 1702 2908">
     <span class='ocr_line' id='line_1_45' title="bbox 158 2832 1702 2908; baseline 0.008 -25"><span class='ocrx_word' id='word_1_305' title='bbox 158 2832 275 2886; x_wconf 86' lang='lat' dir='ltr'><strong><em>ticas</em></strong></span> <span class='ocrx_word' id='word_1_306' title='bbox 302 2833 589 2901; x_wconf 89' lang='lat' dir='ltr'><strong><em>opiniones</em></strong></span> <span class='ocrx_word' id='word_1_307' title='bbox 613 2843 987 2903; x_wconf 77' lang='lat' dir='ltr'><strong><em>exposuerunt</em></strong></span> <span class='ocrx_word' id='word_1_308' title='bbox 1012 2844 1174 2905; x_wconf 86' lang='lat' dir='ltr'><strong><em>atque</em></strong></span> <span class='ocrx_word' id='word_1_309' title='bbox 1197 2835 1527 2903; x_wconf 82' lang='lat' dir='ltr'><strong><em>refutarunt,</em></strong></span> <span class='ocrx_word' id='word_1_310' title='bbox 1560 2854 1702 2908; x_wconf 89' lang='lat' dir='ltr'><strong><em>quos</em></strong></span> 
     </span>
    </p>
   </div>
   <div class='ocr_carea' id='block_1_46' title="bbox 157 2919 1699 3000">
    <p class='ocr_par' dir='ltr' id='par_1_46' title="bbox 157 2919 1699 3000">
     <span class='ocr_line' id='line_1_46' title="bbox 157 2919 1699 3000; baseline 0.007 -25"><span class='ocrx_word' id='word_1_311' title='bbox 157 2919 255 2987; x_wconf 89' lang='lat' dir='ltr'><strong><em>ipse</em></strong></span> <span class='ocrx_word' id='word_1_312' title='bbox 281 2934 335 2978; x_wconf 90' lang='lat' dir='ltr'><strong><em>ut</em></strong></span> <span class='ocrx_word' id='word_1_313' title='bbox 362 2926 413 2979; x_wconf 93' lang='lat' dir='ltr'><strong><em>in</em></strong></span> <span class='ocrx_word' id='word_1_314' title='bbox 448 2925 555 2980; x_wconf 89' lang='lat' dir='ltr'><strong><em>hoc</em></strong></span> <span class='ocrx_word' id='word_1_315' title='bbox 601 2925 874 2981; x_wconf 88' lang='lat' dir='ltr'><strong><em>scribendi</em></strong></span> <span class='ocrx_word' id='word_1_316' title='bbox 916 2942 1113 2996; x_wconf 85' lang='lat' dir='ltr'><strong><em>genere</em></strong></span> <span class='ocrx_word' id='word_1_317' title='bbox 1156 2938 1484 2998; x_wconf 88' lang='lat' dir='ltr'><strong><em>assequatur</em></strong></span> <span class='ocrx_word' id='word_1_318' title='bbox 1527 2940 1699 3000; x_wconf 89' lang='lat' dir='ltr'><strong><em>optat.</em></strong></span> 
     </span>
    </p>
   </div>
   <div class='ocr_carea' id='block_1_47' title="bbox 157 3012 1699 3094">
    <p class='ocr_par' dir='ltr' id='par_1_47' title="bbox 157 3012 1699 3094">
     <span class='ocr_line' id='line_1_47' title="bbox 157 3012 1699 3094; baseline 0.008 -28"><span class='ocrx_word' id='word_1_319' title='bbox 157 3012 337 3069; x_wconf 76' lang='lat' dir='ltr'><strong><em>Horum</em></strong></span> <span class='ocrx_word' id='word_1_320' title='bbox 366 3018 580 3086; x_wconf 88' lang='lat' dir='ltr'><strong><em>primus</em></strong></span> <span class='ocrx_word' id='word_1_321' title='bbox 606 3017 851 3073; x_wconf 83' lang='lat' dir='ltr'><strong><em>Justinus</em></strong></span> <span class='ocrx_word' id='word_1_322' title='bbox 878 3019 1215 3089; x_wconf 86' lang='lat' dir='ltr'><strong><em>philosophus</em></strong></span> <span class='ocrx_word' id='word_1_323' title='bbox 1257 3030 1305 3073; x_wconf 86' lang='lat' dir='ltr'><strong><em>et</em></strong></span> <span class='ocrx_word' id='word_1_324' title='bbox 1336 3034 1561 3091; x_wconf 84' lang='lat' dir='ltr'><strong><em>martyr,</em></strong></span> <span class='ocrx_word' id='word_1_325' title='bbox 1604 3025 1699 3094; x_wconf 88' lang='lat' dir='ltr'><strong><em>qui</em></strong></span> 
     </span>
    </p>
   </div>
   <div class='ocr_carea' id='block_1_48' title="bbox 158 3109 1697 3185">
    <p class='ocr_par' dir='ltr' id='par_1_48' title="bbox 158 3109 1697 3185">
     <span class='ocr_line' id='line_1_48' title="bbox 158 3109 1697 3185; baseline 0.007 -27"><span class='ocrx_word' id='word_1_326' title='bbox 158 3123 246 3161; x_wconf 87' lang='lat' dir='ltr'><strong><em>non</em></strong></span> <span class='ocrx_word' id='word_1_327' title='bbox 274 3116 477 3162; x_wconf 90' lang='lat' dir='ltr'><strong><em>tantum</em></strong></span> <span class='ocrx_word' id='word_1_328' title='bbox 527 3120 715 3163; x_wconf 92' lang='lat' dir='ltr'><strong><em>contra</em></strong></span> <span class='ocrx_word' id='word_1_329' title='bbox 764 3109 1086 3164; x_wconf 71' lang='lat' dir='ltr'><strong><em>Marciane»:</em></strong></span> <span class='ocrx_word' id='word_1_330' title='bbox 1132 3112 1361 3181; x_wconf 87' lang='lat' dir='ltr'><strong><em>insignia</em></strong></span> <span class='ocrx_word' id='word_1_331' title='bbox 1411 3113 1697 3185; x_wconf 84' lang='lat' dir='ltr'><strong><em>volumina,</em></strong></span> 
     </span>
    </p>
   </div>
   <div class='ocr_carea' id='block_1_49' title="bbox 156 3198 1699 3277">
    <p class='ocr_par' dir='ltr' id='par_1_49' title="bbox 156 3198 1699 3277">
     <span class='ocr_line' id='line_1_49' title="bbox 156 3198 1699 3277; baseline 0.006 -25"><span class='ocrx_word' id='word_1_332' title='bbox 156 3199 309 3254; x_wconf 86' lang='lat' dir='ltr'><strong><em>sedet</em></strong></span> <span class='ocrx_word' id='word_1_333' title='bbox 335 3201 497 3254; x_wconf 87' lang='lat' dir='ltr'><strong><em>alium</em></strong></span> <span class='ocrx_word' id='word_1_334' title='bbox 538 3198 731 3255; x_wconf 89' lang='lat' dir='ltr'><strong><em>librum</em></strong></span> <span class='ocrx_word' id='word_1_335' title='bbox 768 3213 951 3255; x_wconf 90' lang='lat' dir='ltr'><strong><em>contra</em></strong></span> <span class='ocrx_word' id='word_1_336' title='bbox 980 3220 1154 3257; x_wconf 81' lang='lat' dir='ltr'><strong><em>omnes</em></strong></span> <span class='ocrx_word' id='word_1_337' title='bbox 1202 3206 1419 3259; x_wconf 77' lang='lat' dir='ltr'><strong><em>Itwreses</em></strong></span> <span class='ocrx_word' id='word_1_338' title='bbox 1468 3210 1699 3277; x_wconf 86' lang='lat' dir='ltr'><strong><em>scripsit,</em></strong></span> 
     </span>
    </p>
   </div>
   <div class='ocr_carea' id='block_1_50' title="bbox 155 3294 1701 3368">
    <p class='ocr_par' dir='ltr' id='par_1_50' title="bbox 155 3294 1701 3368">
     <span class='ocr_line' id='line_1_50' title="bbox 155 3294 1701 3368; baseline 0.008 -24"><span class='ocrx_word' id='word_1_339' title='bbox 155 3302 205 3345; x_wconf 90' lang='lat' dir='ltr'><strong><em>ut</em></strong></span> <span class='ocrx_word' id='word_1_340' title='bbox 227 3301 443 3349; x_wconf 87' lang='lat' dir='ltr'><strong><em>testatur</em></strong></span> <span class='ocrx_word' id='word_1_341' title='bbox 471 3294 839 3366; x_wconf 79' lang='lat' dir='ltr'><strong><em>Hieronymus</em></strong></span> <span class='ocrx_word' id='word_1_342' title='bbox 889 3296 941 3349; x_wconf 91' lang='lat' dir='ltr'><strong><em>in</em></strong></span> <span class='ocrx_word' id='word_1_343' title='bbox 974 3295 1256 3368; x_wconf 82' lang='lat' dir='ltr'><strong><em>Catalogo.</em></strong></span> <span class='ocrx_word' id='word_1_344' title='bbox 1296 3296 1583 3355; x_wconf 89' lang='lat' dir='ltr'><strong><em>Secundus</em></strong></span> <span class='ocrx_word' id='word_1_345' title='bbox 1617 3311 1701 3357; x_wconf 88' lang='lat' dir='ltr'><strong><em>est</em></strong></span> 
     </span>
    </p>
   </div>
   <div class='ocr_carea' id='block_1_51' title="bbox 158 3372 1699 3460">
    <p class='ocr_par' dir='ltr' id='par_1_51' title="bbox 158 3372 1699 3460">
     <span class='ocr_line' id='line_1_51' title="bbox 158 3372 1699 3460; baseline 0.008 -25"><span class='ocrx_word' id='word_1_346' title='bbox 158 3372 399 3440; x_wconf 75' lang='lat' dir='ltr'><strong><em>Miltiades</em></strong></span> <span class='ocrx_word' id='word_1_347' title='bbox 436 3387 782 3441; x_wconf 86' lang='lat' dir='ltr'><strong><em>ecclesiarum</em></strong></span> <span class='ocrx_word' id='word_1_348' title='bbox 808 3388 1078 3458; x_wconf 84' lang='lat' dir='ltr'><strong><em>sophista,</em></strong></span> <span class='ocrx_word' id='word_1_349' title='bbox 1112 3405 1311 3460; x_wconf 90' lang='lat' dir='ltr'><strong><em>quem,</em></strong></span> <span class='ocrx_word' id='word_1_350' title='bbox 1340 3391 1529 3445; x_wconf 89' lang='lat' dir='ltr'><strong><em>eodem</em></strong></span> <span class='ocrx_word' id='word_1_351' title='bbox 1575 3391 1699 3448; x_wconf 85' lang='lat' dir='ltr'><strong><em>Hie-</em></strong></span> 
     </span>
    </p>
   </div>
   <div class='ocr_carea' id='block_1_52' title="bbox 154 3480 1698 3550">
    <p class='ocr_par' dir='ltr' id='par_1_52' title="bbox 154 3480 1698 3550">
     <span class='ocr_line' id='line_1_52' title="bbox 154 3480 1698 3550; baseline 0.006 -20"><span class='ocrx_word' id='word_1_352' title='bbox 154 3492 353 3549; x_wconf 86' lang='lat' dir='ltr'><strong><em>ronymo</em></strong></span> <span class='ocrx_word' id='word_1_353' title='bbox 386 3488 557 3546; x_wconf 91' lang='lat' dir='ltr'><strong><em>teste,</em></strong></span> <span class='ocrx_word' id='word_1_354' title='bbox 590 3480 796 3535; x_wconf 90' lang='lat' dir='ltr'><strong><em>scimus</em></strong></span> <span class='ocrx_word' id='word_1_355' title='bbox 832 3481 1120 3550; x_wconf 87' lang='lat' dir='ltr'><strong><em>scripsisse</em></strong></span> <span class='ocrx_word' id='word_1_356' title='bbox 1164 3482 1429 3538; x_wconf 87' lang='lat' dir='ltr'><strong><em>adversus</em></strong></span> <span class='ocrx_word' id='word_1_357' title='bbox 1481 3483 1698 3540; x_wconf 81' lang='lat' dir='ltr'><strong><em>Monta-</em></strong></span> 
     </span>
    </p>
   </div>
   <div class='ocr_carea' id='block_1_53' title="bbox 155 3570 1700 3641">
    <p class='ocr_par' dir='ltr' id='par_1_53' title="bbox 155 3570 1700 3641">
     <span class='ocr_line' id='line_1_53' title="bbox 155 3570 1700 3641; baseline 0.006 -22"><span class='ocrx_word' id='word_1_358' title='bbox 155 3584 263 3623; x_wconf 88' lang='lat' dir='ltr'><strong><em>num</em></strong></span> <span class='ocrx_word' id='word_1_359' title='bbox 299 3572 533 3625; x_wconf 78' lang='lat' dir='ltr'><strong><em>volumen</em></strong></span> <span class='ocrx_word' id='word_1_360' title='bbox 564 3573 906 3641; x_wconf 64' lang='lat' dir='ltr'><strong><em>praecipuum.</em></strong></span> <span class='ocrx_word' id='word_1_361' title='bbox 935 3570 1153 3627; x_wconf 85' lang='lat' dir='ltr'><strong><em>Tertius</em></strong></span> <span class='ocrx_word' id='word_1_362' title='bbox 1193 3582 1277 3627; x_wconf 89' lang='lat' dir='ltr'><strong><em>est</em></strong></span> <span class='ocrx_word' id='word_1_363' title='bbox 1304 3573 1540 3629; x_wconf 73' lang='lat' dir='ltr'><strong><em>lrenseus</em></strong></span> <span class='ocrx_word' id='word_1_364' title='bbox 1560 3615 1574 3641; x_wconf 92' lang='lat'><strong><em>,</em></strong></span> <span class='ocrx_word' id='word_1_365' title='bbox 1603 3590 1700 3629; x_wconf 91' lang='lat' dir='ltr'><strong><em>eu-</em></strong></span> 
     </span>
    </p>
   </div>
   <div class='ocr_carea' id='block_1_54' title="bbox 150 3660 1696 3729">
    <p class='ocr_par' dir='ltr' id='par_1_54' title="bbox 150 3660 1696 3729">
     <span class='ocr_line' id='line_1_54' title="bbox 150 3660 1696 3729; baseline 0.005 -15"><span class='ocrx_word' id='word_1_366' title='bbox 150 3660 226 3729; x_wconf 89' lang='lat' dir='ltr'><strong><em>jus</em></strong></span> <span class='ocrx_word' id='word_1_367' title='bbox 259 3663 743 3720; x_wconf 85' lang='lat' dir='ltr'><strong><em>instructissimum</em></strong></span> <span class='ocrx_word' id='word_1_368' title='bbox 773 3664 1027 3719; x_wconf 87' lang='lat' dir='ltr'><strong><em>volumen</em></strong></span> <span class='ocrx_word' id='word_1_369' title='bbox 1058 3665 1322 3722; x_wconf 85' lang='lat' dir='ltr'><strong><em>adversus</em></strong></span> <span class='ocrx_word' id='word_1_370' title='bbox 1357 3664 1696 3721; x_wconf 80' lang='lat' dir='ltr'><strong><em>Valentinia-</em></strong></span> 
     </span>
    </p>
   </div>
   <div class='ocr_carea' id='block_1_55' title="bbox 154 3752 1697 3826">
    <p class='ocr_par' dir='ltr' id='par_1_55' title="bbox 154 3752 1697 3826">
     <span class='ocr_line' id='line_1_55' title="bbox 154 3752 1697 3826; baseline 0.005 -23"><span class='ocrx_word' id='word_1_371' title='bbox 154 3766 237 3805; x_wconf 87' lang='lat' dir='ltr'><strong><em>nos</em></strong></span> <span class='ocrx_word' id='word_1_372' title='bbox 254 3753 721 3820; x_wconf 81' lang='lat' dir='ltr'><strong><em>exstat.Quartus,</em></strong></span> <span class='ocrx_word' id='word_1_373' title='bbox 751 3769 910 3823; x_wconf 88' lang='lat' dir='ltr'><strong><em>quem</em></strong></span> <span class='ocrx_word' id='word_1_374' title='bbox 943 3752 1234 3809; x_wconf 88' lang='lat' dir='ltr'><strong><em>Proculum</em></strong></span> <span class='ocrx_word' id='word_1_375' title='bbox 1272 3756 1537 3823; x_wconf 87' lang='lat' dir='ltr'><strong><em>nominat,</em></strong></span> <span class='ocrx_word' id='word_1_376' title='bbox 1572 3757 1697 3826; x_wconf 89' lang='lat' dir='ltr'><strong><em>quis</em></strong></span> 
     </span>
    </p>
   </div>
   <div class='ocr_carea' id='block_1_56' title="bbox 151 3840 1691 3916">
    <p class='ocr_par' dir='ltr' id='par_1_56' title="bbox 151 3840 1691 3916">
     <span class='ocr_line' id='line_1_56' title="bbox 151 3840 1691 3916; baseline 0.006 -24"><span class='ocrx_word' id='word_1_377' title='bbox 151 3840 211 3893; x_wconf 85' lang='lat' dir='ltr'><strong><em>sit</em></strong></span> <span class='ocrx_word' id='word_1_378' title='bbox 242 3843 529 3914; x_wconf 84' lang='lat' dir='ltr'><strong><em>ambigitur</em></strong></span> <span class='ocrx_word' id='word_1_379' title='bbox 555 3883 572 3909; x_wconf 92' lang='lat'><strong><em>,</em></strong></span> <span class='ocrx_word' id='word_1_380' title='bbox 618 3858 741 3913; x_wconf 65' lang='lat' dir='ltr'><strong><em>qua:</em></strong></span> <span class='ocrx_word' id='word_1_381' title='bbox 790 3843 1091 3913; x_wconf 86' lang='lat' dir='ltr'><strong><em>scripserit,</em></strong></span> <span class='ocrx_word' id='word_1_382' title='bbox 1125 3846 1350 3915; x_wconf 88' lang='lat' dir='ltr'><strong><em>opinor,</em></strong></span> <span class='ocrx_word' id='word_1_383' title='bbox 1386 3846 1691 3916; x_wconf 87' lang='lat' dir='ltr'><strong><em>ignoratur.</em></strong></span> 
     </span>
    </p>
   </div>
   <div class='ocr_carea' id='block_1_57' title="bbox 152 3930 1694 4007">
    <p class='ocr_par' dir='ltr' id='par_1_57' title="bbox 152 3930 1694 4007">
     <span class='ocr_line' id='line_1_57' title="bbox 152 3930 1694 4007; baseline 0.008 -22"><span class='ocrx_word' id='word_1_384' title='bbox 152 3930 250 3988; x_wconf 82' lang='lat' dir='ltr'><strong><em>lam</em></strong></span> <span class='ocrx_word' id='word_1_385' title='bbox 274 3951 397 3991; x_wconf 90' lang='lat' dir='ltr'><strong><em>vero</em></strong></span> <span class='ocrx_word' id='word_1_386' title='bbox 433 3952 503 3991; x_wconf 91' lang='lat' dir='ltr'><strong><em>an</em></strong></span> <span class='ocrx_word' id='word_1_387' title='bbox 528 3952 747 4007; x_wconf 64' lang='lat' dir='ltr'><strong><em>aequum</em></strong></span> <span class='ocrx_word' id='word_1_388' title='bbox 772 3938 1011 4007; x_wconf 89' lang='lat' dir='ltr'><strong><em>postulat</em></strong></span> <span class='ocrx_word' id='word_1_389' title='bbox 1040 3938 1122 3992; x_wconf 91' lang='lat' dir='ltr'><strong><em>vir</em></strong></span> <span class='ocrx_word' id='word_1_390' title='bbox 1144 3939 1497 3995; x_wconf 89' lang='lat' dir='ltr'><strong><em>doctissimus</em></strong></span> <span class='ocrx_word' id='word_1_391' title='bbox 1520 3981 1535 4005; x_wconf 86' lang='lat'><strong><em>,</em></strong></span> <span class='ocrx_word' id='word_1_392' title='bbox 1567 3956 1694 3997; x_wconf 90' lang='lat' dir='ltr'><strong><em>cum</em></strong></span> 
     </span>
    </p>
   </div>
   <div class='ocr_carea' id='block_1_58' title="bbox 150 4028 1693 4102">
    <p class='ocr_par' dir='ltr' id='par_1_58' title="bbox 150 4028 1693 4102">
     <span class='ocr_line' id='line_1_58' title="bbox 150 4028 1693 4102; baseline 0.007 -24"><span class='ocrx_word' id='word_1_393' title='bbox 150 4028 371 4097; x_wconf 85' lang='lat' dir='ltr'><strong><em>requirit,</em></strong></span> <span class='ocrx_word' id='word_1_394' title='bbox 415 4043 475 4085; x_wconf 87' lang='lat' dir='ltr'><strong><em>ut</em></strong></span> <span class='ocrx_word' id='word_1_395' title='bbox 497 4030 741 4101; x_wconf 88' lang='lat' dir='ltr'><strong><em>lgnatius</em></strong></span> <span class='ocrx_word' id='word_1_396' title='bbox 765 4031 869 4085; x_wconf 89' lang='lat' dir='ltr'><strong><em>hoc</em></strong></span> <span class='ocrx_word' id='word_1_397' title='bbox 892 4031 1015 4085; x_wconf 87' lang='lat' dir='ltr'><strong><em>loco</em></strong></span> <span class='ocrx_word' id='word_1_398' title='bbox 1047 4032 1189 4086; x_wconf 88' lang='lat' dir='ltr'><strong><em>inter</em></strong></span> <span class='ocrx_word' id='word_1_399' title='bbox 1212 4031 1313 4087; x_wconf 87' lang='lat' dir='ltr'><strong><em>hos</em></strong></span> <span class='ocrx_word' id='word_1_400' title='bbox 1342 4042 1580 4102; x_wconf 91' lang='lat' dir='ltr'><strong><em>quatuor</em></strong></span> <span class='ocrx_word' id='word_1_401' title='bbox 1609 4036 1693 4089; x_wconf 82' lang='lat' dir='ltr'><strong><em>vi-</em></strong></span> 
     </span>
    </p>
   </div>
   <div class='ocr_carea' id='block_1_59' title="bbox 152 4121 1695 4197">
    <p class='ocr_par' dir='ltr' id='par_1_59' title="bbox 152 4121 1695 4197">
     <span class='ocr_line' id='line_1_59' title="bbox 152 4121 1695 4197; baseline 0.006 -25"><span class='ocrx_word' id='word_1_402' title='bbox 152 4134 228 4175; x_wconf 83' lang='lat' dir='ltr'><strong><em>ms</em></strong></span> <span class='ocrx_word' id='word_1_403' title='bbox 253 4132 600 4190; x_wconf 90' lang='lat' dir='ltr'><strong><em>memoretur,</em></strong></span> <span class='ocrx_word' id='word_1_404' title='bbox 627 4133 721 4177; x_wconf 89' lang='lat' dir='ltr'><strong><em>aut</em></strong></span> <span class='ocrx_word' id='word_1_405' title='bbox 750 4124 967 4193; x_wconf 89' lang='lat' dir='ltr'><strong><em>penitus</em></strong></span> <span class='ocrx_word' id='word_1_406' title='bbox 996 4121 1337 4179; x_wconf 90' lang='lat' dir='ltr'><strong><em>Tertulliano</em></strong></span> <span class='ocrx_word' id='word_1_407' title='bbox 1361 4125 1579 4191; x_wconf 86' lang='lat' dir='ltr'><strong><em>ignotus</em></strong></span> <span class='ocrx_word' id='word_1_408' title='bbox 1605 4126 1695 4197; x_wconf 90' lang='lat' dir='ltr'><strong><em>ju-</em></strong></span> 
     </span>
    </p>
   </div>
   <div class='ocr_carea' id='block_1_60' title="bbox 150 4206 1696 4285">
    <p class='ocr_par' dir='ltr' id='par_1_60' title="bbox 150 4206 1696 4285">
     <span class='ocr_line' id='line_1_60' title="bbox 150 4206 1696 4285; baseline 0.008 -25"><span class='ocrx_word' id='word_1_409' title='bbox 150 4206 368 4266; x_wconf 82' lang='lat' dir='ltr'><strong><em>dicetur?</em></strong></span> <span class='ocrx_word' id='word_1_410' title='bbox 395 4214 479 4267; x_wconf 84' lang='lat' dir='ltr'><strong><em>An</em></strong></span> <span class='ocrx_word' id='word_1_411' title='bbox 530 4211 772 4283; x_wconf 83' lang='lat' dir='ltr'><strong><em>lgnatius</em></strong></span> <span class='ocrx_word' id='word_1_412' title='bbox 804 4214 1294 4269; x_wconf 88' lang='lat' dir='ltr'><strong><em>instructissimum</em></strong></span> <span class='ocrx_word' id='word_1_413' title='bbox 1336 4215 1558 4285; x_wconf 86' lang='lat' dir='ltr'><strong><em>aliquod</em></strong></span> <span class='ocrx_word' id='word_1_414' title='bbox 1600 4219 1696 4272; x_wconf 89' lang='lat' dir='ltr'><strong><em>ad-</em></strong></span> 
     </span>
    </p>
   </div>
   <div class='ocr_carea' id='block_1_61' title="bbox 150 4305 1692 4374">
    <p class='ocr_par' dir='ltr' id='par_1_61' title="bbox 150 4305 1692 4374">
     <span class='ocr_line' id='line_1_61' title="bbox 150 4305 1692 4374; baseline 0.007 -23"><span class='ocrx_word' id='word_1_415' title='bbox 150 4316 315 4359; x_wconf 83' lang='lat' dir='ltr'><strong><em>versus</em></strong></span> <span class='ocrx_word' id='word_1_416' title='bbox 348 4305 633 4360; x_wconf 59' lang='lat' dir='ltr'><strong><em>haereticos</em></strong></span> <span class='ocrx_word' id='word_1_417' title='bbox 675 4306 932 4359; x_wconf 90' lang='lat' dir='ltr'><strong><em>volumen</em></strong></span> <span class='ocrx_word' id='word_1_418' title='bbox 985 4305 1236 4374; x_wconf 86' lang='lat' dir='ltr'><strong><em>scripsit?</em></strong></span> <span class='ocrx_word' id='word_1_419' title='bbox 1260 4321 1333 4359; x_wconf 88' lang='lat' dir='ltr'><strong><em>an</em></strong></span> <span class='ocrx_word' id='word_1_420' title='bbox 1380 4306 1468 4361; x_wconf 91' lang='lat' dir='ltr'><strong><em>ille</em></strong></span> <span class='ocrx_word' id='word_1_421' title='bbox 1503 4322 1692 4363; x_wconf 85' lang='lat' dir='ltr'><strong><em>eorum</em></strong></span> 
     </span>
    </p>
   </div>
   <div class='ocr_carea' id='block_1_62' title="bbox 152 4395 1693 4468">
    <p class='ocr_par' dir='ltr' id='par_1_62' title="bbox 152 4395 1693 4468">
     <span class='ocr_line' id='line_1_62' title="bbox 152 4395 1693 4468; baseline 0.005 -23"><span class='ocrx_word' id='word_1_422' title='bbox 152 4395 373 4463; x_wconf 89' lang='lat' dir='ltr'><strong><em>nomina,</em></strong></span> <span class='ocrx_word' id='word_1_423' title='bbox 400 4405 593 4453; x_wconf 64' lang='lat' dir='ltr'><strong><em>aetates</em></strong></span> <span class='ocrx_word' id='word_1_424' title='bbox 621 4407 673 4451; x_wconf 89' lang='lat' dir='ltr'><strong><em>et</em></strong></span> <span class='ocrx_word' id='word_1_425' title='bbox 702 4398 1022 4467; x_wconf 90' lang='lat' dir='ltr'><strong><em>opinionum</em></strong></span> <span class='ocrx_word' id='word_1_426' title='bbox 1072 4406 1326 4467; x_wconf 86' lang='lat' dir='ltr'><strong><em>portenta</em></strong></span> <span class='ocrx_word' id='word_1_427' title='bbox 1360 4399 1693 4468; x_wconf 85' lang='lat' dir='ltr'><strong><em>exploravit,</em></strong></span> 
     </span>
    </p>
   </div>
   <div class='ocr_carea' id='block_1_63' title="bbox 151 4484 1692 4559">
    <p class='ocr_par' dir='ltr' id='par_1_63' title="bbox 151 4484 1692 4559">
     <span class='ocr_line' id='line_1_63' title="bbox 151 4484 1692 4559; baseline 0.007 -24"><span class='ocrx_word' id='word_1_428' title='bbox 151 4493 194 4535; x_wconf 86' lang='lat' dir='ltr'><strong><em>et</em></strong></span> <span class='ocrx_word' id='word_1_429' title='bbox 219 4484 265 4538; x_wconf 90' lang='lat' dir='ltr'><strong><em>in</em></strong></span> <span class='ocrx_word' id='word_1_430' title='bbox 285 4497 530 4557; x_wconf 89' lang='lat' dir='ltr'><strong><em>apertum</em></strong></span> <span class='ocrx_word' id='word_1_431' title='bbox 556 4487 851 4559; x_wconf 81' lang='lat' dir='ltr'><strong><em>produxit?</em></strong></span> <span class='ocrx_word' id='word_1_432' title='bbox 872 4504 941 4542; x_wconf 87' lang='lat' dir='ltr'><strong><em>an</em></strong></span> <span class='ocrx_word' id='word_1_433' title='bbox 964 4503 1348 4558; x_wconf 87' lang='lat' dir='ltr'><strong><em>perversorum</em></strong></span> <span class='ocrx_word' id='word_1_434' title='bbox 1378 4492 1692 4559; x_wconf 82' lang='lat' dir='ltr'><strong><em>dogmatum</em></strong></span> 
     </span>
    </p>
   </div>
   <div class='ocr_carea' id='block_1_64' title="bbox 151 4564 1692 4649">
    <p class='ocr_par' dir='ltr' id='par_1_64' title="bbox 151 4564 1692 4649">
     <span class='ocr_line' id='line_1_64' title="bbox 151 4564 1692 4649; baseline 0.008 -22"><span class='ocrx_word' id='word_1_435' title='bbox 151 4572 390 4633; x_wconf 85' lang='lat' dir='ltr'><strong><em>insaniam</em></strong></span> <span class='ocrx_word' id='word_1_436' title='bbox 422 4589 519 4635; x_wconf 89' lang='lat' dir='ltr'><strong><em>aut</em></strong></span> <span class='ocrx_word' id='word_1_437' title='bbox 554 4580 882 4643; x_wconf 86' lang='lat' dir='ltr'><strong><em>rationibus,</em></strong></span> <span class='ocrx_word' id='word_1_438' title='bbox 915 4588 1010 4634; x_wconf 92' lang='lat' dir='ltr'><strong><em>aut</em></strong></span> <span class='ocrx_word' id='word_1_439' title='bbox 1042 4564 1341 4649; x_wconf 70' lang='lat' dir='ltr'><strong><em>Scriptura:</em></strong></span> <span class='ocrx_word' id='word_1_440' title='bbox 1362 4581 1692 4639; x_wconf 86' lang='lat' dir='ltr'><strong><em>testimoniis</em></strong></span> 
     </span>
    </p>
   </div>
   <div class='ocr_carea' id='block_1_65' title="bbox 149 4669 1694 4741">
    <p class='ocr_par' dir='ltr' id='par_1_65' title="bbox 149 4669 1694 4741">
     <span class='ocr_line' id='line_1_65' title="bbox 149 4669 1694 4741; baseline 0.007 -23"><span class='ocrx_word' id='word_1_441' title='bbox 149 4669 355 4724; x_wconf 83' lang='lat' dir='ltr'><strong><em>retudit?</em></strong></span> <span class='ocrx_word' id='word_1_442' title='bbox 382 4687 452 4725; x_wconf 91' lang='lat' dir='ltr'><strong><em>an</em></strong></span> <span class='ocrx_word' id='word_1_443' title='bbox 481 4687 549 4726; x_wconf 89' lang='lat' dir='ltr'><strong><em>ea</em></strong></span> <span class='ocrx_word' id='word_1_444' title='bbox 572 4680 727 4727; x_wconf 64' lang='lat' dir='ltr'><strong><em>astate</em></strong></span> <span class='ocrx_word' id='word_1_445' title='bbox 750 4672 905 4738; x_wconf 79' lang='lat' dir='ltr'><strong><em>vixit,</em></strong></span> <span class='ocrx_word' id='word_1_446' title='bbox 938 4688 1043 4741; x_wconf 89' lang='lat' dir='ltr'><strong><em>qua</em></strong></span> <span class='ocrx_word' id='word_1_447' title='bbox 1071 4670 1342 4738; x_wconf 75' lang='lat' dir='ltr'><strong><em>Justinus,</em></strong></span> <span class='ocrx_word' id='word_1_448' title='bbox 1376 4683 1470 4727; x_wconf 89' lang='lat' dir='ltr'><strong><em>aut</em></strong></span> <span class='ocrx_word' id='word_1_449' title='bbox 1496 4673 1694 4729; x_wconf 83' lang='lat' dir='ltr'><strong><em>Miltia-</em></strong></span> 
     </span>
    </p>
   </div>
   <div class='ocr_carea' id='block_1_66' title="bbox 150 4756 1693 4832">
    <p class='ocr_par' dir='ltr' id='par_1_66' title="bbox 150 4756 1693 4832">
     <span class='ocr_line' id='line_1_66' title="bbox 150 4756 1693 4832; baseline 0.003 -20"><span class='ocrx_word' id='word_1_450' title='bbox 150 4756 245 4825; x_wconf 81' lang='lat' dir='ltr'><strong><em>des,</em></strong></span> <span class='ocrx_word' id='word_1_451' title='bbox 275 4770 362 4816; x_wconf 88' lang='lat' dir='ltr'><strong><em>aut</em></strong></span> <span class='ocrx_word' id='word_1_452' title='bbox 393 4760 667 4827; x_wconf 67' lang='lat' dir='ltr'><strong><em>Irenazus,</em></strong></span> <span class='ocrx_word' id='word_1_453' title='bbox 698 4762 793 4832; x_wconf 91' lang='lat' dir='ltr'><strong><em>qui</em></strong></span> <span class='ocrx_word' id='word_1_454' title='bbox 830 4761 920 4816; x_wconf 90' lang='lat' dir='ltr'><strong><em>hic</em></strong></span> <span class='ocrx_word' id='word_1_455' title='bbox 952 4761 1425 4817; x_wconf 79' lang='lat' dir='ltr'><strong><em>lueresiarcharum</em></strong></span> <span class='ocrx_word' id='word_1_456' title='bbox 1460 4772 1693 4817; x_wconf 79' lang='lat' dir='ltr'><strong><em>contem-</em></strong></span> 
     </span>
    </p>
   </div>
   <div class='ocr_carea' id='block_1_67' title="bbox 149 4854 1692 4926">
    <p class='ocr_par' dir='ltr' id='par_1_67' title="bbox 149 4854 1692 4926">
     <span class='ocr_line' id='line_1_67' title="bbox 149 4854 1692 4926; baseline 0.003 -20"><span class='ocrx_word' id='word_1_457' title='bbox 149 4856 334 4917; x_wconf 76' lang='lat' dir='ltr'><strong><em>poranei</em></strong></span> <span class='ocrx_word' id='word_1_458' title='bbox 375 4854 772 4909; x_wconf 87' lang='lat' dir='ltr'><strong><em>nominantur?</em></strong></span> <span class='ocrx_word' id='word_1_459' title='bbox 807 4869 877 4908; x_wconf 90' lang='lat' dir='ltr'><strong><em>an</em></strong></span> <span class='ocrx_word' id='word_1_460' title='bbox 899 4869 963 4908; x_wconf 88' lang='lat' dir='ltr'><strong><em>ea</em></strong></span> <span class='ocrx_word' id='word_1_461' title='bbox 1002 4855 1085 4908; x_wconf 88' lang='lat' dir='ltr'><strong><em>vel</em></strong></span> <span class='ocrx_word' id='word_1_462' title='bbox 1118 4854 1275 4923; x_wconf 84' lang='lat' dir='ltr'><strong><em>copia</em></strong></span> <span class='ocrx_word' id='word_1_463' title='bbox 1307 4854 1386 4909; x_wconf 85' lang='lat' dir='ltr'><strong><em>vel</em></strong></span> <span class='ocrx_word' id='word_1_464' title='bbox 1424 4856 1692 4926; x_wconf 85' lang='lat' dir='ltr'><strong><em>elegantia</em></strong></span> 
     </span>
    </p>
   </div>
   <div class='ocr_carea' id='block_1_68' title="bbox 150 4942 1691 5017">
    <p class='ocr_par' dir='ltr' id='par_1_68' title="bbox 150 4942 1691 5017">
     <span class='ocr_line' id='line_1_68' title="bbox 150 4942 1691 5017; baseline 0.005 -23"><span class='ocrx_word' id='word_1_465' title='bbox 150 4942 357 5015; x_wconf 81' lang='lat' dir='ltr'><strong><em>scripsit,</em></strong></span> <span class='ocrx_word' id='word_1_466' title='bbox 388 4955 449 5000; x_wconf 88' lang='lat' dir='ltr'><strong><em>ut</em></strong></span> <span class='ocrx_word' id='word_1_467' title='bbox 477 4960 605 5000; x_wconf 90' lang='lat' dir='ltr'><strong><em>eum</em></strong></span> <span class='ocrx_word' id='word_1_468' title='bbox 646 4945 704 4999; x_wconf 90' lang='lat' dir='ltr'><strong><em>in</em></strong></span> <span class='ocrx_word' id='word_1_469' title='bbox 733 4959 897 5014; x_wconf 88' lang='lat' dir='ltr'><strong><em>opere</em></strong></span> <span class='ocrx_word' id='word_1_470' title='bbox 943 4944 1048 5000; x_wconf 88' lang='lat' dir='ltr'><strong><em>isto</em></strong></span> <span class='ocrx_word' id='word_1_471' title='bbox 1079 4944 1451 5001; x_wconf 86' lang='lat' dir='ltr'><strong><em>Tertullianus</em></strong></span> <span class='ocrx_word' id='word_1_472' title='bbox 1480 4955 1691 5017; x_wconf 87' lang='lat' dir='ltr'><strong><em>optaret</em></strong></span> 
     </span>
    </p>
   </div>
   <div class='ocr_carea' id='block_1_69' title="bbox 150 5034 1691 5107">
    <p class='ocr_par' dir='ltr' id='par_1_69' title="bbox 150 5034 1691 5107">
     <span class='ocr_line' id='line_1_69' title="bbox 150 5034 1691 5107; baseline 0.003 -19"><span class='ocrx_word' id='word_1_473' title='bbox 150 5038 375 5105; x_wconf 76' lang='lat' dir='ltr'><strong><em>assequi?</em></strong></span> <span class='ocrx_word' id='word_1_474' title='bbox 407 5036 559 5091; x_wconf 86' lang='lat' dir='ltr'><strong><em>Nihil</em></strong></span> <span class='ocrx_word' id='word_1_475' title='bbox 602 5038 800 5092; x_wconf 91' lang='lat' dir='ltr'><strong><em>horum</em></strong></span> <span class='ocrx_word' id='word_1_476' title='bbox 843 5036 899 5090; x_wconf 92' lang='lat' dir='ltr'><strong><em>in</em></strong></span> <span class='ocrx_word' id='word_1_477' title='bbox 945 5034 1153 5107; x_wconf 81' lang='lat' dir='ltr'><strong><em>lgnatio</em></strong></span> <span class='ocrx_word' id='word_1_478' title='bbox 1193 5037 1519 5107; x_wconf 90' lang='lat' dir='ltr'><strong><em>reperimus,</em></strong></span> <span class='ocrx_word' id='word_1_479' title='bbox 1570 5054 1691 5107; x_wconf 68' lang='lat' dir='ltr'><strong><em>quae</em></strong></span> 
     </span>
    </p>
   </div>
   <div class='ocr_carea' id='block_1_70' title="bbox 150 5127 1689 5199">
    <p class='ocr_par' dir='ltr' id='par_1_70' title="bbox 150 5127 1689 5199">
     <span class='ocr_line' id='line_1_70' title="bbox 150 5127 1689 5199; baseline 0.005 -22"><span class='ocrx_word' id='word_1_480' title='bbox 150 5128 306 5182; x_wconf 83' lang='lat' dir='ltr'><strong><em>omnia</em></strong></span> <span class='ocrx_word' id='word_1_481' title='bbox 346 5130 398 5183; x_wconf 92' lang='lat' dir='ltr'><strong><em>in</em></strong></span> <span class='ocrx_word' id='word_1_482' title='bbox 430 5128 539 5184; x_wconf 86' lang='lat' dir='ltr'><strong><em>illis</em></strong></span> <span class='ocrx_word' id='word_1_483' title='bbox 570 5127 992 5199; x_wconf 86' lang='lat' dir='ltr'><strong><em>spectabantur,</em></strong></span> <span class='ocrx_word' id='word_1_484' title='bbox 1035 5144 1175 5198; x_wconf 88' lang='lat' dir='ltr'><strong><em>quos</em></strong></span> <span class='ocrx_word' id='word_1_485' title='bbox 1209 5129 1507 5184; x_wconf 87' lang='lat' dir='ltr'><strong><em>nominavit</em></strong></span> <span class='ocrx_word' id='word_1_486' title='bbox 1553 5129 1689 5185; x_wconf 85' lang='lat' dir='ltr'><strong><em>Ter-</em></strong></span> 
     </span>
    </p>
   </div>
   <div class='ocr_carea' id='block_1_71' title="bbox 150 5219 1685 5293">
    <p class='ocr_par' dir='ltr' id='par_1_71' title="bbox 150 5219 1685 5293">
     <span class='ocr_line' id='line_1_71' title="bbox 150 5219 1685 5293; baseline 0.005 -23"><span class='ocrx_word' id='word_1_487' title='bbox 150 5219 397 5289; x_wconf 85' lang='lat' dir='ltr'><strong><em>tullianus,</em></strong></span> <span class='ocrx_word' id='word_1_488' title='bbox 430 5233 484 5277; x_wconf 88' lang='lat' dir='ltr'><strong><em>et</em></strong></span> <span class='ocrx_word' id='word_1_489' title='bbox 522 5230 741 5293; x_wconf 89' lang='lat' dir='ltr'><strong><em>propter</em></strong></span> <span class='ocrx_word' id='word_1_490' title='bbox 787 5237 908 5292; x_wconf 68' lang='lat' dir='ltr'><strong><em>quae</em></strong></span> <span class='ocrx_word' id='word_1_491' title='bbox 954 5236 1049 5275; x_wconf 89' lang='lat' dir='ltr'><strong><em>eos</em></strong></span> <span class='ocrx_word' id='word_1_492' title='bbox 1092 5223 1318 5277; x_wconf 89' lang='lat' dir='ltr'><strong><em>omnino</em></strong></span> <span class='ocrx_word' id='word_1_493' title='bbox 1363 5224 1685 5279; x_wconf 90' lang='lat' dir='ltr'><strong><em>nominavit.</em></strong></span> 
     </span>
    </p>
   </div>
   <div class='ocr_carea' id='block_1_72' title="bbox 147 5298 1684 5386">
    <p class='ocr_par' dir='ltr' id='par_1_72' title="bbox 147 5298 1684 5386">
     <span class='ocr_line' id='line_1_72' title="bbox 147 5298 1684 5386; baseline 0.007 -25"><span class='ocrx_word' id='word_1_494' title='bbox 147 5309 398 5369; x_wconf 79' lang='lat' dir='ltr'><strong><em>Absonum</em></strong></span> <span class='ocrx_word' id='word_1_495' title='bbox 440 5325 527 5370; x_wconf 85' lang='lat' dir='ltr'><strong><em>est</em></strong></span> <span class='ocrx_word' id='word_1_496' title='bbox 562 5298 735 5385; x_wconf 83' lang='lat' dir='ltr'><strong><em>igitur</em></strong></span> <span class='ocrx_word' id='word_1_497' title='bbox 779 5313 1046 5386; x_wconf 87' lang='lat' dir='ltr'><strong><em>lgnatium</em></strong></span> <span class='ocrx_word' id='word_1_498' title='bbox 1097 5315 1237 5369; x_wconf 86' lang='lat' dir='ltr'><strong><em>inter</em></strong></span> <span class='ocrx_word' id='word_1_499' title='bbox 1270 5316 1391 5371; x_wconf 87' lang='lat' dir='ltr'><strong><em>illos</em></strong></span> <span class='ocrx_word' id='word_1_500' title='bbox 1419 5331 1684 5385; x_wconf 55' lang='lat' dir='ltr'><strong><em>qua’rere,</em></strong></span> 
     </span>
    </p>
   </div>
   <div class='ocr_carea' id='block_1_73' title="bbox 148 5402 1686 5480">
    <p class='ocr_par' dir='ltr' id='par_1_73' title="bbox 148 5402 1686 5480">
     <span class='ocr_line' id='line_1_73' title="bbox 148 5402 1686 5480; baseline 0.004 -23"><span class='ocrx_word' id='word_1_501' title='bbox 148 5402 363 5475; x_wconf 82' lang='lat' dir='ltr'><strong><em>iniquum</em></strong></span> <span class='ocrx_word' id='word_1_502' title='bbox 391 5409 670 5480; x_wconf 80' lang='lat' dir='ltr'><strong><em>ﬂagitare;</em></strong></span> <span class='ocrx_word' id='word_1_503' title='bbox 695 5406 1089 5463; x_wconf 88' lang='lat' dir='ltr'><strong><em>Tertullianum</em></strong></span> <span class='ocrx_word' id='word_1_504' title='bbox 1120 5407 1388 5463; x_wconf 82' lang='lat' dir='ltr'><strong><em>aﬂirmare</em></strong></span> <span class='ocrx_word' id='word_1_505' title='bbox 1422 5409 1542 5464; x_wconf 91' lang='lat' dir='ltr'><strong><em>ideo</em></strong></span> <span class='ocrx_word' id='word_1_506' title='bbox 1560 5425 1686 5463; x_wconf 88' lang='lat' dir='ltr'><strong><em>eum</em></strong></span> 
     </span>
    </p>
   </div>
   <div class='ocr_carea' id='block_1_74' title="bbox 148 5500 1685 5575">
    <p class='ocr_par' dir='ltr' id='par_1_74' title="bbox 148 5500 1685 5575">
     <span class='ocr_line' id='line_1_74' title="bbox 148 5500 1685 5575; baseline 0.005 -25"><span class='ocrx_word' id='word_1_507' title='bbox 148 5500 333 5563; x_wconf 84' lang='lat' dir='ltr'><strong><em>penitus</em></strong></span> <span class='ocrx_word' id='word_1_508' title='bbox 361 5504 663 5575; x_wconf 86' lang='lat' dir='ltr'><strong><em>ignorasse,</em></strong></span> <span class='ocrx_word' id='word_1_509' title='bbox 696 5502 843 5573; x_wconf 91' lang='lat' dir='ltr'><strong><em>quod</em></strong></span> <span class='ocrx_word' id='word_1_510' title='bbox 879 5516 944 5558; x_wconf 90' lang='lat' dir='ltr'><strong><em>eo</em></strong></span> <span class='ocrx_word' id='word_1_511' title='bbox 992 5502 1096 5558; x_wconf 90' lang='lat' dir='ltr'><strong><em>loci</em></strong></span> <span class='ocrx_word' id='word_1_512' title='bbox 1145 5518 1271 5575; x_wconf 15' lang='lat' dir='ltr'><strong><em>non,</em></strong></span> <span class='ocrx_word' id='word_1_513' title='bbox 1295 5504 1685 5569; x_wconf 81' lang='lat' dir='ltr'><strong><em>nominaverit,</em></strong></span> 
     </span>
    </p>
   </div>
   <div class='ocr_carea' id='block_1_75' title="bbox 148 5584 995 5649">
    <p class='ocr_par' dir='ltr' id='par_1_75' title="bbox 148 5584 995 5649">
     <span class='ocr_line' id='line_1_75' title="bbox 148 5584 995 5649; baseline 0.007 -9"><span class='ocrx_word' id='word_1_514' title='bbox 148 5584 207 5638; x_wconf 78' lang='lat' dir='ltr'><strong><em>ab</em></strong></span> <span class='ocrx_word' id='word_1_515' title='bbox 227 5594 359 5646; x_wconf 81' lang='lat' dir='ltr'><strong><em>omni</em></strong></span> <span class='ocrx_word' id='word_1_516' title='bbox 381 5594 596 5648; x_wconf 80' lang='lat' dir='ltr'><strong><em>ratione</em></strong></span> <span class='ocrx_word' id='word_1_517' title='bbox 619 5594 863 5648; x_wconf 85' lang='lat' dir='ltr'><strong><em>alienum</em></strong></span> <span class='ocrx_word' id='word_1_518' title='bbox 893 5602 995 5649; x_wconf 89' lang='lat' dir='ltr'><strong><em>est.</em></strong></span> 
     </span>
    </p>
   </div>
   <div class='ocr_carea' id='block_1_76' title="bbox 207 5675 1683 5755">
    <p class='ocr_par' dir='ltr' id='par_1_76' title="bbox 207 5675 1683 5755">
     <span class='ocr_line' id='line_1_76' title="bbox 207 5675 1683 5755; baseline 0.005 -24"><span class='ocrx_word' id='word_1_519' title='bbox 207 5675 391 5754; x_wconf 58' lang='lat' dir='ltr'><strong><em>Tertio,</em></strong></span> <span class='ocrx_word' id='word_1_520' title='bbox 424 5682 785 5740; x_wconf 82' lang='lat' dir='ltr'><strong><em>Tertullianus</em></strong></span> <span class='ocrx_word' id='word_1_521' title='bbox 808 5684 974 5755; x_wconf 77' lang='lat' dir='ltr'><strong><em>fuisse</em></strong></span> <span class='ocrx_word' id='word_1_522' title='bbox 994 5700 1303 5755; x_wconf 73' lang='lat' dir='ltr'><strong><em>pra&#39;coquos</em></strong></span> <span class='ocrx_word' id='word_1_523' title='bbox 1338 5695 1387 5740; x_wconf 87' lang='lat' dir='ltr'><strong><em>et</em></strong></span> <span class='ocrx_word' id='word_1_524' title='bbox 1417 5684 1683 5739; x_wconf 82' lang='lat' dir='ltr'><strong><em>abortivos</em></strong></span> 
     </span>
    </p>
   </div>
   <div class='ocr_carea' id='block_1_77' title="bbox 1727 3070 1770 3127">
    <p class='ocr_par' dir='ltr' id='par_1_77' title="bbox 1727 3070 1770 3127">
     <span class='ocr_line' id='line_1_77' title="bbox 1727 3070 1770 3127; baseline 0 0"><span class='ocrx_word' id='word_1_525' title='bbox 1727 3070 1770 3127; x_wconf 88' lang='lat' dir='ltr'><strong><em>C</em></strong></span> 
     </span>
    </p>
   </div>
   <div class='ocr_carea' id='block_1_78' title="bbox 1809 1825 3391 1897">
    <p class='ocr_par' dir='ltr' id='par_1_78' title="bbox 1809 1825 3391 1897">
     <span class='ocr_line' id='line_1_78' title="bbox 1809 1825 3391 1897; baseline 0.005 -22"><span class='ocrx_word' id='word_1_526' title='bbox 1809 1838 1976 1892; x_wconf 90' lang='lat' dir='ltr'><strong><em>quere</em></strong></span> <span class='ocrx_word' id='word_1_527' title='bbox 2001 1825 2198 1894; x_wconf 87' lang='lat' dir='ltr'><strong><em>potuit,</em></strong></span> <span class='ocrx_word' id='word_1_528' title='bbox 2228 1838 2335 1879; x_wconf 88' lang='lat' dir='ltr'><strong><em>tam</em></strong></span> <span class='ocrx_word' id='word_1_529' title='bbox 2366 1841 2688 1897; x_wconf 66' lang='lat' dir='ltr'><strong><em>praecoques</em></strong></span> <span class='ocrx_word' id='word_1_530' title='bbox 2721 1826 3073 1883; x_wconf 85' lang='lat' dir='ltr'><strong><em>Marcionitas</em></strong></span> <span class='ocrx_word' id='word_1_531' title='bbox 3104 1828 3295 1895; x_wconf 83' lang='lat' dir='ltr'><strong><em>fuisse,</em></strong></span> <span class='ocrx_word' id='word_1_532' title='bbox 3329 1838 3391 1883; x_wconf 90' lang='lat' dir='ltr'><strong><em>ut</em></strong></span> 
     </span>
    </p>
   </div>
   <div class='ocr_carea' id='block_1_79' title="bbox 1809 1915 3393 1989">
    <p class='ocr_par' dir='ltr' id='par_1_79' title="bbox 1809 1915 3393 1989">
     <span class='ocr_line' id='line_1_79' title="bbox 1809 1915 3393 1989; baseline 0.003 -21"><span class='ocrx_word' id='word_1_533' title='bbox 1809 1923 2100 1984; x_wconf 87' lang='lat' dir='ltr'><strong><em>antequam</em></strong></span> <span class='ocrx_word' id='word_1_534' title='bbox 2126 1915 2183 1969; x_wconf 93' lang='lat' dir='ltr'><strong><em>S.</em></strong></span> <span class='ocrx_word' id='word_1_535' title='bbox 2223 1915 2466 1972; x_wconf 82' lang='lat' dir='ltr'><strong><em>Joannes</em></strong></span> <span class='ocrx_word' id='word_1_536' title='bbox 2507 1919 2793 1987; x_wconf 88' lang='lat' dir='ltr'><strong><em>epistolam</em></strong></span> <span class='ocrx_word' id='word_1_537' title='bbox 2826 1918 3069 1989; x_wconf 89' lang='lat' dir='ltr'><strong><em>scripsit,</em></strong></span> <span class='ocrx_word' id='word_1_538' title='bbox 3106 1936 3200 1975; x_wconf 90' lang='lat' dir='ltr'><strong><em>eos</em></strong></span> <span class='ocrx_word' id='word_1_539' title='bbox 3221 1921 3393 1974; x_wconf 75' lang='lat' dir='ltr'><strong><em>exsti-</em></strong></span> 
     </span>
    </p>
   </div>
   <div class='ocr_carea' id='block_1_80' title="bbox 1809 2005 3393 2079">
    <p class='ocr_par' dir='ltr' id='par_1_80' title="bbox 1809 2005 3393 2079">
     <span class='ocr_line' id='line_1_80' title="bbox 1809 2005 3393 2079; baseline 0.002 -21"><span class='ocrx_word' id='word_1_540' title='bbox 1809 2005 1939 2059; x_wconf 89' lang='lat' dir='ltr'><strong><em>tisse</em></strong></span> <span class='ocrx_word' id='word_1_541' title='bbox 1962 2016 2301 2075; x_wconf 90' lang='lat' dir='ltr'><strong><em>eompertum</em></strong></span> <span class='ocrx_word' id='word_1_542' title='bbox 2334 2008 2442 2062; x_wconf 86' lang='lat' dir='ltr'><strong><em>sit?</em></strong></span> <span class='ocrx_word' id='word_1_543' title='bbox 2465 2008 2549 2062; x_wconf 80' lang='lat' dir='ltr'><strong><em>An</em></strong></span> <span class='ocrx_word' id='word_1_544' title='bbox 2588 2010 2734 2079; x_wconf 90' lang='lat' dir='ltr'><strong><em>quod</em></strong></span> <span class='ocrx_word' id='word_1_545' title='bbox 2782 2009 3022 2079; x_wconf 90' lang='lat' dir='ltr'><strong><em>lgnatius</em></strong></span> <span class='ocrx_word' id='word_1_546' title='bbox 3062 2009 3225 2064; x_wconf 88' lang='lat' dir='ltr'><strong><em>morti</em></strong></span> <span class='ocrx_word' id='word_1_547' title='bbox 3258 2008 3393 2063; x_wconf 76' lang='lat' dir='ltr'><strong><em>vici-</em></strong></span> 
     </span>
    </p>
   </div>
   <div class='ocr_carea' id='block_1_81' title="bbox 1808 2101 3387 2167">
    <p class='ocr_par' dir='ltr' id='par_1_81' title="bbox 1808 2101 3387 2167">
     <span class='ocr_line' id='line_1_81' title="bbox 1808 2101 3387 2167; baseline 0.005 -17"><span class='ocrx_word' id='word_1_548' title='bbox 1808 2113 1912 2152; x_wconf 88' lang='lat' dir='ltr'><strong><em>nus</em></strong></span> <span class='ocrx_word' id='word_1_549' title='bbox 1941 2110 2186 2154; x_wconf 89' lang='lat' dir='ltr'><strong><em>moueret</em></strong></span> <span class='ocrx_word' id='word_1_550' title='bbox 2204 2101 2573 2167; x_wconf 81' lang='lat' dir='ltr'><strong><em>Christianos,</em></strong></span> <span class='ocrx_word' id='word_1_551' title='bbox 2610 2112 2670 2159; x_wconf 92' lang='lat' dir='ltr'><strong><em>ut</em></strong></span> <span class='ocrx_word' id='word_1_552' title='bbox 2717 2103 2820 2158; x_wconf 89' lang='lat' dir='ltr'><strong><em>sibi</em></strong></span> <span class='ocrx_word' id='word_1_553' title='bbox 2866 2111 3124 2158; x_wconf 86' lang='lat' dir='ltr'><strong><em>caverent</em></strong></span> <span class='ocrx_word' id='word_1_554' title='bbox 3180 2103 3250 2156; x_wconf 86' lang='lat' dir='ltr'><strong><em>ab</em></strong></span> <span class='ocrx_word' id='word_1_555' title='bbox 3297 2103 3387 2167; x_wconf 90' lang='lat' dir='ltr'><strong><em>iis.</em></strong></span> 
     </span>
    </p>
   </div>
   <div class='ocr_carea' id='block_1_82' title="bbox 1806 2187 3391 2261">
    <p class='ocr_par' dir='ltr' id='par_1_82' title="bbox 1806 2187 3391 2261">
     <span class='ocr_line' id='line_1_82' title="bbox 1806 2187 3391 2261; baseline 0.004 -21"><span class='ocrx_word' id='word_1_556' title='bbox 1806 2188 1899 2255; x_wconf 88' lang='lat' dir='ltr'><strong><em>qui</em></strong></span> <span class='ocrx_word' id='word_1_557' title='bbox 1948 2187 2142 2243; x_wconf 76' lang='lat' dir='ltr'><strong><em>falsam</em></strong></span> <span class='ocrx_word' id='word_1_558' title='bbox 2178 2189 2498 2261; x_wconf 87' lang='lat' dir='ltr'><strong><em>doctrinam</em></strong></span> <span class='ocrx_word' id='word_1_559' title='bbox 2553 2192 2607 2244; x_wconf 92' lang='lat' dir='ltr'><strong><em>in</em></strong></span> <span class='ocrx_word' id='word_1_560' title='bbox 2662 2190 2910 2246; x_wconf 78' lang='lat' dir='ltr'><strong><em>Ecclesia</em></strong></span> <span class='ocrx_word' id='word_1_561' title='bbox 2954 2206 3211 2261; x_wconf 85' lang='lat' dir='ltr'><strong><em>spargere</em></strong></span> <span class='ocrx_word' id='word_1_562' title='bbox 3259 2200 3391 2246; x_wconf 89' lang='lat' dir='ltr'><strong><em>tunc</em></strong></span> 
     </span>
    </p>
   </div>
   <div class='ocr_carea' id='block_1_83' title="bbox 1806 2280 3385 2351">
    <p class='ocr_par' dir='ltr' id='par_1_83' title="bbox 1806 2280 3385 2351">
     <span class='ocr_line' id='line_1_83' title="bbox 1806 2280 3385 2351; baseline 0.001 -17"><span class='ocrx_word' id='word_1_563' title='bbox 1806 2281 2068 2349; x_wconf 79' lang='lat' dir='ltr'><strong><em>temporis</em></strong></span> <span class='ocrx_word' id='word_1_564' title='bbox 2109 2283 2471 2349; x_wconf 90' lang='lat' dir='ltr'><strong><em>conabantur,</em></strong></span> <span class='ocrx_word' id='word_1_565' title='bbox 2510 2282 2636 2337; x_wconf 89' lang='lat' dir='ltr'><strong><em>inde</em></strong></span> <span class='ocrx_word' id='word_1_566' title='bbox 2674 2283 3004 2337; x_wconf 89' lang='lat' dir='ltr'><strong><em>concludere</em></strong></span> <span class='ocrx_word' id='word_1_567' title='bbox 3042 2282 3220 2351; x_wconf 88' lang='lat' dir='ltr'><strong><em>potuit</em></strong></span> <span class='ocrx_word' id='word_1_568' title='bbox 3250 2280 3385 2337; x_wconf 86' lang='lat' dir='ltr'><strong><em>Ter-</em></strong></span> 
     </span>
    </p>
   </div>
   <div class='ocr_carea' id='block_1_84' title="bbox 1808 2370 3388 2435">
    <p class='ocr_par' dir='ltr' id='par_1_84' title="bbox 1808 2370 3388 2435">
     <span class='ocr_line' id='line_1_84' title="bbox 1808 2370 3388 2435; baseline 0.003 -14"><span class='ocrx_word' id='word_1_569' title='bbox 1808 2370 2090 2435; x_wconf 85' lang='lat' dir='ltr'><strong><em>tullianus,</em></strong></span> <span class='ocrx_word' id='word_1_570' title='bbox 2128 2387 2223 2427; x_wconf 91' lang='lat' dir='ltr'><strong><em>eos</em></strong></span> <span class='ocrx_word' id='word_1_571' title='bbox 2259 2373 2447 2427; x_wconf 90' lang='lat' dir='ltr'><strong><em>eadem</em></strong></span> <span class='ocrx_word' id='word_1_572' title='bbox 2482 2380 2561 2427; x_wconf 92' lang='lat' dir='ltr'><strong><em>tot</em></strong></span> <span class='ocrx_word' id='word_1_573' title='bbox 2592 2373 2751 2427; x_wconf 89' lang='lat' dir='ltr'><strong><em>annis</em></strong></span> <span class='ocrx_word' id='word_1_574' title='bbox 2784 2376 2911 2428; x_wconf 87' lang='lat' dir='ltr'><strong><em>ante</em></strong></span> <span class='ocrx_word' id='word_1_575' title='bbox 2953 2372 3244 2428; x_wconf 80' lang='lat' dir='ltr'><strong><em>docuisse?</em></strong></span> <span class='ocrx_word' id='word_1_576' title='bbox 3283 2373 3388 2427; x_wconf 84' lang='lat' dir='ltr'><strong><em>Sed</em></strong></span> 
     </span>
    </p>
   </div>
   <div class='ocr_carea' id='block_1_85' title="bbox 1807 2463 3390 2537">
    <p class='ocr_par' dir='ltr' id='par_1_85' title="bbox 1807 2463 3390 2537">
     <span class='ocr_line' id='line_1_85' title="bbox 1807 2463 3390 2537; baseline 0.004 -25"><span class='ocrx_word' id='word_1_577' title='bbox 1807 2476 1967 2530; x_wconf 84' lang='lat' dir='ltr'><strong><em>neque</em></strong></span> <span class='ocrx_word' id='word_1_578' title='bbox 1996 2463 2102 2529; x_wconf 86' lang='lat' dir='ltr'><strong><em>hic,</em></strong></span> <span class='ocrx_word' id='word_1_579' title='bbox 2117 2464 2326 2537; x_wconf 70' lang='lat' dir='ltr'><strong><em>inquit,</em></strong></span> <span class='ocrx_word' id='word_1_580' title='bbox 2368 2481 2530 2535; x_wconf 83' lang='lat' dir='ltr'><strong><em>neque</em></strong></span> <span class='ocrx_word' id='word_1_581' title='bbox 2562 2466 2767 2535; x_wconf 89' lang='lat' dir='ltr'><strong><em>uspiam</em></strong></span> <span class='ocrx_word' id='word_1_582' title='bbox 2801 2466 2856 2519; x_wconf 88' lang='lat' dir='ltr'><strong><em>in</em></strong></span> <span class='ocrx_word' id='word_1_583' title='bbox 2887 2474 2995 2519; x_wconf 91' lang='lat' dir='ltr'><strong><em>toto</em></strong></span> <span class='ocrx_word' id='word_1_584' title='bbox 3026 2474 3212 2519; x_wconf 88' lang='lat' dir='ltr'><strong><em>contra</em></strong></span> <span class='ocrx_word' id='word_1_585' title='bbox 3241 2465 3390 2519; x_wconf 75' lang='lat' dir='ltr'><strong><em>Mar-</em></strong></span> 
     </span>
    </p>
   </div>
   <div class='ocr_carea' id='block_1_86' title="bbox 1806 2554 3389 2627">
    <p class='ocr_par' dir='ltr' id='par_1_86' title="bbox 1806 2554 3389 2627">
     <span class='ocr_line' id='line_1_86' title="bbox 1806 2554 3389 2627; baseline 0.004 -23"><span class='ocrx_word' id='word_1_586' title='bbox 1806 2554 2004 2607; x_wconf 88' lang='lat' dir='ltr'><strong><em>cionem</em></strong></span> <span class='ocrx_word' id='word_1_587' title='bbox 2040 2571 2189 2623; x_wconf 88' lang='lat' dir='ltr'><strong><em>opere</em></strong></span> <span class='ocrx_word' id='word_1_588' title='bbox 2220 2554 2421 2626; x_wconf 86' lang='lat' dir='ltr'><strong><em>Ignatii</em></strong></span> <span class='ocrx_word' id='word_1_589' title='bbox 2450 2558 2710 2620; x_wconf 85' lang='lat' dir='ltr'><strong><em>meminit,</em></strong></span> <span class='ocrx_word' id='word_1_590' title='bbox 2754 2558 2903 2627; x_wconf 87' lang='lat' dir='ltr'><strong><em>cujus</em></strong></span> <span class='ocrx_word' id='word_1_591' title='bbox 2935 2566 3042 2610; x_wconf 87' lang='lat' dir='ltr'><strong><em>tant</em></strong></span> <span class='ocrx_word' id='word_1_592' title='bbox 3087 2557 3270 2611; x_wconf 80' lang='lat' dir='ltr'><strong><em>multa:</em></strong></span> <span class='ocrx_word' id='word_1_593' title='bbox 3309 2558 3389 2611; x_wconf 90' lang='lat' dir='ltr'><strong><em>le-</em></strong></span> 
     </span>
    </p>
   </div>
   <div class='ocr_carea' id='block_1_87' title="bbox 1804 2647 3389 2719">
    <p class='ocr_par' dir='ltr' id='par_1_87' title="bbox 1804 2647 3389 2719">
     <span class='ocr_line' id='line_1_87' title="bbox 1804 2647 3389 2719; baseline 0.004 -22"><span class='ocrx_word' id='word_1_594' title='bbox 1804 2656 2003 2715; x_wconf 89' lang='lat' dir='ltr'><strong><em>guntur</em></strong></span> <span class='ocrx_word' id='word_1_595' title='bbox 2032 2648 2279 2700; x_wconf 85' lang='lat' dir='ltr'><strong><em>adversus</em></strong></span> <span class='ocrx_word' id='word_1_596' title='bbox 2306 2647 2633 2701; x_wconf 81' lang='lat' dir='ltr'><strong><em>Marcionica</em></strong></span> <span class='ocrx_word' id='word_1_597' title='bbox 2668 2650 2918 2719; x_wconf 76' lang='lat' dir='ltr'><strong><em>figmenta</em></strong></span> <span class='ocrx_word' id='word_1_598' title='bbox 2941 2652 3229 2705; x_wconf 74' lang='lat' dir='ltr'><strong><em>sententiw.</em></strong></span> <span class='ocrx_word' id='word_1_599' title='bbox 3270 2649 3389 2705; x_wconf 86' lang='lat' dir='ltr'><strong><em>Non</em></strong></span> 
     </span>
    </p>
   </div>
   <div class='ocr_carea' id='block_1_88' title="bbox 1805 2738 3386 2811">
    <p class='ocr_par' dir='ltr' id='par_1_88' title="bbox 1805 2738 3386 2811">
     <span class='ocr_line' id='line_1_88' title="bbox 1805 2738 3386 2811; baseline 0.005 -19"><span class='ocrx_word' id='word_1_600' title='bbox 1805 2738 2057 2793; x_wconf 86' lang='lat' dir='ltr'><strong><em>meminit</em></strong></span> <span class='ocrx_word' id='word_1_601' title='bbox 2084 2740 2304 2810; x_wconf 90' lang='lat' dir='ltr'><strong><em>quidem</em></strong></span> <span class='ocrx_word' id='word_1_602' title='bbox 2352 2742 2572 2811; x_wconf 89' lang='lat' dir='ltr'><strong><em>Ignatii,</em></strong></span> <span class='ocrx_word' id='word_1_603' title='bbox 2626 2742 2721 2811; x_wconf 89' lang='lat' dir='ltr'><strong><em>qui</em></strong></span> <span class='ocrx_word' id='word_1_604' title='bbox 2768 2741 2970 2796; x_wconf 87' lang='lat' dir='ltr'><strong><em>nullius</em></strong></span> <span class='ocrx_word' id='word_1_605' title='bbox 3010 2745 3293 2811; x_wconf 85' lang='lat' dir='ltr'><strong><em>meminit;</em></strong></span> <span class='ocrx_word' id='word_1_606' title='bbox 3328 2746 3386 2800; x_wconf 81' lang='lat' dir='ltr'><strong><em>in</em></strong></span> 
     </span>
    </p>
   </div>
   <div class='ocr_carea' id='block_1_89' title="bbox 1804 2832 3390 2905">
    <p class='ocr_par' dir='ltr' id='par_1_89' title="bbox 1804 2832 3390 2905">
     <span class='ocr_line' id='line_1_89' title="bbox 1804 2832 3390 2905; baseline 0.004 -18"><span class='ocrx_word' id='word_1_607' title='bbox 1804 2841 1919 2887; x_wconf 91' lang='lat' dir='ltr'><strong><em>toto</em></strong></span> <span class='ocrx_word' id='word_1_608' title='bbox 1945 2844 2131 2888; x_wconf 87' lang='lat' dir='ltr'><strong><em>contra</em></strong></span> <span class='ocrx_word' id='word_1_609' title='bbox 2164 2832 2492 2888; x_wconf 85' lang='lat' dir='ltr'><strong><em>Mareionem</em></strong></span> <span class='ocrx_word' id='word_1_610' title='bbox 2525 2848 2687 2903; x_wconf 87' lang='lat' dir='ltr'><strong><em>opere</em></strong></span> <span class='ocrx_word' id='word_1_611' title='bbox 2720 2848 2819 2888; x_wconf 84' lang='lat' dir='ltr'><strong><em>nec</em></strong></span> <span class='ocrx_word' id='word_1_612' title='bbox 2848 2850 3015 2888; x_wconf 90' lang='lat' dir='ltr'><strong><em>unum</em></strong></span> <span class='ocrx_word' id='word_1_613' title='bbox 3044 2836 3262 2905; x_wconf 88' lang='lat' dir='ltr'><strong><em>quidem</em></strong></span> <span class='ocrx_word' id='word_1_614' title='bbox 3298 2852 3390 2894; x_wconf 82' lang='lat' dir='ltr'><strong><em>ec-</em></strong></span> 
     </span>
    </p>
   </div>
   <div class='ocr_carea' id='block_1_90' title="bbox 1804 2923 3386 2997">
    <p class='ocr_par' dir='ltr' id='par_1_90' title="bbox 1804 2923 3386 2997">
     <span class='ocr_line' id='line_1_90' title="bbox 1804 2923 3386 2997; baseline 0.003 -18"><span class='ocrx_word' id='word_1_615' title='bbox 1804 2925 2173 2981; x_wconf 89' lang='lat' dir='ltr'><strong><em>clesiasticum</em></strong></span> <span class='ocrx_word' id='word_1_616' title='bbox 2192 2926 2516 2995; x_wconf 87' lang='lat' dir='ltr'><strong><em>scriptorem</em></strong></span> <span class='ocrx_word' id='word_1_617' title='bbox 2542 2926 2707 2993; x_wconf 89' lang='lat' dir='ltr'><strong><em>citat;</em></strong></span> <span class='ocrx_word' id='word_1_618' title='bbox 2734 2923 3052 2995; x_wconf 85' lang='lat' dir='ltr'><strong><em>Scripturis,</em></strong></span> <span class='ocrx_word' id='word_1_619' title='bbox 3076 2928 3386 2997; x_wconf 77' lang='lat' dir='ltr'><strong><em>traditioiie,</em></strong></span> 
     </span>
    </p>
   </div>
   <div class='ocr_carea' id='block_1_91' title="bbox 1803 3017 3387 3090">
    <p class='ocr_par' dir='ltr' id='par_1_91' title="bbox 1803 3017 3387 3090">
     <span class='ocr_line' id='line_1_91' title="bbox 1803 3017 3387 3090; baseline 0.003 -16"><span class='ocrx_word' id='word_1_620' title='bbox 1803 3021 2110 3076; x_wconf 85' lang='lat' dir='ltr'><strong><em>rationibus</em></strong></span> <span class='ocrx_word' id='word_1_621' title='bbox 2158 3030 2364 3090; x_wconf 88' lang='lat' dir='ltr'><strong><em>pugnat</em></strong></span> <span class='ocrx_word' id='word_1_622' title='bbox 2408 3029 2461 3074; x_wconf 89' lang='lat' dir='ltr'><strong><em>et</em></strong></span> <span class='ocrx_word' id='word_1_623' title='bbox 2506 3020 2728 3090; x_wconf 87' lang='lat' dir='ltr'><strong><em>quidem</em></strong></span> <span class='ocrx_word' id='word_1_624' title='bbox 2782 3017 3114 3089; x_wconf 89' lang='lat' dir='ltr'><strong><em>lgnatianis,</em></strong></span> <span class='ocrx_word' id='word_1_625' title='bbox 3169 3038 3271 3079; x_wconf 91' lang='lat' dir='ltr'><strong><em>nec</em></strong></span> <span class='ocrx_word' id='word_1_626' title='bbox 3320 3039 3387 3079; x_wconf 77' lang='lat' dir='ltr'><strong><em>ex</em></strong></span> 
     </span>
    </p>
   </div>
   <div class='ocr_carea' id='block_1_92' title="bbox 1805 3110 3388 3183">
    <p class='ocr_par' dir='ltr' id='par_1_92' title="bbox 1805 3110 3388 3183">
     <span class='ocr_line' id='line_1_92' title="bbox 1805 3110 3388 3183; baseline 0.003 -17"><span class='ocrx_word' id='word_1_627' title='bbox 1805 3112 2013 3183; x_wconf 88' lang='lat' dir='ltr'><strong><em>lgnatio</em></strong></span> <span class='ocrx_word' id='word_1_628' title='bbox 2042 3111 2367 3167; x_wconf 90' lang='lat' dir='ltr'><strong><em>nominatim</em></strong></span> <span class='ocrx_word' id='word_1_629' title='bbox 2409 3110 2735 3165; x_wconf 88' lang='lat' dir='ltr'><strong><em>sententiam</em></strong></span> <span class='ocrx_word' id='word_1_630' title='bbox 2767 3110 3031 3179; x_wconf 90' lang='lat' dir='ltr'><strong><em>aliquam,</em></strong></span> <span class='ocrx_word' id='word_1_631' title='bbox 3070 3128 3171 3168; x_wconf 87' lang='lat' dir='ltr'><strong><em>nec</em></strong></span> <span class='ocrx_word' id='word_1_632' title='bbox 3193 3128 3258 3168; x_wconf 82' lang='lat' dir='ltr'><strong><em>ex</em></strong></span> <span class='ocrx_word' id='word_1_633' title='bbox 3281 3115 3388 3179; x_wconf 80' lang='lat' dir='ltr'><strong><em>alio</em></strong></span> 
     </span>
    </p>
   </div>
   <div class='ocr_carea' id='block_1_93' title="bbox 1804 3200 3385 3275">
    <p class='ocr_par' dir='ltr' id='par_1_93' title="bbox 1804 3200 3385 3275">
     <span class='ocr_line' id='line_1_93' title="bbox 1804 3200 3385 3275; baseline 0.003 -17"><span class='ocrx_word' id='word_1_634' title='bbox 1804 3203 2066 3275; x_wconf 89' lang='lat' dir='ltr'><strong><em>quopiam</em></strong></span> <span class='ocrx_word' id='word_1_635' title='bbox 2094 3203 2375 3258; x_wconf 87' lang='lat' dir='ltr'><strong><em>describit.</em></strong></span> <span class='ocrx_word' id='word_1_636' title='bbox 2432 3200 2490 3256; x_wconf 91' lang='lat' dir='ltr'><strong><em>Si</em></strong></span> <span class='ocrx_word' id='word_1_637' title='bbox 2539 3200 2782 3271; x_wconf 82' lang='lat' dir='ltr'><strong><em>lgnatius</em></strong></span> <span class='ocrx_word' id='word_1_638' title='bbox 2816 3201 3080 3271; x_wconf 84' lang='lat' dir='ltr'><strong><em>epistolas</em></strong></span> <span class='ocrx_word' id='word_1_639' title='bbox 3113 3204 3238 3259; x_wconf 87' lang='lat' dir='ltr'><strong><em>ideo</em></strong></span> <span class='ocrx_word' id='word_1_640' title='bbox 3277 3222 3385 3262; x_wconf 91' lang='lat' dir='ltr'><strong><em>non</em></strong></span> 
     </span>
    </p>
   </div>
   <div class='ocr_carea' id='block_1_94' title="bbox 1802 3292 3388 3363">
    <p class='ocr_par' dir='ltr' id='par_1_94' title="bbox 1802 3292 3388 3363">
     <span class='ocr_line' id='line_1_94' title="bbox 1802 3292 3388 3363; baseline -0.001 -14"><span class='ocrx_word' id='word_1_641' title='bbox 1802 3294 2092 3362; x_wconf 88' lang='lat' dir='ltr'><strong><em>scripsisse</em></strong></span> <span class='ocrx_word' id='word_1_642' title='bbox 2122 3292 2389 3347; x_wconf 89' lang='lat' dir='ltr'><strong><em>dicendus</em></strong></span> <span class='ocrx_word' id='word_1_643' title='bbox 2419 3300 2536 3357; x_wconf 90' lang='lat' dir='ltr'><strong><em>est;</em></strong></span> <span class='ocrx_word' id='word_1_644' title='bbox 2570 3306 2763 3344; x_wconf 89' lang='lat' dir='ltr'><strong><em>omnes</em></strong></span> <span class='ocrx_word' id='word_1_645' title='bbox 2791 3292 2957 3345; x_wconf 86' lang='lat' dir='ltr'><strong><em>etiam</em></strong></span> <span class='ocrx_word' id='word_1_646' title='bbox 2995 3292 3121 3347; x_wconf 90' lang='lat' dir='ltr'><strong><em>libri</em></strong></span> <span class='ocrx_word' id='word_1_647' title='bbox 3162 3294 3253 3363; x_wconf 87' lang='lat' dir='ltr'><strong><em>qui</em></strong></span> <span class='ocrx_word' id='word_1_648' title='bbox 3286 3295 3388 3352; x_wconf 79' lang='lat' dir='ltr'><strong><em>ali-</em></strong></span> 
     </span>
    </p>
   </div>
   <div class='ocr_carea' id='block_1_95' title="bbox 1802 3381 3387 3454">
    <p class='ocr_par' dir='ltr' id='par_1_95' title="bbox 1802 3381 3387 3454">
     <span class='ocr_line' id='line_1_95' title="bbox 1802 3381 3387 3454; baseline 0.003 -16"><span class='ocrx_word' id='word_1_649' title='bbox 1802 3385 1931 3454; x_wconf 91' lang='lat' dir='ltr'><strong><em>quid</em></strong></span> <span class='ocrx_word' id='word_1_650' title='bbox 1962 3384 2221 3454; x_wconf 67' lang='lat' dir='ltr'><strong><em>prazclare</em></strong></span> <span class='ocrx_word' id='word_1_651' title='bbox 2257 3393 2449 3437; x_wconf 88' lang='lat' dir='ltr'><strong><em>contra</em></strong></span> <span class='ocrx_word' id='word_1_652' title='bbox 2492 3381 2881 3436; x_wconf 81' lang='lat' dir='ltr'><strong><em>Marcionicam</em></strong></span> <span class='ocrx_word' id='word_1_653' title='bbox 2930 3383 3180 3439; x_wconf 68' lang='lat' dir='ltr'><strong><em>hmresim</em></strong></span> <span class='ocrx_word' id='word_1_654' title='bbox 3208 3388 3387 3442; x_wconf 88' lang='lat' dir='ltr'><strong><em>conti-</em></strong></span> 
     </span>
    </p>
   </div>
   <div class='ocr_carea' id='block_1_96' title="bbox 1800 3471 3378 3543">
    <p class='ocr_par' dir='ltr' id='par_1_96' title="bbox 1800 3471 3378 3543">
     <span class='ocr_line' id='line_1_96' title="bbox 1800 3471 3378 3543; baseline 0.003 -15"><span class='ocrx_word' id='word_1_655' title='bbox 1800 3490 1931 3528; x_wconf 89' lang='lat' dir='ltr'><strong><em>nere</em></strong></span> <span class='ocrx_word' id='word_1_656' title='bbox 1961 3474 2345 3543; x_wconf 56' lang='lat' dir='ltr'><strong><em>(reperiuntur,</em></strong></span> <span class='ocrx_word' id='word_1_657' title='bbox 2386 3471 2558 3543; x_wconf 88' lang='lat' dir='ltr'><strong><em>spurii</em></strong></span> <span class='ocrx_word' id='word_1_658' title='bbox 2598 3480 2653 3526; x_wconf 87' lang='lat' dir='ltr'><strong><em>et</em></strong></span> <span class='ocrx_word' id='word_1_659' title='bbox 2708 3474 3064 3527; x_wconf 84' lang='lat' dir='ltr'><strong><em>commentitii</em></strong></span> <span class='ocrx_word' id='word_1_660' title='bbox 3116 3478 3378 3532; x_wconf 90' lang='lat' dir='ltr'><strong><em>censendi</em></strong></span> 
     </span>
    </p>
   </div>
   <div class='ocr_carea' id='block_1_97' title="bbox 1800 3564 3385 3629">
    <p class='ocr_par' dir='ltr' id='par_1_97' title="bbox 1800 3564 3385 3629">
     <span class='ocr_line' id='line_1_97' title="bbox 1800 3564 3385 3629; baseline 0.001 -7"><span class='ocrx_word' id='word_1_661' title='bbox 1800 3576 1949 3622; x_wconf 89' lang='lat' dir='ltr'><strong><em>sunt.</em></strong></span> <span class='ocrx_word' id='word_1_662' title='bbox 1986 3565 2357 3621; x_wconf 88' lang='lat' dir='ltr'><strong><em>Tertulliauus</em></strong></span> <span class='ocrx_word' id='word_1_663' title='bbox 2397 3581 2506 3618; x_wconf 89' lang='lat' dir='ltr'><strong><em>non</em></strong></span> <span class='ocrx_word' id='word_1_664' title='bbox 2538 3573 2746 3619; x_wconf 85' lang='lat' dir='ltr'><strong><em>tantum</em></strong></span> <span class='ocrx_word' id='word_1_665' title='bbox 2778 3564 2834 3618; x_wconf 90' lang='lat' dir='ltr'><strong><em>in</em></strong></span> <span class='ocrx_word' id='word_1_666' title='bbox 2884 3564 3008 3629; x_wconf 90' lang='lat' dir='ltr'><strong><em>hoc,</em></strong></span> <span class='ocrx_word' id='word_1_667' title='bbox 3044 3568 3138 3621; x_wconf 90' lang='lat' dir='ltr'><strong><em>sed</em></strong></span> <span class='ocrx_word' id='word_1_668' title='bbox 3180 3568 3235 3622; x_wconf 92' lang='lat' dir='ltr'><strong><em>in</em></strong></span> <span class='ocrx_word' id='word_1_669' title='bbox 3269 3578 3385 3625; x_wconf 92' lang='lat' dir='ltr'><strong><em>toto</em></strong></span> 
     </span>
    </p>
   </div>
   <div class='ocr_carea' id='block_1_98' title="bbox 1799 3640 3401 3729">
    <p class='ocr_par' dir='ltr' id='par_1_98' title="bbox 1799 3640 3401 3729">
     <span class='ocr_line' id='line_1_98' title="bbox 1799 3640 3401 3729; baseline 0.002 -17"><span class='ocrx_word' id='word_1_670' title='bbox 1799 3658 1942 3729; x_wconf 91' lang='lat' dir='ltr'><strong><em>quod</em></strong></span> <span class='ocrx_word' id='word_1_671' title='bbox 1980 3667 2162 3713; x_wconf 80' lang='lat' dir='ltr'><strong><em>exstat</em></strong></span> <span class='ocrx_word' id='word_1_672' title='bbox 2201 3672 2387 3727; x_wconf 89' lang='lat' dir='ltr'><strong><em>opere,</em></strong></span> <span class='ocrx_word' id='word_1_673' title='bbox 2429 3657 2632 3710; x_wconf 80' lang='lat' dir='ltr'><strong><em>nullam</em></strong></span> <span class='ocrx_word' id='word_1_674' title='bbox 2680 3672 2918 3726; x_wconf 89' lang='lat' dir='ltr'><strong><em>unquam</em></strong></span> <span class='ocrx_word' id='word_1_675' title='bbox 2952 3660 3276 3715; x_wconf 89' lang='lat' dir='ltr'><strong><em>sententiam</em></strong></span> <span class='ocrx_word' id='word_1_676' title='bbox 3316 3640 3401 3723; x_wconf 52' lang='lat' dir='ltr'><strong><em>ex‘</em></strong></span> 
     </span>
    </p>
   </div>
   <div class='ocr_carea' id='block_1_99' title="bbox 1798 3748 3384 3819">
    <p class='ocr_par' dir='ltr' id='par_1_99' title="bbox 1798 3748 3384 3819">
     <span class='ocr_line' id='line_1_99' title="bbox 1798 3748 3384 3819; baseline 0.001 -16"><span class='ocrx_word' id='word_1_677' title='bbox 1798 3749 1912 3803; x_wconf 91' lang='lat' dir='ltr'><strong><em>ullo</em></strong></span> <span class='ocrx_word' id='word_1_678' title='bbox 1941 3749 2209 3819; x_wconf 88' lang='lat' dir='ltr'><strong><em>scriptore</em></strong></span> <span class='ocrx_word' id='word_1_679' title='bbox 2251 3748 2628 3804; x_wconf 86' lang='lat' dir='ltr'><strong><em>ecclesiastico</em></strong></span> <span class='ocrx_word' id='word_1_680' title='bbox 2661 3748 2885 3803; x_wconf 90' lang='lat' dir='ltr'><strong><em>totidem</em></strong></span> <span class='ocrx_word' id='word_1_681' title='bbox 2932 3749 3114 3804; x_wconf 89' lang='lat' dir='ltr'><strong><em>verbis</em></strong></span> <span class='ocrx_word' id='word_1_682' title='bbox 3164 3753 3384 3816; x_wconf 69' lang='lat' dir='ltr'><strong><em>nomine</em></strong></span> 
     </span>
    </p>
   </div>
   <div class='ocr_carea' id='block_1_100' title="bbox 1796 3837 3382 3910">
    <p class='ocr_par' dir='ltr' id='par_1_100' title="bbox 1796 3837 3382 3910">
     <span class='ocr_line' id='line_1_100' title="bbox 1796 3837 3382 3910; baseline 0.003 -14"><span class='ocrx_word' id='word_1_683' title='bbox 1796 3840 1962 3897; x_wconf 88' lang='lat' dir='ltr'><strong><em>citato</em></strong></span> <span class='ocrx_word' id='word_1_684' title='bbox 1989 3840 2279 3910; x_wconf 80' lang='lat' dir='ltr'><strong><em>excerpsit.</em></strong></span> <span class='ocrx_word' id='word_1_685' title='bbox 2312 3837 2621 3894; x_wconf 85' lang='lat' dir='ltr'><strong><em>Barnabam</em></strong></span> <span class='ocrx_word' id='word_1_686' title='bbox 2660 3839 2930 3907; x_wconf 88' lang='lat' dir='ltr'><strong><em>nominat,</em></strong></span> <span class='ocrx_word' id='word_1_687' title='bbox 2956 3840 3051 3895; x_wconf 90' lang='lat' dir='ltr'><strong><em>sed</em></strong></span> <span class='ocrx_word' id='word_1_688' title='bbox 3099 3850 3159 3895; x_wconf 90' lang='lat' dir='ltr'><strong><em>ut</em></strong></span> <span class='ocrx_word' id='word_1_689' title='bbox 3193 3855 3382 3899; x_wconf 87' lang='lat' dir='ltr'><strong><em>aucto-</em></strong></span> 
     </span>
    </p>
   </div>
   <div class='ocr_carea' id='block_1_101' title="bbox 1797 3928 3382 4001">
    <p class='ocr_par' dir='ltr' id='par_1_101' title="bbox 1797 3928 3382 4001">
     <span class='ocr_line' id='line_1_101' title="bbox 1797 3928 3382 4001; baseline 0.004 -16"><span class='ocrx_word' id='word_1_690' title='bbox 1797 3946 1912 3985; x_wconf 89' lang='lat' dir='ltr'><strong><em>rem</em></strong></span> <span class='ocrx_word' id='word_1_691' title='bbox 1945 3930 2188 4000; x_wconf 71' lang='lat' dir='ltr'><strong><em>epistolse</em></strong></span> <span class='ocrx_word' id='word_1_692' title='bbox 2217 3930 2283 3985; x_wconf 91' lang='lat' dir='ltr'><strong><em>ad</em></strong></span> <span class='ocrx_word' id='word_1_693' title='bbox 2316 3928 2594 3996; x_wconf 61' lang='lat' dir='ltr'><strong><em>Hebraeos,</em></strong></span> <span class='ocrx_word' id='word_1_694' title='bbox 2637 3947 2760 4001; x_wconf 70' lang='lat' dir='ltr'><strong><em>qua:</em></strong></span> <span class='ocrx_word' id='word_1_695' title='bbox 2799 3948 2945 3987; x_wconf 91' lang='lat' dir='ltr'><strong><em>nunc</em></strong></span> <span class='ocrx_word' id='word_1_696' title='bbox 2977 3931 3033 3987; x_wconf 91' lang='lat' dir='ltr'><strong><em>S.</em></strong></span> <span class='ocrx_word' id='word_1_697' title='bbox 3071 3931 3226 3989; x_wconf 89' lang='lat' dir='ltr'><strong><em>Pauli</em></strong></span> <span class='ocrx_word' id='word_1_698' title='bbox 3260 3950 3382 3992; x_wconf 84' lang='lat' dir='ltr'><strong><em>cre-</em></strong></span> 
     </span>
    </p>
   </div>
   <div class='ocr_carea' id='block_1_102' title="bbox 1796 4019 3380 4092">
    <p class='ocr_par' dir='ltr' id='par_1_102' title="bbox 1796 4019 3380 4092">
     <span class='ocr_line' id='line_1_102' title="bbox 1796 4019 3380 4092; baseline 0.006 -16"><span class='ocrx_word' id='word_1_699' title='bbox 1796 4020 1966 4076; x_wconf 90' lang='lat' dir='ltr'><strong><em>ditur.</em></strong></span> <span class='ocrx_word' id='word_1_700' title='bbox 2008 4019 2263 4075; x_wconf 80' lang='lat' dir='ltr'><strong><em>llermam</em></strong></span> <span class='ocrx_word' id='word_1_701' title='bbox 2314 4021 2465 4087; x_wconf 87' lang='lat' dir='ltr'><strong><em>citat,</em></strong></span> <span class='ocrx_word' id='word_1_702' title='bbox 2526 4038 2689 4092; x_wconf 90' lang='lat' dir='ltr'><strong><em>quem</em></strong></span> <span class='ocrx_word' id='word_1_703' title='bbox 2740 4039 2887 4078; x_wconf 90' lang='lat' dir='ltr'><strong><em>nunc</em></strong></span> <span class='ocrx_word' id='word_1_704' title='bbox 2922 4034 2979 4078; x_wconf 92' lang='lat' dir='ltr'><strong><em>ut</em></strong></span> <span class='ocrx_word' id='word_1_705' title='bbox 3004 4026 3380 4085; x_wconf 89' lang='lat' dir='ltr'><strong><em>authenticum</em></strong></span> 
     </span>
    </p>
   </div>
   <div class='ocr_carea' id='block_1_103' title="bbox 1797 4112 3459 4185">
    <p class='ocr_par' dir='ltr' id='par_1_103' title="bbox 1797 4112 3459 4185">
     <span class='ocr_line' id='line_1_103' title="bbox 1797 4112 3459 4185; baseline 0.004 -18"><span class='ocrx_word' id='word_1_706' title='bbox 1797 4112 2055 4179; x_wconf 88' lang='lat' dir='ltr'><strong><em>admittit,</em></strong></span> <span class='ocrx_word' id='word_1_707' title='bbox 2084 4128 2231 4167; x_wconf 89' lang='lat' dir='ltr'><strong><em>nunc</em></strong></span> <span class='ocrx_word' id='word_1_708' title='bbox 2266 4121 2325 4167; x_wconf 91' lang='lat' dir='ltr'><strong><em>ut</em></strong></span> <span class='ocrx_word' id='word_1_709' title='bbox 2359 4115 2730 4185; x_wconf 79' lang='lat' dir='ltr'><strong><em>apocryphum</em></strong></span> <span class='ocrx_word' id='word_1_710' title='bbox 2768 4115 3007 4185; x_wconf 89' lang='lat' dir='ltr'><strong><em>despuit.</em></strong></span> <span class='ocrx_word' id='word_1_711' title='bbox 3045 4116 3381 4175; x_wconf 87' lang='lat' dir='ltr'><strong><em>Clementem</em></strong></span> <span class='ocrx_word' id='word_1_712' title='bbox 3446 4124 3459 4129; x_wconf 60' lang='grc'><em>“</em></span> 
     </span>
    </p>
   </div>
   <div class='ocr_carea' id='block_1_104' title="bbox 1796 4204 3371 4277">
    <p class='ocr_par' dir='ltr' id='par_1_104' title="bbox 1796 4204 3371 4277">
     <span class='ocr_line' id='line_1_104' title="bbox 1796 4204 3371 4277; baseline 0.003 -18"><span class='ocrx_word' id='word_1_713' title='bbox 1796 4204 1984 4260; x_wconf 75' lang='lat' dir='ltr'><strong><em>laudat</em></strong></span> <span class='ocrx_word' id='word_1_714' title='bbox 2030 4214 2090 4257; x_wconf 89' lang='lat' dir='ltr'><strong><em>ut</em></strong></span> <span class='ocrx_word' id='word_1_715' title='bbox 2141 4204 2328 4259; x_wconf 69' lang='lat' dir='ltr'><strong><em>Bonum</em></strong></span> <span class='ocrx_word' id='word_1_716' title='bbox 2370 4206 2713 4274; x_wconf 89' lang='lat' dir='ltr'><strong><em>episcopum,</em></strong></span> <span class='ocrx_word' id='word_1_717' title='bbox 2743 4221 2851 4260; x_wconf 91' lang='lat' dir='ltr'><strong><em>non</em></strong></span> <span class='ocrx_word' id='word_1_718' title='bbox 2886 4217 2943 4261; x_wconf 87' lang='lat' dir='ltr'><strong><em>ut</em></strong></span> <span class='ocrx_word' id='word_1_719' title='bbox 2972 4207 3214 4277; x_wconf 70' lang='lat' dir='ltr'><strong><em>epistolzr.</em></strong></span> <span class='ocrx_word' id='word_1_720' title='bbox 3236 4210 3371 4265; x_wconf 82' lang='lat' dir='ltr'><strong><em>scri-</em></strong></span> 
     </span>
    </p>
   </div>
   <div class='ocr_carea' id='block_1_105' title="bbox 1796 4294 3379 4373">
    <p class='ocr_par' dir='ltr' id='par_1_105' title="bbox 1796 4294 3379 4373">
     <span class='ocr_line' id='line_1_105' title="bbox 1796 4294 3379 4373; baseline 0.002 -23"><span class='ocrx_word' id='word_1_721' title='bbox 1796 4306 2029 4366; x_wconf 89' lang='lat' dir='ltr'><strong><em>ptorem.</em></strong></span> <span class='ocrx_word' id='word_1_722' title='bbox 2054 4294 2400 4350; x_wconf 85' lang='lat' dir='ltr'><strong><em>Christianos</em></strong></span> <span class='ocrx_word' id='word_1_723' title='bbox 2433 4296 2645 4364; x_wconf 86' lang='lat' dir='ltr'><strong><em>aliquot</em></strong></span> <span class='ocrx_word' id='word_1_724' title='bbox 2670 4296 2738 4348; x_wconf 87' lang='lat' dir='ltr'><strong><em>ad</em></strong></span> <span class='ocrx_word' id='word_1_725' title='bbox 2778 4306 2975 4366; x_wconf 85' lang='lat' dir='ltr'><strong><em>gentes,</em></strong></span> <span class='ocrx_word' id='word_1_726' title='bbox 3016 4300 3155 4370; x_wconf 82' lang='grc' dir='ltr'><strong><em>πρὸς</em></strong></span> <span class='ocrx_word' id='word_1_727' title='bbox 3191 4300 3379 4373; x_wconf 85' lang='grc' dir='ltr'><strong><em>’Έλλη-</em></strong></span> 
     </span>
    </p>
   </div>
   <div class='ocr_carea' id='block_1_106' title="bbox 1730 4384 3373 4458">
    <p class='ocr_par' dir='ltr' id='par_1_106' title="bbox 1730 4384 3373 4458">
     <span class='ocr_line' id='line_1_106' title="bbox 1730 4384 3373 4458; baseline 0.004 -18"><span class='ocrx_word' id='word_1_728' title='bbox 1730 4403 1773 4458; x_wconf 80' lang='grc' dir='ltr'><strong><em>ι)</em></strong></span> <span class='ocrx_word' id='word_1_729' title='bbox 1798 4405 1915 4450; x_wconf 88' lang='grc' dir='ltr'>νας,</span> <span class='ocrx_word' id='word_1_730' title='bbox 1950 4384 2225 4456; x_wconf 82' lang='lat' dir='ltr'><strong><em>Opuscula</em></strong></span> <span class='ocrx_word' id='word_1_731' title='bbox 2256 4385 2587 4451; x_wconf 88' lang='lat' dir='ltr'><strong><em>condidisse,</em></strong></span> <span class='ocrx_word' id='word_1_732' title='bbox 2620 4386 2773 4453; x_wconf 90' lang='lat' dir='ltr'><strong><em>dicit,</em></strong></span> <span class='ocrx_word' id='word_1_733' title='bbox 2800 4389 3075 4444; x_wconf 89' lang='lat' dir='ltr'><strong><em>neminem</em></strong></span> <span class='ocrx_word' id='word_1_734' title='bbox 3104 4392 3373 4447; x_wconf 91' lang='lat' dir='ltr'><strong><em>nominat.</em></strong></span> 
     </span>
    </p>
   </div>
   <div class='ocr_carea' id='block_1_107' title="bbox 1797 4479 3379 4549">
    <p class='ocr_par' dir='ltr' id='par_1_107' title="bbox 1797 4479 3379 4549">
     <span class='ocr_line' id='line_1_107' title="bbox 1797 4479 3379 4549; baseline 0 -13"><span class='ocrx_word' id='word_1_735' title='bbox 1797 4479 2095 4549; x_wconf 88' lang='lat' dir='ltr'><strong><em>Cujusdam</em></strong></span> <span class='ocrx_word' id='word_1_736' title='bbox 2138 4479 2254 4535; x_wconf 67' lang='lat' dir='ltr'><strong><em>hare</em></strong></span> <span class='ocrx_word' id='word_1_737' title='bbox 2300 4479 2465 4533; x_wconf 87' lang='lat' dir='ltr'><strong><em>verba</em></strong></span> <span class='ocrx_word' id='word_1_738' title='bbox 2507 4480 2735 4533; x_wconf 86' lang='lat' dir='ltr'><strong><em>recitare</em></strong></span> <span class='ocrx_word' id='word_1_739' title='bbox 2788 4480 3001 4535; x_wconf 87' lang='lat' dir='ltr'><strong><em>videtur</em></strong></span> <span class='ocrx_word' id='word_1_740' title='bbox 3047 4500 3060 4536; x_wconf 93' lang='lat'>:</span> <span class='ocrx_word' id='word_1_741' title='bbox 3116 4481 3379 4547; x_wconf 84' lang='lat' dir='ltr'><strong><em>Quoniam</em></strong></span> 
     </span>
    </p>
   </div>
   <div class='ocr_carea' id='block_1_108' title="bbox 1795 4567 3376 4643">
    <p class='ocr_par' dir='ltr' id='par_1_108' title="bbox 1795 4567 3376 4643">
     <span class='ocr_line' id='line_1_108' title="bbox 1795 4567 3376 4643; baseline 0.004 -22"><span class='ocrx_word' id='word_1_742' title='bbox 1795 4568 2003 4638; x_wconf 88' lang='lat' dir='ltr'><strong><em>quidem</em></strong></span> <span class='ocrx_word' id='word_1_743' title='bbox 2034 4568 2353 4637; x_wconf 89' lang='lat' dir='ltr'><strong><em>desponsata</em></strong></span> <span class='ocrx_word' id='word_1_744' title='bbox 2388 4577 2465 4622; x_wconf 87' lang='lat' dir='ltr'><strong><em>est</em></strong></span> <span class='ocrx_word' id='word_1_745' title='bbox 2514 4567 2710 4634; x_wconf 79' lang='lat' dir='ltr'><strong><em>Maria,</em></strong></span> <span class='ocrx_word' id='word_1_746' title='bbox 2742 4570 2942 4624; x_wconf 78' lang='lat' dir='ltr'><strong><em>idcirco</em></strong></span> <span class='ocrx_word' id='word_1_747' title='bbox 2971 4581 3020 4624; x_wconf 88' lang='lat' dir='ltr'><strong><em>et</em></strong></span> <span class='ocrx_word' id='word_1_748' title='bbox 3060 4572 3124 4624; x_wconf 87' lang='lat' dir='ltr'><strong><em>ab</em></strong></span> <span class='ocrx_word' id='word_1_749' title='bbox 3169 4573 3376 4643; x_wconf 88' lang='lat' dir='ltr'><strong><em>angelo,</em></strong></span> 
     </span>
    </p>
   </div>
   <div class='ocr_carea' id='block_1_109' title="bbox 1793 4656 3379 4728">
    <p class='ocr_par' dir='ltr' id='par_1_109' title="bbox 1793 4656 3379 4728">
     <span class='ocr_line' id='line_1_109' title="bbox 1793 4656 3379 4728; baseline 0.003 -17"><span class='ocrx_word' id='word_1_750' title='bbox 1793 4667 1843 4711; x_wconf 89' lang='lat' dir='ltr'><strong><em>et</em></strong></span> <span class='ocrx_word' id='word_1_751' title='bbox 1879 4656 1942 4711; x_wconf 89' lang='lat' dir='ltr'><strong><em>ab</em></strong></span> <span class='ocrx_word' id='word_1_752' title='bbox 1971 4657 2209 4727; x_wconf 86' lang='lat' dir='ltr'><strong><em>apostolo</em></strong></span> <span class='ocrx_word' id='word_1_753' title='bbox 2247 4657 2515 4711; x_wconf 88' lang='lat' dir='ltr'><strong><em>mulierem</em></strong></span> <span class='ocrx_word' id='word_1_754' title='bbox 2563 4660 2959 4725; x_wconf 88' lang='lat' dir='ltr'><strong><em>pronuntiatam</em></strong></span> <span class='ocrx_word' id='word_1_755' title='bbox 3001 4674 3019 4711; x_wconf 93' lang='lat'><strong><em>:</em></strong></span> <span class='ocrx_word' id='word_1_756' title='bbox 3060 4660 3379 4728; x_wconf 84' lang='lat' dir='ltr'><strong><em>desponsata</em></strong></span> 
     </span>
    </p>
   </div>
   <div class='ocr_carea' id='block_1_110' title="bbox 1793 4750 3373 4822">
    <p class='ocr_par' dir='ltr' id='par_1_110' title="bbox 1793 4750 3373 4822">
     <span class='ocr_line' id='line_1_110' title="bbox 1793 4750 3373 4822; baseline 0.003 -19"><span class='ocrx_word' id='word_1_757' title='bbox 1793 4751 1932 4804; x_wconf 91' lang='lat' dir='ltr'><strong><em>enim</em></strong></span> <span class='ocrx_word' id='word_1_758' title='bbox 1970 4750 2360 4820; x_wconf 84' lang='lat' dir='ltr'><strong><em>quodammodo</em></strong></span> <span class='ocrx_word' id='word_1_759' title='bbox 2406 4759 2605 4819; x_wconf 89' lang='lat' dir='ltr'><strong><em>nupta;</em></strong></span> <span class='ocrx_word' id='word_1_760' title='bbox 2644 4751 2736 4804; x_wconf 88' lang='lat' dir='ltr'><strong><em>sed</em></strong></span> <span class='ocrx_word' id='word_1_761' title='bbox 2781 4766 2848 4803; x_wconf 91' lang='lat' dir='ltr'><strong><em>an</em></strong></span> <span class='ocrx_word' id='word_1_762' title='bbox 2899 4751 3101 4822; x_wconf 90' lang='lat' dir='ltr'><strong><em>scripta</em></strong></span> <span class='ocrx_word' id='word_1_763' title='bbox 3149 4751 3373 4819; x_wconf 81' lang='lat' dir='ltr'><strong><em>fuerint,</em></strong></span> 
     </span>
    </p>
   </div>
   <div class='ocr_carea' id='block_1_111' title="bbox 1793 4844 3377 4913">
    <p class='ocr_par' dir='ltr' id='par_1_111' title="bbox 1793 4844 3377 4913">
     <span class='ocr_line' id='line_1_111' title="bbox 1793 4844 3377 4913; baseline 0.001 -14"><span class='ocrx_word' id='word_1_764' title='bbox 1793 4859 1903 4899; x_wconf 89' lang='lat' dir='ltr'><strong><em>non</em></strong></span> <span class='ocrx_word' id='word_1_765' title='bbox 1932 4844 2110 4910; x_wconf 86' lang='lat' dir='ltr'><strong><em>docet,</em></strong></span> <span class='ocrx_word' id='word_1_766' title='bbox 2135 4854 2187 4897; x_wconf 90' lang='lat' dir='ltr'><strong><em>et</em></strong></span> <span class='ocrx_word' id='word_1_767' title='bbox 2229 4845 2343 4913; x_wconf 88' lang='lat' dir='ltr'><strong><em>ipsa</em></strong></span> <span class='ocrx_word' id='word_1_768' title='bbox 2387 4844 2541 4899; x_wconf 72' lang='lat' dir='ltr'><strong><em>affert</em></strong></span> <span class='ocrx_word' id='word_1_769' title='bbox 2581 4853 2791 4899; x_wconf 91' lang='lat' dir='ltr'><strong><em>tantum</em></strong></span> <span class='ocrx_word' id='word_1_770' title='bbox 2836 4853 2895 4899; x_wconf 90' lang='lat' dir='ltr'><strong><em>ut</em></strong></span> <span class='ocrx_word' id='word_1_771' title='bbox 2938 4845 3154 4901; x_wconf 79' lang='lat' dir='ltr'><strong><em>refutet.</em></strong></span> <span class='ocrx_word' id='word_1_772' title='bbox 3204 4846 3377 4903; x_wconf 78' lang='lat' dir='ltr'><strong><em>Justi-</em></strong></span> 
     </span>
    </p>
   </div>
   <div class='ocr_carea' id='block_1_112' title="bbox 1794 4938 3375 5007">
    <p class='ocr_par' dir='ltr' id='par_1_112' title="bbox 1794 4938 3375 5007">
     <span class='ocr_line' id='line_1_112' title="bbox 1794 4938 3375 5007; baseline 0.001 -13"><span class='ocrx_word' id='word_1_773' title='bbox 1794 4956 1949 5006; x_wconf 89' lang='lat' dir='ltr'><strong><em>num,</em></strong></span> <span class='ocrx_word' id='word_1_774' title='bbox 1980 4938 2266 5007; x_wconf 59' lang='lat' dir='ltr'><strong><em>Irenaeum,</em></strong></span> <span class='ocrx_word' id='word_1_775' title='bbox 2306 4938 2624 5007; x_wconf 82' lang='lat' dir='ltr'><strong><em>Miltiadem,</em></strong></span> <span class='ocrx_word' id='word_1_776' title='bbox 2658 4939 2951 4995; x_wconf 80' lang='lat' dir='ltr'><strong><em>Proculum</em></strong></span> <span class='ocrx_word' id='word_1_777' title='bbox 2985 4943 3157 4997; x_wconf 76' lang='lat' dir='ltr'><strong><em>semel</em></strong></span> <span class='ocrx_word' id='word_1_778' title='bbox 3197 4940 3375 4995; x_wconf 86' lang='lat' dir='ltr'><strong><em>nomi-</em></strong></span> 
     </span>
    </p>
   </div>
   <div class='ocr_carea' id='block_1_113' title="bbox 1793 5030 3370 5101">
    <p class='ocr_par' dir='ltr' id='par_1_113' title="bbox 1793 5030 3370 5101">
     <span class='ocr_line' id='line_1_113' title="bbox 1793 5030 3370 5101; baseline -0.004 -16"><span class='ocrx_word' id='word_1_779' title='bbox 1793 5038 1909 5098; x_wconf 89' lang='lat' dir='ltr'><strong><em>nat,</em></strong></span> <span class='ocrx_word' id='word_1_780' title='bbox 1940 5046 2079 5101; x_wconf 91' lang='lat' dir='ltr'><strong><em>quos</em></strong></span> <span class='ocrx_word' id='word_1_781' title='bbox 2106 5042 2159 5085; x_wconf 89' lang='lat' dir='ltr'><strong><em>et</em></strong></span> <span class='ocrx_word' id='word_1_782' title='bbox 2192 5045 2251 5085; x_wconf 91' lang='lat' dir='ltr'><strong><em>se</em></strong></span> <span class='ocrx_word' id='word_1_783' title='bbox 2275 5030 2429 5100; x_wconf 90' lang='lat' dir='ltr'><strong><em>sequi</em></strong></span> <span class='ocrx_word' id='word_1_784' title='bbox 2461 5031 2745 5100; x_wconf 81' lang='lat' dir='ltr'><strong><em>professus</em></strong></span> <span class='ocrx_word' id='word_1_785' title='bbox 2767 5041 2870 5086; x_wconf 88' lang='lat' dir='ltr'><strong><em>est.</em></strong></span> <span class='ocrx_word' id='word_1_786' title='bbox 2899 5030 3102 5087; x_wconf 85' lang='lat' dir='ltr'><strong><em>Praeter</em></strong></span> <span class='ocrx_word' id='word_1_787' title='bbox 3127 5031 3228 5085; x_wconf 79' lang='lat' dir='ltr'><strong><em>hos</em></strong></span> <span class='ocrx_word' id='word_1_788' title='bbox 3260 5030 3370 5095; x_wconf 80' lang='lat' dir='ltr'><strong><em>ille,</em></strong></span> 
     </span>
    </p>
   </div>
   <div class='ocr_carea' id='block_1_114' title="bbox 1793 5118 3373 5192">
    <p class='ocr_par' dir='ltr' id='par_1_114' title="bbox 1793 5118 3373 5192">
     <span class='ocr_line' id='line_1_114' title="bbox 1793 5118 3373 5192; baseline -0.003 -17"><span class='ocrx_word' id='word_1_789' title='bbox 1793 5123 1888 5192; x_wconf 92' lang='lat' dir='ltr'><strong><em>qui</em></strong></span> <span class='ocrx_word' id='word_1_790' title='bbox 1914 5120 2696 5192; x_wconf 70' lang='lat' dir='ltr'><strong><em>quamplurimosJuereticos,</em></strong></span> <span class='ocrx_word' id='word_1_791' title='bbox 2727 5123 2992 5177; x_wconf 90' lang='lat' dir='ltr'><strong><em>ducentos</em></strong></span> <span class='ocrx_word' id='word_1_792' title='bbox 3023 5134 3163 5191; x_wconf 85' lang='lat' dir='ltr'><strong><em>pene</em></strong></span> <span class='ocrx_word' id='word_1_793' title='bbox 3194 5118 3373 5172; x_wconf 77' lang='lat' dir='ltr'><strong><em>ethni—</em></strong></span> 
     </span>
    </p>
   </div>
   <div class='ocr_carea' id='block_1_115' title="bbox 1792 5210 3371 5283">
    <p class='ocr_par' dir='ltr' id='par_1_115' title="bbox 1792 5210 3371 5283">
     <span class='ocr_line' id='line_1_115' title="bbox 1792 5210 3371 5283; baseline -0.003 -13"><span class='ocrx_word' id='word_1_794' title='bbox 1792 5229 1885 5270; x_wconf 86' lang='lat' dir='ltr'><strong><em>eos</em></strong></span> <span class='ocrx_word' id='word_1_795' title='bbox 1908 5213 2113 5276; x_wconf 87' lang='lat' dir='ltr'><strong><em>laudat,</em></strong></span> <span class='ocrx_word' id='word_1_796' title='bbox 2155 5213 2427 5267; x_wconf 83' lang='lat' dir='ltr'><strong><em>neminem</em></strong></span> <span class='ocrx_word' id='word_1_797' title='bbox 2463 5228 2531 5267; x_wconf 79' lang='lat' dir='ltr'><strong><em>ex</em></strong></span> <span class='ocrx_word' id='word_1_798' title='bbox 2578 5214 2939 5283; x_wconf 89' lang='lat' dir='ltr'><strong><em>scriptoribus</em></strong></span> <span class='ocrx_word' id='word_1_799' title='bbox 2987 5210 3371 5267; x_wconf 85' lang='lat' dir='ltr'><strong><em>ecclesiasticis</em></strong></span> 
     </span>
    </p>
   </div>
   <div class='ocr_carea' id='block_1_116' title="bbox 1791 5303 3371 5375">
    <p class='ocr_par' dir='ltr' id='par_1_116' title="bbox 1791 5303 3371 5375">
     <span class='ocr_line' id='line_1_116' title="bbox 1791 5303 3371 5375; baseline -0.002 -15"><span class='ocrx_word' id='word_1_800' title='bbox 1791 5307 2080 5361; x_wconf 87' lang='lat' dir='ltr'><strong><em>nominare</em></strong></span> <span class='ocrx_word' id='word_1_801' title='bbox 2107 5305 2365 5375; x_wconf 85' lang='lat' dir='ltr'><strong><em>dignatus</em></strong></span> <span class='ocrx_word' id='word_1_802' title='bbox 2410 5315 2518 5372; x_wconf 87' lang='lat' dir='ltr'><strong><em>est;</em></strong></span> <span class='ocrx_word' id='word_1_803' title='bbox 2551 5314 2605 5359; x_wconf 91' lang='lat' dir='ltr'><strong><em>et</em></strong></span> <span class='ocrx_word' id='word_1_804' title='bbox 2644 5320 2710 5359; x_wconf 86' lang='lat' dir='ltr'><strong><em>ex</em></strong></span> <span class='ocrx_word' id='word_1_805' title='bbox 2741 5320 2929 5359; x_wconf 85' lang='lat' dir='ltr'><strong><em>eorum</em></strong></span> <span class='ocrx_word' id='word_1_806' title='bbox 2961 5318 3099 5369; x_wconf 84' lang='lat' dir='ltr'><strong><em>quos</em></strong></span> <span class='ocrx_word' id='word_1_807' title='bbox 3124 5303 3371 5357; x_wconf 87' lang='lat' dir='ltr'><strong><em>nominat</em></strong></span> 
     </span>
    </p>
   </div>
   <div class='ocr_carea' id='block_1_117' title="bbox 1792 5393 3371 5467">
    <p class='ocr_par' dir='ltr' id='par_1_117' title="bbox 1792 5393 3371 5467">
     <span class='ocr_line' id='line_1_117' title="bbox 1792 5393 3371 5467; baseline -0.003 -13"><span class='ocrx_word' id='word_1_808' title='bbox 1792 5398 2010 5467; x_wconf 89' lang='lat' dir='ltr'><strong><em>scriptis</em></strong></span> <span class='ocrx_word' id='word_1_809' title='bbox 2034 5412 2100 5451; x_wconf 91' lang='lat' dir='ltr'><strong><em>ne</em></strong></span> <span class='ocrx_word' id='word_1_810' title='bbox 2129 5413 2235 5450; x_wconf 89' lang='lat' dir='ltr'><strong><em>una</em></strong></span> <span class='ocrx_word' id='word_1_811' title='bbox 2259 5396 2478 5466; x_wconf 89' lang='lat' dir='ltr'><strong><em>quidem</em></strong></span> <span class='ocrx_word' id='word_1_812' title='bbox 2510 5397 2777 5451; x_wconf 89' lang='lat' dir='ltr'><strong><em>sententia</em></strong></span> <span class='ocrx_word' id='word_1_813' title='bbox 2808 5397 2889 5466; x_wconf 28' lang='lat' dir='ltr'><strong><em>.ad</em></strong></span> <span class='ocrx_word' id='word_1_814' title='bbox 2919 5393 3235 5449; x_wconf 81' lang='lat' dir='ltr'><strong><em>refutandos</em></strong></span> <span class='ocrx_word' id='word_1_815' title='bbox 3267 5393 3371 5449; x_wconf 70' lang='lat' dir='ltr'><strong><em>has-</em></strong></span> 
     </span>
    </p>
   </div>
   <div class='ocr_carea' id='block_1_118' title="bbox 1789 5486 3370 5558">
    <p class='ocr_par' dir='ltr' id='par_1_118' title="bbox 1789 5486 3370 5558">
     <span class='ocr_line' id='line_1_118' title="bbox 1789 5486 3370 5558; baseline -0.003 -13"><span class='ocrx_word' id='word_1_816' title='bbox 1789 5491 2013 5553; x_wconf 88' lang='lat' dir='ltr'><strong><em>reticos,</em></strong></span> <span class='ocrx_word' id='word_1_817' title='bbox 2066 5498 2162 5543; x_wconf 91' lang='lat' dir='ltr'><strong><em>aut</em></strong></span> <span class='ocrx_word' id='word_1_818' title='bbox 2209 5489 2513 5543; x_wconf 90' lang='lat' dir='ltr'><strong><em>doctrinam</em></strong></span> <span class='ocrx_word' id='word_1_819' title='bbox 2554 5488 2801 5558; x_wconf 87' lang='lat' dir='ltr'><strong><em>aliquam&#39;</em></strong></span> <span class='ocrx_word' id='word_1_820' title='bbox 2830 5486 3200 5541; x_wconf 89' lang='lat' dir='ltr'><strong><em>Christianam</em></strong></span> <span class='ocrx_word' id='word_1_821' title='bbox 3237 5500 3370 5541; x_wconf 86' lang='lat' dir='ltr'><strong><em>cor.-</em></strong></span> 
     </span>
    </p>
   </div>
   <div class='ocr_carea' id='block_1_119' title="bbox 1790 5578 3367 5652">
    <p class='ocr_par' dir='ltr' id='par_1_119' title="bbox 1790 5578 3367 5652">
     <span class='ocr_line' id='line_1_119' title="bbox 1790 5578 3367 5652; baseline -0.004 -14"><span class='ocrx_word' id='word_1_822' title='bbox 1790 5582 2137 5645; x_wconf 82' lang='lat' dir='ltr'><strong><em>lirmandant,</em></strong></span> <span class='ocrx_word' id='word_1_823' title='bbox 2190 5591 2449 5652; x_wconf 87' lang='lat' dir='ltr'><strong><em>tanquam</em></strong></span> <span class='ocrx_word' id='word_1_824' title='bbox 2498 5580 2834 5645; x_wconf 86' lang='lat' dir='ltr'><strong><em>testimonio,</em></strong></span> <span class='ocrx_word' id='word_1_825' title='bbox 2891 5588 2987 5634; x_wconf 88' lang='lat' dir='ltr'><strong><em>aut</em></strong></span> <span class='ocrx_word' id='word_1_826' title='bbox 3038 5578 3140 5635; x_wconf 90' lang='lat' dir='ltr'><strong><em>sub</em></strong></span> <span class='ocrx_word' id='word_1_827' title='bbox 3183 5578 3367 5648; x_wconf 86' lang='lat' dir='ltr'><strong><em>specie</em></strong></span> 
     </span>
    </p>
   </div>
   <div class='ocr_carea' id='block_1_120' title="bbox 1791 5670 3365 5746">
    <p class='ocr_par' dir='ltr' id='par_1_120' title="bbox 1791 5670 3365 5746">
     <span class='ocr_line' id='line_1_120' title="bbox 1791 5670 3365 5746; baseline -0.006 -13"><span class='ocrx_word' id='word_1_828' title='bbox 1791 5674 2136 5733; x_wconf 87' lang='lat' dir='ltr'><strong><em>auctoritatis</em></strong></span> <span class='ocrx_word' id='word_1_829' title='bbox 2160 5676 2353 5730; x_wconf 85' lang='lat' dir='ltr'><strong><em>utitur.</em></strong></span> <span class='ocrx_word' id='word_1_830' title='bbox 2384 5673 2671 5729; x_wconf 86' lang='lat' dir='ltr'><strong><em>Silentium</em></strong></span> <span class='ocrx_word' id='word_1_831' title='bbox 2699 5673 2863 5746; x_wconf 83' lang='lat' dir='ltr'><strong><em>igitur</em></strong></span> <span class='ocrx_word' id='word_1_832' title='bbox 2894 5672 3213 5729; x_wconf 85' lang='lat' dir='ltr'><strong><em>Tertulliani</em></strong></span> <span class='ocrx_word' id='word_1_833' title='bbox 3232 5670 3365 5725; x_wconf 87' lang='lat' dir='ltr'><strong><em>nihil</em></strong></span> 
     </span>
    </p>
   </div>
  </div>
