3770 6302
343 214 457 276 263
533 175 537 179 ’

1389 231 1448 286 S.
1489 226 1838 286 lGNATlUS.
1864 254 1931 265 —
1969 221 2509 279 PROLEGOMENA.

3500 223 3595 282 861

335 348 1281 430 sdlgnatiiepistollciauctoritatem
1301 346 1731 401 imminuendam
1745 342 1907 396 valet.
1941 346 1987 401 Α
2013 338 2223 430 ducere,
2257 336 2503 430 idoneum
2530 334 2879 430 conﬁrmandi
2911 335 2974 430 de
3016 338 3256 430 proximo
3283 354 3413 430 Jure

403 451 630 519 Quarto,
674 448 942 520 lgnatium
983 451 1234 498 nostrum
1278 455 1386 494 non
1435 447 1646 493 tantum
1700 434 1914 489 Tertul-

334 544 502 606 liano,
529 544 623 597 sed
657 550 710 596 et
735 538 1018 596 catholicis
1044 533 1289 605 ejusdem
1321 531 1421 587 aevi
1462 530 1707 600 ignotum
1743 526 1916 581 fuisse

336 636 557 690 aliunde
610 630 986 703 deprehendit.
1044 626 1307 690 Scilicet,
1371 622 1619 676 catholici
1701 620 1910 687 lapsos,

336 725 497 777 etiam
522 721 760 784 moechos,
794 736 884 789 per
913 715 1272 787 paenitentiam
1300 714 1357 766 in
1395 710 1689 765 Ecclesiam
1718 710 1917 762 admit-

338 814 533 868 tebant.
566 812 946 873 Tertullianus,
979 806 1222 861 Montani
1254 814 1502 870 sectator,
1526 803 1622 857 lib.
1656 801 1731 856 De
1756 801 1916 872 pudi-

336 905 488 970 citia,
522 903 807 956 catholicos
838 907 1125 971 oppugnat.
1154 895 1399 967 Ignatius
1432 896 1580 948 docet
1611 895 1913 964 pmnitentes

336 1012 444 1050 esse
477 994 858 1065 suscipiendos.
913 990 1053 1063 Ergo
1098 1006 1191 1046 nec
1233 987 1581 1050 Tertulliano,
1613 1003 1703 1040 nec
1733 986 1917 1039 catho-

335 1087 452 1144 licis
481 1095 635 1140 notus
667 1085 792 1155 fuit.
818 1085 922 1136 Ain
948 1098 1101 1150 vero,
1133 1096 1263 1152 ergo
1295 1093 1396 1134 nec
1425 1076 1783 1142 Tertulliano,
1815 1092 1917 1133 nec

334 1178 621 1235 catholicis
645 1187 807 1232 notus
832 1177 954 1242 luit,
986 1176 1069 1230 vel
1114 1173 1260 1245 quod
1292 1171 1435 1225 idem
1475 1179 1579 1235 est,
1614 1178 1667 1224 et
1701 1168 1917 1224 Tertul-

335 1271 481 1325 liano
506 1282 561 1325 et
594 1268 880 1324 catholicis
914 1268 1134 1338 ignotus
1175 1265 1313 1319 fuit?
1346 1265 1508 1334 idque
1552 1262 1681 1317 hinc
1724 1262 1918 1332 depre-

335 1358 497 1413 hendi
528 1358 719 1428 putas?
766 1355 1073 1425 Utrumque
1122 1367 1271 1409 certe
1323 1368 1431 1407 non
1482 1352 1753 1422 sequitur.
1810 1349 1916 1405 Pro

335 1445 602 1500 alterutro
633 1444 854 1515 quidem
892 1445 1101 1514 species
1128 1443 1311 1513 aliqua
1349 1442 1655 1512 argumenti
1684 1450 1790 1506 est,
1817 1456 1916 1510 pro

335 1546 568 1607 utroque
612 1536 782 1591 nulla.
827 1534 989 1590 Liber
1018 1535 1240 1604 quidem
1273 1533 1348 1587 De
1371 1533 1631 1603 pudicitia
1663 1532 1737 1586 ita
1775 1532 1917 1587 scri-

336 1641 460 1701 ptus
487 1639 591 1697 est,
622 1642 681 1685 ut
729 1630 1051 1700 plerumque
1092 1627 1270 1698 primo
1296 1625 1716 1697 Psychicorum,
1744 1624 1799 1679 id.
1834 1631 1919 1679 est

334 1722 735 1777 catholicorum
765 1720 998 1790 objecta,
1037 1718 1163 1774 dein
1206 1717 1530 1773 Tertulliani
1562 1715 1917 1771 Montanistze

336 1814 723 1883 responsiones
754 1813 1055 1868 contineat.
1085 1811 1310 1882 Objecta
1339 1819 1522 1865 autem
1554 1810 1645 1863 illa
1682 1808 1764 1864 vel
1792 1822 1913 1863 om-

335 1905 423 1960 nia
460 1914 515 1960 et
543 1905 659 1960 sola
687 1904 930 1970 fuerunt,
961 1919 1083 1974 quae
1126 1902 1381 1958 catholici
1419 1902 1694 1957 barreticis
1744 1917 1917 1973 oppo-

333 1980 555 2062 nebant,
595 2009 649 2053 et
676 1998 745 2053 ad
775 2012 898 2069 qua:
926 2011 957 2050 a
989 1995 1328 2051 Tertulliano
1376 1996 1790 2065 responsionem
1819 2011 1917 2051 ex-

332 2094 651 2161 spectabant
695 2100 858 2161 atque
887 2089 1272 2161 postulabant;
1312 2090 1459 2159 quod
1493 2088 1540 2145 si
1570 2087 1779 2143 factum
1812 2104 1918 2159 pu-

334 2187 533 2247 temus,
581 2189 695 2236 tum
728 2180 1105 2236 Tertullianus
1135 2180 1349 2235 censeri
1386 2194 1497 2233 non
1540 2188 1723 2249 potest
1760 2180 1920 2249 lgna-

333 2271 469 2328 tium
516 2275 637 2329 ideo
672 2273 976 2343 ignorasse,
1024 2274 1153 2344 quia
1211 2287 1339 2327 eum
1396 2286 1507 2326 non
1558 2271 1915 2336 nominabat;

332 2380 511 2436 neque
535 2366 681 2420 enim
713 2383 812 2436 pro
837 2382 895 2422 se
920 2366 1210 2421 nominare
1235 2366 1433 2436 potuit,
1460 2379 1637 2435 neque
1658 2365 1920 2419 adversus

332 2459 703 2515 senominare
729 2459 939 2526 debuit,
994 2459 1100 2514 nisi
1138 2474 1233 2513 eos
1274 2468 1509 2523 tantum,
1556 2473 1790 2529 quorum
1822 2473 1921 2511 au-

332 2550 560 2607 ctoritas
589 2548 640 2604 ei
674 2549 1060 2619 objiciebatur.
1099 2547 1196 2603 Vel
1225 2549 1440 2615 objecta
1479 2550 1595 2605 haec
1629 2546 1920 2603 Tertullia-

333 2658 440 2697 nus
465 2642 569 2697 sibi
602 2642 706 2713 ipsi
735 2642 883 2709 fecit,
916 2657 1043 2697 cum
1082 2643 1292 2698 delectu
1331 2651 1386 2697 et
1434 2658 1534 2711 pro
1572 2640 1824 2704 arbitrio,
1866 2647 1922 2693 et

334 2750 444 2788 non
493 2750 559 2788 ex
589 2734 909 2804 praescripto
939 2734 1362 2798 catholicorum,
1400 2733 1549 2804 quod
1588 2728 1923 2789 verisimilli-

332 2840 485 2880 mum
514 2838 634 2894 est;
666 2834 721 2881 et
766 2834 881 2880 tum
933 2825 1061 2881 inde
1105 2826 1287 2896 colligi
1327 2826 1478 2880 nullo
1519 2824 1683 2879 modo
1718 2832 1919 2895 potest,

331 2919 591 2975 omnibus
622 2920 768 2973 illius
796 2918 896 2973 aevi
941 2917 1228 2973 catholicis
1259 2919 1505 2989 ignotum
1549 2916 1721 2971 fuisse
1757 2914 1921 2987 lgna-

332 3011 469 3067 tium
508 3019 778 3075 nostrum,
815 3010 962 3080 quod
1002 3008 1375 3063 Tcrtnllianus
1418 3024 1543 3063 eum
1581 3024 1691 3064 non
1743 3007 1921 3064 nomi-

332 3102 567 3169 naverit,
604 3104 697 3173 qui
731 3102 946 3172 objecta
972 3116 1079 3155 non
1104 3101 1172 3155 ab
1210 3101 1317 3156 illis
1340 3100 1569 3170 accepit,
1594 3114 1772 3169 neque
1798 3113 1918 3155 om-

332 3196 425 3251 nia
469 3212 591 3265 quae
631 3195 709 3248 illi
758 3195 1001 3264 objicere
1029 3204 1122 3247 aut
1148 3202 1373 3263 possent
1401 3202 1496 3248 aut
1531 3193 1768 3247 solerent
1808 3200 1922 3246 tra-

330 3289 519 3352 ctavit,
566 3288 660 3343 sed
694 3288 809 3358 ipse
839 3288 942 3342 sibi
964 3296 1125 3358 prout
1147 3287 1248 3357 ipsi
1270 3287 1449 3342 visum
1467 3294 1551 3340 est
1572 3284 1791 3353 objecit,
1812 3297 1923 3353 quo

334 3379 551 3437 facilius
582 3384 837 3437 solveret.
865 3380 1005 3436 Male
1028 3380 1197 3451 igitur
1226 3379 1310 3433 vir
1340 3377 1696 3434 doctissimus
1718 3386 1771 3431 et
1792 3375 1923 3430 Ter-

334 3474 567 3529 tulliano
603 3483 655 3528 et
682 3472 970 3528 catholicis
1002 3472 1109 3527 hoc
1142 3478 1465 3542 argumento
1513 3468 1783 3539 lgnatium
1824 3482 1925 3520 no-

333 3573 508 3621 strum
542 3567 784 3637 ignotum
820 3565 990 3621 fuisse
1013 3566 1240 3635 colligit.
1275 3564 1346 3617 At
1380 3562 1627 3633 quaedam
1654 3560 1721 3615 de
1749 3559 1924 3614 eccle-

334 3659 573 3714 siasticis
605 3658 973 3729 scriptoribus
1020 3657 1369 3711 adduxerunt
1399 3655 1479 3708 vel
1529 3652 1808 3717 catholici,
1839 3650 1923 3704 vel

335 3749 708 3805 Tertullianus
751 3764 851 3819 pro
895 3748 1167 3803 catholica
1218 3747 1521 3809 sententia;
1575 3745 1678 3798 hoc
1730 3744 1920 3797 saltem

334 3842 522 3912 negari
554 3841 768 3896 videtur
799 3856 909 3895 non
942 3856 1125 3910 posse.
1157 3839 1269 3893 Cur
1298 3854 1409 3892 non
1447 3838 1615 3907 igitur
1654 3836 1921 3905 lgnatinm

336 3936 482 3992 inter
534 3933 945 3989 ecclesiasticos
1000 3932 1298 4001 scriptores
1353 3930 1751 3990 nominarunt,
1816 3927 1922 3983 nisi

337 4026 483 4099 quod
516 4040 643 4080 eum
675 4039 785 4079 non
817 4024 1120 4078 noverunt?
1164 4019 1509 4091 Respondeo,
1547 4019 1593 4073 si
1630 4020 1774 4074 ullus
1801 4034 1923 4074 om-

339 4119 473 4173 nino
515 4124 576 4171 ut
614 4115 1023 4171 ecclesiasticus
1069 4114 1306 4182 scripto‘r
1352 4113 1405 4165 in
1438 4111 1532 4165 illo
1562 4125 1725 4180 opere
1760 4107 1925 4163 fuerit

341 4207 496 4263 testis
527 4205 850 4275 pruductus,
885 4221 1030 4260 unus
1074 4213 1286 4258 tantum
1336 4202 1460 4269 fuit,
1514 4202 1743 4269 scilicet,
1786 4200 1922 4257 Iler-

340 4315 501 4355 mas:
539 4298 632 4368 qui
667 4305 849 4352 tamen
880 4312 984 4350 non
1037 4305 1097 4351 ut
1139 4296 1566 4361 ecclesiasticus,
1614 4295 1707 4349 sed
1736 4302 1798 4348 ut
1826 4310 1921 4349 ca-

2013 428 2215 498 plinam
2237 428 2636 497 magistrorum.
2660 424 2737 480 Ita
2762 427 3146 482 auctoritatem
3171 428 3293 497 ejus
3320 429 3597 495 diminuit,

2014 535 2178 590 quem
2232 519 2348 589 ipse
2391 518 2645 587 producit
2690 526 2790 572 :et
2824 518 2929 573 hoc
2968 519 3132 573 etiam
3177 519 3305 575 fecit
3334 534 3464 574 cum
3494 534 3599 574 non

2014 609 2279 664 Barnabas
2315 610 2488 679 ipsius
2550 608 2837 678 epistolam
2889 609 3105 675 citaret,
3163 609 3255 665 sed
3307 625 3431 665 eam
3482 626 3602 680 qua:

2014 701 2219 771 scripta
2265 710 2351 757 est
2396 700 2464 755 ad
2515 698 2797 766 Hebraeos,
2830 717 2953 770 quae
2983 717 3131 756 nunc
3173 701 3228 755 in
3258 717 3477 757 canone
3501 712 3599 768 est,

2015 791 2160 847 et‘S.
2212 792 2369 847 Pauli
2415 791 2657 862 Epistula
2715 792 2976 847 creditur.
3008 792 3123 846 lmo
3154 808 3287 847 vero
3334 808 3602 863 quorsum

2015 884 2275 941 catholici
2307 882 2670 949 Tertulliano,
2696 884 2779 937 vel
2833 884 2949 953 ipse
2992 883 3097 937 sibi
3139 884 3410 955 objiccret
3449 886 3603 941 testi-

2016 983 2263 1038 monium
2302 982 2590 1051 scriptoris
2621 981 2691 1035 ab
2722 980 2967 1036 Ecclesia
2999 989 3209 1036 tantum
3240 982 3482 1052 probati,
3513 982 3603 1053 qui

2015 1084 2186 1131 totam
2212 1076 2386 1145 ipsam
2418 1073 2719 1129 Ecclesiam
2754 1074 2960 1145 sprevit
2982 1090 3047 1129 ac
3085 1074 3341 1145 despuit?
3380 1073 3491 1130 Sed
3522 1090 3603 1130 re.

2017 1184 2147 1223 vera
2179 1166 2458 1238 lgnatiana
2489 1167 2618 1220 talia
2648 1181 2757 1220 non
2786 1176 2964 1232 erant,
3020 1175 3079 1221 ut
3124 1181 3154 1221 a
3206 1166 3505 1222 catholicis
3550 1166 3604 1221 in

2016 1262 2120 1317 hac
2142 1277 2308 1317 causa
2353 1269 2500 1316 recte
2542 1268 2598 1315 et
2649 1260 2893 1330 apposite
2950 1260 3377 1328 adhiberentur;
3431 1276 3608 1331 neque

2016 1354 2162 1409 enim
2194 1352 2553 1424 quaestionem
2581 1353 2921 1422 spectabant,
2950 1368 3073 1422 qua:
3094 1360 3228 1409 tunc
3262 1353 3605 1424 agitabatur,

2017 1459 2198 1514 neque
2242 1445 2309 1498 ad
2364 1444 2762 1499 catholicorum
2797 1444 3122 1499 sententiam
3165 1444 3608 1500 confirmandam

2018 1536 2125 1590 nisi
2159 1537 2381 1591 obtorto
2409 1536 2553 1592 collo
2593 1534 2789 1590 adduci
2821 1542 3138 1605 potuerunt,
3178 1544 3274 1590 aut
3303 1551 3433 1591 cum
3474 1535 3610 1592 scri-

2019 1634 2178 1695 ptura
2202 1625 2417 1682 Hermae
2454 1628 2736 1699 conjungi,
2775 1644 2893 1698 quia
2932 1628 3051 1683 sola
3090 1631 3315 1684 moechos
3348 1640 3520 1695 amat,
3551 1639 3611 1686 ut

1947 1692 1990 1747 Β
2017 1692 2264 1788 loquitur
2286 1692 2689 1776 Tertullianus:
2716 1692 2958 1787 Quaestio
2991 1721 3138 1777 enim
3169 1730 3309 1787 erat,
3343 1739 3415 1777 an
3444 1692 3611 1778 Chri-

2016 1811 2201 1877 stiani,
2242 1812 2311 1866 ob
2350 1812 2559 1867 crimen
2608 1813 2861 1868 moechis:
2888 1813 3048 1883 ejecti
3092 1829 3187 1884 per
3225 1815 3609 1884 pamiteutiam

2018 1906 2187 1975 recipi
2225 1905 2279 1960 in
2307 1904 2609 1962 Ecclesiam
2636 1907 2919 1962 deberent.
2964 1906 3208 1979 lgnatius
3250 1920 3441 1965 autem
3474 1912 3610 1965 nihil

2018 1995 2085 2050 de
2112 1994 2342 2050 moechis
2370 1995 2553 2061 habet,
2581 1995 2719 2049 nihil
2742 1996 2809 2051 de
2845 1996 2935 2061 iis,
2965 1997 3059 2067 qui
3084 1998 3212 2053 dum
3248 1999 3396 2054 intra
3429 2002 3609 2055 eccle-

2019 2084 2158 2139 siam
2198 2093 2346 2149 sunt,
2392 2095 2487 2140 aut
2528 2086 2682 2152 illud,
2714 2093 2809 2140 aut
2839 2087 2989 2141 aliud
3031 2088 3264 2159 quodvis
3304 2105 3476 2159 grave
3516 2090 3614 2145 cci-

2020 2191 2145 2230 men
2204 2184 2543 2246 perpetrant.
2600 2174 2693 2230 llle
2740 2175 2809 2230 ad
2855 2176 3123 2231 unitatem
3174 2177 3613 2232 ecclesiaSticam

2022 2269 2273 2324 hortatur
2327 2266 2833 2339 Philadelphenses,
2902 2277 2957 2323 et
2995 2269 3063 2323 ad
3108 2282 3447 2324 consensum
3487 2285 3612 2324 cum

2019 2363 2277 2432 episeopo
2327 2377 2429 2418 suo
2491 2380 2505 2417 :
2552 2363 2823 2432 Quotquot
2876 2364 3016 2417 enim
3072 2362 3169 2417 Dei
3218 2372 3343 2417 sunt
3384 2374 3437 2417 et
3480 2361 3613 2417 Iesu

2021 2449 2247 2519 Christi,
2280 2452 2478 2523 inquit,
2509 2453 2601 2507 isti
2630 2470 2753 2506 cum
2779 2470 2839 2507 eo
2875 2463 2998 2507 sunt
3025 2468 3044 2506 :
3076 2463 3127 2507 et
3146 2464 3401 2525 quotquot
3435 2456 3616 2525 utique

2020 2545 2325 2615 pwnitentes
2373 2546 2585 2599 veniunt
2634 2546 2691 2599 in
2740 2547 2999 2601 unitatem
3057 2545 3330 2613 Ecclesiae,
3379 2547 3477 2601 isti
3516 2547 3614 2601 Dei

2019 2647 2199 2693 erunt.
2235 2638 2313 2694 Ac
2342 2655 2537 2694 rursus
2564 2651 2687 2708 post
2714 2654 2887 2708 pauca
2924 2656 2937 2693 :
2977 2638 3076 2694 Ubi
3109 2638 3299 2695 divisio
3323 2650 3401 2695 est
3425 2650 3479 2695 et
3508 2642 3615 2705 ira,

2023 2729 2163 2785 Deus
2186 2746 2288 2783 non
2328 2730 2553 2783 habitat.
2591 2728 2848 2784 Omnibus
2886 2732 3055 2800 igitur
3097 2732 3476 2801 paenitentibus
3527 2731 3615 2783 di-

2022 2823 2183 2876 mittit
2213 2823 2376 2889 Deus,
2405 2824 2451 2876 si
2474 2824 2759 2893 prcniteant
2785 2826 2842 2877 in
2874 2824 3131 2878 unitatem
3176 2823 3299 2888 Dei,
3343 2834 3397 2878 et
3440 2823 3614 2877 conci-

2022 2916 2155 2971 lium
2185 2918 2437 2987 episcopi.
2474 2916 2600 2972 llaec
2628 2916 2870 2987 lgnatius
2898 2925 3084 2972 noster
3124 2918 3191 2972 de
3245 2918 3523 2973 haereticis
3563 2925 3617 2971 et

2026 3008 2394 3063 schismaticis
2426 3008 2667 3078 loquitur
2699 3007 2766 3062 ad
2808 3009 3072 3063 unitatem
3103 3008 3363 3064 Ecclesia:
3392 3017 3451 3064 et
3490 3026 3618 3065 cono

2025 3100 2212 3156 cilium
2245 3101 2489 3171 episcopi
2520 3101 2899 3156 redeuntibus.
2943 3099 3142 3156 Omnia
3169 3118 3292 3172 quae
3321 3111 3618 3172 utramque

2026 3194 2353 3250 sententiam
2386 3194 2716 3248 antecedunt
2752 3204 2846 3250 aut
2890 3203 3213 3266 sequuntur,
3252 3195 3355 3249 hoc
3378 3194 3615 3251 verissi-

2024 3301 2176 3339 mum
2210 3300 2334 3340 esse
2364 3287 2644 3341 evincunt.
2675 3284 2825 3341 Nihil
2861 3288 2951 3342 ille
2982 3288 3049 3342 de
3088 3289 3342 3353 mcechis,
3374 3288 3519 3342 nihil
3549 3288 3615 3343 de

2024 3378 2263 3444 sicariis,
2300 3378 2367 3432 de
2404 3378 2706 3434 idololatria
2753 3379 2909 3434 nihil.
2948 3379 3178 3449 Φεύγετε
3214 3380 3487 3451 μερισμὸν
3520 3382 3616 3434 καὶ

2024 3470 2534 3535 κακοδιδασκαλίας,
2574 3472 2773 3541 inquit,
2825 3480 2879 3528 et
2932 3471 3037 3527 hoc
3080 3486 3468 3543 argumentum
3506 3474 3619 3529 late

2023 3561 2397 3632 persequitur.
2438 3561 2818 3618 Schismaticis
2858 3572 2913 3619 et
2949 3564 3220 3620 haereticis
3262 3566 3616 3635 persistenti-

2023 3652 2127 3707 bus
2152 3662 2417 3706 azternum
2464 3654 2797 3723 supplicium
2846 3655 3109 3720 minatur,
3156 3656 3617 3725 resipiscentibus

2023 3745 2387 3812 receptionem
2428 3747 2621 3801 suadet
2648 3755 2703 3799 et
2732 3748 2964 3801 salutem
2997 3749 3249 3817 spondet,
3283 3749 3491 3819 quibus
3521 3764 3616 3806 re-

2023 3836 2203 3905 ceptio
2226 3836 2282 3889 in
2310 3834 2608 3890 Ecclesiam
2632 3845 2826 3906 negata
2864 3854 3143 3907 nunquam
3172 3836 3298 3893 fuit.
3332 3838 3451 3895 lmo
3485 3857 3614 3910 gra-

2022 3930 2246 3985 vissima
2281 3939 2503 4000 peccata
2540 3942 2691 3985 extra
2719 3928 3015 3986 Ecclesiam
3044 3946 3071 3984 a
3102 3933 3481 3989 schismaticis
3516 3944 3618 3991 aut

2023 4022 2297 4077 haereticis
2328 4031 2659 4092 perpetrata,
2703 4023 2869 4077 etiam
2920 4022 3265 4080 Montanistis
3301 4025 3613 4094 judicibus,

2022 4116 2388 4186 receptionem
2416 4116 2467 4168 in
2492 4114 2790 4170 Ecclesiam
2820 4115 3209 4184 paenitentibus
3241 4132 3347 4170 non
3377 4118 3616 4187 praeclu-

2023 4208 2239 4261 dcbant.
2263 4205 2511 4260 Cnienim
2529 4207 2743 4260 dubiant
2762 4218 2862 4271 est,
2882 4208 2957 4262 ait
2975 4207 3347 4264 Tertullianus
3366 4209 3473 4264 hoc
3490 4210 3617 4279 ipso

2024 4297 2101 4351 De
2128 4299 2384 4368 pudicitia
2414 4299 2574 4364 libro,
2600 4298 2903 4353 hwreticum
2944 4301 3274 4355 institutione
3310 4302 3613 4373 deceptum,

343 4390 575 4446 nonicus
607 4389 843 4458 scriptor
868 4389 1092 4458 produci
1121 4387 1355 4454 videtur,
1400 4386 1466 4441 ad
1497 4386 1656 4456 cujus
1685 4386 1916 4441 auctori-
1948 4400 1991 4456 ι)
2020 4392 2228 4460 cognito
2251 4391 2578 4460 postmodum
2604 4408 2749 4456 casu,
2780 4402 2829 4445 et
2859 4394 3160 4462 pmnitentia
3188 4395 3419 4462 expiato,
3452 4406 3499 4447 et
3526 4412 3617 4449 ee-

341 4491 508 4539 tatem
557 4482 987 4539 imminuendam
1031 4481 1401 4537 Tertullianus
1433 4480 1742 4550 respondet,
1771 4478 1919 4550 quod

344 4579 459 4648 eius
487 4579 753 4648 scriptura
784 4578 962 4632 divino
994 4579 1343 4631 instrumento
1380 4591 1480 4628 non
1526 4574 1797 4628 meruisset
1836 4574 1921 4628 in-

344 4672 486 4735 cidi;
526 4672 671 4741 quod
700 4686 860 4725 nemo
884 4686 1123 4740 unquam
1160 4667 1535 4738 respondisset
1563 4665 1631 4720 de
1674 4674 1917 4729 auctore,

346 4762 441 4831 qui
469 4775 501 4813 a
529 4761 747 4815 nemine
788 4776 887 4829 pro
914 4761 1179 4815 canonico
1214 4760 1526 4821 haberetur,
1552 4765 1645 4810 aut
1671 4756 1763 4827 qui
1789 4757 1923 4811 sim-

346 4852 561 4924 pliciter
589 4859 649 4906 ut
668 4853 1074 4907 ecclesiasticus
1102 4851 1478 4906 tantummodo
1506 4860 1917 4920 proponeretur.

346 4942 616 4999 Praeterea
668 4942 1037 4997 Tertullianus
1082 4944 1281 4997 diserte
1337 4952 1493 4998 cavet
1543 4944 1597 4996 in
1645 4944 1749 4997 hoc
1803 4944 1921 5012 ipso

345 5050 531 5106 opere,
564 5050 631 5090 ne
658 5034 975 5105 quisquam,
1016 5045 1212 5104 praeter
1257 5036 1556 5105 scriptorcs
1600 5021 1919 5101 canonicos,

346 5142 469 5183 eam
511 5127 662 5183 litem
700 5127 983 5197 disceptet.
1020 5125 1155 5181 Nam
1192 5142 1301 5181 non
1329 5136 1538 5181 tantum
1594 5126 1661 5180 ad
1708 5124 1923 5181 Hermae

352 5216 650 5287 Pastorem,
696 5235 821 5275 cum
866 5219 1013 5290 picto
1068 5228 1287 5289 pastore
1336 5219 1391 5273 in
1442 5218 1611 5274 calice
1658 5219 1921 5275 collatum

348 5312 641 5381 respondet
674 5330 688 5367 :
718 5313 785 5366 At
816 5328 907 5383 ego
937 5312 1049 5382 ejus
1079 5311 1323 5366 Pastoris
1372 5312 1660 5380 scripturas
1708 5310 1917 5378 haurio,

349 5404 439 5473 qui
474 5420 574 5456 non
595 5414 762 5473 potest
787 5405 989 5475 frangi,
1014 5404 1108 5460 sed
1138 5413 1193 5459 et
1232 5419 1355 5459 cum
1387 5418 1486 5473 pro
1516 5419 1617 5458 sua
1654 5404 1919 5459 sententia

350 5492 654 5549 Barnabam
708 5496 918 5563 laudat,
956 5504 1010 5551 et
1036 5494 1251 5551 Hermae
1278 5493 1515 5566 praefert,
1560 5494 1611 5549 id
1662 5512 1769 5549 non
1803 5496 1922 5551 sine

350 5583 666 5657 pmfatione
695 5585 868 5640 facit:
914 5584 1043 5641 Volo
1086 5597 1258 5641 tamen
1295 5603 1361 5642 ea:
1408 5586 1762 5640 redundantia
1820 5585 1923 5639 ali-

351 5673 502 5745 cujus
532 5675 689 5728 etiam
721 5676 924 5732 comitis
964 5678 1323 5744 apostolorum
1355 5678 1709 5733 testimonium
1740 5692 1922 5735 super-

2022 4484 2166 4537 niam
2201 4484 2465 4554 consequi,
2507 4493 2556 4537 et
2594 4484 2649 4537 in
2687 4483 2980 4539 Ecclesiam
3014 4485 3221 4556 redigi?
3270 4483 3395 4542 Haec
3443 4487 3617 4558 igitur

2020 4574 2304 4647 lgnatiana
2326 4576 2393 4630 ad
2419 4590 2538 4630 eam
2563 4577 2918 4645 quaestionem
2950 4592 3057 4631 non
3090 4578 3429 4648 spectabant,
3450 4594 3555 4634 nec
3581 4595 3615 4634 ι

2022 4664 2318 4720 catholicis
2349 4667 2602 4735 usurpari
2632 4666 2683 4719 in
2714 4681 2777 4720 ea
2822 4682 2881 4719 re
2923 4676 3199 4737 poterant;
3249 4668 3392 4737 quod
3440 4668 3615 4735 igitur

2021 4756 2265 4827 lgnatius
2298 4768 2481 4812 noster
2510 4758 2562 4811 in
2596 4772 2661 4811 eo
2686 4757 2826 4811 libro
2849 4773 2955 4811 non
2984 4758 3314 4824 nominetur,
3349 4773 3451 4812 nec
3480 4774 3611 4815 cum

2021 4848 2324 4911 catholicis,
2345 4866 2445 4903 nec
2455 4848 2713 4904 Tertullia
2723 4866 2791 4904 no
2810 4850 3053 4920 ignotum
3071 4850 3243 4906 fuisse
3254 4852 3512 4907 ostendit.
3530 4853 3616 4909 Ita

2022 4943 2357 5012 conjecturis
2396 4958 2462 4997 ex
2500 4942 2820 4997 Tertulliani
2850 4941 3070 4997 silentio
3101 4943 3242 4998 male
3270 4945 3438 5008 natis,
3480 4946 3619 5001 toti-

2021 5048 2127 5104 que
2140 5034 2301 5105 capiti
2314 5044 2522 5097 octavo,
2547 5034 2689 5104 quod
2707 5034 2773 5088 ad
2795 5048 2895 5088 nos
2913 5044 3140 5105 spectat,
3154 5050 3481 5106 responsum
3500 5045 3613 5092 est.

2092 5124 2412 5194 Proximus,
2471 5127 2562 5182 cui
2610 5127 2832 5197 ignotus
2875 5126 3047 5183 fuisse
3106 5128 3311 5184 dicitur
3358 5129 3617 5199 lgnatius

2022 5228 2229 5286 uoster,
2255 5228 2341 5275 est
2370 5218 2538 5275 Caius
2566 5219 2810 5290 quidam,
2835 5227 2896 5274 ut
2923 5220 3160 5288 videtur,
3192 5221 3353 5292 cujus
3400 5224 3616 5294 scripta

2022 5312 2208 5369 omnia
2240 5313 2538 5384 perierunt.
2572 5312 2631 5366 Si
2655 5312 2779 5367 libri
2804 5312 2924 5383 ejus
2946 5322 3242 5381 exstarent,
3272 5314 3411 5371 forte
3441 5330 3511 5371 ex
3543 5315 3617 5374 iis

2022 5404 2230 5474 aliquid
2253 5404 2386 5459 certi
2408 5404 2757 5473 haberemus,
2776 5420 2885 5476 quo
2909 5405 3026 5461 haec
3049 5405 3364 5476 conjectura
3397 5408 3615 5479 liquido

2021 5494 2197 5551 refelli
2244 5506 2453 5565 posset.
2509 5494 2667 5551 Nunc
2722 5512 2846 5551 cum
2907 5496 3277 5568 fragmentum
3324 5499 3613 5570 quoddam

2022 5586 2404 5642 tantummodo
2433 5589 2576 5656 apud
2604 5585 2897 5644 Eusebium
2932 5598 3127 5654 exstet,
3166 5589 3330 5659 idque
3358 5591 3479 5645 sine
3506 5606 3609 5645 no-

2023 5676 2192 5742 mine,
2227 5675 2315 5732 cui
2352 5685 2732 5743 argumentum
2776 5678 3056 5738 innititur:
3093 5680 3264 5736 multo
3299 5679 3462 5737 nobis
3503 5678 3608 5735 dif-
