3770 6336
114 357 195 422 εδδ
719 340 766 399 Ι.
804 339 1173 399 PEARSONII
1212 336 1538 395 VlNDlCIE
1596 332 2022 395 IGNATIANE.
2064 365 2134 377 -
2168 333 2351 391 PARS
2390 334 2434 391 l.

3217 341 3329 400 2'6

117 434 270 528 acilior
295 465 399 521 haec
429 462 706 536 provincia
751 461 1019 529 redditur,
1070 460 1167 516 sed
1205 469 1262 515 et
1310 458 1630 528 conjectum

1780 469 1952 523 ρωπον
1985 453 2420 521 καταγγέλλοντα
2452 450 2542 506 τὸν
2575 453 2833 524 Χροσςόνς
2892 450 2970 506 Ac
3006 453 3237 523 fortasse
3270 458 3325 512 id

116 559 247 619 simul
282 557 433 632 multo
468 556 721 611 debilior.
773 553 829 608 Si
873 552 1201 623 saepiuscule
1253 550 1421 605 Caius
1458 549 1549 605 ille
1577 550 1634 603 in

116 653 235 709 libris
255 649 355 705 suis
389 647 651 718 lgnatium
684 657 933 702 nostrum
965 647 1329 713 nominasset,
1369 646 1515 716 quod
1567 644 1637 698 ab

116 745 187 800 illo
207 740 305 796 ﬁeri
332 739 565 810 potuisse
598 753 758 793 nemo
779 747 949 802 certe,
972 751 1169 807 praeter
1214 736 1503 801 Dallseum,
1543 750 1640 790 ne-

115 847 214 903 gare
247 838 404 900 potest
438 827 598 897 (vixit
637 827 785 881 enim
838 825 1002 881 tertio
1054 824 1287 890 saeculo,
1343 832 1635 894 postquam

116 925 223 980 ﬁctae
245 922 481 977 dicuntur
517 918 710 991 lgnatii
751 919 997 990 epistolae
1032 918 1323 981 Salmasio,
1352 926 1408 973 et
1445 915 1638 970 Alber-

114 1012 380 1079 tino);nihil
394 1019 571 1066 tamen
599 1011 652 1066 id
690 1026 789 1066 nos
810 1010 985 1081 juvat,
1012 1011 1079 1064 ad
1103 1024 1244 1080 quos
1269 1009 1346 1063 illi
1377 1024 1486 1063 non
1518 1024 1639 1079 per-

112 1114 349 1164 venerunt.
378 1103 451 1159 Ex
483 1104 736 1158 inutituto
767 1103 1034 1165 auctoris,
1061 1111 1116 1157 et
1161 1100 1326 1156 modo
1361 1098 1638 1157 scribendi

110 1198 216 1251 nihil
246 1211 489 1267 reponere
520 1194 725 1258 licebit,
748 1193 895 1263 quod
922 1191 991 1247 de
1018 1191 1243 1256 lrenaao,
1275 1188 1635 1254 Tertulliano,

112 1289 359 1359 Epiphanio
391 1285 645 1341 fecimus.
684 1284 764 1339 Ad
824 1292 1210 1354 argumentum
1253 1281 1418 1353 igitur
1449 1295 1481 1335 e
1522 1276 1636 1335 fra-

109 1390 285 1450 gmento
327 1377 647 1449 productum
683 1392 752 1431 ex
785 1376 905 1431 solo
958 1374 1265 1445 fragmento
1304 1373 1641 1443 respondere

110 1488 367 1542 possumus.
398 1469 532 1524 lllud
569 1478 753 1523 autem
797 1467 885 1523 sic
916 1483 975 1522 se
1014 1467 1180 1521 habet
1213 1483 1227 1519 :
1261 1468 1512 1520 Artemon
1542 1464 1640 1519 do-

108 1568 221 1617 cebat
247 1562 497 1618 Christum
520 1577 628 1615 esse
652 1576 844 1630 purum
874 1568 922 1614 et
949 1559 1149 1613 nudum
1170 1556 1454 1623 hominem,
1480 1555 1629 1626 lgnav

110 1656 192 1706 tius
230 1653 536 1707 contrarium
578 1651 777 1723 docuit.
828 1648 1012 1703 Recte.
1054 1648 1158 1714 Qui
1196 1648 1533 1703 Artemonem
1562 1662 1643 1701 se-

106 1742 367 1811 quebantur,
408 1742 713 1797 asserebant
762 1741 1064 1793 doctrinam
1131 1754 1284 1792 suam
1338 1753 1449 1791 esse
1500 1736 1644 1790 anti-

107 1852 247 1905 quam,
278 1852 427 1906 usque
462 1835 533 1888 ad
581 1833 844 1888 Victorem
872 1832 1116 1897 durasse,
1148 1848 1181 1884 α
1214 1828 1510 1900 Zephyrino
1530 1846 1642 1885 esse

106 1938 334 1982 mutatam.
363 1928 523 1982 Caius
559 1927 807 1997 producit
848 1935 1065 1980 econtra
1112 1941 1199 1978 eos
1230 1925 1322 1995 qui
1368 1935 1492 1979 ante
1544 1921 1643 1977 Ze-

106 2021 333 2089 phyrinum
359 2019 634 2087 scripsere,
660 2018 751 2087 qui
786 2014 1058 2071 Christum
1105 2023 1155 2069 et
1201 2014 1367 2069 Deum
1399 2024 1448 2068 et
1479 2012 1645 2066 homi-

106 2128 193 2164 nem
212 2112 573 2182 praedicarunt.
608 2107 758 2163 Inter
780 2125 868 2162 eos
895 2106 1170 2178 Ignatium
1218 2124 1323 2161 non
1368 2108 1642 2172 nominat;

104 2218 195 2271 ergo
217 2218 321 2255 eum
346 2198 645 2270 ignorabat.
678 2197 750 2253 Ut
771 2197 966 2252 Caium
1009 2197 1134 2251 ideo
1167 2197 1451 2268 ignorasse
1481 2196 1641 2267 lgna—

106 2295 206 2345 tium
226 2299 436 2348 constet.
471 2290 601 2360 quia
632 2305 757 2344 eum
788 2304 897 2343 non
925 2287 1253 2348 nominavit.
1296 2302 1520 2342 necesse
1550 2295 1640 2342 est

104 2383 300 2437 utetiam
327 2391 539 2438 constet
589 2397 714 2435 eum
739 2396 955 2444 omnes,
997 2394 1137 2449 quos
1170 2379 1311 2433 idem
1351 2378 1643 2449 scripsisse

104 2476 231 2541 norit,
252 2476 575 2530 nominasse.
603 2472 659 2527 ιιι
685 2489 812 2527 vero
835 2481 1088 2528 constare
1110 2486 1220 2525 non
1240 2479 1455 2541 potest;
1483 2478 1643 2525 erant

101 2565 210 2618 enim
239 2562 613 2634 quamplurimi
650 2565 743 2633 qui
790 2574 917 2617 ante
949 2560 1319 2631 Zephyrinum
1348 2559 1639 2629 scripsere,

103 2665 142 2709 et
164 2656 409 2711 Christum
442 2656 614 2710 Deum
654 2664 709 2710 et
742 2654 1019 2709 hominem
1048 2653 1257 2717 dixere,
1291 2667 1433 2723 quos
1462 2666 1642 2722 neque

100 2746 229 2803 Caius
268 2750 531 2813 nominat,
584 2762 764 2818 neque
827 2747 1114 2816 ignorasse
1165 2744 1476 2801 censendus
1529 2753 1635 2801 est.

102 2838 187 2895 lmo
208 2853 396 2898 certum
441 2852 529 2899 est
578 2842 772 2897 Caium
811 2841 1123 2912 aliquorum
1155 2838 1469 2895 testimonia
1499 2837 1640 2893 omi-

100 2935 207 2989 sisse
231 2951 340 3005 qua:
362 2935 641 3006 cognovit,
676 2943 750 3002 et,
780 2933 930 3004 quod
972 2949 1088 2988 rem
1120 2941 1366 2988 nostram
1408 2931 1637 3002 propius

103 3036 287 3094 spectat,
330 3027 448 3081 ideo
483 3025 752 3081 nonnulla
792 3024 1145 3095 praeteriisse,
1179 3022 1327 3093 quod
1362 3038 1426 3078 ea
1458 3021 1609 3077 omni

102 3117 176 3171 bus
201 3129 308 3174 nota
339 3128 583 3190 putaret,
630 3118 684 3172 in
729 3132 964 3186 quorum
998 3129 1228 3170 numero
1265 3113 1461 3169 merito
1501 3126 1635 3168 sane

101 3206 294 3276 lgnatius
318 3212 605 3281 ponendus
631 3220 715 3266 est
746 3209 993 3265 omnium
1028 3208 1379 3272 notissimus;
1427 3205 1634 3260 fatente

99 3302 223 3356 etiain
253 3304 362 3358 viro
428 3304 780 3370 doctissimo,
823 3302 871 3358 si
912 3300 1175 3372 epistolas
1219 3300 1342 3354 illas
1393 3298 1633 3368 scripsit,

101 3408 169 3447 eas
204 3412 295 3449 non
323 3398 568 3467 potuisse
597 3410 707 3450 non
735 3394 992 3449 omnibus
1040 3408 1165 3448 esse
1205 3390 1634 3463 cognitissimas,

99 3485 188 3540 sine
226 3504 322 3557 qua
364 3488 675 3545 assertione
718 3473 1103 3557 argumentum
1168 3499 1376 3554 negans
1430 3482 1636 3536 nullius

101 3586 211 3631 esset
236 3581 502 3647 ponderis.
549 3579 842 3641 Praeterea,
891 3576 1025 3632 certi
1075 3574 1294 3645 generis
1340 3574 1637 3643 scriptores

101 3667 294 3726 incertus
338 3671 425 3726 ille
467 3679 668 3725 auctor
702 3667 894 3725 statuit
938 3670 1263 3737 producere,
1305 3680 1415 3720 non
1449 3672 1635 3718 autem

102 3760 224 3823 alios,
254 3761 303 3815 in
326 3778 431 3831 quo
456 3777 662 3833 genere
695 3758 756 3815 S.
794 3760 1035 3830 lgnatius
1064 3756 1289 3813 minime
1313 3755 1639 3811 recenseba-

103 3856 197 3912 tur,
223 3867 326 3917 eos,
355 3853 594 3915 scilicet,
620 3851 714 3922 qui
759 3850 1023 3904 adversus
1052 3856 1241 3920 gentes
1275 3847 1635 3918 scripserunt,

103 3947 143 3989 et
164 3954 218 3993 ex
245 3941 486 4010 professo
522 3942 791 3997 adversus
824 3940 1130 3995 hzereticos.
1178 3938 1439 3994 Videmus
1471 3938 1639 4008 igitur

104 4027 217 4086 illius
268 4032 577 4090 institutum
626 4041 798 4102 atque
860 4030 1206 4101 propositum
1267 4030 1439 4085 fuisse
1504 4028 1640 4084 tales

102 4134 304 4180 auctores
325 4127 651 4196 producere,
681 4125 859 4196 qualis
887 4124 1127 4194 lgnatius
1158 4138 1266 4177 non
1316 4121 1460 4188 luit;
1502 4121 1640 4176 tales

104 4211 327 4283 omittere,
357 4217 541 4287 qualis
564 4215 809 4287 lgnatius
835 4214 1063 4269 omnino
1102 4210 1226 4268 fuit.
1282 4210 1363 4266 Ex
1422 4211 1640 4266 silentio

104 4302 232 4371 igitur
255 4306 364 4363 Caii
391 4324 504 4363 non
529 4317 712 4379 potest
746 4305 937 4361 inferri
967 4305 1237 4377 ignoratio
1268 4303 1482 4376 lgnatii.
1515 4302 1642 4358 llaec

105 4396 250 4452 omnia
293 4399 344 4455 in
384 4402 569 4455 verbis
613 4399 681 4454 ab
712 4392 949 4453 Eusebio
989 4396 1226 4452 laudatis
1272 4394 1638 4466 reperiuntur.

1735 546 1875 615 quod
1901 545 2102 597 dieitur
2128 544 2376 597 credibile
2408 543 2692 610 videretur,
2726 543 2832 597 nisi
2872 544 2948 598 eis
2990 544 3325 615 refragaretu-

1738 644 1827 691 tur
1853 635 2086 705 primum
2122 635 2332 705 quidem
2372 636 2566 688 divina:
2621 633 2942 706 Scriptura,
2982 636 3171 691 deinde
3212 636 3325 707 fra-

1739 736 1880 781 trum
1904 728 2260 798 quorumdam
2282 728 2484 796 scripta
2524 724 2754 783 Victoris
2794 738 2951 783 aetate
2996 730 3323 799 antiquiora,

1737 835 1855 889 qua?
1879 819 1960 872 illi
1990 817 2238 872 adversus
2277 828 2452 888 gentes
2490 836 2586 888 pro
2616 820 2855 884 veritate,
2907 830 2956 875 et
3003 830 3189 874 contra
3240 823 3323 875 sui

1742 911 1991 979 temporis
2019 910 2292 965 hwreticos
2321 912 2663 980 scripserunt.
2690 910 2963 965 Iustinum
2984 911 3242 983 intelligo,
3275 921 3326 965 et

1742 1002 2066 1069 Miltiadem,
2115 1012 2166 1057 et
2217 1001 2529 1070 Tatianum,
2578 1020 2640 1057 ac
2690 1003 3029 1068 Clementem,
3089 1004 3326 1075 aliosque

1738 1095 2177 1166 quamplurimas,
2214 1095 2266 1149 in
2287 1110 2511 1165 quorum
2541 1094 2781 1148 omnibus
2806 1094 2957 1149 libris
2987 1095 3229 1150 Christus
3266 1103 3325 1149 ut

1740 1186 1881 1242 Deus
1913 1196 2337 1257 reprtesentatur.
2367 1185 2510 1241 Nam
2541 1182 2735 1241 Irena'i
2758 1188 2989 1257 quidem,
3019 1199 3068 1242 et
3112 1187 3325 1242 Melita-

1746 1279 1853 1344 nis,
1883 1288 1935 1333 et
1964 1279 2285 1349 reliquorum
2320 1279 2519 1348 scripta
2548 1279 2665 1349 quis
2704 1290 2781 1332 est
2822 1279 2913 1349 qui
2952 1280 3177 1350 ignoret,
3208 1296 3326 1351 qua

1742 1368 2016 1423 Christum
2066 1368 2233 1422 Deum
2272 1368 2431 1421 simul
2485 1378 2642 1438 atque
2687 1368 2946 1422 hominem
2993 1369 3329 1439 pradicant!

1743 1460 1955 1526 Quibus
1985 1460 2167 1515 verbis
2202 1460 2398 1516 videtis
2435 1476 2560 1515 eum
2607 1460 2852 1530 proferre
2883 1461 3021 1514 velle
3060 1478 3328 1531 quorum-

1744 1550 1870 1605 dam
1903 1551 2134 1605 fratrum
2166 1552 2392 1622 scripta,
2431 1561 2644 1620 tempus
2674 1552 2956 1621 assignare
2988 1563 3113 1607 ante
3140 1551 3326 1607 Victo-

1744 1643 1822 1698 ris
1851 1652 2088 1708 atatem,
2128 1654 2384 1699 auctores
2426 1646 2559 1701 certi
2608 1645 2822 1715 generis
2858 1644 3164 1715 indigitare,
3205 1661 3323 1712 eos,

1745 1752 1962 1808 nempe,
1995 1739 2088 1809 qui
2120 1738 2384 1793 adversus
2414 1748 2603 1808 gentes
2640 1749 2694 1794 et
2742 1739 3027 1793 lnereticos
3066 1739 3150 1793 sui
3186 1749 3327 1794 tem-

1673 1810 1716 1865 Β
1744 1828 1894 1898 poris
1924 1843 1988 1883 ex
2020 1828 2267 1899 professo
2298 1830 2583 1898 scripsere.
2609 1829 2912 1885 Observare
2943 1832 3171 1900 potestis
3199 1831 3329 1885 alio-

1747 1935 1866 1974 rum
1893 1920 2259 1991 complurium
2284 1921 2505 1975 nomina
2527 1923 2594 1977 de
2618 1922 2886 1977 industria
2913 1922 2981 1976 ab
3007 1922 3125 1992 ipso
3157 1920 3328 1977 fuisse

1744 2012 1973 2080 omissa,
2003 2029 2193 2068 eorum
2238 2014 2531 2085 praecipue,
2582 2016 2675 2085 qni
2715 2017 2952 2073 maxime
2990 2027 3149 2072 erant
3191 2017 3325 2072 noti.

1744 2104 1981 2159 Causam
2009 2105 2174 2176 igitur
2194 2106 2360 2162 Caius
2392 2125 2500 2162 non
2530 2107 2853 2179 assignavit,
2882 2110 2953 2164 ob
2977 2126 3142 2179 quam
3173 2107 3326 2179 lgna—

1743 2195 1879 2271 tium
1911 2197 2250 2261 nominaret;
2276 2215 2373 2253 cur
2396 2209 2575 2253 autem
2598 2215 2723 2254 eum
2749 2200 3041 2265 omitteret,
3064 2202 3324 2270 optimam

1742 2295 1797 2340 et
1833 2290 2353 2358 opportunissimam
2398 2292 2654 2361 prodidit.
2688 2290 2907 2347 Nullum
2951 2292 3117 2361 igitur
3146 2309 3208 2348 ex
3250 2294 3326 2349 si-

1744 2376 1911 2432 lentio
1944 2379 2106 2450 hujus
2135 2379 2423 2453 fragmenti
2446 2380 2653 2453 lgnatio
2680 2393 2870 2439 nostro
2906 2385 3229 2455 periculum.

1817 2468 1967 2524 Idem
1998 2469 2355 2541 judisandum
2384 2475 2448 2529 de
2503 2475 2767 2531 Clemente
2801 2476 3187 2544 Alexandrino,
3242 2479 3326 2535 in-

1741 2560 1879 2631 quit.
1938 2562 2050 2618 lmo
2099 2580 2229 2620 vero
2275 2571 2342 2620 de
2377 2565 2674 2623 Clementis
2712 2567 3065 2623 Alexandrini
3109 2571 3327 2626 silentio

1742 2649 1880 2705 nihil
1900 2651 2106 2722 liquido
2139 2652 2418 2721 ailirmari,
2452 2658 2585 2712 nihil
2613 2659 2737 2713 inde
2765 2668 2917 2713 certo
2946 2662 3196 2716 concludi
3226 2678 3325 2733 pov

1742 2750 1869 2797 test.
1916 2741 2333 2815 Quamplurima
2365 2748 2509 2803 enim
2546 2748 2667 2816 ejus
2700 2752 2900 2821 scripta
2939 2755 3235 2823 perierunt,
3268 2767 3327 2814 ut

1752 2831 2226 2890 'I‘xowxdxrswr
2252 2838 2376 2893 libri
2404 2856 2520 2903 vm,
2558 2840 2634 2895 De
2668 2845 2916 2910 paschale
2948 2846 3040 2901 lib.
3084 2864 3123 2914 ι,
3149 2848 3225 2903 De
3246 2851 3326 2918 ie-

1735 2928 1895 2999 iunio
1922 2931 2245 3003 disputatio,
2288 2932 2366 2989 De
2394 2937 2774 2994 obtrectatione
2802 2940 2895 2994 lib.
2924 2957 2962 3008 ι,
2994 2941 3070 2995 De
3106 2947 3326 2999 canoni-

1740 3022 1835 3073 bus
1889 3023 2259 3079 ecclesiasticis
2314 3036 2367 3081 et
2430 3028 2686 3083 adversus
2740 3029 3096 3089 Judaizantes
3149 3037 3245 3091 lib.
3286 3054 3324 3094 ι.

1663 3155 1707 3214 c
1742 3106 1938 3166 Utrum
1980 3111 2172 3184 lgnatii
2205 3114 2259 3169 in
2292 3115 2399 3169 illis
2439 3117 2521 3171 vel
2559 3134 2746 3173 eorum
2779 3121 2963 3191 aliquo
2995 3126 3324 3193 uteminerit,

1741 3216 1935 3269 necne,
1968 3218 2131 3257 nemo
2154 3215 2303 3260 certo
2333 3205 2605 3263 allirmare
2633 3221 2831 3280 potest.
2865 3211 2920 3267 In
2953 3213 3326 3273 Admonitioue

1740 3291 1811 3345 ad
1840 3302 2037 3363 gentes,
2069 3294 2124 3347 in
2154 3295 2330 3351 tribus
2360 3295 2648 3370 Ptedagogi
2680 3301 2856 3368 libris,
2896 3302 2950 3358 in
3004 3309 3326 3363 tractatibus

1740 3381 1979 3449 duobus,
2018 3400 2256 3453 quorum
2290 3403 2436 3443 nunc
2473 3389 2640 3453 unus,
2674 3408 2821 3446 nunc
2849 3394 2989 3449 alter
3026 3396 3204 3451 locum
3229 3414 3327 3454 oc-

1739 3476 1849 3529 tavi
1880 3476 2006 3529 libri
2057 3475 2393 3533 Stromateon
2442 3484 2765 3552 occupabat,
2805 3488 2896 3555 qui
2942 3487 3056 3556 jam
3107 3491 3323 3545 tandem

1740 3566 1904 3620 ambo
1938 3577 2178 3631 exstant,
2206 3570 2415 3625 nullum
2445 3573 2674 3627 omnino
2704 3576 3027 3645 scriptorem
3058 3578 3325 3636 Christia-

1739 3674 1874 3713 num
1929 3659 2180 3715 nominat
2227 3660 2503 3719 Clemens.
2568 3665 2637 3737 ᾼι
2690 3666 2747 3719 in
2793 3667 2945 3721 libris
2984 3663 3333 3721 Stromateon

1738 3748 1995 3820 plurimos
2023 3752 2240 3821 gentiles
2275 3762 2324 3807 et
2374 3753 2707 3812 Christianos
2751 3758 3008 3824 nominat,
3054 3759 3323 3831 Ignatium

1740 3860 2029 3914 nunquam.
2071 3842 2347 3901 Plurimos
2384 3846 2601 3918 quidem
2661 3848 2892 3919 gentiles
2929 3850 3198 3915 nominat,
3228 3852 3325 3907 sed

1741 3938 1871 4008 quid
1905 3938 2011 3994 hoc
2044 3940 2110 3994 ad
2146 3940 2452 4010 lgnatium?
2484 3957 2592 3996 non
2629 3958 2834 4012 paucos
2877 3943 3042 3999 etiam
3094 3944 3324 3999 haereti-

1742 4045 1837 4084 cos
1881 4029 2038 4096 citat,
2086 4031 2181 4085 sed
2218 4047 2319 4086 nec
2364 4032 2505 4086 inter
2538 4038 2635 4087 eos
2667 4030 2910 4103 lgnatius
2960 4036 3325 4107 requirendus

1741 4128 1844 4175 est.
1881 4119 2240 4186 Christianos,
2278 4122 2382 4176 hoc
2421 4131 2507 4177 est
2550 4123 2847 4181 catholicos
2891 4142 2998 4181 non
3042 4126 3323 4197 plurimos,

1742 4215 1836 4269 sed
1890 4214 2258 4285 paucissimos
2320 4217 2602 4284 nominat,
2647 4226 2760 4274 tres
2803 4227 2948 4273 certe
2996 4228 3227 4286 tantum,
3277 4220 3325 4275 si

1744 4305 1909 4361 modo
1933 4316 1988 4361 et
2021 4306 2100 4361 illi
2148 4307 2406 4362 catholici
2441 4323 2634 4365 omnes
2669 4310 2799 4377 sint,
2834 4309 3162 4376 Barnabam,
3196 4309 3323 4367 Cle-

1744 4409 2006 4462 mentem,
2042 4396 2322 4464 Hermam,
2353 4416 2548 4456 onmes
2579 4409 2727 4456 certe
2760 4411 3021 4473 tanquam
3059 4401 3116 4459 S.
3150 4402 3326 4460 Paulo

104 4486 210 4543 Cum
233 4494 366 4547 enim
393 4494 645 4549 dicerent
674 4490 1012 4546 Artemonici
1044 4488 1385 4559 antiquiores
1419 4503 1635 4553 omnes,
1665 4502 1721 4567 ι)
1744 4505 1983 4556 coaevus,
2020 4500 2077 4545 et
2108 4499 2371 4562 tanqnatn
2414 4508 2607 4548 sacros
2657 4496 2838 4565 potius
2868 4511 3033 4565 quam
3064 4496 3324 4551 ecclesia-

106 4581 232 4637 etiatn
253 4587 522 4657 apostolos
542 4628 559 4655 ,
589 4601 778 4641 eorum
814 4584 1121 4640 doctrinam
1152 4583 1461 4649 tradidisse,
1491 4600 1642 4638 eam-

105 4686 185 4739 que
207 4676 251 4729 in
282 4676 519 4733 Ecclesia
546 4677 879 4733 custoditam
906 4675 1076 4732 fuisse
1108 4691 1280 4747 usque
1307 4676 1375 4730 ad
1404 4673 1641 4731 Victoris

106 4767 451 4839 episcopatum,
502 4780 559 4825 et
599 4768 701 4824 sub
744 4767 1053 4839 Zephyrino
1111 4766 1364 4837 pontifice
1420 4767 1642 4823 demum

104 4869 196 4911 esse
220 4862 602 4928 adulteratam;
632 4870 829 4917 contra
876 4860 995 4917 haec
1051 4858 1133 4914 sic
1176 4857 1344 4914 Caius
1396 4857 1506 4924 ille,
1547 4858 1642 4928 qui

106 4949 185 5003 sub
206 4950 523 5027 Zephyrino,
551 4955 634 5010 vel
675 4970 785 5009 non
816 4953 990 5008 multo
1013 4960 1139 5022 post
1177 4951 1462 5021 scripsisse
1485 4960 1644 5020 puta-

106 5050 172 5094 ltlr
202 5041 341 5100 ιἮν
385 5048 427 5101 δ’
479 5048 551 5102 ἂν
600 5046 761 5118 τυχὸν
796 5044 1018 5099 πιθανὸν
1047 5044 1108 5099 τὸ
1140 5043 1453 5115 λεγόμενον,
1489 5044 1538 5096 εἰ
1568 5040 1643 5114 μὴ

107 5133 279 5204 πρῶτον
304 5139 399 5210 μὲν
430 5140 764 5194 ἀντέπιπτον
797 5137 981 5201 αὐτοῖς
1013 5138 1069 5191 αἱ
1105 5136 1244 5191 θεῖαι
1278 5135 1510 5208 Γραφαί·
1548 5134 1645 5189 καὶ

106 5222 303 5296 ἀδελφῶν
351 5230 408 5284 δέ
457 5247 623 5284 τινων
658 5229 775 5283 ἐστὶ
805 5228 1109 5301 γράμματα
1142 5227 1488 5302 πρεσὸύτερα
1536 5226 1644 5281 τῶν

108 5313 316 5392 Βίκτορος
345 5323 582 5395 χρόνων,
615 5320 652 5377 ἃ
684 5322 882 5375 ἐκεῖνοι
927 5320 1066 5393 πρὸς
1098 5321 1167 5375 τὰ
1210 5319 1337 5391 ἔθνη
1372 5317 1513 5391 ὑπὲρ
1546 5318 1645 5390 τῆς

108 5405 443 5478 ἀληθείαςααὶ
476 5413 619 5485 πρὸς
650 5414 749 5477 τὰς
780 5413 902 5466 τότε
936 5410 1174 5482 αἱρέσεις
1207 5409 1472 5482 ἔγραψαν·
1501 5408 1646 5478 λέγω

110 5498 150 5551 δὲ
182 5502 441 5563 Ίουστίνου
474 5509 576 5563 καὶ
605 5506 920 5573 Μιλτιάδου,
942 5506 1035 5559 καὶ
1068 5502 1356 5569 Τατιανοῦ,
1386 5503 1480 5558 καὶ
1500 5502 1647 5576 Κλή-

110 5607 283 5661 μεντος,
332 5600 424 5654 καὶ
471 5600 679 5671 ἑτέρων
724 5597 1005 5661 πλειόνων,
1055 5597 1115 5650 ἐν
1157 5589 1241 5660 οἷς
1273 5596 1443 5649 ἅπασι
1476 5593 1647 5648 θεολο-

110 5688 251 5750 reieci
279 5691 305 5742 ὁ
334 5691 592 5763 Χριστός.
626 5691 709 5746 Τὰ
739 5691 848 5762 γὰρ
872 5688 1162 5761 Εἰρηναὶου
1195 5704 1254 5743 τε
1286 5686 1379 5741 καὶ
1410 5685 1647 5742 Melita)-

108 5793 175 5842 γδς
201 5783 282 5836 καὶ
310 5783 415 5839 τῶν
454 5782 661 5837 λοιπῶν
693 5781 775 5846 τίς
806 5784 993 5851 ἁγνοεὶ
1024 5779 1225 5852 βιὸλία,
1259 5778 1391 5833 Θεὸν
1424 5778 1518 5835 καὶ
1547 5778 1645 5835 ἄν·

389 5879 669 5939 Ριτιιοι..
717 5876 839 5938 Gtt.
892 5868 966 5943 ν.

1744 4582 1914 4638 sticus
1963 4582 2279 4653 scriptores.
2322 4582 2586 4655 Κλήμης,
2635 4585 2833 4654 inquit,
2876 4587 2906 4639 ὀ
2937 4585 3255 4651 ἀπόστολος,
3294 4588 3326 4640 ὀ

1742 4674 2035 4739 ἀπόστολος
2085 4677 2404 4748 Βαρνάϐας,
2442 4677 2602 4741 Θείως
2636 4679 2669 4749 ἡ
2702 4677 2930 4750 δύναμις
2960 4681 2993 4752 ἡ
3028 4678 3106 4751 τῷ
3150 4679 3325 4753 Ἑρμᾷ

1745 4767 1866 4821 κατ’
1908 4767 2252 4838 ἀποκάλυψιν
2297 4768 2551 4822 λαλοῦσα.
2603 4768 2936 4841 Scriptorem
2989 4772 3324 4829 catholicum

1745 4862 1970 4917 secundi
2016 4859 2116 4913 aevi
2167 4876 2235 4914 ne
2270 4876 2438 4915 unum
2473 4860 2696 4931 quidem
2732 4864 3025 4918 nominat:
3068 4865 3114 4919 si
3162 4865 3326 4935 lgna-

1744 4955 1880 5009 tium
1906 4961 2212 5024 praetereat,
2237 4952 2479 5023 praeterit
2507 4962 2560 5008 et
2584 4952 2968 5027 Polycarpum,
2991 4965 3042 5011 et
3076 4954 3321 5026 Papiam,

1744 5055 1799 5100 et
1828 5044 2189 5111 Quadratum,
2226 5054 2280 5100 et
2314 5045 2633 5115 Aristidem,
2666 5058 2721 5102 et
2747 5047 3046 5116 Justinum,
3081 5057 3135 5103 et
3168 5048 3324 5103 Meli-

1745 5146 1953 5205 tonem,
1982 5147 2038 5192 et
2070 5139 2494 5209 Athenagoram,
2532 5148 2587 5194 et
2612 5139 3024 5212 Dionysium,et
3056 5139 3320 5212 Hippoly-

1746 5242 1885 5299 tum,
1908 5241 1962 5287 et
1989 5230 2372 5303 llegesippum,
2399 5242 2452 5289 et
2480 5232 2745 5290 Irenaeum
2767 5253 2783 5302 ;
2805 5251 2947 5305 quos
2978 5249 3169 5289 omnes
3194 5248 3321 5293 eum

1747 5323 2086 5395 ignoravisse
2109 5339 2215 5378 non
2248 5334 2402 5395 puto,
2420 5326 2595 5398 magis
2618 5342 2783 5397 quam
2810 5326 3128 5396 magistrum
3158 5340 3323 5381 suum

1746 5413 2087 5471 Pantaenum.
2141 5415 2248 5471 Sed
2279 5418 2472 5475 mirum
2515 5429 2614 5486 est,
2642 5418 2838 5490 inquit,
2867 5419 2958 5489 qui
3000 5417 3079 5472 vel
3105 5433 3172 5473 ea:
3215 5434 3323 5473 una

1748 5505 2032 5563 Clementis
2049 5508 2117 5562 ad
2132 5507 2439 5563 Corinthios
2460 5510 2685 5579 epistola
2707 5511 2814 5564 tria
2827 5520 3111 5582 quatuorve
3129 5510 3246 5565 loca
3269 5513 3323 5566 in

1750 5596 2096 5656 Stromateon
2113 5615 2263 5670 opere
2280 5600 2584 5671 descripsit;
2596 5601 2727 5655 nihil
2744 5602 2798 5655 in
2825 5610 2934 5655 tam
2954 5602 3135 5655 multis
3160 5599 3323 5672 Igna-

1750 5690 1832 5756 tii,
1846 5707 1906 5744 ne
1922 5692 2234 5746 sententiam
2249 5692 2458 5763 quidem
2474 5709 2634 5746 unum
2648 5693 2900 5764 reperisse
2915 5710 3077 5765 quam
3094 5705 3322 5751 notaret.

1749 5780 1859 5836 Cur
1889 5796 1997 5837 non
2034 5792 2089 5838 et
2131 5780 2438 5838 Barnabam
2485 5783 2651 5841 etiam
2696 5784 2970 5856 producit,
2997 5784 3091 5852 qui
3125 5783 3323 5854 saepius

2968 5879 3007 5934 ‘J
