3770 6350
423 315 528 371 267

422 439 479 494 in
522 452 591 493 eo
632 448 797 508 Opere
845 410 1147 492 laudatur?
1178 451 1275 491 cur
1327 452 1435 491 non
1484 446 1538 492 et
1587 436 1866 501 Hermam,
1912 436 2003 508 qui

423 530 605 585 adhuc
635 527 975 600 frequentius
1001 528 1327 585 adducitur?
1351 528 1677 600 Quicunque
1709 528 2008 585 Clementis

426 624 755 679 Stromateas
794 624 964 695 probe
995 623 1168 691 novit,
1204 640 1487 694 nunquam
1518 625 1809 679 mirabitur
1843 624 1912 679 ab
1941 640 2006 679 eo
2036 648 2039 651 ι

424 718 692 788 lgnatium
736 734 860 774 esse
893 718 1263 789 praeteritum,
1300 727 1412 774 tres
1446 718 1690 789 reliquos
1723 719 1885 774 toties
1923 719 2007 775 ci-

423 797 589 868 tatos.
624 811 865 867 Instituit
900 812 1012 868 illic
1045 812 1353 883 gnosticum
1387 828 1585 877 suum,
1624 828 1732 867 non
1767 811 2007 882 vulgari-

422 903 527 958 bus
570 904 857 975 theologia:
900 904 1188 974 principiis
1222 904 1516 968 imbutum,
1550 904 1645 959 sed
1680 904 1825 959 ultra
1864 904 2003 958 alio-

417 1014 541 1051 rum
564 995 1005 1052 Christianorum
1034 1004 1236 1051 sortem
1261 996 1557 1059 elevatum,
1589 1004 1642 1050 et
1663 1005 1723 1050 ut
1745 996 2006 1067 magister

417 1090 669 1167 Origenis
705 1089 933 1161 mystica
978 1103 1211 1158 quaeque
1243 1095 1298 1143 et
1332 1087 1627 1158 anagogica
1663 1086 1865 1156 ubique
1911 1100 2005 1141 se-

416 1194 635 1253 ctatur;
670 1184 855 1256 qualia
888 1184 943 1238 in
977 1182 1242 1237 Barnabae
1274 1181 1526 1252 epistola,
1563 1190 1617 1236 et
1648 1179 1865 1236 Hermae
1891 1178 2005 1235 Pa-

413 1288 556 1333 stare
580 1279 819 1350 plurima
850 1286 1165 1340 occurrunt.
1200 1277 1254 1331 in
1288 1276 1714 1347 simplicissimis
1740 1285 1795 1331 et
1824 1278 2003 1332 moni-

415 1381 597 1427 torum
614 1360 995 1426 tantummodo
1018 1369 1320 1425 salubrium
1344 1370 1519 1439 plenis
1542 1368 1731 1440 lgnatii
1755 1370 2003 1439 epistolis

415 1481 525 1520 non
557 1464 926 1534 reperiuntur.
965 1462 1069 1518 Sed
1103 1463 1272 1527 dices,
1315 1463 1479 1517 etiam
1530 1462 1830 1521 Clementis
1880 1464 2000 1534 epi-

413 1558 557 1612 stola
590 1557 992 1627 simplicitatem
1027 1556 1383 1625 apostolicam
1417 1556 1591 1626 spirat
1613 1575 1625 1610 :
1647 1573 1713 1611 ex
1746 1557 1835 1612 illa
1872 1572 2001 1612 vero

422 1651 525 1704 tria
560 1658 867 1720 quatuorve
910 1649 1029 1703 loca
1064 1648 1241 1704 affert.
1281 1646 1355 1703 lla
1393 1664 1545 1705 sane.
1602 1649 1707 1704 Sed
1746 1648 2000 1706 Clemens

416 1744 821 1798 Alexandrinus
862 1742 1026 1796 etiam
1076 1742 1130 1796 in
1169 1742 1259 1796 illa
1293 1741 1500 1812 aliquid
1535 1757 1644 1795 non
1678 1742 1907 1811 simplex
1945 1751 2000 1796 et

414 1838 637 1905 vulgare
689 1835 1105 1898 animadvertit,
1143 1834 1235 1891 sed
1271 1833 1471 1903 γνῶσιν
1502 1833 1840 1909 τελειοτέραν
1889 1850 2001 1905 prae

414 1948 473 1986 sc
501 1930 701 1995 ferens,
730 1928 874 1999 quod
909 1944 977 1983 ex
1012 1928 1100 1981 illa
1150 1944 1255 1982 non
1292 1928 1461 1983 semel
1493 1928 1756 1998 excerpit.
1789 1926 1995 1983 Obser-

408 2030 501 2075 vat
539 2019 873 2075 Clementem
927 2016 1236 2072 Romanum
1290 2017 1626 2074 differentias
1658 2034 1860 2088 eorum,
1899 2020 1994 2089 qui

408 2123 538 2167 sunt
590 2111 806 2183 probati
855 2111 909 2165 in
948 2110 1223 2176 Ecclesia,
1255 2111 1593 2177 describere,
1632 2122 1687 2166 et
1721 2112 1863 2167 inter
1896 2128 1994 2168 eos

409 2219 608 2273 ponere
637 2202 730 2256 τὸν
762 2200 986 2256 δυνατὸν
1017 2199 1220 2269 γνῶσιν
1253 2199 1511 2265 ἐξειπεῖν,
1547 2215 1673 2253 eum
1709 2200 1875 2270 igitur
1908 2200 1993 2254 lo-

406 2310 532 2349 cum
577 2293 663 2349 bis
709 2294 860 2360 citat,
897 2304 1015 2347 tum
1067 2293 1123 2346 in
1157 2291 1336 2362 primo
1371 2291 1535 2356 libro,
1572 2301 1687 2347 tum
1724 2290 1778 2344 in
1814 2300 1989 2345 sexto.

407 2384 678 2442 Observat
715 2402 841 2441 eum
892 2385 1065 2440 τύπον
1096 2386 1219 2439 τινὰ
1251 2383 1346 2439 τοῦ
1381 2382 1691 2439 Γνωστικοῦ
1743 2383 1991 2458 ὑπογρά-

408 2496 551 2547 φειν,
569 2478 798 2547 formam
821 2478 1106 2549 quamdam
1135 2477 1376 2533 Cnosttci
1396 2478 1709 2542 describere,
1732 2477 1798 2532 ad
1825 2493 1991 2547 quam

408 2585 604 2624 onmes
636 2584 773 2640 pene
807 2569 1051 2639 epistolae
1083 2579 1266 2638 partes
1296 2569 1437 2623 miro
1463 2569 1623 2625 modo
1660 2568 1826 2624 refert
1851 2569 1991 2624 libro

408 2670 629 2731 quarto.
664 2659 827 2716 Notat
863 2672 918 2716 et
949 2662 1174 2715 mundos
1223 2660 1344 2730 ejus
1371 2672 1487 2729 post
1527 2678 1783 2716 oceanum
1803 2703 1820 2729 ,
1849 2676 1989 2733 quos

407 2771 533 2810 cum
573 2754 872 2812 Platonieis
923 2755 1154 2810 confert.
1194 2753 1346 2809 Talia
1394 2756 1537 2826 apud
1572 2754 1842 2827 lgnatium
1885 2771 1991 2810 no-

407 2857 582 2900 strum
624 2846 872 2900 invenire
907 2861 1014 2899 non
1050 2854 1189 2899 erat.
1228 2842 1516 2899 Silentium
1551 2844 1719 2915 igitur
1752 2844 1993 2898 Alexan-

404 2938 552 2992 drini
609 2954 718 2991 non
774 2937 980 2991 indicat
1031 2936 1313 3008 lgnatiana
1371 2951 1480 2989 non
1532 2934 1735 3001 fuisse,
1775 2935 1868 2990 sed
1922 2934 1988 2988 ad

406 3028 820 3086 informandum
858 3029 1209 3094 Gnosticum,
1245 3028 1314 3083 ad
1342 3028 1659 3099 mysticam,
1702 3037 1757 3083 et
1786 3044 1991 3095 anago-

407 3120 607 3189 gieam,
622 3119 1126 3190 tropologicamque
1148 3115 1453 3171 doctrinam
1478 3115 1881 3180 illustrandam,
1897 3122 1993 3168 aut

407 3211 808 3281 philosophiam
843 3210 1195 3264 excolendam
1230 3208 1457 3262 minime
1488 3207 1703 3262 idonea.

480 3301 588 3355 Sed
640 3310 853 3355 certum
896 3310 951 3354 et
998 3299 1283 3353 definitum
1339 3297 1498 3352 nobis
1550 3297 1730 3351 locum
1786 3294 1991 3350 indicat

407 3391 747 3448 Stromateon
807 3406 971 3461 Opere
1027 3391 1062 3444 Ι.
1102 3407 1210 3453 vn,
1263 3405 1317 3460 p.
1362 3389 1485 3456 764,
1520 3404 1631 3459 quo
1664 3389 1786 3444 sine
1819 3388 1989 3443 dubio

402 3484 600 3554 lgnatii
636 3499 832 3538 nomen
870 3483 1148 3553 posuisset
1182 3480 1462 3549 Clemens,
1491 3482 1537 3536 si
1571 3480 1833 3551 epistolas
1865 3479 1987 3549 ejus

403 3594 646 3649 unquam
700 3575 943 3631 vidisset.
1001 3575 1139 3630 Mira
1191 3576 1414 3647 quidem
1461 3576 1577 3631 haec
1619 3574 1983 3645 perspicacia,

399 3683 454 3726 et
486 3670 761 3727 scribendi
797 3672 964 3726 moris
1003 3670 1147 3739 apud
1180 3679 1396 3725 veteres
1429 3676 1687 3723 accurata
1720 3667 1984 3721 observa-

402 3766 503 3827 tio,
539 3780 661 3834 qua:
694 3780 804 3833 quo
837 3764 1069 3832 QUlS€llle
1103 3762 1225 3815 loco
1264 3760 1565 3830 quemlibet
1611 3774 1669 3814 se
1703 3757 1985 3827 antiquio-

399 3873 515 3912 rem
551 3857 836 3911 nominare
869 3856 1140 3920 debuerit,
1168 3853 1411 3908 indicare
1444 3851 1642 3921 potuit.
1683 3849 1785 3905 Ubi
1819 3849 1984 3903 tradit

399 3948 765 4002 hereticorum
795 3955 962 4017 sectas
995 3946 1222 3999 Adriani
1244 3945 1454 3998 demum
1478 3943 1706 4013 Augusti
1736 3942 1985 4009 tempori-

401 4033 498 4088 bus
527 4032 816 4087 coalescere
843 4034 1077 4103 coepisse,
1109 4043 1434 4104 opportunus
1473 4042 1589 4086 erat
1628 4031 1773 4085 locus
1820 4030 1984 4101 Igna-

400 4125 551 4178 tiana
578 4133 760 4177 nostra
787 4125 1248 4178 commemorandi.
1273 4123 1413 4191 Quid
1440 4138 1589 4189 vero,
1607 4139 1675 4177 an
1697 4123 1901 4193 aliquid
1926 4123 1980 4177 in

402 4232 563 4271 suam
590 4216 915 4296 sententiam
950 4233 1014 4270 ex
1047 4215 1345 4286 lgnatianis
1394 4216 1611 4271 trahere
1645 4216 1856 4285 potuit?
1896 4215 1978 4269 Att

398 4307 643 4379 lgnatius
688 4307 763 4361 illi
799 4307 1027 4362 idoneus
1079 4307 1233 4362 testis
1294 4306 1417 4371 fuit,
1466 4323 1532 4361 ex
1565 4322 1678 4377 quo
1725 4306 1980 4377 probaret

396 4397 687 4453 haereticos
731 4412 838 4451 non
884 4397 988 4451 nisi
1024 4394 1126 4451 sub
1175 4396 1399 4450 Adriani
1454 4396 1683 4465 imperio
1723 4396 1975 4465 empisse,

1414 316 1469 371 s.
1512 298 1863 374 lGNATlUS.
1902 347 1966 357 —
1998 315 2530 374 PROLEGOMENA.

3595 324 3697 380 268

2038 444 2076 498 Α
2110 439 2465 508 produceret,
2498 453 2609 508 quo
2658 437 2929 495 refelleret
2966 450 3023 496 et
3067 440 3359 508 refutaret,
3384 455 3499 511 quo
3527 445 3695 512 aperti

2114 530 2383 585 mendacii
2413 539 2467 585 et
2496 530 2619 586 falsi
2651 532 2949 588 testimonii
2983 549 3107 590 reos
3135 534 3381 590 teneret?
3415 533 3624 589 Verum
3654 536 3696 590 si

2113 623 2214 678 hoc
2256 638 2364 678 non
2396 622 2635 688 fecisset,
2664 638 2817 678 suam
2859 626 2968 695 ipse
3009 628 3353 681 traditionem
3390 628 3465 681 ad
3507 628 3697 680 Irarum

2111 730 2351 768 normam
2388 718 2719 771 correxisset.
2762 716 2901 771 Ante
2930 718 3144 774 dixerat
3178 731 3540 789 opportunum
3564 720 3696 774 hunc

2109 806 2282 860 locum
2319 824 2430 862 esse
2458 807 2748 879 lgnatiana
2790 820 2973 864 nostra
3020 813 3497 881 commemorandi,
3529 830 3695 878 nunc,

2109 902 2155 954 si
2204 892 3093 971 commemorasset,sententiam
3138 922 3294 962 suam
3344 910 3697 973 correxisset;

2108 1000 2165 1047 at
2196 1009 2314 1048 eam
2348 994 2506 1049 aliter
2528 997 2800 1068 corrigere
2835 1013 2943 1052 non
2976 999 3172 1069 potuit,
3200 999 3304 1055 nisi
3333 1008 3507 1054 totam
3540 1002 3696 1057 oblit-

2110 1095 2341 1143 terasset
2388 1097 2552 1160 atque
2603 1090 2978 1160 expunxisset.
3040 1091 3276 1147 Hoccine
3327 1104 3516 1147 autem
3578 1095 3699 1149 huic

2108 1180 2231 1236 loco
2254 1190 2623 1252 opportunum
2664 1199 2786 1240 esse
2823 1186 3022 1255 potuit,
3048 1188 3195 1257 quod
3223 1196 3397 1242 totum
3435 1197 3701 1244 everteret

2106 1284 2160 1330 et
2188 1278 2560 1345 expungeret?
2589 1274 2714 1334 Haec
2744 1279 2931 1334 omnia
2977 1296 3141 1336 merae
3170 1291 3301 1337 sunt
3337 1282 3697 1349 conjecturae,

2105 1376 2159 1424 et
2201 1368 2419 1439 quidem
2462 1371 2871 1439 infelicissimae,
2903 1389 3002 1429 nec
3047 1375 3238 1445 lgnatii
3286 1375 3573 1446 epistolis,
3606 1392 3701 1432 nec

2104 1462 2387 1532 proposito
2432 1463 2729 1521 Clementis
2759 1465 2875 1521 ullo
2914 1465 3077 1521 modo
3111 1468 3536 1523 convenientes.
3579 1468 3699 1524 (ιιι.

2105 1568 2261 1609 mens
2285 1570 2393 1609 non
2426 1571 2618 1612 omnes
2645 1557 2880 1613 htereses
2908 1560 3170 1629 respexit,
3195 1562 3291 1616 sed
3325 1562 3553 1633 aliquas
3576 1575 3697 1619 tau-

2106 1654 2245 1712 tum,
2275 1661 2373 1701 sua
2404 1655 2562 1702 aetate
2593 1650 2831 1704 maxime
2855 1652 3181 1722 conspicuas
3203 1663 3258 1709 et
3281 1654 3510 1726 scriptis
3534 1658 3697 1712 etiam

2106 1734 2310 1805 ubique
2347 1745 2480 1792 tunc
2509 1737 2770 1807 temporis
2797 1738 3061 1805 celebres,
3087 1740 3288 1810 quibus
3324 1744 3584 1799 maxime
3610 1760 3701 1797 ea-

2031 1827 2073 1883 B
2102 1827 2289 1883 tholici
2328 1828 2688 1895 vexabantur,
2723 1844 2847 1884 eum
2876 1831 3217 1901 antiquiores
3259 1833 3385 1889 alia
3412 1833 3536 1905 jam
3567 1851 3702 1905 pene

2097 1920 2470 1976 evanuissent.
2520 1919 2724 1976 Harum
2783 1922 2936 1977 initia
2996 1925 3179 1995 aliquo
3224 1927 3398 1982 modo
3457 1927 3700 1994 indicat,

2096 2011 2341 2068 Ecclesia
2370 2014 2704 2083 posteriores
2731 2015 2995 2083 ostendit,
3016 2032 3118 2073 nec
3146 2027 3254 2073 tam
3291 2020 3527 2088 quidem
3560 2022 3703 2075 anti-

2096 2119 2236 2173 quas
2267 2120 2431 2174 quam
2485 2104 2592 2175 ipsi
2632 2105 2979 2176 iactitabant.
3027 2107 3184 2174 Quod
3225 2111 3373 2165 enim
3426 2110 3703 2169 Basilides

2096 2192 2376 2248 Glauciam
2408 2195 2735 2265 magistrum
2780 2212 2941 2251 suum
2984 2200 3275 2267 assereret,
3306 2216 3483 2270 quem
3533 2203 3702 2260 disci-

2095 2286 2209 2355 puli
2235 2286 2355 2355 ejus
2381 2286 2526 2343 Petri
2554 2289 2902 2358 interpretem
2932 2289 3102 2346 fuisse
3129 2292 3525 2363 afﬁrmabant;
3558 2298 3703 2368 quod

2096 2374 2462 2432 Valentiniani
2499 2378 2567 2433 ad
2599 2377 2899 2445 Thcodadi,
2934 2390 3194 2452 tanquam
3224 2381 3282 2438 S.
3318 2383 3489 2441 Pauli
3532 2389 3701 2443 disci-

2094 2467 2283 2537 pulum
2314 2468 2589 2525 haereseos
2614 2485 2727 2525 sum
2748 2471 3017 2542 originem
3037 2471 3338 2541 referrent;
3369 2476 3497 2532 haec
3513 2480 3702 2533 omnia

2095 2560 2252 2629 quasi
2287 2576 2397 2615 non
2424 2561 2560 2618 satis
2585 2574 2733 2618 certa
2779 2564 2989 2635 rejecit,
3022 2575 3075 2620 et
3110 2582 3232 2636 qua:
3265 2568 3476 2624 barum
3522 2572 3703 2627 haere-

2095 2665 2227 2705 seon
2267 2652 2648 2723 antiquitatem
2695 2655 2924 2711 minime
2972 2657 3288 2727 probarent.
3330 2661 3521 2716 Aliter
3563 2665 3700 2719 satis

2094 2743 2247 2798 novit
2274 2744 2518 2799 omnium
2562 2746 2972 2803 eruditissimus
3015 2748 3294 2813 Clemens,
3326 2766 3449 2806 non
3481 2763 3704 2810 tantum

2094 2837 2196 2891 sub
2232 2836 2470 2908 Trajano
2498 2848 2624 2894 ante
2652 2840 2979 2907 Adrianum,
3014 2857 3127 2896 non
3157 2852 3376 2898 tantum
3419 2847 3533 2901 sub
3563 2858 3705 2903 tem-

2093 2943 2224 2997 pore
2254 2930 2498 3001 martyrii
2526 2929 2815 3000 lgnatiani,
2843 2942 2902 2987 ut
2927 2932 3042 3003 ipse
3069 2932 3309 3001 lgnatius
3334 2936 3583 3005 indicat,
3608 2941 3705 2995 sed

2092 3018 2254 3072 etiam
2308 3034 2423 3073 aevo
2477 3020 2852 3089 apostolorum
2898 3022 3189 3078 hzereticos
3241 3025 3470 3095 aliquos
3523 3031 3705 3084 exsti-

2093 3112 2248 3178 tisse,
2276 3121 2337 3166 ut
2381 3122 2438 3167 et
2478 3113 2711 3169 historia
2750 3115 3142 3183 ecclesiastica,
3174 3126 3228 3172 et
3260 3118 3401 3188 ipsae
3430 3121 3610 3176 etiam
3644 3121 3707 3177 S.

2016 3171 2060 3229 α
2096 3200 2391 3272 Scriptum
2435 3213 2724 3261 testantur.
2780 3206 3192 3278 Iniquissimum
3238 3171 3413 3280 igitur
3453 3224 3548 3267 est
3600 3215 3709 3270 hoc

2090 3295 2213 3350 loco
2256 3296 2564 3366 postulare,
2597 3307 2656 3350 ut
2698 3298 2952 3354 Clemens
2994 3297 3263 3369 lgnatium
3311 3314 3613 3371 nostrum,
3660 3308 3705 3363 si

2090 3389 2363 3457 scivisset,
2415 3390 2640 3456 citaret;
2674 3393 2741 3445 ab
2786 3393 2935 3447 omni
2985 3394 3197 3449 ratione
3250 3395 3715 3467 alienissimum,

2087 3482 2425 3554 ignoravisse
2454 3499 2601 3549 eum,
2634 3486 2779 3554 quod
2816 3501 2923 3541 non
2952 3486 3217 3550 citaverit,
3253 3490 3641 3549 concludere.

2160 3574 2646 3631 Verumenimvcro
2708 3578 2891 3632 eadem
2933 3588 3011 3632 est
3051 3620 3066 3645 ,
3111 3579 3318 3651 inquit,
3362 3591 3417 3635 et
3464 3584 3708 3638 alterius

2086 3667 2365 3736 cujusdam
2392 3665 2675 3721 Clementis
2704 3670 2978 3724 sententia:
3000 3671 3160 3725 ratio.
3187 3668 3290 3725 Ille
3316 3674 3469 3725 enim
3497 3679 3707 3730 statuit

2087 3758 2355 3812 Christum
2384 3775 2547 3811 unum
2579 3768 2783 3812 tantum
2822 3776 3021 3814 annum
3049 3763 3104 3815 in
3141 3764 3294 3816 terris
3315 3765 3707 3833 pradicas”;

2087 3861 2141 3903 at
2178 3850 2423 3921 Ignatius
2469 3861 2647 3904 noster
2684 3852 2881 3907 diserte
2920 3854 3105 3910 scribit
3156 3855 3455 3910 Dominum
3516 3864 3709 3918 tribus

2084 3955 2209 4014 post
2263 3945 2593 4015 baptismum
2653 3945 2814 4000 annis
2868 3946 3250 4015 praedicavisse
3301 3953 3709 4022 evangelium.

2083 4036 2199 4093 lmo
2241 4053 2372 4092 vero
2416 4049 2604 4094 noster
2645 4036 2886 4108 lgnatius
2930 4039 3045 4095 haec
3090 4057 3375 4111 nunquam
3435 4047 3709 4118 scripsit.

2083 4130 2215 4198 Qua:
2261 4134 2403 4189 enim
2444 4131 2637 4187 ret-itat
2670 4130 2905 4187 Dallaeus
2953 4148 3020 4188 ex
3062 4134 3289 4203 epistola
3332 4137 3410 4190 ad
3450 4136 3709 4197 Trallia-

2084 4239 2187 4278 nos
2217 4226 2412 4293 pagina
2445 4222 2531 4287 76,
2566 4223 2758 4278 eodem
2802 4224 3021 4294 quidem
3053 4226 3174 4281 loco
3200 4227 3347 4296 apud
3390 4227 3709 4289 Usserium

2082 4314 2467 4381 inveniuntur;
2517 4315 2609 4370 sed
2659 4324 2769 4370 tcta
2816 4317 3009 4387 pagina
3058 4318 3284 4373 miniata
3336 4331 3456 4388 est,
3525 4335 3591 4381 et
3641 4343 3710 4382 ea

2080 4407 2246 4462 verba
2276 4424 2384 4460 non
2412 4409 2479 4462 ad
2503 4418 2803 4471 auctorem,
2824 4409 2919 4463 sed
2943 4409 3397 4480 interpolatorem
3428 4419 3711 4487 epistolae

396 4506 522 4546 cum
556 4491 673 4560 ipse
704 4498 830 4545 ante
857 4488 1160 4546 Adrianum
1196 4490 1299 4544 sub
1329 4489 1507 4543 medio
1548 4487 1771 4557 Trajani
1806 4488 1977 4557 impe—
2008 4517 2052 4571 ι)
2080 4496 2363 4552 referenda
2397 4508 2543 4562 sum,
2570 4510 2624 4554 ει
2651 4500 2717 4554 ad
2747 4516 2847 4554 nos
2878 4516 2984 4555 ηοη
3030 4512 3299 4570 spectant,
3330 4505 3437 4574 qui
3471 4510 3712 4580 epis“?

396 4583 481 4638 rio
511 4596 709 4651 passus
755 4583 860 4638 sit?
890 4580 1010 4637 Non
1058 4582 1165 4637 hoc
1197 4583 1314 4637 vult
1357 4583 1441 4637 vir
1480 4582 1872 4647 doctissimus;
1909 4580 1977 4636 ad

397 4681 727 4734 sententiam
783 4693 940 4732 suam
994 4675 1430 4732 conﬁrmandam
1477 4692 1586 4729 non
1631 4674 1808 4745 potuit
1849 4673 1976 4729 Cle-

397 4787 555 4828 mens
596 4772 862 4844 lgnatium
899 4772 1204 4833 nominare,
1240 4769 1429 4823 debuit
1483 4769 1549 4824 ad
1595 4768 1972 4825 refellendam.

397 4864 604 4918 Duram
649 4861 894 4933 profecto
950 4862 1120 4933 legem
1156 4861 1515 4931 scriptoribus
1548 4862 1789 4932 antiquis
1834 4862 1973 4932 figit,

396 4956 492 5028 qui
537 4956 921 5011 necessitatem
967 4955 1034 5009 iis
1093 4955 1323 5023 imponit
1372 4954 1575 5009 citandi
1634 4954 1974 5010 clarissimos

395 5050 654 5106 Ecclesiae
681 5050 951 5104 antistites
988 5057 1176 5101 contra
1218 5064 1371 5102 suam
1408 5049 1755 5103 sententiam.
1785 5047 1975 5118 Neque

396 5144 501 5198 hoc
547 5142 662 5195 vult
694 5141 777 5194 vir
819 5139 1202 5204 doctissimus;
1236 5139 1366 5208 quid
1406 5139 1612 5210 igitur?
1654 5138 1970 5210 Ignatianas

392 5234 644 5305 epistolas
688 5231 965 5285 traditioni
1012 5247 1125 5285 sua:
1168 5232 1494 5300 apertissime
1540 5242 1885 5302 repugnantes
1928 5234 1974 5288 si

394 5324 647 5391 sciuisset,
673 5322 880 5393 aliquid
903 5331 1051 5379 certe
1081 5320 1318 5388 fecisset,
1337 5323 1485 5392 quod
1516 5338 1625 5377 non
1651 5322 1811 5390 fecit;
1840 5325 1973 5394 quid

394 5427 576 5471 autem
621 5419 727 5472 hoc
766 5416 885 5471 est?
920 5414 998 5469 vel
1041 5431 1130 5467 eas
1186 5414 1504 5482 refutasset;
1550 5414 1661 5468 imo
1694 5431 1823 5469 vero
1867 5417 1972 5471 hoc

384 5521 671 5587 .nunquam
724 5505 961 5561 fecisset.
1008 5502 1385 5574 Quisquamne
1415 5513 1660 5559 veterum
1702 5506 1971 5563 Christia-

394 5612 590 5650 norum
626 5612 746 5652 eam
785 5598 852 5653 de
889 5598 1295 5667 antiquioribus
1330 5594 1582 5654 Patribus
1616 5607 1667 5654 et
1695 5599 1968 5669 episcopis

383 5677 459 5777 'rde
488 5691 858 5760 apostolorum
880 5692 1164 5761 discipulis
1188 5700 1241 5747 et
1267 5692 1597 5764 martyribus
1631 5693 1968 5774 opinionem,

394 5773 461 5839 de
492 5784 673 5848 seipso
702 5799 824 5840 eam
855 5786 1335 5853 prtesumotionem
1380 5786 1592 5850 habuit.
1629 5795 1686 5843 ut
1721 5768 1817 5845 eos
1845 5782 1967 5844 ideo

2080 4591 2186 4644 lam
2232 4590 2300 4645 ad
2347 4588 2656 4646 Trallianos
2704 4590 2948 4662 quidem,
2977 4593 3071 4647 sed
3112 4593 3180 4648 ab
3208 4595 3485 4655 omnibus
3523 4618 3711 4658 assu-

2080 4679 2279 4735 mentis
2309 4681 2557 4743 liberam,
2591 4681 2955 4739 defendimus.
2989 4683 3053 4738 Et
3078 4694 3259 4739 tamen
3299 4686 3412 4744 hoc
3446 4695 3711 4751 unicum

2078 4783 2460 4844 argumentum
2490 4774 2663 4841 all‘ert,
2687 4791 2798 4845 quo
2820 4777 3013 4846 probet
3036 4776 3302 4849 lgnatium
3330 4793 3391 4837 et
3422 4784 3711 4860 Origeni,

2077 4874 2132 4918 et
2185 4863 2330 4919 Julio
2382 4864 2678 4933 Africano,
2720 4878 2774 4922 et
2828 4867 3114 4943 Lactantio
3162 4870 3421 4942 ignotum
3481 4875 3709 4936 fuisse.

2076 4955 2333 5025 Ejusdem
2362 4956 2552 5013 farinae
2578 4969 2707 5013 sunt
2732 4976 2853 5028 qua:
2876 4961 2943 5016 de
2967 4957 3139 5015 Paulo
3159 4962 3499 5034 conjugnto,
3539 4980 3606 5025 et
3638 4975 3714 5027 de

2076 5050 2481 5105 resurrectione
2521 5050 2726 5106 Christi
2777 5052 2984 5107 habet:
3021 5068 3144 5122 quae
3187 5055 3472 5113 adversus
3528 5060 3713 5132 lgna-

2076 5141 2210 5195 tium
2243 5140 2484 5207 Baronii,
2506 5158 2615 5197 non
2647 5152 2827 5198 autem
2860 5150 3109 5199 nostrum
3134 5155 3263 5201 sunt
3283 5145 3491 5206 allata.
3542 5152 3713 5211 Nihil

2076 5243 2254 5289 tamen
2284 5234 2427 5289 aliud
2448 5234 2620 5301 aﬂ'ert,
2634 5244 2691 5291 ut
2708 5236 2899 5305 probet
2920 5236 3184 5307 lgnatium
3205 5237 3376 5292 etiam
3402 5239 3714 5317 Dionysio

2072 5323 2447 5380 Alexandrino
2497 5326 2667 5380 fuisse
2710 5326 2972 5395 ignotum.
3027 5324 3183 5392 Quod
3230 5327 3297 5381 ad
3345 5344 3453 5384 eos
3515 5334 3717 5407 igitur

2073 5424 2302 5484 spectat,
2332 5416 2689 5487 expungenda
2734 5415 2892 5485 plane
2931 5430 2999 5469 ex
3028 5416 3186 5471 titulo
3228 5417 3435 5486 capitis
3472 5438 3713 5498 magna

2072 5507 2161 5561 illa
2190 5509 2413 5563 nomina
2447 5507 2717 5579 Origenis,
2745 5507 2877 5563 Julii
2905 5508 3171 5573 Africani,
3192 5504 3523 5582 Lactantii,
3564 5517 3713 5574 Dio-

2071 5601 2212 5671 nysii
2243 5600 2621 5668 Alexandrini,
2652 5612 2707 5658 et
2728 5604 2903 5673 ipsius
2938 5603 3103 5658 etiam
3132 5602 3495 5677 Hieronymi.
3537 5609 3715 5671 Nihil

2070 5703 2215 5748 certe
2252 5695 2517 5751 hactenus
2539 5695 2831 5751 adductum
2866 5704 3109 5767 est,equo
3136 5696 3407 5766 probetur
3437 5713 3561 5757 aut
3600 5722 3713 5761 ve-

2072 5786 2299 5844 risimile
2373 5787 2651 5855 reddatur_
2713 5787 2984 5850 lanatium
3040 5797 3309 5853 nostrum
3381 5790 3712 5856 Clementi
