3770 6316
133 270 233 327 269

788 271 842 330 ι.
884 254 1255 334 ΡΕΑΚΞΟΝΙΙ
1296 276 1620 336 VINDICIE
1652 277 2155 343 tonitruum..—
2186 283 2373 343 PARS
2404 284 2474 343 ιι.

3285 295 3394 355 2το

131 389 705 450 Alexandrinotuisse
753 393 1002 465 ignotum
1040 415 1053 451 :
1088 406 1143 452 et
1188 412 1290 452 nos
1322 400 1536 453 meliori
1581 415 1705 468 jure
1732 414 1779 470 Α
1808 399 2075 457 Boioariis
2104 412 2199 458 aut
2219 401 2566 473 lonensmus,
2609 422 2845 478 quorum
2895 409 3173 482 ignoratio
3220 412 3391 469 etiam

132 484 174 538 ci
205 494 389 537 notum
440 483 613 540 fuisse
661 488 1071 545 contendimus.
1127 487 1290 544 Nullo
1334 491 1481 545 enim
1536 492 1703 546 modo

133 575 416 628 verisimile
439 588 520 630 est
548 591 673 631 eum
715 594 878 648 quem
909 580 1172 651 Origenes
1200 582 1502 651 discipulus
1533 583 1700 639 etiam

131 665 331 734 juvenis
365 676 473 721 tam
504 668 643 723 bene
674 670 824 725 novit
855 670 940 741 (ut
964 673 1331 733 ostendimusl
1361 672 1700 731 Clementem

133 758 442 827 magistrum
472 759 777 829 ignorasse.

194 848 312 903 Haec
350 864 475 904 cum
500 867 530 905 e
556 850 838 907 Clemente
879 852 1222 921 adduxisset,
1273 856 1490 910 tandem
1535 872 1702 928 argu-

132 950 359 995 mentum
391 958 423 996 a
456 944 772 999 testimonio
800 945 1135 1014 negativum,
1161 961 1192 1001 a
1221 946 1461 1014 silentio,
1489 948 1701 1004 scilicet

132 1032 443 1102 scriptorum
475 1043 602 1089 ante
648 1033 867 1090 Eusebii
910 1048 1159 1106 tempore
1187 1036 1433 1104 ductum,
1475 1041 1692 1095 varium

131 1124 334 1193 quidem
383 1126 553 1191 illud,
587 1137 642 1181 et
677 1128 1112 1195 miscellaneum,
1164 1138 1220 1184 et
1252 1132 1524 1199 prolixum
1564 1150 1698 1187 con-

130 1215 310 1282 cludit;
342 1232 455 1286 quo
484 1216 797 1288 lgnatianas
827 1220 1091 1288 epistolas
1130 1224 1389 1280 omnibus
1429 1234 1555 1279 ante
1583 1224 1696 1279 Eu-

129 1310 319 1365 sebium
367 1311 582 1381 ignotas
623 1327 693 1367 se
727 1313 986 1382 probasse
1030 1324 1209 1385 putat,
1254 1317 1483 1387 ideoque
1519 1319 1697 1374 nullas

129 1401 301 1457 fuisse.
335 1401 391 1457 Id
427 1415 610 1459 autem
638 1420 764 1459 eum
797 1404 866 1461 de
898 1407 1114 1462 nemine
1145 1409 1413 1479 probasse
1440 1412 1693 1479 ostendi;

130 1512 225 1550 non
260 1501 324 1551 de
352 1496 583 1562 Irenaeo,
618 1514 729 1553 non
776 1500 845 1554 de
884 1501 1280 1558 Alexandrinis
1306 1544 1322 1569 ,
1351 1511 1448 1557 aut
1478 1503 1696 1558 Ethio-

130 1589 289 1657 pibus,
318 1606 426 1644 non
471 1590 541 1645 de
580 1590 938 1659 Tertulliano,
972 1602 1067 1647 aut
1099 1592 1257 1660 Caio,
1287 1605 1385 1650 aut
1414 1596 1694 1653 Clemente

129 1680 477 1736 Alexandrino
505 1701 519 1736 :
545 1684 717 1737 multo
761 1685 945 1740 minus
981 1687 1050 1741 de
1082 1683 1337 1757 Origene,
1364 1686 1512 1743 Julio
1538 1688 1693 1743 Alri-

1803 495 2031 564 probata
2078 497 2125 551 si
2178 506 2345 565 esset,
2386 498 2595 553 nullam
2631 503 2851 571 neganti
2898 513 3226 574 argumento
3276 505 3390 561 vim

1802 587 2046 644 adderet.
2085 587 2268 654 Quare
2309 603 2411 645 nos
2439 592 2614 647 multo
2641 594 2856 649 meliori
2879 594 3006 665 jure
3032 597 3112 651 sic
3143 597 3392 666 disputa-

1803 696 1949 737 mus.
1975 680 2113 737 Cum
2140 680 2476 753 Polycarpus
2503 682 2693 755 lgnatii
2718 686 3042 758 discipulus,
3072 704 3197 743 cum
3230 688 3390 744 Philo

1801 782 1857 827 et
1886 774 2211 844 Agathopus
2239 774 2483 845 ejusdem
2505 778 2761 844 comites,
2793 796 2918 834 cum
2955 780 3193 836 lrenaeus
3229 782 3382 853 Poly-

1801 863 1951 932 carpi
2003 864 2331 935 discipulus.
2359 881 2487 920 eum
2543 866 2882 939 Theophilus
2919 870 3114 942 lgnatii
3154 873 3209 927 in
3258 872 3391 929 sede

1802 952 2143 1009 Antiochena
2192 956 2491 1027 aliquando
2537 974 2847 1029 successor,
2876 973 2973 1017 aut
3014 964 3258 1034 ejusdem
3288 966 3390 1021 arvi

1801 1044 2021 1115 aliquis,
2055 1062 2181 1101 cum
2216 1048 2455 1119 denique
2484 1048 2772 1122 Origenes,
2806 1056 3112 1126 discipulus
3135 1059 3391 1116 Clemen~

1802 1139 1892 1203 tis,
1927 1138 2119 1210 lgnatii
2153 1142 2510 1210 epistularum
2554 1146 2758 1202 diserte
2788 1151 3159 1215 meminerint,
3194 1162 3291 1207 aut
3318 1155 3388 1207 ad

1799 1246 1895 1286 eas
1920 1242 2109 1301 aperte
2129 1236 2501 1303 respexerint;
2526 1252 2652 1293 cum
2676 1238 2713 1293 ii
2742 1254 2957 1306 omnes,
2984 1245 3076 1312 qui
3103 1244 3388 1315 ignorasse

1799 1323 2193 1390 perhibentur,
2230 1326 2435 1401 nullam
2481 1328 2639 1384 nobis
2674 1345 2795 1387 eam
2848 1332 2984 1401 ipsis
3017 1335 3383 1405 ignorantiam

1799 1414 2073 1469 tribuendi
2117 1416 2253 1473 satis
2279 1417 2488 1488 justam
2534 1435 2756 1477 causam
2807 1427 3171 1494 praebuerint;
3216 1442 3383 1499 argu-

1798 1515 2042 1558 mentum
2078 1521 2110 1559 a
2140 1507 2362 1561 silentio
2404 1509 2655 1578 negative
2698 1510 2926 1567 ductum
2976 1514 3113 1568 nihil
3156 1517 3384 1580 omnino

1796 1595 1979 1651 valere
2026 1599 2467 1667 pronuntiamus,
2496 1611 2551 1656 et
2588 1602 2659 1657 ab
2694 1602 2761 1658 iis
2793 1604 2887 1675 qui
2933 1617 3226 1671 noverunt,
3256 1610 3384 1663 reli-

1796 1703 1936 1757 quos
1962 1703 2073 1742 non
2104 1688 2411 1759 ignorasse,
2442 1702 2537 1748 aut
2562 1694 2609 1749 si
2646 1694 2817 1764 aliqui
2850 1712 2917 1751 ex
2955 1697 3024 1752 iis
3055 1697 3194 1754 forte
3230 1700 3383 1769 igno-

130 1787 269 1836 cano,
322 1772 588 1846 Dionysio
633 1776 1035 1844 Alexandrino,
1083 1788 1181 1833 aut
1223 1777 1533 1846 Lactantio,
1592 1797 1691 1850 pro
1722 1773 1766 1827 Β
1799 1783 2059 1851 raverint,
2096 1794 2480 1854 argumentum
2512 1786 2639 1843 inde
2672 1778 2791 1844 ﬁeri
2821 1804 2933 1844 non
2964 1806 3131 1861 posse
3151 1793 3381 1849 conclu-

127 1881 339 1934 qnorum
372 1867 688 1938 ignorantia
720 1870 856 1923 nihil
884 1885 952 1925 ex
992 1872 1197 1927 nostris
1239 1872 1487 1942 epistolis
1518 1873 1693 1927 addu-

128 1959 220 2025 xit;
256 1976 360 2015 non
408 1961 480 2016 de
528 1960 833 2032 Epiphanio
910 1974 1008 2018 aut
1055 1962 1412 2035 Hieronymo,
1459 1980 1570 2020 non
1621 1966 1690 2021 de

1798 1876 2001 1934 dimus.

1277 2220 1572 2310 PARS
1643 2221 2184 2365 SECUNDA

190 2404 319 2481 Qua
354 2406 741 2488 argumenta
768 2427 889 2491 pro
916 2413 1155 2494 Ignatii
1200 2411 1497 2493 epistolis
1528 2411 2073 2552 egfgplsgsuﬁducta
2121 2412 2508 2491 aﬂ‘eruutur,
2540 2424 2603 2478 et
2630 2416 2854 2481 Dallmi
2894 2417 3296 2497 objectiones

1933 2522 1958 2552 α’

1534 2508 1958 2554 ΓΘΙΘΙΙΠΠῑιΙΓι

618 2799 851 2857 CAPUT
890 2799 1185 2859 PRIMUM.

126 2909 414 2986 Argumenta
464 2928 565 2986 pro
615 2911 914 2986 Ignatianis
959 2930 1026 2968 ea:
1075 2916 1207 2986 ipsis
1239 2917 1476 2986 epistolis
1518 2918 1680 2974 ducta

181 2971 482 3057 (feruntur:
520 2982 579 3037 S.
629 2971 872 3057 limatius
914 2986 1057 3038 circa
1093 2971 1127 3041 it
1188 2971 1409 3042 D.'107
1440 2971 1675 3057 scripsit.

179 3049 263 3105 Illi
291 3054 436 3127 relati
470 3049 703 3127 materia
748 3055 1091 3127 epistolarun
1136 3074 1182 3109 'n
1212 3074 1394 3127 genere
1440 3049 1677 3127 spectata

179 3125 398 3196 apprime
439 3126 705 3196 convenit.
738 3123 1103 3196 Impostorum
1137 3123 1334 3196 scripta
1379 3123 1549 3184 solent
1592 3132 1679 3184 sui
1707 3133 1747 3189 C

178 3194 343 3269 siccati
373 3212 548 3248 mores
574 3195 826 3250 redolere.
864 3195 1016 3269 Nihil
1047 3198 1100 3251 in
1125 3198 1203 3251 his
1234 3194 1469 3268 epistolis
1497 3211 1677 3269 poste-

179 3263 311 3317 riora
349 3276 557 3333 spectat
610 3275 865 3339 tempora.
916 3265 1204 3339 Episcopus
1237 3263 1293 3321 iit
1338 3270 1471 3323 Asia
1497 3263 1677 3339 'faisse

175 3344 491 3408 certuntgest,
528 3352 647 3408 cum
676 3334 734 3390 S.
768 3336 1013 3407 lgnatius
1048 3334 1119 3392 ad
1156 3342 1472 3408 martyrium
1512 3334 1678 3396 duce-

177 3413 323 3460 retur.
358 3405 731 3482 Epistolarum
760 3405 948 3482 auctor
971 3409 1049 3482 ita
1083 3405 1352 3482 episcopos
1381 3421 1433 3464 et
1459 3411 1677 3482 presby-

184 3482 304 3533 teros
338 3476 615 3543 describit,
657 3487 714 3529 ut
748 3494 865 3547 qua:
893 3476 957 3531 de
988 3480 1053 3533 iis
1082 3476 1232 3543 dicit,
1260 3476 1345 3532 illi
1374 3476 1544 3545 tet-ili,
1571 3476 1677 3535 non

178 3555 335 3599 autem
366 3548 653 3622 posteriori
686 3549 978 3622 conveniat.
1023 3549 1154 3604 Dum
1200 3551 1423 3622 ’t031:6885
1471 3551 1674 3622 Ignatii

182 3623 391 3691 tempore
420 3619 656 3691 maxime
688 3618 952 3691 valebant,
987 3636 1097 3691 una
1129 3637 1247 3691 qua:
1277 3618 1546 3676 Clu-istum
1576 3638 1676 3691 pu-

178 3689 319 3759 tative
360 3689 649 3759 tramittam,
693 3689 804 3743 alia
842 3706 958 3759 qua:
992 3689 1191 3743 nudum
1231 3692 1495 3759 hominem
1526 3689 1673 3747 asse-

180 3758 326 3832 rebat.
377 3758 496 3832 llas
540 3758 682 3832 duas
713 3770 761 3814 et
790 3758 933 3832 solas
966 3762 1271 3832 perstringit
1310 3758 1575 3832 Ignatins,
1624 3774 1673 3817 et

179 3825 427 3901 Christum
450 3830 765 3901 simpliciter
784 3825 1043 3898 θεολογεῖ.
1071 3833 1108 3884 Α
1118 3825 1391 3901 postolicie
1414 3833 1673 3888 doctrinm

182 3900 387 3973 traditio
414 3901 466 3952 in
496 3899 759 3973 epistolis,
800 3899 1126 3955 traditiones
1156 3919 1259 3955 non
1291 3904 1537 3972 scripta,
1575 3922 1672 3973 po-

176 3972 467 4023 sterioribus
505 3971 719 4025 saeculis
744 3980 1049 4026 memorata:
1090 3971 1668 4030 minimeconlinentur.

186 4036 335 4114 βψω
392 4052 655 4114 prazte_rea
814 4042 1002 4094 iisdem
1058 4045 1348 4114 traduntur
1398 4061 1514 4114 qua:
1570 4063 1672 4099 non

179 4108 326 4182 aliam
352 4108 509 4181 quam
543 4111 747 4181 Ignatii
780 4121 990 4166 wtatem
1024 4113 1262 4182 sapiunt.
1300 4108 1450 4167 Nihil
1475 4117 1670 4169 certius

178 4180 409 4255 scriptum
465 4180 684 4251 aliquod
734 4180 1124 4255 suppositionis
1162 4185 1456 4250 convincit,
1511 4202 1671 4255 quam

178 4250 741 4324 riolatiogtemporum.
801 4250 973 4305 Varia
1031 4254 1192 4322 hujus
1257 4255 1331 4307 rei
1404 4250 1667 4324 exempla.

180 4318 318 4373 Ficta
352 4318 659 4391 plerumque
711 4339 869 4392 onera
911 4339 976 4377 ea:
1024 4318 1316 4392 temporum
1365 4318 1570 4379 ratione
1617 4342 1671 4379 se

179 4387 393 4461 prodere.
434 4387 692 4461 Epistola:
734 4387 1136 4447 Socraticorum
1165 4395 1227 4447 ab
1265 4394 1467 4449 Allatio
1511 4396 1670 4449 edita:

1790 2816 1957 2879 atque
2002 2815 2244 2874 textura,
2296 2807 2611 2864 auctoritati
2666 2808 2887 2864 testium
2937 2812 3055 2879 pari
3110 2810 3371 2881 suffragio

1787 2900 2105 2969 conjuncta,
2122 2900 2500 2971 plenissimam
2523 2901 2681 2956 tidem
2709 2910 3053 2971 extorqueat,
3072 2911 3125 2957 et
3150 2918 3372 2958 omnem

1786 2991 2072 3047 dubitandi
2112 3007 2305 3048 ansam
2351 2992 2633 3063 praecidat.
2672 2991 2776 3048 Ubi
2818 2994 2963 3048 enim
3011 3010 3118 3049 non
3158 3004 3371 3051 tantum

1787 3092 1955 3140 testes
1999 3084 2151 3139 omni
2182 3086 2512 3155 exceptione
2552 3088 2813 3157 majores,
2858 3101 2999 3156 quos
3042 3102 3143 3143 nec
3180 3086 3371 3144 fallere

1781 3177 2044 3244 voluisse,
2095 3192 2198 3233 nec
2246 3176 2409 3234 facile
2457 3177 2572 3233 falli
2622 3178 2869 3249 potuisse
2918 3180 3222 3249 putandum
3259 3189 3368 3248 est,

1779 3270 2143 3337 adhibentur;
2183 3270 2279 3326 sed
2318 3280 2372 3325 et
2402 3286 2490 3327 res
2520 3271 2660 3341 ipsa,
2692 3272 2781 3327 cui
2830 3273 3205 3335 testimonium
3242 3289 3375 3344 per-

1778 3362 1989 3430 bibent,
2026 3364 2152 3419 talis
2178 3379 2302 3419 esse
2328 3373 2574 3434 apparet,
2608 3374 2670 3419 ut
2701 3379 2797 3419 eos
2829 3364 2997 3420 l'alsos
3029 3364 3200 3422 fuisse
3228 3367 3370 3424 nihil

1777 3455 2045 3523 suadeat;
2100 3471 2203 3511 nec
2242 3471 2369 3510 cum
2418 3455 2706 3525 prudentia
2751 3456 3068 3527 quisquam-
3088 3458 3366 3529 dubitare,

1778 3562 1881 3602 nec
1909 3547 2031 3601 sine
2056 3547 2365 3618 pervicacia
2394 3547 2659 3619 refragari
2699 3558 2899 3618 potest.

1847 3638 1919 3695 Ut
1944 3649 2126 3696 autem
2159 3657 2299 3712 opus
2342 3641 2691 3712 epistolicum
2724 3642 3028 3713 apostolico
3055 3643 3176 3699 viro
3218 3654 3369 3702 recte

1775 3744 2087 3803 competere
2145 3733 2507 3800 ostendatur,
2574 3735 2997 3805 supponendum
3053 3737 3111 3792 in
3169 3738 3366 3808 primis

1776 3826 2041 3897 lgnatium
2071 3828 2385 3899 quemdam,
2421 3828 2490 3883 ab
2523 3827 2788 3898 apostolis
2823 3827 3142 3883 ordinatum
3170 3829 3365 3886 Antio-

1774 3922 1995 3977 chensis
2024 3919 2285 3977 Ecclesiae
2311 3922 2653 3992 episcopum,
2684 3938 2782 3993 per
2814 3920 3039 3993 triginta
3072 3921 3363 3979 minimum

1774 4030 1954 4079 annos
1980 4031 2101 4071 eam
2145 4018 2329 4072 sedem
2361 4017 2629 4080 tenuisse,
2670 4026 2730 4071 ut
2754 4014 3022 4088 Georgius
3049 4014 3362 4087 Syncellus,

1774 4116 1830 4165 et
1856 4106 2286 4181 Chronugraphia
2352 4106 2666 4179 Nicephoro
2697 4108 2964 4164 attributa
2994 4106 3052 4162 in
3084 4108 3363 4162 veteribus

1775 4216 1912 4255 mss.
1942 4202 2163 4273 niuibus
2204 4216 2484 4256 consonus
2522 4209 2604 4256 est
2644 4197 2992 4267 Anastasius,
3047 4208 3358 4265 testantur;

1775 4294 1995 4349 tandem
2017 4297 2087 4350 ab
2115 4295 2448 4365 imperatore
2476 4294 2737 4364 Trajano,
2768 4290 2822 4347 in
2853 4292 3200 4363 expeditione
3227 4291 3362 4347 Par-

1773 4370 1965 4455 thica,'
1992 4394 2062 4444 ad
2107 4389 2311 4444 bestias
2355 4387 2816 4451 condemnatum,
2859 4395 2913 4440 et
2950 4386 3020 4440 ab
3063 4384 3359 4440 Antiochia

181 4460 283 4514 ίηάε
308 4460 566 4545 [almam
592 4466 993 4547 ροηιεξησιιηηιν-
1023 4465 1220 4519 θαιιωί
1246 4465 1469 4535 caulas“
1494 4482 1672 4521 rerum
1706 4477 1749 4531 D
1776 4479 2007 4535 Romam
2043 4488 2306 4544 tractum,
2344 4478 2391 4533 si
2432 4477 2565 4547 quid
2596 4477 2879 4547 scripserit
2909 4476 2964 4530 in
2995 4477 3187 4532 itinere
3224 4476 3360 4531 satis

181 4536 402 4587 tractatio
429 4534 853 4589 reprehenditur.

179 4664 428 4730 Quoniam
476 4677 805 4740 argumenta
867 4675 1058 4722 nostra
1118 4682 1217 4737 pro
1270 4668 1493 4737 scriptis
1545 4683 1674 4724 vere

130 4749 383 4825 lgnatianis
408 4760 461 4814 in
493 4769 723 4815 externa
750 4768 805 4814 et
841 4759 1056 4814 interna
1087 4759 1412 4826 divisimus;
1446 4770 1673 4815 externa

130 4859 276 4904 autem
298 4869 327 4906 a
356 4852 689 4909 testimoniis
718 4852 887 4922 petita
924 4851 1094 4921 priori
1134 4851 1523 4907 dissertatione
1563 4852 1672 4906 late

131 4946 364 5009 prosecuti
413 4960 633 5009 sumus,
680 4945 750 4999 ab
793 4932 1201 5013 objectionibus
1245 4943 1669 5011 vindicavimus,

130 5042 363 5108 testesque
386 5039 440 5094 in
465 5036 807 5095 contrarium
836 5037 1036 5091 allatos
1064 5036 1226 5106 plane
1258 5036 1666 5105 expunximus;

131 5124 308 5184 interna
338 5147 484 5186 nunc
515 5130 904 5201 proponimus,
940 5144 1006 5183 ex
1042 5127 1291 5198 epistolis
1322 5128 1458 5197 ipsis
1481 5128 1667 5196 ducta,

131 5233 225 5285 quae
253 5222 460 5278 easdem
491 5225 638 5279 clare
668 5222 965 5277 ostendant
993 5220 1205 5275 auctori
1238 5235 1341 5275 suo
1367 5235 1399 5274 a
1431 5218 1532 5273 SS.
1566 5219 1670 5274 Pa-

132 5313 273 5371 lribus
329 5329 650 5374 constanter
703 5316 985 5387 assignato
1042 5314 1289 5385 apprime
1340 5330 1667 5386 congruere,

131 5413 383 5481 prasci-ipti
404 5413 667 5482 temporis
698 5409 1083 5480 antiquitatem
1110 5409 1315 5477 optime
1343 5400 1503 5473 ferre,
1533 5410 1668 5463 tanti

130 5500 229 5568 viri,
248 5514 294 5557 et
318 5506 619 5575 apostolici,
651 5514 706 5559 et
734 5497 999 5573 episcopi,
1035 5510 1088 5556 et
1117 5502 1372 5572 martyris
1408 5508 1519 5555 tum
1554 5501 1671 5571 pie-

134 5595 227 5661 tati,
241 5606 339 5652 tmu
358 5601 492 5664 zelo,
510 5608 621 5653 tum
641 5595 961 5667 prudentiae,
982 5604 1095 5649 tum
1120 5594 1325 5661 itineri,
1343 5602 1457 5649 tum
1476 5594 1669 5648 vincu-

132 5683 202 5747 lis.
226 5696 325 5745 tutu
351 5694 959 5758 concussionibus,tum
977 5687 1483 5761 refrigerationibus
1512 5687 1669 5757 plene

134 5785 452 5848 tesuoudere;
487 5787 620 5843 adeo
658 5794 718 5841 ut
756 5785 1001 5845 ipsarum
1033 5781 1393 5848 epistolarum
1437 5780 1668 5840 materia

1775 4572 2238 4643 inolestopartim
2265 4570 2535 4643 Smyrna,
2559 4570 2756 4640 partim
2786 4567 3022 4634 Troade,
3052 4576 3106 4622 et
3134 4568 3357 4637 quidem

1773 4669 1987 4725 decimo
2019 4666 2237 4737 imperii
2272 4664 2499 4735 Trajani
2534 4702 2550 4731 ,
2597 4662 2839 4733 vulgaris
2869 4677 2992 4716 tera:
3030 4661 3361 4719 Christiana:

1774 4761 2007 4831 septimo
2036 4766 2161 4829 post
2188 4757 2549 4814 centesimum
2588 4770 2755 4823 anno,
2785 4772 2932 4811 anno
2955 4754 3163 4813 Christi
3206 4772 3357 4825 vero,

1774 4862 1835 4909 ut
1867 4866 1970 4924 ego
2001 4852 2224 4923 quidem
2271 4850 2551 4915 existimo,
2586 4849 2691 4903 115
2731 4848 3015 4919 epistolas
3044 4849 3356 4920 scripsisse.

1774 4945 2017 5002 Dicimus
2042 4944 2227 5015 itaque
2253 4946 2352 4998 has
2373 4942 2655 5013 epistolas,
2682 4957 2823 5012 quas
2846 4942 3041 4997 habuit
3062 4941 3356 5009 Eusebius,

1772 5049 1828 5095 et
1862 5054 1965 5094 nos
1995 5053 2144 5093 nunc
2173 5037 2461 5100 habemus,
2510 5036 2555 5091 si
2587 5036 2932 5105 penitissime
2969 5034 3355 5105 inspiciantur,

1773 5133 1819 5189 si
1847 5131 2100 5188 acumine
2130 5132 2215 5186 vel
2242 5131 2481 5184 maxime
2510 5129 2704 5184 critico
2732 5128 3120 5191 discutiantur,
3154 5127 3202 5181 si
3233 5141 3356 5181 ma-

1772 5220 1908 5276 teria
1938 5228 1995 5275 et
2033 5218 2584 5288 modus-scriptionis
2611 5217 2965 5272 exactissime
2994 5217 3353 5282 trutinentur,

1771 5323 1826 5369 et
1853 5312 2089 5379 auctori,
2121 5321 2176 5367 et
2210 5311 2467 5381 tempori,
2511 5320 2567 5365 et
2595 5308 2873 5364 occasioni
2896 5307 3102 5378 optime
3125 5322 3353 5376 respono

1772 5406 1933 5470 dere;
1969 5420 2072 5459 nec
2116 5404 2327 5458 homini
2368 5402 2621 5459 veritatis
2658 5402 2909 5457 studioso
2952 5399 3039 5453 vel
3068 5399 3355 5454 minimam

1770 5499 1839 5554 de
1876 5500 2066 5553 lictore
2098 5498 2285 5568 aliquo
2324 5494 2599 5567 c0gitandi
2628 5508 2819 5548 ansam
2851 5492 3113 5563 praebere,
3147 5500 3202 5547 et
3228 5490 3357 5545 Dal-

1771 5592 1947 5647 laeano
1996 5590 2284 5661 impostori
2338 5597 2464 5659 post
2500 5590 2767 5642 ducentos
2813 5600 2991 5641 annos
3032 5586 3085 5639 in
3130 5599 3355 5641 scenam

1771 5683 2042 5755 producto
2068 5696 2298 5753 prorsus
2333 5693 2667 5749 repugnare.

1842 5776 2082 5837 Joannes
2102 5774 2399 5846 Launoyus
2419 5770 2750 5829 Parisiensis
2772 5771 3083 5842 theologus,
3100 5780 3350 5828 vetemur
