3824 6198
353 221 453 280 271

1347 223 1406 278 S.
1446 221 1801 280 IGNATIUS.
1856 254 1908 263 —
1940 220 2482 279 PROLEGOMENA.

3525 225 3635 282 ‘27!

353 342 688 413 scriptorum
729 356 927 397 censor
967 342 1290 404 acerrimus,
1336 342 1389 396 in
1424 342 1636 411 judicio
1677 342 1744 396 de
1786 340 1938 396 libris
1969 345 2009 401 Α
2042 340 2202 396 diciis
2234 343 2545 411 proderent,
2577 352 2700 409 qum
2737 337 2903 394 ritum
2943 335 3155 392 nullum
3199 335 3468 394 Ecclesia:
3511 351 3636 408 pust

357 431 601 502 Dionysii
645 433 1016 504 Areopagitze,
1053 433 1118 487 de
1151 432 1666 502 antiquissimorum
1708 431 1936 487 Patrum
2043 435 2302 505 martyris
2344 443 2577 486 mortem
2615 440 2868 487 exortum
2907 430 3267 500 respicerent,
3302 445 3430 501 qua:
3464 430 3637 484 hzere-

355 525 515 595 genio
543 527 790 596 apposite
818 526 1152 581 observavit.
1189 544 1207 576 ι
1239 525 1343 591 Qui
1380 527 1484 580 hoc
1526 535 1771 596 tempore
1797 526 1938 580 scri-

358 617 516 684 bunt,
556 619 610 672 in
657 619 832 674 tribus
861 620 1215 688 potissimum
1262 619 1592 689 scriptorum
1644 619 1939 690 generibus

354 710 703 765 claburandis
724 711 1006 766 insudant.
1033 710 1135 764 Alii
1172 726 1270 780 pro
1304 711 1634 765 Christianis
1655 711 1937 782 apologias

353 813 711 873 componunt,
769 805 974 874 quibus
1026 803 1312 873 religionis
1356 819 1512 858 novae
1562 804 1933 859 sinceritatem

354 896 800 966 interpretentur,
845 897 930 951 vel
979 897 1348 968 proﬁtentium
1395 897 1766 950 innocentiam
1804 911 1935 965 pro-

349 988 498 1052 bent,
533 989 617 1042 vel
661 989 970 1058 principum
1014 990 1230 1044 animos
1265 1005 1295 1042 a
1329 989 1714 1043 vexationibns
1757 988 1933 1042 abdu-

347 1089 494 1135 cant.
529 1081 634 1134 Alii
669 1082 920 1136 scribunt
947 1082 1234 1152 epistolas,
1269 1081 1470 1152 quibus
1499 1080 1847 1135 Christianos
1878 1081 1932 1135 in

348 1178 570 1240 accepta
600 1170 704 1224 (ide
743 1173 1125 1237 corroborent,
1156 1172 1242 1226 vel
1271 1173 1632 1226 ecclesiarum
1664 1171 1933 1242 praeposi-

344 1272 431 1315 tos
456 1262 791 1318 salutaribus
812 1263 1157 1318 documentis
1183 1264 1476 1326 instruant,
1496 1265 1577 1317 vel
1605 1263 1933 1318 Christiana:

345 1354 608 1409 doctrinae
646 1355 939 1409 utilitatem
973 1365 1028 1409 et
1067 1366 1408 1410 terrenarum
1451 1372 1632 1410 rerum
1676 1367 1930 1412 contem-

346 1453 500 1514 ptum
537 1447 791 1512 doceant,
835 1446 916 1500 vel
960 1446 1025 1500 ad
1079 1447 1367 1502 subeunda
1413 1463 1514 1517 pro
1555 1447 1781 1503 Christo
1815 1457 1930 1502 tor-

345 1547 531 1591 menta
569 1538 854 1603 inducant,
887 1539 969 1592 vel
1000 1555 1122 1608 qua:
1146 1538 1259 1608 jam
1304 1539 1406 1608 ipsi
1438 1540 1765 1608 pertulerint
1809 1539 1930 1596 sine

349 1627 476 1683 fuco
507 1639 806 1698 exponant.
843 1631 948 1685 Alii
995 1633 1233 1703 denique
1267 1633 1696 1687 commentarios
1734 1633 1924 1696 edunt,

345 1721 546 1792 quibus
574 1722 942 1778 Christianam
972 1724 1129 1778 tidem
1161 1734 1523 1797 propngnent,
1546 1734 1601 1780 et
1628 1726 1678 1780 ei
1703 1734 1915 1805 contra-

345 1813 480 1880 rias,
516 1830 640 1884 quze
669 1823 800 1870 tunc
844 1817 1184 1884 oriebantur,
1213 1819 1450 1874 haereses
1483 1817 1756 1873 refellant.
1801 1817 1929 1874 Haec

337 1915 422 1962 est
456 1907 722 1974 conditio,
755 1910 842 1965 hic
873 1910 1067 1978 genius
1098 1912 1282 1967 saeculi
1325 1911 1378 1965 in
1413 1927 1524 1982 quo
1554 1912 1691 1966 vixit
1726 1911 1930 1983 Diony-

338 1995 456 2049 sius
503 1995 832 2069 Areopagita
866 2012 879 2051 :
929 2001 1044 2055 haec
1085 2001 1376 2071 occupatio
1419 2003 1748 2072 scriptorum
1773 2044 1788 2070 ,
1829 2003 1924 2073 qui

335 2084 457 2140 suis
481 2087 742 2156 operibus
773 2090 1054 2145 nascentis
1084 2089 1345 2147 Ecclesiae
1379 2092 1620 2162 pondera
1645 2101 1924 2148 sustenta-

335 2184 486 2231 runt.
528 2195 547 2229 ι
584 2177 710 2234 Haec
743 2195 773 2234 a
798 2179 1062 2252 Launoyo
1099 2193 1246 2238 recte
1278 2184 1565 2239 observata
1601 2196 1659 2240 ut
1681 2184 1925 2241 Pseudo-

336 2267 658 2340 Dionysium
699 2282 883 2342 aperte
933 2273 1209 2340 r‘el'ellunt,
1258 2275 1330 2330 ita
1364 2275 1422 2331 S.
1466 2275 1737 2347 lgnatium
1776 2279 1924 2334 haud

337 2376 533 2430 parum
561 2361 775 2432 juvant,
819 2365 1120 2418 ostendunt
1161 2365 1307 2420 enim
1341 2368 1607 2437 epistolas
1641 2370 1745 2425 sub
1777 2371 1923 2426 illius

335 2453 561 2508 nomine
606 2455 840 2523 posteris
897 2458 1128 2512 traditas
1169 2460 1474 2514 secundum
1525 2462 1675 2517 illius
1737 2465 1922 2520 saeculi

332 2544 554 2615 genium
591 2545 761 2601 fuisse
800 2549 1170 2619 conscriptas.
1219 2549 1397 2606 Nemo
1426 2555 1573 2608 enim
1616 2571 1724 2609 non
1776 2559 1925 2614 videt

331 2637 390 2690 in
414 2637 524 2692 illis
550 2637 897 2694 Christianos
930 2640 984 2693 in
1015 2651 1235 2710 accepta
1269 2643 1371 2698 (ide
1404 2646 1775 2715 corroborari,
1823 2649 1921 2703 ad-

330 2747 527 2787 versus
561 2731 856 2788 schismata
883 2745 938 2790 et
965 2736 1197 2793 haereses
1235 2746 1366 2793 tunc
1396 2751 1616 2796 exortas
1669 2744 1869 2797 muniri
1903 2762 1920 2812 ;

329 2824 691 2881 ecclesiarum
727 2830 1054 2897 praepositos
1087 2828 1427 2886 salutaribus
1455 2833 1806 2889 documentis
1839 2836 1922 2889 in-

329 2917 492 2983 strui,
517 2926 612 2971 aut
637 2918 708 2972 ob
731 2920 1096 2974 constantiam
1127 2920 1181 2974 in
1209 2923 1408 2977 tuenda
1435 2924 1669 2978 veritate
1683 2926 1917 2991 laudari,

329 3018 384 3063 et
407 3019 670 3080 tanquam
699 3012 914 3081 pietatis
934 3014 1181 3081 exempla
1208 3016 1412 3084 populo
1436 3018 1705 3087 pr0poni;
1735 3035 1915 3074 rerum
1945 3050 1990 3111 ο

327 3103 566 3172 denique
590 3105 939 3174 praesentium
963 3117 1338 3178 contemptum
1365 3107 1575 3175 doceri,
1601 3109 1912 3164 futurarum

327 3203 679 3266 prospectum
719 3205 775 3252 et
818 3200 1289 3268 exspectationem
1339 3200 1520 3270 urgeri
1566 3210 1620 3256 et
1669 3202 1913 3271 martyrii

327 3302 590 3342 coronam
626 3289 801 3344 modis
826 3289 1085 3346 omnibus
1109 3291 1459 3362 ampliticari.
1495 3291 1621 3347 Haac
1646 3294 1914 3359 conditio,

327 3378 418 3434 hic
471 3380 666 3450 genius
717 3382 926 3446 saeculi,
977 3399 1089 3453 quo
1138 3384 1276 3440 vixit
1315 3383 1374 3439 S.
1423 3385 1690 3456 lgnatius,
1723 3387 1778 3440 in
1828 3387 1914 3442 his

326 3472 574 3542 epistolis
609 3474 849 3530 maxime
884 3476 1126 3543 relucet;
1159 3492 1351 3531 earum
1386 3476 1554 3547 igitur
1588 3477 1815 3531 materia
1855 3477 1911 3532 in

326 3579 524 3634 genere
564 3575 806 3635 spectata
834 3569 1049 3623 auctori
1101 3583 1132 3623 a
1172 3569 1453 3624 veteribus
1493 3569 1777 3640 assignato
1817 3585 1912 3638 ap-

323 3655 502 3722 prime
533 3654 844 3724 respondet.

399 3744 469 3801 Ut
515 3757 700 3802 autem
746 3749 813 3802 ad
852 3749 1029 3819 magis
1063 3749 1421 3819 particularia
1461 3748 1812 3814 descendam,
1859 3757 1912 3802 et

324 3839 618 3893 ostendam
647 3854 709 3893 ea
737 3855 859 3908 quae
889 3841 943 3893 in
977 3841 1062 3895 his
1088 3841 1340 3910 epistolis
1373 3841 1745 3905 continentur,
1782 3841 1909 3897 talia

323 3945 466 3993 esse,
491 3931 678 4000 qualia
709 3932 778 3985 ab
811 3932 1129 4001 impostore,
1156 3933 1457 4002 praesertim
1485 3931 1781 4000 Dallzeano,
1807 3935 1911 3989 mi-

324 4024 475 4078 nime
504 4023 737 4078 conﬁcta
767 4039 890 4078 esse
921 4035 1182 4094 appareat
1221 4043 1233 4079 :
1271 4040 1379 4080 non
1419 4025 1528 4080 alio
1562 4034 1685 4080 utar
1717 4026 1910 4097 dispu-

323 4116 551 4170 tationis
597 4115 975 4180 filiidamento,
1009 4133 1174 4186 quam
1216 4131 1330 4187 quo
1369 4133 1479 4172 non
1523 4119 1690 4174 semel
1736 4121 1909 4174 utitur

323 4207 580 4265 Dallaaus.
613 4226 631 4259 ι
657 4206 851 4277 Hujus,
881 4209 1079 4278 inquit,
1105 4209 1420 4279 impostoris
1443 4210 1495 4263 in
1523 4210 1608 4264 his
1630 4211 1907 4267 adornan-

322 4299 408 4354 dis
437 4297 751 4368 lgnatioque
785 4298 1085 4353 subdendis
1122 4299 1372 4368 epistolis
1403 4301 1694 4355 consilium
1737 4301 1905 4368 idem,

2041 529 2144 582 sim
2180 528 2390 580 nullam
2415 540 2606 579 earum
2638 539 2761 594 quae
2786 532 2976 594 postea
3001 523 3342 594 pullularunt
3365 524 3638 592 perstrin-

2039 631 2248 691 gerent,
2275 635 2396 689 qure
2426 617 2733 673 doctrinam
2777 617 2985 671 nullam
3017 632 3047 670 a
3083 627 3264 670 mente
3294 615 3636 685 apostolico—

2039 731 2160 768 rum
2195 715 2436 769 virorum
2478 713 2712 767 alienam
2752 711 3036 776 docerent,
3065 726 3188 781 qua:
3224 709 3365 764 nihil
3399 725 3468 764 ex
3510 708 3635 764 Pla-

2039 809 2222 864 tonica
2261 807 2474 872 schola,
2511 821 2676 876 quam
2713 805 2805 860 alii
2850 803 3034 859 statim
3082 803 3319 872 amplexi
3360 811 3494 858 sunt
3539 802 3635 856 ad-

2036 903 2325 967 ducerent,
2359 915 2484 971 qua:
2529 897 2938 968 simplicitatem
2987 897 3322 967 primitivam
3366 896 3424 951 in
3464 896 3634 952 rebus

2037 994 2300 1049 omnibus
2330 1000 2756 1054 conservarent,
2800 1005 2924 1060 quae
2955 998 3110 1044 tanto
3153 989 3274 1042 viro
3303 998 3361 1042 et
3398 988 3633 1058 martyri

2035 1085 2241 1155 ubique
2259 1081 2679 1152 responderent,
2701 1088 3090 1147 tantorumque
3106 1077 3178 1144 IS.
3199 1075 3634 1145 Spiritusdono-

2034 1195 2154 1235 rum
2199 1176 2504 1248 sper-imina
2543 1175 2684 1228 vivis
2716 1172 2996 1228 coloribus
3028 1171 3410 1242 depingerent.
3464 1169 3634 1225 Recte

2034 1273 2270 1327 Dallieus
2301 1287 2422 1340 cap.
2451 1271 2517 1323 10
2545 1283 2559 1321 :
2596 1289 2613 1320 ι
2647 1267 2868 1322 Diﬂicile
2894 1271 2978 1320 est
3005 1265 3170 1319 etiam
3196 1263 3605 1334 peritissimum

2033 1379 2096 1419 ac
2137 1363 2558 1418 callidissimum
2597 1360 2952 1429 impostorem
2998 1357 3071 1411 ita
3104 1356 3207 1411 sibi
3256 1355 3633 1425 undequaque

2031 1465 2246 1514 cavere,
2272 1461 2462 1504 utnon
2496 1448 2544 1502 ei
2592 1448 2796 1517 aliquid
2829 1446 3163 1516 imprudenti
3201 1445 3446 1510 excidat,
3478 1446 3631 1516 quod

2030 1541 2216 1595 dolum
2260 1539 2474 1608 prodat.
2517 1555 2536 1590 ›
2572 1535 2693 1590 Jam
2737 1551 2866 1590 vero
2897 1537 3044 1591 clare
3083 1544 3137 1590 et
3178 1546 3368 1606 aperte
3408 1551 3629 1600 assero,

2031 1617 2168 1687 iiiiiii
2219 1633 2272 1686 in
2322 1631 2409 1686 his
2450 1630 2701 1700 epistolis
2751 1628 2988 1684 Eusebio
3039 1629 3280 1699 cOgnitis
3327 1644 3626 1699 apparere,

2030 1725 2178 1794 quod
2218 1739 2340 1779 eam
2370 1733 2586 1778 aetatem
2637 1738 2804 1793 quam
2847 1722 3084 1778 Dallaeus
3125 1722 3328 1789 innuit,
3375 1724 3464 1778 vel
3500 1739 3628 1780 eam

2029 1814 2195 1868 etiam
2226 1828 2394 1882 quam
2430 1811 2770 1876 Blondellus,
2801 1821 2896 1867 aut
2937 1827 3103 1882 quam
3140 1811 3452 1869 Salmasius
3484 1814 3631 1870 indi-

2027 1915 2136 1971 cat,
2172 1905 2369 1975 sapiat,
2407 1917 2502 1960 aut
2547 1921 2771 1976 quoquo
2814 1906 2980 1960 modo
3025 1906 3288 1961 redoleat.
3340 1905 3491 1961 Nihil
3538 1908 3631 1962 hic

2027 1997 2094 2052 de
2128 1997 2430 2053 lizeresibus
2459 2006 2592 2052 tunc
2625 1996 2886 2067 temporis
2925 1998 3188 2064 subortis,
3230 1999 3368 2054 nihil
3399 1999 3472 2056 de
3502 2016 3610 2056 mo

2028 2091 2182 2146 ribus
2227 2099 2323 2144 aut
2360 2088 2629 2145 institutis
2660 2089 3100 2145 Christianorum
3135 2099 3251 2144 tum
3285 2091 3449 2147 valde
3500 2109 3626 2147 mu-

2027 2184 2181 2250 tatis,
2233 2183 2370 2238 nihil
2417 2184 2485 2238 de
2529 2183 2688 2238 novis
2733 2183 2933 2238 ritibus
2979 2193 3102 2253 post
3148 2183 3341 2254 lgnatii
3389 2196 3628 2242 mortem

2024 2277 2263 2348 primum
2299 2277 2600 2348 usurpatis,
2633 2277 2771 2330 nihil
2810 2277 2878 2331 de
2921 2293 3023 2332 usu
3059 2275 3318 2333 Ecclesiae
3349 2280 3449 2349 qui
3499 2289 3630 2350 post

2026 2370 2217 2440 lgnatii
2255 2380 2484 2425 mortem
2516 2369 2813 2440 primulum
2847 2360 3148 2432 obtinebat,
3171 2371 3378 2440 quibus
3410 2388 3470 2427 se
3496 2388 3630 2441 pro-

2025 2462 2162 2518 didit
2211 2464 2369 2518 lictus
2408 2462 2700 2532 Dionysius
2735 2480 2748 2516 :
2782 2462 2967 2517 omnia
3001 2463 3188 2531 potius
3229 2463 3299 2516 ah
3334 2463 3425 2518 his
3461 2464 3629 2533 plane

2025 2555 2264 2619 diversa,
2304 2554 2572 2624 proximis
2605 2554 2750 2607 :etati
2787 2553 3098 2622 apostolica:
3131 2555 3479 2624 temporibus
3504 2572 3627 2610 ma-
3681 2587 3687 2593 -

2026 2647 2173 2702 xime
2200 2645 2528 2710 conlormia,
2568 2654 2622 2698 et
2659 2645 2728 2698 ab
2743 2631 3072 2713 'inipostoris
3103 2645 3306 2701 saeculo
3338 2645 3489 2701 haud
3525 2662 3627 2717 pa-

2024 2754 2145 2794 rum
2183 2737 2534 2791 abhorrentia
2571 2745 3060 2806 repraesentantur.

2096 2829 2172 2886 De
2199 2831 2474 2900 episcOpis
2511 2831 2733 2900 quidem
2773 2827 2916 2885 Asiae
2945 2829 3116 2884 multa
3166 2829 3420 2901 loquitur
3453 2830 3624 2904 lgna-

2024 2922 2152 2987 tius,
2180 2939 2323 2993 quos
2349 2924 2420 2976 ibi
2459 2930 2586 2976 tunc
2616 2920 2790 2976 fuisse
2818 2931 3033 2975 constat
3061 2939 3075 2977 :
3104 2937 3229 2976 nam
3259 2921 3318 2977 S.
3347 2921 3624 2990 Joannes,

2026 3025 2047 3061 ι
2082 3009 2418 3065 novissimus
2445 3010 2692 3064 omnium
2730 3009 2951 3080 scripsit
2981 3010 3362 3081 Evangelium,
3388 3023 3626 3084 rogatus

2021 3101 2090 3155 ab
2131 3101 2275 3156 Asiae
2303 3101 2598 3173 episc0pis,
2635 3121 2655 3156 ι
2693 3113 2752 3159 ut
2784 3119 2849 3158 ex
2880 3105 3049 3157 veteri
3097 3104 3397 3159 traditione
3431 3105 3623 3174 loqui-

2018 3203 2109 3249 tur
2133 3193 2521 3265 Hieronymus.
2556 3194 2631 3252 De
2664 3211 2856 3251 eorum
2894 3212 3004 3250 uno
3035 3196 3176 3251 idem
3215 3198 3270 3252 in
3298 3197 3573 3268 Catalogo
3603 3215 3619 3252 :

2021 3304 2043 3337 ε
2087 3285 2423 3358 Polycarpus
2458 3286 2687 3343 Joannis
2719 3290 2955 3359 apostoli
2989 3289 3318 3358 discipulus,
3357 3299 3414 3344 et
3448 3289 3519 3344 ab
3551 3305 3625 3346 eo

2018 3376 2270 3450 Smyrna:
2299 3380 2592 3450 episcopus
2627 3379 2935 3446 ordinatus,
2969 3381 3140 3435 totius
3175 3381 3321 3435 Asia:
3354 3383 3625 3452 princeps

2016 3470 2140 3536 fuit,
2177 3491 2196 3524 ι
2235 3473 2382 3542 quod
2412 3471 2506 3526 diu
2543 3481 2669 3527 ante
2694 3489 2820 3528 eum
2865 3473 3046 3528 testati
3077 3482 3200 3528 sunt
3236 3475 3473 3528 secundi
3511 3461 3624 3530 εαξ-

2014 3565 2122 3619 culi
2150 3566 2450 3635 scriptores
2481 3566 2592 3620 duo
2618 3565 3047 3636 przeclarissimi,
3079 3564 3320 3621 lrenaaus
3347 3576 3405 3622 et
3452 3567 3622 3640 Poly-

2015 3671 2216 3716 crates.
2274 3661 2349 3716 De
2383 3662 2492 3716 alio
2527 3661 2760 3733 legimus
2803 3664 2855 3716 in
2895 3661 3366 3719 Chalcedonensis
3411 3667 3621 3737 synodi

2014 3755 2229 3810 actione
2264 3753 2551 3808 undecima
2589 3773 2603 3809 :
2643 3754 2776 3808 Ἀπὸ
2807 3753 2902 3807 τοῦ
2945 3753 3099 3821 ἁγίου
3130 3754 3398 3825 Τιμοθέου
3447 3757 3621 3829 μέχρι

2012 3845 2106 3899 νῦν
2133 3844 2446 3899 εἰκοσιεπτὰ
2472 3846 2761 3900 ἐπίσκοποι
2785 3846 3052 3915 ἐγένοντοο
3078 3846 3282 3910 πάντες
3306 3847 3368 3901 ὲν
3397 3849 3620 3922 Ἐφέσῳ

2012 3935 2520 4007 ἐχειροτονήθησαν.
2559 3956 2577 3988 ι
2616 3937 2658 3989 Α
2692 3946 2884 3991 sancto
2920 3935 3211 3991 Timotheo
3240 3951 3422 4007 usque
3460 3955 3618 3995 nunc

2010 4027 2203 4096 viginti
2257 4036 2462 4096 septem
2515 4027 2756 4096 episcopi
2809 4025 2979 4093 facti;
3032 4041 3226 4081 omnes
3276 4025 3331 4080 in
3386 4026 3619 4099 Epheso

2011 4125 2140 4169 sunt
2169 4116 2432 4170 ordinati.
2478 4135 2495 4167 ι
2534 4115 2591 4170 in
2619 4133 2731 4186 quo
2771 4131 3003 4171 numero
3038 4115 3213 4172 fuisse
3247 4114 3614 4187 Onesimum,

2010 4207 2171 4277 cujus
2219 4209 2469 4264 meminit
2522 4207 2788 4280 lgnatius,
2840 4223 2950 4263 non
3000 4217 3084 4264 est
3133 4224 3236 4264 cur
3292 4211 3612 4268 dubitetur.

2012 4300 2254 4372 lgnatius
2289 4302 2406 4371 ipse
2440 4317 2500 4357 se
2534 4302 2853 4372 episcopum
2889 4299 3061 4372 Syria:
3107 4301 3346 4371 appellat
3375 4321 3389 4370 ;
3425 4305 3521 4359 sed
3556 4312 3616 4362 et

320 4393 467 4462 quod
500 4392 736 4447 aliorum
783 4393 1176 4461 plemrumque
1209 4393 1460 4463 ejusdem
1500 4394 1694 4449 farina:
1734 4396 1906 4450 artili-
1937 4391 1981 4446 D
2013 4396 2080 4450 ab
2108 4393 2444 4466 Hieronymo
2479 4413 2498 4446 ι
2537 4395 2894 4450 Antiocheam
2934 4393 3191 4449 Ecclesiae
3226 4397 3426 4452 tertius
3478 4410 3614 4466 post

321 4501 449 4540 cum
498 4484 669 4541 fuisse
710 4486 949 4540 videtur.
1001 4504 1019 4538 ι
1062 4485 1137 4541 lta
1175 4488 1266 4542 ille
1304 4489 1372 4543 de
1414 4503 1517 4542 suo
1547 4503 1667 4558 cap.
1695 4489 1794 4556 '58;
1835 4489 1904 4544 de

319 4581 442 4634 aliis
467 4596 586 4649 cap.
612 4581 646 4634 4
674 4598 688 4634 :
721 4599 739 4631 ε
779 4579 1033 4650 Plerique
1063 4596 1129 4634 eo
1159 4582 1506 4651 p0tissimum
1535 4582 1770 4636 consilio
1801 4597 1899 4637 sua

317 4672 574 4742 ﬁgmenta
602 4671 704 4728 sub
735 4673 968 4727 aliorum
1001 4674 1227 4729 nomine
1253 4674 1445 4740 edunt,
1477 4684 1536 4729 ut
1570 4690 1658 4730 res
1689 4675 1774 4729 sui
1801 4691 1903 4730 sae-

317 4765 429 4819 culi
461 4779 632 4819 novas
661 4764 799 4819 falso
833 4767 1178 4836 antiquitatis
1215 4768 1437 4822 nomine
1466 4768 1807 4822 constituant
1838 4784 1903 4824 ac

316 4855 666 4910 conﬁrment.
713 4873 733 4907 ι
780 4857 898 4910 lmo
944 4857 1051 4910 hoc
1097 4856 1194 4910 toti
1227 4856 1426 4910 horum
1465 4858 1900 4911 homuncionum

313 4948 501 5019 generi
529 4947 666 5003 adeo
689 4957 998 5018 competere
1026 4951 1322 5004 arbitratus
1343 4957 1450 5016 est,
1475 4957 1535 5002 ut
1561 4965 1670 5003 non
1694 4950 1902 5004 veritus

315 5043 388 5097 sit
417 5042 646 5098 dicere:
693 5060 714 5095 ε
753 5041 922 5098 Miros
963 5043 1122 5098 nobis
1169 5058 1366 5099 narras
1408 5043 1760 5112 impostores,
1803 5045 1900 5114 qui

316 5135 680 5204 imposturam
704 5135 924 5205 quidem
957 5134 1188 5202 faciunt,
1206 5145 1465 5191 caeterum
1494 5135 1566 5189 ob
1592 5150 1758 5204 quem
1777 5150 1898 5190 eam

314 5225 546 5293 faciunt,
572 5226 813 5283 fructum
841 5227 1052 5282 nullum
1081 5244 1146 5282 ex
1170 5243 1233 5282 ea
1262 5227 1543 5297 percipere
1569 5237 1843 5297 satagunt.
1872 5245 1892 5278 ι

315 5317 417 5388 (De
443 5319 978 5388 pseudo-apostolicis
997 5318 1034 5375 l.
1054 5334 1117 5384 ιι,
1143 5335 1192 5372 c.
1211 5319 1326 5388 15.)
1350 5316 1416 5371 Et
1450 5331 1638 5371 revera
1663 5317 1901 5372 incredi-

319 5412 425 5466 nile
453 5413 610 5480 plane
631 5420 734 5480 est,
760 5424 820 5468 ut
847 5413 1136 5483 impostor,
1185 5412 1282 5482 qui
1314 5412 1419 5465 sub
1447 5411 1609 5464 tinem
1634 5410 1778 5464 tertii
1804 5418 1900 5464 aut

318 5502 532 5561 initium
575 5504 757 5572 quarti
803 5504 991 5558 saeculi
1037 5504 1256 5568 vixerit,
1294 5500 1555 5571 epistolas
1607 5501 1893 5563 scriberet,

315 5607 367 5649 et
399 5595 458 5650 S.
501 5594 709 5664 lgnatio
734 5595 1014 5662 subderet,
1052 5612 1176 5667 qua:
1206 5610 1384 5651 aevum
1417 5594 1550 5649 illud
1579 5594 1896 5664 impostoris

316 5688 466 5742 nullo
495 5687 660 5742 modo
690 5689 1022 5765 redolerent.
1051 5704 1174 5745 qua:
1214 5689 1578 5748 imposturam
1612 5686 1778 5742 nullis
1811 5687 1898 5743 in-

2012 4486 2231 4542 Petrum
2255 4487 2565 4557 apostolum
2598 4486 2893 4558 episcopus
2922 4505 2940 4538 ι
2980 4487 3321 4556 agnoscitur,
3355 4499 3418 4545 ut
3446 4499 3502 4545 et
3533 4493 3612 4546 ab

2010 4582 2157 4637 aliis.
2193 4579 2268 4635 De
2294 4579 2568 4650 episcopis
2593 4578 2687 4633 diu
2722 4588 2850 4633 ante
2885 4577 3074 4649 lgnatii
3113 4583 3443 4651 martyrium
3471 4597 3503 4636 a
3541 4583 3606 4639 S.

2007 4672 2218 4728 Joanne
2253 4671 2521 4726 institutis
2544 4685 2611 4724 ex
2643 4669 2814 4723 veteri
2853 4669 3148 4722 traditione
3180 4669 3434 4738 loquitur
3469 4670 3608 4728 Cle-

2009 4781 2166 4820 mens
2203 4763 2607 4818 Alexandrinus
2657 4761 2800 4830 apud
2849 4761 3151 4816 Eusebium
3202 4761 3239 4815 ι.
3278 4776 3361 4829 tu,
3393 4779 3446 4818 c.
3476 4763 3556 4819 23
3590 4783 3606 4820 :

2019 4857 2236 4929 Ἐπειδὴ
2276 4855 2388 4928 γὰρ
2417 4855 2513 4908 τοῦ
2557 4854 2823 4925 τυράννου
2867 4852 3294 4927 τελευτήσαντος
3341 4855 3455 4908 ἀπὸ
3495 4857 3610 4928 τῆς

2005 4951 2230 5022 Πάτμου
2259 4949 2362 5019 τῆς
2395 4949 2560 5019 νήσου
2595 4945 2857 5017 μετῆλθεν
2887 4947 2980 4998 snt
3010 4944 3110 5015 τὴν
3145 4945 3404 5014 Ἔφεσον,
3428 4949 3608 5022 ἀπῄει

2005 5044 2492 5117 παρακαλούμενος
2521 5041 2615 5094 καὶ
2641 5040 2732 5092 ἐπὶ
2763 5039 2834 5092 τὰ
2861 5040 3212 5111 πλησιόχωρα
3244 5041 3355 5094 τῶν
3387 5043 3590 5106 ἐθνῶν,

2004 5140 2136 5193 ὅπου
2166 5138 2264 5208 μὲν
2289 5136 2620 5198 ἐπισκόπους
2640 5134 3018 5204 καταστήσων,
3043 5134 3178 5188 ὅπου
3211 5134 3270 5187 δὲ
3301 5135 3432 5199 ὅλας
3469 5136 3605 5189 Ἐκ-

2004 5231 2231 5303 κλησίας
2264 5229 2542 5302 ἀρμόσων,
2577 5227 2711 5280 ὅπου
2755 5225 2813 5278 δὲ
2845 5226 3032 5298 κλήρῳ
3070 5225 3168 5279 ἕνα
3204 5227 3270 5295 γέ
3296 5246 3423 5282 τινα
3464 5228 3608 5302 κλη-

2007 5322 2197 5394 ρώσων
2234 5321 2342 5374 τῶν
2379 5320 2485 5372 ὑπὸ
2517 5317 2612 5370 τοῦ
2658 5314 2976 5386 Πνεύματος
3025 5318 3468 5389 σημαινομένων.
3518 5320 3606 5374 Ita

2003 5425 2152 5472 recte
2186 5415 2333 5469 hunc
2357 5415 2540 5469 locum
2570 5427 2637 5466 ex
2663 5411 2840 5465 tribus
2863 5425 2998 5465 mss.
3030 5411 3318 5466 codicibus
3344 5413 3604 5469 restituit

2002 5506 2357 5564 doctissimus
2373 5502 2687 5559 Valesiusu
2711 5502 2850 5557 Cum
2879 5501 3025 5558 enim
3052 5517 3119 5556 ex
3149 5501 3604 5572 insulaj’athmo

2000 5593 2278 5664 Ephesum
2326 5593 2602 5657 rediisset,
2637 5588 2902 5656 Joannes,
2957 5593 3024 5647 ad
3071 5591 3337 5648 ﬁnitimas
3367 5608 3604 5664 quoque

1999 5682 2312 5756 provincias
2348 5692 2572 5753 rogatus
2607 5695 2665 5738 se
2697 5682 2952 5752 contulit,
2973 5683 3173 5749 partim
3201 5691 3262 5738 ut
3295 5685 3604 5757 episcopos
