3770 6320
143 362 234 417 273

856 360 907 416 J.
949 356 1317 425 PEARSONII
1354 361 1677 421 VlNDICle
1705 360 2203 417 lGNATlANlE.-
2235 362 2416 421 PARS
2449 362 2514 420 11.

3260 368 3375 425 27⁵8

142 478 488 546 constitueret,
533 479 729 548 partim
774 490 835 536 ut
868 481 1141 540 Ecelesias
1189 485 1432 556 integras
1476 484 1678 541 forma-
1713 489 1754 544 A
1784 500 1901 549 sus,
1952 484 2040 540 cui
2089 484 2209 540 haec
2253 485 2427 556 elogia
2465 503 2496 540 a
2538 501 2795 557 quopiam
2850 486 3257 545 tribuebantur.
3308 488 3366 544 Si

145 577 230 636 ret,
260 572 444 641 partim
478 582 537 628 ut
575 573 828 630 homines
859 576 965 632 sibi
1014 593 1046 632 a
1083 576 1290 647 Spiritu
1326 579 1594 634 indicatos
1628 580 1681 634 in

143 664 322 719 clerqu
346 675 647 735 seponeret.
682 686 701 720 ι
738 665 895 723 Unde
919 681 1111 726 coacta
1137 671 1228 725 illa
1256 670 1507 737 Walonis
1538 671 1684 728 Mes-

142 754 277 811 salini
312 756 685 828 interpretatio
722 761 986 827 concidit,
1020 758 1117 831 qui
1146 763 1422 833 episc0pis
1452 765 1543 818 hic
1563 765 1683 834 plu-

143 863 235 914 res,
250 848 581 920 presbyteros
615 851 669 906 in
698 852 856 919 urbe,
886 853 1090 926 κλῆρον
1111 854 1229 918 ἕνα.
1261 872 1432 911 unum
1457 857 1685 928 presby-

142 949 322 1007 terum,
369 941 483 998 sive
526 944 984 1015 chorepiscopum
1026 948 1082 1003 iu
1133 963 1295 1019 pago,
1333 950 1472 1005 mire
1510 950 1683 1004 inter-

140 1041 369 1101 pretatur.
403 1032 480 1089 Ex
511 1034 709 1091 horum
751 1037 1141 1108 episcoporum
1183 1041 1537 1099 successione
1568 1042 1684 1099 dis-

140 1132 268 1193 putat
290 1124 544 1182 adversus
565 1127 852 1186 haereticos
878 1129 1270 1201 Tertullianus,
1309 1145 1502 1190 contra
1531 1135 1682 1191 Mar-

137 1214 308 1269 ciorum
336 1215 372 1270 l.
402 1231 476 1289 tv,
513 1232 563 1272 c.
599 1217 633 1273 5
664 1236 680 1273 :
728 1236 748 1273 ι
782 1217 1061 1277 Habemus
1086 1214 1141 1277 et
1170 1218 1401 1279 Joannis
1429 1224 1682 1282 alumnas

138 1306 396 1364 Ecclesias.
429 1305 565 1363 Nam
600 1310 704 1365 etsi
733 1310 1103 1383 Apocalypsin
1138 1313 1259 1384 ejus
1302 1314 1546 1370 Marcion
1584 1332 1679 1371 re-

137 1400 278 1470 spuit,
299 1400 425 1456 ordo
442 1410 623 1458 tamen
648 1405 1035 1476 episcoporum
1051 1408 1118 1463 ad
1134 1408 1403 1477 originem
1418 1425 1681 1467 recensus

139 1491 183 1547 in
208 1490 451 1549 Joannem
484 1495 652 1550 stabit
674 1506 980 1553 auctorem.
1014 1518 1033 1551 ι
1068 1497 1139 1555 Ut
1173 1501 1380 1572 reliqua
1403 1502 1677 1569 omittam,

136 1585 291 1640 nullus
323 1601 561 1656 unquam
597 1589 835 1659 scriptor
884 1590 1238 1650 Christianus
1278 1604 1333 1650 et
1373 1596 1679 1654 catholicus

135 1674 247 1729 dixit
272 1676 554 1745 pauciores
586 1678 812 1737 ordines
866 1681 983 1737 sive
1018 1684 1244 1755 gradus,
1275 1703 1443 1757 quam
1469 1696 1580 1745 tres
1622 1686 1677 1744 in

136 1764 345 1822 Ecclesia
406 1767 583 1825 fuisse
635 1771 882 1827 secundo
936 1775 1181 1847 saeculo,
1246 1785 1344 1833 aut
1396 1779 1507 1835 ulla
1557 1780 1680 1850 ejus

134 1868 291 1928 parte;
328 1877 435 1931 quo
466 1862 689 1933 quidem
722 1865 925 1921 sarculo
956 1864 1203 1939 lgnatius
1234 1870 1475 1941 scripsit.
1517 1871 1679 1931 Nullo

135 1952 272 2008 modo
306 1952 471 2025 igitur
519 1956 818 2013 verisimile
857 1969 944 2016 est
991 1963 1281 2032 pauciores
1330 1975 1460 2022 tunc
1504 1969 1677 2024 exsti-

135 2043 259 2098 tisse.
290 2044 343 2099 Si
370 2046 665 2117 quisquam
702 2048 755 2103 id
787 2050 995 2107 dixisse
1029 2056 1307 2124 putandus
1333 2067 1499 2124 esset,
1537 2059 1679 2114 inter

132 2135 231 2191 illos
269 2146 406 2194 certe
449 2139 810 2210 reperiretur,
853 2145 948 2215 qui
984 2147 1226 2218 episcopi
1276 2157 1331 2204 et
1376 2150 1677 2221 presbyteri

132 2228 319 2284 nomina
341 2229 393 2284 in
418 2233 798 2301 apostolorum
821 2238 1043 2308 scriptis
1071 2240 1305 2297 confusa
1336 2258 1459 2299 esse
1480 2244 1676 2300 existi-

132 2319 338 2376 mabant.
372 2322 441 2377 At
488 2324 544 2378 lii
582 2324 688 2395 ipsi
716 2341 910 2389 omnes
941 2339 1073 2387 tunc
1114 2347 1240 2388 cum
1280 2334 1515 2390 nomina.
1540 2350 1677 2392 cou-

133 2409 227 2466 lusa
253 2429 365 2469 esse
401 2416 780 2485 crediderunt,
830 2429 926 2475 aut
958 2421 1153 2477 saltem
1198 2432 1328 2480 ante
1366 2426 1674 2483 secundum

130 2502 377 2571 saeculum,
420 2504 687 2560 dixerunt
718 2507 944 2565 ordines
981 2515 1098 2566 sive
1137 2511 1341 2582 gradus
1377 2512 1551 2570 fuisse
1590 2513 1676 2568 di-

131 2593 345 2663 stinctos,
387 2606 449 2652 ut
488 2614 593 2655 suo
638 2598 762 2657 loco
817 2601 1233 2659 demonstrabo.
1286 2604 1415 2661 Sine
1453 2614 1677 2662 contro-

128 2687 274 2742 versia
319 2688 481 2760 igitur
526 2707 673 2762 pono
715 2693 1006 2765 episcopos
1039 2696 1093 2751 in
1133 2698 1265 2753 Asia
1312 2706 1444 2755 tunc
1476 2697 1670 2770 fuisse,

128 2796 229 2835 cum
257 2782 493 2853 lgnatius
535 2786 602 2843 ad
648 2789 974 2861 martyrium
1023 2789 1332 2847 festinaret.
1370 2790 1494 2848 Jam
1540 2809 1673 2850 vero

129 2871 186 2927 ita
224 2875 502 2949 episcopos
558 2882 645 2939 sui
694 2881 959 2952 temporis
1001 2882 1262 2939 describit
1311 2885 1671 2955 epistolarum

128 2976 308 3035 auctor,
336 2971 407 3026 ita
441 2988 665 3044 semper
691 2974 757 3029 de
789 2975 856 3031 iis
892 2976 1161 3046 loquitur,
1197 2988 1257 3033 ut
1283 2977 1523 3033 dubitari
1559 2995 1671 3035 non

127 3061 287 3128 possit,
320 3065 447 3134 quin
493 3068 680 3122 omnia
728 3067 799 3122 ab
837 3082 906 3124 eo
946 3068 1091 3124 dicta
1140 3070 1232 3125 illa
1264 3070 1383 3141 ipsa
1422 3080 1671 3143 tempora

128 3154 404 3222 respiciant.
435 3155 578 3212 Nam
623 3159 836 3215 nudum
872 3175 1071 3216 nomen
1108 3160 1273 3217 oliicii
1316 3178 1415 3218 seu
1460 3163 1672 3219 ordinis

126 3244 268 3312 ponit,
298 3247 504 3304 nullum
537 3250 647 3305 illis
685 3250 1098 3308 insolentiorem
1133 3253 1354 3309 titulum
1382 3254 1667 3322 attribuit;

126 3351 211 3390 non
230 3338 533 3410 ἀρχιερέας,
565 3352 661 3397 aut
692 3344 894 3416 ἱερέας,
927 3361 1037 3401 non
1066 3347 1351 3419 ἄρχοντας.
1383 3357 1443 3402 ut
1464 3347 1668 3419 posteri

126 3427 355 3498 solebant,
393 3434 655 3504 appellat.
713 3433 873 3492 Nulla
916 3437 1061 3508 apud
1101 3454 1228 3494 eum
1272 3438 1343 3494 de
1391 3439 1671 3495 cathedris

126 3524 319 3589 mentio,
363 3526 514 3581 nulla
557 3526 627 3582 de
673 3529 1046 3597 ordinatione,
1090 3541 1188 3587 aut
1233 3532 1524 3599 electione,
1574 3542 1670 3589 aut

126 3617 455 3675 successione.
502 3617 666 3675 Nulla
716 3620 806 3677 hic
861 3622 1192 3694 episcopalis
1233 3624 1472 3695 alicujus
1520 3625 1670 3681 sedis

127 3712 447 3781 praerogativa
497 3713 857 3784 depingitur;
917 3716 1066 3770 nulla
1120 3716 1188 3771 ad
1239 3717 1528 3772 ecclesiam
1567 3718 1670 3772 ali-

125 3811 258 3865 quam
288 3816 391 3871 prae
421 3802 548 3857 aliis
583 3803 878 3873 appellatio
926 3813 1303 3871 memoratur;
1350 3804 1500 3859 nulla
1540 3804 1670 3859 obe-

124 3886 324 3958 dientia,
377 3893 487 3949 nisi
537 3909 605 3948 ea
651 3910 777 3963 qua:
839 3896 1150 3951 necessaria
1192 3902 1278 3951 est
1327 3896 1394 3950 ad
1444 3894 1665 3951 vitanda

126 3981 377 4039 schismata
398 3994 451 4040 et
476 3984 738 4041 Ecclesia:
755 3987 1021 4042 unitatem
1046 3986 1502 4051 conservandam,
1521 4002 1664 4057 prte-

124 4073 304 4141 eipitur.
349 4077 709 4151 Presbyteros
754 4078 975 4134 interim
1028 4094 1141 4134 non
1193 4078 1470 4149 deprimit,
1525 4094 1666 4150 quos

124 4178 300 4235 semper
340 4169 617 4241 episcopis
668 4170 955 4242 adjungit;
1010 4185 1202 4226 eorum
1230 4170 1559 4241 dignitatem
1609 4179 1665 4226 et

123 4262 459 4319 auctoritatem
521 4263 802 4335 praedicat,
852 4280 917 4320 ac
967 4262 1373 4319 studiosissime
1428 4272 1659 4319 tuetur:

124 4348 560 4425 Θεοπρεπέστατον
594 4368 646 4413 et
689 4357 1097 4429 ἁξιονόμαστον,
1131 4366 1187 4412 et
1213 4355 1307 4409 τοῦ
1349 4355 1484 4408 Θεοῦ
1514 4353 1665 4421 ἄξιον

124 4448 468 4523 πρεσὸυτέριον
486 4462 669 4516 vocat,
696 4454 775 4515 εἰς
794 4453 959 4506 τόπον
992 4450 1270 4522 συνεδρίου
1294 4449 1402 4504 τῶν
1430 4448 1667 4503 ἀποστό-

1786 577 1970 632 omnia
2006 576 2155 633 illius
2184 577 2361 632 aetatis
2392 578 2595 648 scripta
2636 595 3046 649 percurramus,
3079 582 3215 637 nihil
3255 591 3365 636 tam

1788 670 2097 726 honorifice
2119 670 2187 725 de
2234 687 2301 727 eo
2348 672 2542 728 ordine
2581 673 2789 729 dictum
2833 675 3194 745 reperiemus.
3245 673 3367 729 Non

1786 763 1951 834 igitur
1976 781 2099 820 eam
2130 774 2346 821 aetatem
2384 767 2498 822 haec
2527 767 2780 837 sapiunt;
2809 776 2863 823 et
2896 769 3155 824 deliraret
3184 783 3366 838 pane,

1785 853 1897 908 imo
1925 854 2193 911 insaniret
2225 856 2514 928 impostor,
2547 858 2641 928 qui
2673 858 2741 914 ad
2778 860 3121 931 tyrannidem
3152 861 3366 930 episco—
3460 932 3468 941 .

1786 962 1977 1017 porum
2003 950 2434 1005 confirmandam
2478 950 2560 1022 (ut
2593 950 2768 1006 voluit
2794 962 2916 1021 post
2943 950 3203 1008 Socinum
3238 950 3366 1006 Dal-

1783 1039 1964 1108 laeus),
1996 1040 2111 1096 [nec
2164 1041 2521 1113 excogitaret,
2579 1052 2634 1099 et
2696 1044 2863 1100 simul
2916 1045 3369 1116 presbyterorqu

1784 1133 2189 1200 auctoritatem,
2218 1134 2331 1205 jam
2356 1135 2451 1189 diu
2480 1135 2807 1191 diminutam
2843 1147 3007 1206 atque
3040 1137 3363 1206 collapsam,

1784 1225 2071 1280 restituere
2095 1233 2151 1280 et
2184 1225 2560 1298 redintegrare
2582 1237 2899 1283 conaretur.
2921 1228 3163 1299 lgnatius
3188 1227 3365 1283 oliicia

1781 1316 2156 1373 ecclesiastica
2190 1318 2334 1373 unde
2363 1327 2419 1374 et
2466 1318 2789 1389 simpliciter
2832 1321 2949 1376 suis
2984 1320 3365 1376 funetiouibus

1781 1420 1837 1467 et
1864 1410 2179 1467 nominibus
2210 1410 2524 1482 distinguit,
2555 1420 2667 1469 tres
2694 1420 2905 1468 tantum
2930 1429 3121 1469 sacros
3144 1412 3364 1469 ordines

1781 1503 2049 1574 agnoscit,
2082 1503 2379 1573 unicuique
2414 1521 2574 1558 suum
2616 1504 2882 1560 honorem
2930 1513 3096 1575 atque
3127 1504 3367 1575 dignita-

1782 1601 1890 1648 tem
1921 1593 2132 1659 tribuit,
2169 1594 2301 1648 nulli
2341 1594 2567 1664 derogat
2592 1604 2652 1650 ut
2683 1594 2841 1651 alteri
2866 1595 3150 1660 inserviat,
3184 1596 3365 1650 omni-

1780 1684 1884 1741 bus
1906 1686 2273 1741 obedientiam
2311 1687 2679 1752 praestandam
2709 1703 2832 1743 esse
2861 1704 2891 1742 a
2916 1687 3118 1757 populo
3156 1697 3364 1753 monet,

1782 1768 1948 1841 idque
1976 1770 2028 1825 in
2060 1787 2185 1827 eum
2217 1782 2428 1828 tantum
2456 1774 2643 1844 linem,
2675 1784 2736 1831 ut
2768 1776 3011 1834 schisma
3034 1775 3269 1831 evitetur
3312 1785 3367 1832 et

1783 1864 1964 1919 unitas
1990 1876 2369 1923 conservetur.

1874 1954 2129 2012 Secundo
2185 1958 2439 2013 observat
2493 1957 2765 2016 Eusebius
2823 1958 3093 2029 lgnatium
3146 1960 3366 2016 munire

1786 2048 2129 2119 potissimum
2154 2050 2413 2106 ecclesias
2435 2052 2699 2106 adversus
2724 2067 2823 2106 sua
2848 2060 3009 2107 aetate
3034 2052 3364 2121 pullulantes

1780 2150 1833 2196 et
1876 2142 1983 2196 late
2019 2152 2336 2212 grassantes
2384 2143 2657 2211 haereses;
2698 2143 2842 2214 quod
2890 2159 3015 2197 cum
3067 2143 3139 2197 sit
3181 2159 3276 2212 per
3305 2160 3365 2199 se

1781 2234 2078 2291 verisimile
2132 2236 2284 2305 (quid
2312 2234 2457 2290 enim
2482 2252 2545 2291 ea
2571 2236 2943 2292 admonitione
2974 2238 3362 2307 opportunius,

1777 2336 1872 2382 aut
1911 2329 2031 2383 viro
2071 2329 2374 2399 apostolico
2398 2329 2619 2401 dignius
2665 2329 2866 2399 fuit?),
2901 2346 2969 2385 ex
3000 2330 3085 2386 his
3116 2330 3363 2401 epistolis

1775 2420 2124 2477 verissimum
2178 2437 2303 2478 esse
2359 2424 2754 2493 comperimus.
2827 2422 2959 2478 Duae
3015 2423 3360 2494 potissimum

1777 2510 2014 2571 haereses
2041 2514 2108 2572 de
2129 2524 2322 2570 natura
2344 2515 2550 2571 Christi
2573 2531 2636 2571 ea
2668 2524 2992 2586 tempestate
3020 2515 3361 2580 obtinebant,

1776 2609 2067 2665 utveritati
2091 2608 2373 2665 catholicae
2395 2609 2467 2664 ita
2497 2618 2553 2664 et
2581 2609 2684 2666 sibi
2717 2609 2850 2680 ipsis
2878 2624 3107 2680 prorsus
3137 2618 3361 2665 eontra-

1775 2701 1871 2757 riae
1902 2720 1917 2757 :
1953 2718 2189 2774 quarum
2241 2701 2411 2758 altera
2441 2701 2765 2758 Docetarum
2802 2702 2924 2771 fuit,
2955 2718 2986 2759 a
3025 2702 3363 2761 Simonianis

1773 2802 2063 2862 ortorum,
2138 2792 2393 2849 humanae
2440 2804 2651 2850 natura:
2704 2793 2987 2850 veritatem
3037 2795 3093 2849 in
3139 2792 3361 2850 Christo

1773 2886 2208 2955 destruentium;
2247 2888 2415 2943 altera
2438 2887 2842 2953 Ebionitarum,
2866 2887 3107 2942 divinam
3131 2902 3359 2958 prorsus

1775 2988 2028 3033 naturam
2079 2986 2134 3032 et
2178 2988 2438 3034 :eternam
2490 2978 2897 3050 generationem
2947 2976 3357 3047 denegantium,

1772 3067 2018 3139 legisque
2067 3068 2426 3123 emremonias
2457 3068 2791 3141 urgentium.
2846 3067 2956 3124 llas
2986 3068 3145 3139 primi
3172 3068 3356 3123 sarculi

1700 3191 1745 3253 ε
1776 3158 2013 3214 haereses
2062 3159 2272 3230 antiqui
2325 3159 2624 3230 scriptores
2679 3168 3016 3231 agnoscunt;
3071 3157 3355 3231 lgnatiano

1776 3265 1891 3305 aevo
1922 3249 2157 3306 nimium
2193 3250 2439 3323 viguisse
2468 3266 2661 3307 omnes
2692 3249 2956 3307 fatentur.
2990 3248 3149 3306 Unde
3178 3248 3349 3306 Theo-

1771 3342 2001 3399 doretus
2032 3344 2107 3399 ita
2157 3339 2540 3395 Ha'reticarum
2567 3342 2873 3412 fabularum
2914 3344 3089 3399 libros
3118 3344 3355 3415 partitus

1767 3442 1871 3501 est,
1905 3443 1962 3490 ut
1993 3434 2205 3505 primus
2227 3451 2323 3491 eos
2350 3436 2445 3506 qui
2467 3436 2696 3491 alterum
2727 3445 3034 3491 creatorem
3067 3436 3356 3491 confinxe-

1770 3534 1918 3594 runt,
1951 3526 2170 3599 δοκήσει
2202 3527 2258 3580 δὲ
2291 3527 2526 3598 φανῆναι
2556 3526 2649 3579 τὸν
2682 3527 2888 3598 Κύριον
2920 3528 3000 3591 είς
3031 3525 3356 3599 ἀνθρώπους

1768 3615 1997 3687 ἔφασαν,
2034 3617 2309 3673 secundus
2339 3628 2521 3672 autem
2568 3616 2690 3672 illos
2735 3618 2831 3687 qui
2865 3615 3019 3687 ψιλὸν
3065 3615 3352 3687 ἄνθρωπον

1764 3706 1857 3761 τὸν
1876 3706 2082 3779 Κύριον
2111 3707 2581 3781 προσηγόρευσαν,
2610 3707 3085 3779 complecteretur.
3111 3704 3185 3759 De
3211 3705 3355 3776 prio-

1766 3800 1923 3855 ribus
1954 3797 2322 3871 Hieronymus
2404 3804 2653 3862 adversus
2680 3802 3046 3874 Luciferianos
3083 3815 3111 3848 ,ο
3142 3814 3161 3849 ι
3204 3797 3353 3866 Apo-

1767 3890 1926 3945 stolis
1953 3889 2135 3946 adhuc
2169 3889 2223 3944 in
2251 3889 2454 3946 szeculo
2484 3889 2901 3959 superstitibus,
2930 3888 3072 3957 apud
3105 3886 3351 3943 Judazam

1765 3981 1977 4037 Christi
2022 3980 2295 4053 sanguine
2345 3981 2573 4043 recenti,
2613 3980 2939 4051 phantasma
2971 3977 3189 4033 Domini
3223 3993 3351 4033 cor-

1765 4092 1868 4148 pus
1897 4074 2269 4131 asserebatur.
2304 4093 2324 4127 ι
2367 4073 2439 4130 De
2471 4074 2731 4131 secundis
2776 4073 2917 4129 idem
2968 4073 3022 4126 in
3052 4071 3349 4143 Catalogo:

1770 4186 1791 4223 ι
1830 4167 2074 4224 Joannes
2114 4168 2398 4239 apostolus
2446 4168 2785 4224 novissimus
2836 4166 3082 4221 omnium
3130 4166 3354 4236 scripsit

1765 4258 2147 4331 Evangelium,
2196 4270 2422 4332 rogatus
2453 4259 2522 4315 ab
2567 4260 2710 4315 Asite
2758 4258 3033 4329 episc0pis
3085 4258 3354 4313 adversus

1763 4352 2088 4408 Cerinthum
2143 4354 2393 4425 aliosque
2454 4353 2776 4421 haereticos,
2828 4359 2883 4407 et
2932 4352 3170 4407 maxime
3219 4362 3353 4405 tunc

1764 4444 2148 4502 Ebionitarum
2174 4446 2371 4516 dogma
2405 4461 2769 4516 consurgens,
2797 4445 2891 4516 qui
2914 4443 3353 4501 asseruntChri-

125 4535 206 4588 λων
232 4541 467 4610 collocat,
510 4544 675 4616 νόμον
716 4541 891 4614 Ἰησοῦ
920 4540 1157 4614 Χριστοῦ
1204 4540 1480 4611 indigitat,
1517 4536 1668 4605 ἀξιό-

1874 4553 1917 4591 m
1942 4547 2069 4593 ante
2094 4536 2319 4592 Mariam
2348 4552 2458 4593 non
2478 4535 2671 4593 fuisse.
2708 4555 2727 4588 ι
2769 4535 2920 4603 Quas
2943 4537 3106 4591 etiam
3130 4537 3184 4591 in
3206 4536 3350 4609 Asia

125 4628 284 4685 πλοκον
304 4635 667 4706 πνευματικὸν
692 4634 953 4703 στέφανον
978 4631 1370 4705 πρεσϐυτερίου
1401 4629 1660 4696 celebrat,

125 4729 170 4771 ut
187 4723 254 4777 eis
278 4725 845 4783 obediantChristiani
874 4723 1272 4797 ἀπερισπάστῳ
1297 4722 1506 4796 διανοίᾳ
1531 4738 1665 4778 sua-

122 4807 212 4867 det.
241 4811 383 4872 Unde
416 4816 580 4872 Walo
620 4817 947 4873 Messalinus
977 4836 991 4872 :
1036 4833 1056 4867 ι
1098 4814 1220 4882 Quo
1256 4815 1494 4885 primum
1523 4823 1659 4870 tem-

123 4915 228 4966 νοτε
254 4917 457 4977 ereptus
485 4918 573 4964 est
608 4908 962 4980 episcopatus
1004 4907 1316 4979 superstrui
1352 4922 1417 4961 ac
1461 4923 1658 4978 super-

125 4996 222 5060 poni
257 5000 646 5073 presbyteratui
677 5001 944 5073 scriptum
986 4999 1119 5056 illud
1154 4999 1448 5071 prodiisse,
1478 5000 1530 5055 id
1565 5016 1659 5056 ar—

123 5100 338 5150 tlurnento
389 5102 495 5161 est,
537 5094 685 5165 quod
741 5094 815 5149 ita
869 5093 1244 5165 episcopatum
1304 5092 1540 5159 extollit,
1599 5102 1660 5150 ut

125 5182 425 5256 PFGSbyteros
452 5205 565 5244 non
606 5188 897 5259 deprimat.
937 5186 1107 5243 Suam
1146 5187 1290 5243 enim
1328 5185 1437 5241 illis
1480 5186 1659 5258 digni-

124 5279 254 5333 tatem
286 5292 594 5351 conservat,
625 5299 789 5354 quam
826 5282 881 5338 in
918 5282 1095 5354 prima
1128 5278 1372 5336 Ecclesia
1404 5279 1657 5336 obtinue-

123 5380 240 5434 runt.
276 5372 400 5431 dum
446 5376 556 5433 illis
598 5384 862 5447 tanquam
894 5375 1159 5448 apostolis
1205 5372 1338 5445 ipsis
1387 5372 1652 5429 honorem

121 5468 217 5511 esse
252 5458 552 5519 habendum
590 5467 932 5536 pronuntiat,
966 5475 1022 5521 et
1060 5466 1239 5522 locum
1277 5468 1655 5539 apostolorum

122 5556 271 5611 terrere
298 5558 546 5615 affirmat.
586 5578 606 5615 ι
642 5560 714 5615 At
739 5560 955 5617 labente
996 5562 1157 5617 tertio
1186 5562 1409 5630 saeculo,
1442 5571 1537 5617 aut
1569 5561 1653 5616 in-

122 5655 254 5702 eunte
286 5660 498 5720 quarto,
543 5654 953 5725 presbyteratus
996 5655 1320 5719 auctoritas,
1370 5655 1535 5709 etiam
1575 5655 1653 5708 fa-

123 5735 319 5795 tentibus
349 5743 702 5811 adversariis,
744 5745 903 5802 valde
940 5755 1060 5801 erat
1103 5748 1416 5804 imminuta.
1458 5744 1651 5803 Nullus

122 5834 214 5880 erat
238 5836 356 5889 tunc
378 5834 435 5891 in
452 5835 585 5895 orbe
615 5836 931 5897 Christiano
958 5828 1406 5909 preSbvterorum
1427 5855 1651 5898 conses~

1765 4630 2005 4685 maxime
2040 4628 2282 4700 viguisse
2328 4630 2588 4684 observat
2625 4628 2967 4700 Epiphanius
3020 4628 3213 4685 haeresi
3256 4628 3346 4685 5i:

1765 4719 1933 4775 Ἔνθα
1958 4720 2069 4794 γὰρ
2101 4720 2192 4773 τὸν
2216 4719 2452 4792 Χριστὸν
2483 4720 2548 4773 ὲκ
2576 4719 2922 4792 παῳτριῦἧς
2956 4718 3107 4791 ψιλὸν
3136 4720 3350 4793 ἄνθρω-

1772 4828 1865 4866 πον
1900 4812 2199 4885 ἐκήρυττεν
2230 4815 2259 4867 ὁ
2290 4812 2481 4867 Έὸίων
2513 4811 2607 4867 καὶ
2633 4811 2970 4885 ὁνΚήρινθος,
3005 4812 3099 4867 καὶ
3124 4815 3173 4867 οί
3208 4814 3349 4885 ἀμφ’

1764 4904 1993 4970 αὐτοὺς,
2027 4904 2172 4976 φημὶ
2203 4906 2260 4960 δὲ
2293 4907 2350 4960 ὲν
2381 4908 2449 4978 τῇ
2491 4906 2668 4978 Ἀσίᾳ.
2714 4904 2958 4978 lgnatius
2990 4922 3116 4963 cum
3148 4923 3178 4963 a
3202 4910 3350 4966 schi-

1762 4997 2010 5055 smatieis
2022 5007 2075 5053 et
2091 4997 2361 5054 haereticis
2392 5013 2610 5069 semper
2641 4999 2948 5054 cavendum
2978 5015 3103 5056 esse
3130 5000 3343 5068 doceat,

1761 5092 1861 5148 bas
1891 5093 2165 5164 praecipue
2215 5093 2452 5150 haereses
2505 5094 2657 5166 petit,
2704 5092 2827 5149 illas
2878 5092 3214 5164 frequenter,
3253 5107 3346 5147 se-

1758 5185 1888 5242 dulo
1922 5194 1976 5242 et
2005 5197 2191 5257 aperte
2218 5184 2346 5243 ferit
2373 5205 2387 5243 :
2429 5186 2670 5257 priorem
2711 5185 3039 5242 Docetarum
3070 5223 3086 5249 ,
3115 5200 3148 5240 a
3177 5184 3348 5242 disci-

1759 5281 1904 5350 pulis
1929 5279 2210 5336 Menandri
2240 5289 2370 5337 tunc
2395 5280 2660 5352 temporis
2690 5278 3126 5344 disseminatam,
3156 5290 3343 5348 atque,

1759 5382 1819 5426 ut
1848 5373 2113 5429 credibile
2146 5381 2253 5440 est,
2302 5389 2334 5428 a
2360 5372 2641 5428 Saturnilo
2670 5371 2811 5442 apud
2840 5368 3185 5424 Antiochiam
3229 5371 3342 5440 jam

1756 5474 1873 5522 tum
1905 5464 2187 5523 defensam
2208 5506 2225 5534 ,
2251 5465 2484 5536 epistola
2513 5465 2580 5520 ad
2610 5462 2923 5535 Smyrnaeos
2948 5470 3111 5530 atque
3142 5459 3348 5519 Tralle-

1756 5558 1872 5614 sios
1903 5558 2157 5628 jugulat:
2194 5558 2422 5613 alteram
2450 5557 2520 5611 ab
2548 5554 2757 5610 Ebione
2788 5553 3089 5624 profectam
3127 5554 3345 5626 lateque

1758 5668 1852 5723 per
1883 5651 2160 5707 Orientem
2198 5665 2446 5721 sparsam
2486 5648 2718 5720 epistula
2750 5647 2818 5702 ad
2851 5645 3237 5719 Polycarpum,
3272 5649 3343 5703 ad

1758 5742 2049 5816 Ephesios,
2091 5741 2473 5815 Magnesianos
2536 5739 3074 5813 «Philadelphenos
3116 5738 3337 5796 refellit.

1755 5837 1958 5894 Practer
2005 5838 2107 5894 has
2141 5836 2278 5892 duas
2306 5835 2543 5897 haereses
2587 5832 2795 5891 nullam
2836 5835 3063 5894 omnino
3089 5834 3336 5906 attingit:
