  <div class='ocr_page' id='page_1' title='image "/cluster/home/n/w/nwhite01/storage/ocr_20150623/5/hvd.32044019206598/145.png"; bbox 0 0 3824 6198; ppageno 0'>
   <div class='ocr_carea' id='block_1_1' title="bbox 401 281 510 337">
    <p class='ocr_par' dir='ltr' id='par_1_1' title="bbox 401 281 510 337">
     <span class='ocr_line' id='line_1_1' title="bbox 401 281 510 337; baseline 0 0"><span class='ocrx_word' id='word_1_1' title='bbox 401 281 510 337; x_wconf 71' lang='grc' dir='ltr'><strong>2τό</strong></span> 
     </span>
    </p>
   </div>
   <div class='ocr_carea' id='block_1_2' title="bbox 1429 283 2554 344">
    <p class='ocr_par' dir='ltr' id='par_1_2' title="bbox 1429 283 2554 344">
     <span class='ocr_line' id='line_1_2' title="bbox 1429 283 2554 344; baseline 0.003 -4"><span class='ocrx_word' id='word_1_2' title='bbox 1429 284 1485 340; x_wconf 85' lang='grc'><strong>8.</strong></span> <span class='ocrx_word' id='word_1_3' title='bbox 1527 284 1874 341; x_wconf 73' lang='lat' dir='ltr'><strong>lGNATlUS.</strong></span> <span class='ocrx_word' id='word_1_4' title='bbox 1912 316 1982 327; x_wconf 93' lang='lat'><strong>—</strong></span> <span class='ocrx_word' id='word_1_5' title='bbox 2016 283 2554 344; x_wconf 77' lang='lat' dir='ltr'><strong>PROLEGOMENA.</strong></span> 
     </span>
    </p>
   </div>
   <div class='ocr_carea' id='block_1_3' title="bbox 3579 288 3680 347">
    <p class='ocr_par' dir='ltr' id='par_1_3' title="bbox 3579 288 3680 347">
     <span class='ocr_line' id='line_1_3' title="bbox 3579 288 3680 347; baseline 0.03 -3"><span class='ocrx_word' id='word_1_6' title='bbox 3579 288 3680 347; x_wconf 72' lang='lat'><strong>276</strong></span> 
     </span>
    </p>
   </div>
   <div class='ocr_carea' id='block_1_4' title="bbox 400 397 3680 475">
    <p class='ocr_par' dir='ltr' id='par_1_4' title="bbox 400 397 3680 475">
     <span class='ocr_line' id='line_1_4' title="bbox 400 397 3680 475; baseline 0.003 -23"><span class='ocrx_word' id='word_1_7' title='bbox 400 397 671 469; x_wconf 73' lang='lat' dir='ltr'><strong>quidquid</strong></span> <span class='ocrx_word' id='word_1_8' title='bbox 717 398 773 454; x_wconf 92' lang='lat' dir='ltr'><strong>in</strong></span> <span class='ocrx_word' id='word_1_9' title='bbox 800 398 888 458; x_wconf 84' lang='lat' dir='ltr'><strong>his</strong></span> <span class='ocrx_word' id='word_1_10' title='bbox 922 399 1171 470; x_wconf 76' lang='lat' dir='ltr'><strong>epistolis</strong></span> <span class='ocrx_word' id='word_1_11' title='bbox 1199 399 1267 456; x_wconf 94' lang='lat' dir='ltr'><strong>de</strong></span> <span class='ocrx_word' id='word_1_12' title='bbox 1297 402 1619 471; x_wconf 86' lang='lat' dir='ltr'><strong>particulari</strong></span> <span class='ocrx_word' id='word_1_13' title='bbox 1667 402 1851 474; x_wconf 88' lang='lat' dir='ltr'><strong>aliqua</strong></span> <span class='ocrx_word' id='word_1_14' title='bbox 1881 402 1993 458; x_wconf 67' lang='lat' dir='ltr'><strong>hae-</strong></span> <span class='ocrx_word' id='word_1_15' title='bbox 2021 407 2067 464; x_wconf 81' lang='grc' dir='ltr'><strong>Α</strong></span> <span class='ocrx_word' id='word_1_16' title='bbox 2094 403 2271 457; x_wconf 89' lang='lat' dir='ltr'><strong>virum</strong></span> <span class='ocrx_word' id='word_1_17' title='bbox 2296 405 2658 474; x_wconf 77' lang='lat' dir='ltr'><strong>apostolicum</strong></span> <span class='ocrx_word' id='word_1_18' title='bbox 2683 403 2985 459; x_wconf 77' lang='lat' dir='ltr'><strong>doctrinam</strong></span> <span class='ocrx_word' id='word_1_19' title='bbox 3006 403 3400 475; x_wconf 85' lang='lat' dir='ltr'><strong>evangelicam,</strong></span> <span class='ocrx_word' id='word_1_20' title='bbox 3423 419 3592 474; x_wconf 88' lang='lat' dir='ltr'><strong>quam</strong></span> <span class='ocrx_word' id='word_1_21' title='bbox 3613 408 3680 461; x_wconf 87' lang='lat' dir='ltr'><strong>ab</strong></span> 
     </span>
    </p>
   </div>
   <div class='ocr_carea' id='block_1_5' title="bbox 393 492 1980 563">
    <p class='ocr_par' dir='ltr' id='par_1_5' title="bbox 393 492 1980 563">
     <span class='ocr_line' id='line_1_5' title="bbox 393 492 1980 563; baseline 0.004 -18"><span class='ocrx_word' id='word_1_22' title='bbox 393 504 567 547; x_wconf 83' lang='lat' dir='ltr'><strong>retica</strong></span> <span class='ocrx_word' id='word_1_23' title='bbox 612 492 862 548; x_wconf 86' lang='lat' dir='ltr'><strong>doctrina</strong></span> <span class='ocrx_word' id='word_1_24' title='bbox 910 494 1177 563; x_wconf 90' lang='lat' dir='ltr'><strong>scriptum</strong></span> <span class='ocrx_word' id='word_1_25' title='bbox 1225 503 1330 560; x_wconf 87' lang='lat' dir='ltr'><strong>est,</strong></span> <span class='ocrx_word' id='word_1_26' title='bbox 1368 494 1434 549; x_wconf 92' lang='lat' dir='ltr'><strong>ad</strong></span> <span class='ocrx_word' id='word_1_27' title='bbox 1465 510 1654 550; x_wconf 88' lang='lat' dir='ltr'><strong>earum</strong></span> <span class='ocrx_word' id='word_1_28' title='bbox 1686 511 1851 551; x_wconf 89' lang='lat' dir='ltr'><strong>unam</strong></span> <span class='ocrx_word' id='word_1_29' title='bbox 1888 510 1980 552; x_wconf 86' lang='lat' dir='ltr'><strong>re-</strong></span> 
     </span>
    </p>
   </div>
   <div class='ocr_carea' id='block_1_6' title="bbox 393 583 1979 659">
    <p class='ocr_par' dir='ltr' id='par_1_6' title="bbox 393 583 1979 659">
     <span class='ocr_line' id='line_1_6' title="bbox 393 583 1979 659; baseline 0.003 -21"><span class='ocrx_word' id='word_1_30' title='bbox 393 583 527 639; x_wconf 89' lang='lat' dir='ltr'><strong>ferri</strong></span> <span class='ocrx_word' id='word_1_31' title='bbox 569 593 623 639; x_wconf 91' lang='lat' dir='ltr'><strong>et</strong></span> <span class='ocrx_word' id='word_1_32' title='bbox 658 594 838 655; x_wconf 90' lang='lat' dir='ltr'><strong>potest</strong></span> <span class='ocrx_word' id='word_1_33' title='bbox 870 595 925 640; x_wconf 90' lang='lat' dir='ltr'><strong>et</strong></span> <span class='ocrx_word' id='word_1_34' title='bbox 948 585 1129 641; x_wconf 89' lang='lat' dir='ltr'><strong>debet.</strong></span> <span class='ocrx_word' id='word_1_35' title='bbox 1174 584 1300 642; x_wconf 64' lang='lat' dir='ltr'><strong>Haec</strong></span> <span class='ocrx_word' id='word_1_36' title='bbox 1336 587 1505 659; x_wconf 78' lang='lat' dir='ltr'><strong>igitur</strong></span> <span class='ocrx_word' id='word_1_37' title='bbox 1542 588 1726 643; x_wconf 82' lang='lat' dir='ltr'><strong>omnia</strong></span> <span class='ocrx_word' id='word_1_38' title='bbox 1758 597 1813 644; x_wconf 90' lang='lat' dir='ltr'><strong>et</strong></span> <span class='ocrx_word' id='word_1_39' title='bbox 1832 588 1979 655; x_wconf 86' lang='lat' dir='ltr'><strong>fidei,</strong></span> 
     </span>
    </p>
   </div>
   <div class='ocr_carea' id='block_1_7' title="bbox 394 678 1980 754">
    <p class='ocr_par' dir='ltr' id='par_1_7' title="bbox 394 678 1980 754">
     <span class='ocr_line' id='line_1_7' title="bbox 394 678 1980 754; baseline 0.004 -21"><span class='ocrx_word' id='word_1_40' title='bbox 394 688 451 733; x_wconf 92' lang='lat' dir='ltr'><strong>et</strong></span> <span class='ocrx_word' id='word_1_41' title='bbox 476 678 770 744; x_wconf 67' lang='lat' dir='ltr'><strong>doctrinae,</strong></span> <span class='ocrx_word' id='word_1_42' title='bbox 809 688 861 734; x_wconf 91' lang='lat' dir='ltr'><strong>et</strong></span> <span class='ocrx_word' id='word_1_43' title='bbox 912 682 1146 750; x_wconf 75' lang='lat' dir='ltr'><strong>tempori</strong></span> <span class='ocrx_word' id='word_1_44' title='bbox 1201 680 1259 735; x_wconf 95' lang='grc'><strong>8.</strong></span> <span class='ocrx_word' id='word_1_45' title='bbox 1285 680 1482 752; x_wconf 88' lang='lat' dir='ltr'><strong>lgnatii</strong></span> <span class='ocrx_word' id='word_1_46' title='bbox 1528 683 1737 754; x_wconf 87' lang='lat' dir='ltr'><strong>optime</strong></span> <span class='ocrx_word' id='word_1_47' title='bbox 1776 699 1980 739; x_wconf 88' lang='lat' dir='ltr'><strong>conve—</strong></span> 
     </span>
    </p>
   </div>
   <div class='ocr_carea' id='block_1_8' title="bbox 394 772 1978 847">
    <p class='ocr_par' dir='ltr' id='par_1_8' title="bbox 394 772 1978 847">
     <span class='ocr_line' id='line_1_8' title="bbox 394 772 1978 847; baseline 0.005 -23"><span class='ocrx_word' id='word_1_48' title='bbox 394 772 574 826; x_wconf 86' lang='lat' dir='ltr'><strong>niunt.</strong></span> <span class='ocrx_word' id='word_1_49' title='bbox 620 772 753 827; x_wconf 90' lang='lat' dir='ltr'><strong>Erat</strong></span> <span class='ocrx_word' id='word_1_50' title='bbox 781 783 929 829; x_wconf 89' lang='lat' dir='ltr'><strong>certe</strong></span> <span class='ocrx_word' id='word_1_51' title='bbox 978 773 1219 844; x_wconf 80' lang='lat' dir='ltr'><strong>lgnatiu‘s</strong></span> <span class='ocrx_word' id='word_1_52' title='bbox 1263 776 1405 831; x_wconf 91' lang='lat' dir='ltr'><strong>inter</strong></span> <span class='ocrx_word' id='word_1_53' title='bbox 1432 792 1549 840; x_wconf 91' lang='lat' dir='ltr'><strong>eos,</strong></span> <span class='ocrx_word' id='word_1_54' title='bbox 1580 777 1673 847; x_wconf 86' lang='lat' dir='ltr'><strong>qui</strong></span> <span class='ocrx_word' id='word_1_55' title='bbox 1697 776 1978 833; x_wconf 87' lang='lat' dir='ltr'><strong>Christum</strong></span> 
     </span>
    </p>
   </div>
   <div class='ocr_carea' id='block_1_9' title="bbox 396 863 1977 933">
    <p class='ocr_par' dir='ltr' id='par_1_9' title="bbox 396 863 1977 933">
     <span class='ocr_line' id='line_1_9' title="bbox 396 863 1977 933; baseline 0.008 -17"><span class='ocrx_word' id='word_1_56' title='bbox 396 863 742 933; x_wconf 76' lang='grc' dir='ltr'>ἐθεολόγουν,</span> <span class='ocrx_word' id='word_1_57' title='bbox 793 876 853 921; x_wconf 91' lang='lat' dir='ltr'><strong>ut</strong></span> <span class='ocrx_word' id='word_1_58' title='bbox 914 869 1171 925; x_wconf 84' lang='lat' dir='ltr'><strong>catholici</strong></span> <span class='ocrx_word' id='word_1_59' title='bbox 1238 870 1386 926; x_wconf 89' lang='lat' dir='ltr'><strong>illius</strong></span> <span class='ocrx_word' id='word_1_60' title='bbox 1456 872 1632 928; x_wconf 70' lang='lat' dir='ltr'><strong>aetatis</strong></span> <span class='ocrx_word' id='word_1_61' title='bbox 1684 871 1977 929; x_wconf 79' lang='lat' dir='ltr'><strong>faciebant.</strong></span> 
     </span>
    </p>
   </div>
   <div class='ocr_carea' id='block_1_10' title="bbox 392 955 1980 1035">
    <p class='ocr_par' dir='ltr' id='par_1_10' title="bbox 392 955 1980 1035">
     <span class='ocr_line' id='line_1_10' title="bbox 392 955 1980 1035; baseline 0.008 -25"><span class='ocrx_word' id='word_1_62' title='bbox 392 955 527 1011; x_wconf 88' lang='lat' dir='ltr'><strong>Nam</strong></span> <span class='ocrx_word' id='word_1_63' title='bbox 552 960 645 1029; x_wconf 92' lang='lat' dir='ltr'><strong>qui</strong></span> <span class='ocrx_word' id='word_1_64' title='bbox 679 960 996 1031; x_wconf 83' lang='lat' dir='ltr'><strong>religionem</strong></span> <span class='ocrx_word' id='word_1_65' title='bbox 1026 973 1274 1019; x_wconf 88' lang='lat' dir='ltr'><strong>nostram</strong></span> <span class='ocrx_word' id='word_1_66' title='bbox 1301 966 1680 1035; x_wconf 84' lang='lat' dir='ltr'><strong>deseruerant,</strong></span> <span class='ocrx_word' id='word_1_67' title='bbox 1712 966 1980 1023; x_wconf 81' lang='lat' dir='ltr'><strong>referente</strong></span> 
     </span>
    </p>
   </div>
   <div class='ocr_carea' id='block_1_11' title="bbox 391 1048 1981 1134">
    <p class='ocr_par' dir='ltr' id='par_1_11' title="bbox 391 1048 1981 1134">
     <span class='ocr_line' id='line_1_11' title="bbox 391 1048 1981 1134; baseline 0.011 -31"><span class='ocrx_word' id='word_1_68' title='bbox 391 1048 593 1119; x_wconf 83' lang='lat' dir='ltr'><strong>Plinio,</strong></span> <span class='ocrx_word' id='word_1_69' title='bbox 615 1070 635 1101; x_wconf 71' lang='grc' dir='ltr'><strong>ι</strong></span> <span class='ocrx_word' id='word_1_70' title='bbox 662 1054 1007 1111; x_wconf 82' lang='lat' dir='ltr'><strong>affirmabant</strong></span> <span class='ocrx_word' id='word_1_71' title='bbox 1033 1058 1176 1114; x_wconf 90' lang='lat' dir='ltr'><strong>hanc</strong></span> <span class='ocrx_word' id='word_1_72' title='bbox 1199 1059 1371 1116; x_wconf 87' lang='lat' dir='ltr'><strong>fuisse</strong></span> <span class='ocrx_word' id='word_1_73' title='bbox 1402 1077 1675 1117; x_wconf 90' lang='lat' dir='ltr'><strong>summam</strong></span> <span class='ocrx_word' id='word_1_74' title='bbox 1699 1064 1782 1120; x_wconf 88' lang='lat' dir='ltr'><strong>vel</strong></span> <span class='ocrx_word' id='word_1_75' title='bbox 1806 1065 1981 1134; x_wconf 71' lang='lat' dir='ltr'><strong>culpa:</strong></span> 
     </span>
    </p>
   </div>
   <div class='ocr_carea' id='block_1_12' title="bbox 393 1147 1979 1221">
    <p class='ocr_par' dir='ltr' id='par_1_12' title="bbox 393 1147 1979 1221">
     <span class='ocr_line' id='line_1_12' title="bbox 393 1147 1979 1221; baseline 0.008 -20"><span class='ocrx_word' id='word_1_76' title='bbox 393 1160 531 1215; x_wconf 59' lang='lat' dir='ltr'><strong>suae,</strong></span> <span class='ocrx_word' id='word_1_77' title='bbox 574 1147 660 1202; x_wconf 90' lang='lat' dir='ltr'><strong>vel</strong></span> <span class='ocrx_word' id='word_1_78' title='bbox 702 1149 931 1216; x_wconf 91' lang='lat' dir='ltr'><strong>erroris,</strong></span> <span class='ocrx_word' id='word_1_79' title='bbox 969 1150 1117 1221; x_wconf 91' lang='lat' dir='ltr'><strong>quod</strong></span> <span class='ocrx_word' id='word_1_80' title='bbox 1149 1162 1336 1207; x_wconf 87' lang='lat' dir='ltr'><strong>essent</strong></span> <span class='ocrx_word' id='word_1_81' title='bbox 1379 1155 1521 1209; x_wconf 88' lang='lat' dir='ltr'><strong>soliti</strong></span> <span class='ocrx_word' id='word_1_82' title='bbox 1566 1164 1709 1212; x_wconf 92' lang='lat' dir='ltr'><strong>stato</strong></span> <span class='ocrx_word' id='word_1_83' title='bbox 1735 1157 1823 1211; x_wconf 92' lang='lat' dir='ltr'><strong>die</strong></span> <span class='ocrx_word' id='word_1_84' title='bbox 1851 1167 1979 1213; x_wconf 87' lang='lat' dir='ltr'><strong>ante</strong></span> 
     </span>
    </p>
   </div>
   <div class='ocr_carea' id='block_1_13' title="bbox 394 1240 1975 1320">
    <p class='ocr_par' dir='ltr' id='par_1_13' title="bbox 394 1240 1975 1320">
     <span class='ocr_line' id='line_1_13' title="bbox 394 1240 1975 1320; baseline 0.008 -25"><span class='ocrx_word' id='word_1_85' title='bbox 394 1240 571 1295; x_wconf 89' lang='lat' dir='ltr'><strong>iucem</strong></span> <span class='ocrx_word' id='word_1_86' title='bbox 621 1244 938 1309; x_wconf 89' lang='lat' dir='ltr'><strong>convenire,</strong></span> <span class='ocrx_word' id='word_1_87' title='bbox 989 1260 1324 1316; x_wconf 86' lang='lat' dir='ltr'><strong>carmenque</strong></span> <span class='ocrx_word' id='word_1_88' title='bbox 1359 1248 1601 1318; x_wconf 85' lang='lat' dir='ltr'><strong>Christo,</strong></span> <span class='ocrx_word' id='word_1_89' title='bbox 1640 1252 1798 1320; x_wconf 87' lang='lat' dir='ltr'><strong>quasi</strong></span> <span class='ocrx_word' id='word_1_90' title='bbox 1842 1251 1975 1319; x_wconf 91' lang='lat' dir='ltr'><strong>Deo,</strong></span> 
     </span>
    </p>
   </div>
   <div class='ocr_carea' id='block_1_14' title="bbox 391 1332 1977 1402">
    <p class='ocr_par' dir='ltr' id='par_1_14' title="bbox 391 1332 1977 1402">
     <span class='ocr_line' id='line_1_14' title="bbox 391 1332 1977 1402; baseline 0.009 -15"><span class='ocrx_word' id='word_1_91' title='bbox 391 1332 573 1388; x_wconf 89' lang='lat' dir='ltr'><strong>dicere</strong></span> <span class='ocrx_word' id='word_1_92' title='bbox 604 1349 791 1390; x_wconf 87' lang='lat' dir='ltr'><strong>secum</strong></span> <span class='ocrx_word' id='word_1_93' title='bbox 823 1336 1079 1392; x_wconf 89' lang='lat' dir='ltr'><strong>invicem.</strong></span> <span class='ocrx_word' id='word_1_94' title='bbox 1114 1356 1133 1390; x_wconf 77' lang='grc' dir='ltr'><strong>ι</strong></span> <span class='ocrx_word' id='word_1_95' title='bbox 1190 1337 1262 1394; x_wconf 85' lang='lat' dir='ltr'><strong>Ut</strong></span> <span class='ocrx_word' id='word_1_96' title='bbox 1290 1351 1436 1396; x_wconf 90' lang='lat' dir='ltr'><strong>recte</strong></span> <span class='ocrx_word' id='word_1_97' title='bbox 1466 1343 1778 1399; x_wconf 76' lang='lat' dir='ltr'><strong>observavit</strong></span> <span class='ocrx_word' id='word_1_98' title='bbox 1818 1355 1977 1402; x_wconf 86' lang='lat' dir='ltr'><strong>vetus</strong></span> 
     </span>
    </p>
   </div>
   <div class='ocr_carea' id='block_1_15' title="bbox 388 1425 1976 1512">
    <p class='ocr_par' dir='ltr' id='par_1_15' title="bbox 388 1425 1976 1512">
     <span class='ocr_line' id='line_1_15' title="bbox 388 1425 1976 1512; baseline 0.01 -32"><span class='ocrx_word' id='word_1_99' title='bbox 388 1425 479 1480; x_wconf 91' lang='lat' dir='ltr'><strong>ille</strong></span> <span class='ocrx_word' id='word_1_100' title='bbox 521 1438 715 1484; x_wconf 83' lang='lat' dir='ltr'><strong>auctor</strong></span> <span class='ocrx_word' id='word_1_101' title='bbox 760 1430 903 1500; x_wconf 90' lang='lat' dir='ltr'><strong>apud</strong></span> <span class='ocrx_word' id='word_1_102' title='bbox 949 1431 1246 1489; x_wconf 85' lang='lat' dir='ltr'><strong>Eusebium</strong></span> <span class='ocrx_word' id='word_1_103' title='bbox 1294 1436 1331 1489; x_wconf 91' lang='lat' dir='ltr'><strong>l.</strong></span> <span class='ocrx_word' id='word_1_104' title='bbox 1360 1453 1413 1502; x_wconf 94' lang='lat' dir='ltr'><strong>v,</strong></span> <span class='ocrx_word' id='word_1_105' title='bbox 1456 1453 1504 1493; x_wconf 86' lang='lat' dir='ltr'><strong>c.</strong></span> <span class='ocrx_word' id='word_1_106' title='bbox 1531 1439 1637 1493; x_wconf 74' lang='lat'><strong>28:</strong></span> <span class='ocrx_word' id='word_1_107' title='bbox 1671 1442 1893 1512; x_wconf 78' lang='grc' dir='ltr'>Ψαλμοὶ</span> <span class='ocrx_word' id='word_1_108' title='bbox 1920 1442 1976 1496; x_wconf 79' lang='grc' dir='ltr'>δὲ</span> 
     </span>
    </p>
   </div>
   <div class='ocr_carea' id='block_1_16' title="bbox 385 1519 1978 1606">
    <p class='ocr_par' dir='ltr' id='par_1_16' title="bbox 385 1519 1978 1606">
     <span class='ocr_line' id='line_1_16' title="bbox 385 1519 1978 1606; baseline 0.012 -35"><span class='ocrx_word' id='word_1_109' title='bbox 385 1519 500 1573; x_wconf 80' lang='grc' dir='ltr'>ὅσοι</span> <span class='ocrx_word' id='word_1_110' title='bbox 534 1522 629 1574; x_wconf 73' lang='grc' dir='ltr'><strong>καὶ</strong></span> <span class='ocrx_word' id='word_1_111' title='bbox 674 1522 811 1593; x_wconf 73' lang='grc' dir='ltr'>ᾠδαὶ</span> <span class='ocrx_word' id='word_1_112' title='bbox 862 1524 1107 1595; x_wconf 84' lang='grc' dir='ltr'>ἀδελφῶν</span> <span class='ocrx_word' id='word_1_113' title='bbox 1142 1528 1400 1601; x_wconf 84' lang='grc' dir='ltr'>ἀπαρχῆς</span> <span class='ocrx_word' id='word_1_114' title='bbox 1448 1531 1553 1585; x_wconf 84' lang='grc' dir='ltr'><strong>ὑπὸ</strong></span> <span class='ocrx_word' id='word_1_115' title='bbox 1587 1534 1792 1587; x_wconf 84' lang='grc' dir='ltr'>πιστῶν</span> <span class='ocrx_word' id='word_1_116' title='bbox 1841 1553 1978 1606; x_wconf 88' lang='grc' dir='ltr'>γρα-</span> 
     </span>
    </p>
   </div>
   <div class='ocr_carea' id='block_1_17' title="bbox 387 1614 1974 1699">
    <p class='ocr_par' dir='ltr' id='par_1_17' title="bbox 387 1614 1974 1699">
     <span class='ocr_line' id='line_1_17' title="bbox 387 1614 1974 1699; baseline 0.012 -35"><span class='ocrx_word' id='word_1_117' title='bbox 387 1615 573 1681; x_wconf 82' lang='grc' dir='ltr'><strong>φεῖσαι</strong></span> <span class='ocrx_word' id='word_1_118' title='bbox 625 1614 717 1668; x_wconf 76' lang='grc' dir='ltr'><strong>τδν</strong></span> <span class='ocrx_word' id='word_1_119' title='bbox 763 1617 936 1686; x_wconf 82' lang='grc' dir='ltr'>Λόγον</span> <span class='ocrx_word' id='word_1_120' title='bbox 986 1618 1082 1672; x_wconf 83' lang='grc' dir='ltr'><strong>τοῦ</strong></span> <span class='ocrx_word' id='word_1_121' title='bbox 1129 1620 1264 1675; x_wconf 86' lang='grc' dir='ltr'>Θεοῦ</span> <span class='ocrx_word' id='word_1_122' title='bbox 1316 1623 1409 1677; x_wconf 83' lang='grc' dir='ltr'>τὸν</span> <span class='ocrx_word' id='word_1_123' title='bbox 1455 1626 1690 1696; x_wconf 81' lang='grc' dir='ltr'>Χριστὸν</span> <span class='ocrx_word' id='word_1_124' title='bbox 1746 1628 1974 1699; x_wconf 79' lang='grc' dir='ltr'><strong>ὑμνοῦσι</strong></span> 
     </span>
    </p>
   </div>
   <div class='ocr_carea' id='block_1_18' title="bbox 386 1706 1969 1793">
    <p class='ocr_par' dir='ltr' id='par_1_18' title="bbox 386 1706 1969 1793">
     <span class='ocr_line' id='line_1_18' title="bbox 386 1706 1969 1793; baseline 0.009 -31"><span class='ocrx_word' id='word_1_125' title='bbox 386 1706 787 1777; x_wconf 82' lang='grc' dir='ltr'>θεολογοῦντες.</span> <span class='ocrx_word' id='word_1_126' title='bbox 851 1730 869 1763; x_wconf 72' lang='grc' dir='ltr'><strong>ι</strong></span> <span class='ocrx_word' id='word_1_127' title='bbox 910 1711 1113 1767; x_wconf 82' lang='lat' dir='ltr'><strong>Psalmi</strong></span> <span class='ocrx_word' id='word_1_128' title='bbox 1155 1724 1210 1769; x_wconf 91' lang='lat' dir='ltr'><strong>et</strong></span> <span class='ocrx_word' id='word_1_129' title='bbox 1240 1717 1452 1771; x_wconf 86' lang='lat' dir='ltr'><strong>cantica</strong></span> <span class='ocrx_word' id='word_1_130' title='bbox 1511 1719 1764 1787; x_wconf 83' lang='lat' dir='ltr'><strong>fratrum,</strong></span> <span class='ocrx_word' id='word_1_131' title='bbox 1818 1719 1969 1793; x_wconf 54' lang='lat' dir='ltr'><strong>quas.</strong></span> 
     </span>
    </p>
   </div>
   <div class='ocr_carea' id='block_1_19' title="bbox 2086 496 3679 567">
    <p class='ocr_par' dir='ltr' id='par_1_19' title="bbox 2086 496 3679 567">
     <span class='ocr_line' id='line_1_19' title="bbox 2086 496 3679 567; baseline 0.002 -18"><span class='ocrx_word' id='word_1_132' title='bbox 2086 497 2355 565; x_wconf 84' lang='lat' dir='ltr'><strong>apostolis</strong></span> <span class='ocrx_word' id='word_1_133' title='bbox 2382 512 2609 566; x_wconf 91' lang='lat' dir='ltr'><strong>quoquo</strong></span> <span class='ocrx_word' id='word_1_134' title='bbox 2637 496 2803 551; x_wconf 91' lang='lat' dir='ltr'><strong>modo</strong></span> <span class='ocrx_word' id='word_1_135' title='bbox 2826 505 3133 567; x_wconf 90' lang='lat' dir='ltr'><strong>acceperat,</strong></span> <span class='ocrx_word' id='word_1_136' title='bbox 3171 496 3427 566; x_wconf 82' lang='lat' dir='ltr'><strong>epistolis</strong></span> <span class='ocrx_word' id='word_1_137' title='bbox 3445 496 3566 550; x_wconf 90' lang='lat' dir='ltr'><strong>suis</strong></span> <span class='ocrx_word' id='word_1_138' title='bbox 3591 512 3679 552; x_wconf 59' lang='lat' dir='ltr'><strong>re.</strong></span> 
     </span>
    </p>
   </div>
   <div class='ocr_carea' id='block_1_20' title="bbox 2083 589 3682 658">
    <p class='ocr_par' dir='ltr' id='par_1_20' title="bbox 2083 589 3682 658">
     <span class='ocr_line' id='line_1_20' title="bbox 2083 589 3682 658; baseline 0.002 -16"><span class='ocrx_word' id='word_1_139' title='bbox 2083 598 2470 658; x_wconf 73' lang='lat' dir='ltr'><strong>przesentasse,</strong></span> <span class='ocrx_word' id='word_1_140' title='bbox 2488 599 2541 643; x_wconf 92' lang='lat' dir='ltr'><strong>et</strong></span> <span class='ocrx_word' id='word_1_141' title='bbox 2566 590 2836 645; x_wconf 88' lang='lat' dir='ltr'><strong>Ecclesias</strong></span> <span class='ocrx_word' id='word_1_142' title='bbox 2864 598 2927 644; x_wconf 92' lang='lat' dir='ltr'><strong>ut</strong></span> <span class='ocrx_word' id='word_1_143' title='bbox 2950 589 3026 643; x_wconf 90' lang='lat' dir='ltr'><strong>illi</strong></span> <span class='ocrx_word' id='word_1_144' title='bbox 3047 589 3413 653; x_wconf 79' lang='lat' dir='ltr'><strong>adhaererent,</strong></span> <span class='ocrx_word' id='word_1_145' title='bbox 3433 589 3682 658; x_wconf 80' lang='lat' dir='ltr'><strong>impense</strong></span> 
     </span>
    </p>
   </div>
   <div class='ocr_carea' id='block_1_21' title="bbox 2083 680 3675 752">
    <p class='ocr_par' dir='ltr' id='par_1_21' title="bbox 2083 680 3675 752">
     <span class='ocr_line' id='line_1_21' title="bbox 2083 680 3675 752; baseline 0.001 -18"><span class='ocrx_word' id='word_1_146' title='bbox 2083 696 2311 752; x_wconf 77' lang='lat' dir='ltr'><strong>rogasse</strong></span> <span class='ocrx_word' id='word_1_147' title='bbox 2332 701 2346 736; x_wconf 90' lang='lat'><strong>:</strong></span> <span class='ocrx_word' id='word_1_148' title='bbox 2365 682 2605 751; x_wconf 90' lang='lat' dir='ltr'><strong>seipsum</strong></span> <span class='ocrx_word' id='word_1_149' title='bbox 2624 682 2770 737; x_wconf 91' lang='lat' dir='ltr'><strong>enim</strong></span> <span class='ocrx_word' id='word_1_150' title='bbox 2795 682 2929 737; x_wconf 88' lang='lat' dir='ltr'><strong>satis</strong></span> <span class='ocrx_word' id='word_1_151' title='bbox 2957 682 3195 752; x_wconf 81' lang='lat' dir='ltr'><strong>explicat</strong></span> <span class='ocrx_word' id='word_1_152' title='bbox 3219 680 3519 747; x_wconf 87' lang='lat' dir='ltr'><strong>Eusebius,</strong></span> <span class='ocrx_word' id='word_1_153' title='bbox 3546 681 3675 736; x_wconf 90' lang='lat' dir='ltr'><strong>dum</strong></span> 
     </span>
    </p>
   </div>
   <div class='ocr_carea' id='block_1_22' title="bbox 2082 774 3677 844">
    <p class='ocr_par' dir='ltr' id='par_1_22' title="bbox 2082 774 3677 844">
     <span class='ocr_line' id='line_1_22' title="bbox 2082 774 3677 844; baseline 0.001 -17"><span class='ocrx_word' id='word_1_154' title='bbox 2082 775 2370 844; x_wconf 81' lang='lat' dir='ltr'><strong>profitetur</strong></span> <span class='ocrx_word' id='word_1_155' title='bbox 2406 790 2466 830; x_wconf 91' lang='lat' dir='ltr'><strong>se</strong></span> <span class='ocrx_word' id='word_1_156' title='bbox 2511 789 2606 829; x_wconf 91' lang='lat' dir='ltr'><strong>eos</strong></span> <span class='ocrx_word' id='word_1_157' title='bbox 2655 774 3035 828; x_wconf 87' lang='lat' dir='ltr'><strong>tantummodo</strong></span> <span class='ocrx_word' id='word_1_158' title='bbox 3087 780 3677 841; x_wconf 87' lang='lat' dir='ltr'><strong>commemoraturum,</strong></span> 
     </span>
    </p>
   </div>
   <div class='ocr_carea' id='block_1_23' title="bbox 2084 868 3678 939">
    <p class='ocr_par' dir='ltr' id='par_1_23' title="bbox 2084 868 3678 939">
     <span class='ocr_line' id='line_1_23' title="bbox 2084 868 3678 939; baseline -0.001 -15"><span class='ocrx_word' id='word_1_159' title='bbox 2084 869 2138 925; x_wconf 90' lang='lat' dir='ltr'><strong>in</strong></span> <span class='ocrx_word' id='word_1_160' title='bbox 2178 885 2412 939; x_wconf 90' lang='lat' dir='ltr'><strong>quorum</strong></span> <span class='ocrx_word' id='word_1_161' title='bbox 2450 869 2828 924; x_wconf 88' lang='lat' dir='ltr'><strong>monumentis</strong></span> <span class='ocrx_word' id='word_1_162' title='bbox 2883 868 3275 939; x_wconf 80' lang='grc' dir='ltr'>Ἀποστολικῆς</span> <span class='ocrx_word' id='word_1_163' title='bbox 3322 869 3678 934; x_wconf 81' lang='grc' dir='ltr'><strong>διδασκαλίας</strong></span> 
     </span>
    </p>
   </div>
   <div class='ocr_carea' id='block_1_24' title="bbox 2083 946 3679 1034">
    <p class='ocr_par' dir='ltr' id='par_1_24' title="bbox 2083 946 3679 1034">
     <span class='ocr_line' id='line_1_24' title="bbox 2083 946 3679 1034; baseline 0.001 -20"><span class='ocrx_word' id='word_1_164' title='bbox 2083 961 2388 1033; x_wconf 82' lang='grc' dir='ltr'>παράδοσις</span> <span class='ocrx_word' id='word_1_165' title='bbox 2449 946 2714 1034; x_wconf 82' lang='grc' dir='ltr'>φέρεται,</span> <span class='ocrx_word' id='word_1_166' title='bbox 2751 980 2794 1022; x_wconf 65' lang='grc' dir='ltr'><strong>,ι</strong></span> <span class='ocrx_word' id='word_1_167' title='bbox 2830 971 2909 1026; x_wconf 88' lang='lat' dir='ltr'><strong>ut,</strong></span> <span class='ocrx_word' id='word_1_168' title='bbox 2940 961 3092 1015; x_wconf 91' lang='lat' dir='ltr'><strong>verbi</strong></span> <span class='ocrx_word' id='word_1_169' title='bbox 3142 964 3338 1032; x_wconf 76' lang='lat' dir='ltr'><strong>gratia,</strong></span> <span class='ocrx_word' id='word_1_170' title='bbox 3391 961 3593 1032; x_wconf 82' lang='lat' dir='ltr'><strong>Ignatii</strong></span> <span class='ocrx_word' id='word_1_171' title='bbox 3625 974 3679 1016; x_wconf 88' lang='lat' dir='ltr'><strong>et</strong></span> 
     </span>
    </p>
   </div>
   <div class='ocr_carea' id='block_1_25' title="bbox 2081 1052 3677 1124">
    <p class='ocr_par' dir='ltr' id='par_1_25' title="bbox 2081 1052 3677 1124">
     <span class='ocr_line' id='line_1_25' title="bbox 2081 1052 3677 1124; baseline -0.002 -14"><span class='ocrx_word' id='word_1_172' title='bbox 2081 1054 2406 1120; x_wconf 83' lang='lat' dir='ltr'><strong>Clementis;</strong></span> <span class='ocrx_word' id='word_1_173' title='bbox 2440 1074 2459 1106; x_wconf 73' lang='grc' dir='ltr'><strong>ι</strong></span> <span class='ocrx_word' id='word_1_174' title='bbox 2518 1070 2745 1123; x_wconf 89' lang='lat' dir='ltr'><strong>prorsus</strong></span> <span class='ocrx_word' id='word_1_175' title='bbox 2779 1054 2857 1108; x_wconf 93' lang='lat' dir='ltr'><strong>uti</strong></span> <span class='ocrx_word' id='word_1_176' title='bbox 2895 1054 3138 1124; x_wconf 89' lang='lat' dir='ltr'><strong>loquitur</strong></span> <span class='ocrx_word' id='word_1_177' title='bbox 3181 1052 3427 1107; x_wconf 62' lang='lat' dir='ltr'><strong>lrenazus</strong></span> <span class='ocrx_word' id='word_1_178' title='bbox 3458 1053 3529 1107; x_wconf 91' lang='lat' dir='ltr'><strong>de</strong></span> <span class='ocrx_word' id='word_1_179' title='bbox 3555 1052 3677 1107; x_wconf 76' lang='lat' dir='ltr'><strong>(lle-</strong></span> 
     </span>
    </p>
   </div>
   <div class='ocr_carea' id='block_1_26' title="bbox 2082 1141 3674 1214">
    <p class='ocr_par' dir='ltr' id='par_1_26' title="bbox 2082 1141 3674 1214">
     <span class='ocr_line' id='line_1_26' title="bbox 2082 1141 3674 1214; baseline -0.001 -16"><span class='ocrx_word' id='word_1_180' title='bbox 2082 1145 2287 1200; x_wconf 89' lang='lat' dir='ltr'><strong>mcntis</strong></span> <span class='ocrx_word' id='word_1_181' title='bbox 2317 1144 2571 1214; x_wconf 89' lang='lat' dir='ltr'><strong>epistola,</strong></span> <span class='ocrx_word' id='word_1_182' title='bbox 2603 1160 2766 1214; x_wconf 91' lang='lat' dir='ltr'><strong>quam</strong></span> <span class='ocrx_word' id='word_1_183' title='bbox 2818 1144 2967 1197; x_wconf 87' lang='lat' dir='ltr'><strong>misit</strong></span> <span class='ocrx_word' id='word_1_184' title='bbox 3003 1142 3248 1197; x_wconf 85' lang='lat' dir='ltr'><strong>Ecclesia</strong></span> <span class='ocrx_word' id='word_1_185' title='bbox 3294 1141 3553 1196; x_wconf 84' lang='lat' dir='ltr'><strong>Romana</strong></span> <span class='ocrx_word' id='word_1_186' title='bbox 3607 1143 3674 1197; x_wconf 85' lang='lat' dir='ltr'><strong>ad</strong></span> 
     </span>
    </p>
   </div>
   <div class='ocr_carea' id='block_1_27' title="bbox 2080 1232 3677 1305">
    <p class='ocr_par' dir='ltr' id='par_1_27' title="bbox 2080 1232 3677 1305">
     <span class='ocr_line' id='line_1_27' title="bbox 2080 1232 3677 1305; baseline -0.002 -16"><span class='ocrx_word' id='word_1_187' title='bbox 2080 1233 2436 1299; x_wconf 87' lang='lat' dir='ltr'><strong>Corinthios,</strong></span> <span class='ocrx_word' id='word_1_188' title='bbox 2486 1234 2787 1289; x_wconf 83' lang='grc' dir='ltr'>ἀνανεοῦσα</span> <span class='ocrx_word' id='word_1_189' title='bbox 2836 1235 2934 1305; x_wconf 80' lang='grc' dir='ltr'>τὴν</span> <span class='ocrx_word' id='word_1_190' title='bbox 2988 1234 3170 1287; x_wconf 82' lang='grc' dir='ltr'>πίστιν</span> <span class='ocrx_word' id='word_1_191' title='bbox 3223 1232 3429 1295; x_wconf 81' lang='grc' dir='ltr'>αὐτῶν,</span> <span class='ocrx_word' id='word_1_192' title='bbox 3468 1232 3564 1285; x_wconf 73' lang='grc' dir='ltr'><strong>καὶ</strong></span> <span class='ocrx_word' id='word_1_193' title='bbox 3610 1234 3677 1303; x_wconf 72' lang='grc' dir='ltr'>ἢν</span> 
     </span>
    </p>
   </div>
   <div class='ocr_carea' id='block_1_28' title="bbox 2079 1324 3677 1397">
    <p class='ocr_par' dir='ltr' id='par_1_28' title="bbox 2079 1324 3677 1397">
     <span class='ocr_line' id='line_1_28' title="bbox 2079 1324 3677 1397; baseline 0.002 -21"><span class='ocrx_word' id='word_1_194' title='bbox 2079 1325 2273 1377; x_wconf 79' lang='grc' dir='ltr'>νεωστὶ</span> <span class='ocrx_word' id='word_1_195' title='bbox 2306 1325 2415 1378; x_wconf 85' lang='grc' dir='ltr'>ἀπὸ</span> <span class='ocrx_word' id='word_1_196' title='bbox 2444 1326 2553 1379; x_wconf 81' lang='grc' dir='ltr'>τῶν</span> <span class='ocrx_word' id='word_1_197' title='bbox 2584 1325 2895 1379; x_wconf 76' lang='grc' dir='ltr'>ἀποστόλων</span> <span class='ocrx_word' id='word_1_198' title='bbox 2928 1324 3227 1397; x_wconf 82' lang='grc' dir='ltr'>παράδοσιν</span> <span class='ocrx_word' id='word_1_199' title='bbox 3260 1324 3505 1393; x_wconf 80' lang='grc' dir='ltr'><strong>εἰλήφει,</strong></span> <span class='ocrx_word' id='word_1_200' title='bbox 3540 1341 3559 1375; x_wconf 76' lang='grc' dir='ltr'><strong>ι</strong></span> <span class='ocrx_word' id='word_1_201' title='bbox 3591 1340 3677 1379; x_wconf 81' lang='lat' dir='ltr'><strong>re-</strong></span> 
     </span>
    </p>
   </div>
   <div class='ocr_carea' id='block_1_29' title="bbox 2081 1415 3680 1485">
    <p class='ocr_par' dir='ltr' id='par_1_29' title="bbox 2081 1415 3680 1485">
     <span class='ocr_line' id='line_1_29' title="bbox 2081 1415 3680 1485; baseline 0.001 -17"><span class='ocrx_word' id='word_1_202' title='bbox 2081 1428 2283 1483; x_wconf 88' lang='lat' dir='ltr'><strong>parans</strong></span> <span class='ocrx_word' id='word_1_203' title='bbox 2308 1415 2468 1471; x_wconf 82' lang='lat' dir='ltr'><strong>fidem</strong></span> <span class='ocrx_word' id='word_1_204' title='bbox 2500 1430 2714 1476; x_wconf 89' lang='lat' dir='ltr'><strong>eorum,</strong></span> <span class='ocrx_word' id='word_1_205' title='bbox 2746 1424 2802 1469; x_wconf 84' lang='lat' dir='ltr'><strong>et</strong></span> <span class='ocrx_word' id='word_1_206' title='bbox 2826 1430 2989 1485; x_wconf 88' lang='lat' dir='ltr'><strong>quam</strong></span> <span class='ocrx_word' id='word_1_207' title='bbox 3025 1416 3077 1468; x_wconf 90' lang='lat' dir='ltr'><strong>in</strong></span> <span class='ocrx_word' id='word_1_208' title='bbox 3109 1416 3313 1470; x_wconf 89' lang='lat' dir='ltr'><strong>recenti</strong></span> <span class='ocrx_word' id='word_1_209' title='bbox 3347 1415 3419 1469; x_wconf 90' lang='lat' dir='ltr'><strong>ab</strong></span> <span class='ocrx_word' id='word_1_210' title='bbox 3451 1425 3680 1484; x_wconf 87' lang='lat' dir='ltr'><strong>aposto-</strong></span> 
     </span>
    </p>
   </div>
   <div class='ocr_carea' id='block_1_30' title="bbox 2080 1506 3677 1578">
    <p class='ocr_par' dir='ltr' id='par_1_30' title="bbox 2080 1506 3677 1578">
     <span class='ocr_line' id='line_1_30' title="bbox 2080 1506 3677 1578; baseline 0.001 -17"><span class='ocrx_word' id='word_1_211' title='bbox 2080 1508 2149 1563; x_wconf 88' lang='lat' dir='ltr'><strong>lis</strong></span> <span class='ocrx_word' id='word_1_212' title='bbox 2194 1516 2517 1577; x_wconf 86' lang='lat' dir='ltr'><strong>receperant</strong></span> <span class='ocrx_word' id='word_1_213' title='bbox 2566 1508 2939 1563; x_wconf 91' lang='lat' dir='ltr'><strong>traditionem.</strong></span> <span class='ocrx_word' id='word_1_214' title='bbox 2973 1526 2992 1559; x_wconf 74' lang='grc' dir='ltr'><strong>ι</strong></span> <span class='ocrx_word' id='word_1_215' title='bbox 3054 1506 3125 1562; x_wconf 92' lang='lat' dir='ltr'><strong>Ut</strong></span> <span class='ocrx_word' id='word_1_216' title='bbox 3171 1508 3340 1578; x_wconf 89' lang='lat' dir='ltr'><strong>igitur</strong></span> <span class='ocrx_word' id='word_1_217' title='bbox 3367 1506 3677 1563; x_wconf 80' lang='lat' dir='ltr'><strong>Clementis</strong></span> 
     </span>
    </p>
   </div>
   <div class='ocr_carea' id='block_1_31' title="bbox 2078 1599 3674 1669">
    <p class='ocr_par' dir='ltr' id='par_1_31' title="bbox 2078 1599 3674 1669">
     <span class='ocr_line' id='line_1_31' title="bbox 2078 1599 3674 1669; baseline -0.001 -15"><span class='ocrx_word' id='word_1_218' title='bbox 2078 1599 2309 1669; x_wconf 91' lang='lat' dir='ltr'><strong>epistola</strong></span> <span class='ocrx_word' id='word_1_219' title='bbox 2366 1600 2811 1669; x_wconf 77' lang='lat' dir='ltr'><strong>proniptuarium</strong></span> <span class='ocrx_word' id='word_1_220' title='bbox 2858 1615 2968 1653; x_wconf 90' lang='lat' dir='ltr'><strong>non</strong></span> <span class='ocrx_word' id='word_1_221' title='bbox 3009 1608 3095 1654; x_wconf 88' lang='lat' dir='ltr'><strong>est</strong></span> <span class='ocrx_word' id='word_1_222' title='bbox 3144 1599 3512 1653; x_wconf 88' lang='lat' dir='ltr'><strong>traditionum</strong></span> <span class='ocrx_word' id='word_1_223' title='bbox 3567 1615 3674 1653; x_wconf 88' lang='lat' dir='ltr'><strong>non</strong></span> 
     </span>
    </p>
   </div>
   <div class='ocr_carea' id='block_1_32' title="bbox 2080 1686 3676 1758">
    <p class='ocr_par' dir='ltr' id='par_1_32' title="bbox 2080 1686 3676 1758">
     <span class='ocr_line' id='line_1_32' title="bbox 2080 1686 3676 1758; baseline 0.002 -17"><span class='ocrx_word' id='word_1_224' title='bbox 2080 1687 2433 1757; x_wconf 89' lang='lat' dir='ltr'><strong>scriptarum,</strong></span> <span class='ocrx_word' id='word_1_225' title='bbox 2475 1690 2548 1743; x_wconf 89' lang='lat' dir='ltr'><strong>ita</strong></span> <span class='ocrx_word' id='word_1_226' title='bbox 2591 1704 2691 1743; x_wconf 92' lang='lat' dir='ltr'><strong>nec</strong></span> <span class='ocrx_word' id='word_1_227' title='bbox 2732 1687 2947 1758; x_wconf 83' lang='lat' dir='ltr'><strong>lgnatii.</strong></span> <span class='ocrx_word' id='word_1_228' title='bbox 2996 1686 3186 1743; x_wconf 83' lang='lat' dir='ltr'><strong>Nullas</strong></span> <span class='ocrx_word' id='word_1_229' title='bbox 3208 1687 3300 1743; x_wconf 91' lang='lat' dir='ltr'><strong>ille</strong></span> <span class='ocrx_word' id='word_1_230' title='bbox 3339 1689 3676 1744; x_wconf 85' lang='lat' dir='ltr'><strong>traditiones</strong></span> 
     </span>
    </p>
   </div>
   <div class='ocr_carea' id='block_1_33' title="bbox 386 1762 3677 1884">
    <p class='ocr_par' dir='ltr' id='par_1_33' title="bbox 386 1762 3677 1884">
     <span class='ocr_line' id='line_1_33' title="bbox 386 1762 3677 1884; baseline -0.006 -27"><span class='ocrx_word' id='word_1_231' title='bbox 386 1817 606 1873; x_wconf 87' lang='lat' dir='ltr'><strong>cunque</strong></span> <span class='ocrx_word' id='word_1_232' title='bbox 648 1804 717 1859; x_wconf 85' lang='lat' dir='ltr'><strong>ab</strong></span> <span class='ocrx_word' id='word_1_233' title='bbox 746 1805 905 1860; x_wconf 90' lang='lat' dir='ltr'><strong>initio</strong></span> <span class='ocrx_word' id='word_1_234' title='bbox 938 1822 967 1860; x_wconf 92' lang='lat' dir='ltr'><strong>a</strong></span> <span class='ocrx_word' id='word_1_235' title='bbox 1002 1808 1253 1865; x_wconf 85' lang='lat' dir='ltr'><strong>fidelibus</strong></span> <span class='ocrx_word' id='word_1_236' title='bbox 1285 1813 1593 1883; x_wconf 84' lang='lat' dir='ltr'><strong>conscripta</strong></span> <span class='ocrx_word' id='word_1_237' title='bbox 1630 1764 1779 1884; x_wconf 63' lang='lat' dir='ltr'><strong>sunt,</strong></span> <span class='ocrx_word' id='word_1_238' title='bbox 1809 1762 1972 1873; x_wconf 72' lang='lat' dir='ltr'><strong>Cbri-</strong></span> <span class='ocrx_word' id='word_1_239' title='bbox 2004 1762 2047 1818; x_wconf 72' lang='grc' dir='ltr'><strong>Β</strong></span> <span class='ocrx_word' id='word_1_240' title='bbox 2077 1795 2185 1835; x_wconf 74' lang='grc'><strong>¹¹⁰¹¹</strong></span> <span class='ocrx_word' id='word_1_241' title='bbox 2219 1781 2475 1884; x_wconf 38' lang='lat' dir='ltr'><strong>summ}:</strong></span> <span class='ocrx_word' id='word_1_242' title='bbox 2518 1798 2657 1884; x_wconf 62' lang='grc' dir='ltr'>αξιεε</span> <span class='ocrx_word' id='word_1_243' title='bbox 2689 1781 2806 1884; x_wconf 52' lang='lat' dir='ltr'><strong>Si&quot;?</strong></span> <span class='ocrx_word' id='word_1_244' title='bbox 2836 1796 2981 1884; x_wconf 52' lang='lat' dir='ltr'><strong>vere.</strong></span> <span class='ocrx_word' id='word_1_245' title='bbox 3007 1782 3146 1884; x_wconf 40' lang='lat' dir='ltr'><strong>.sive-</strong></span> <span class='ocrx_word' id='word_1_246' title='bbox 3164 1781 3303 1836; x_wconf 88' lang='lat' dir='ltr'><strong>falso</strong></span> <span class='ocrx_word' id='word_1_247' title='bbox 3332 1781 3677 1884; x_wconf 76' lang='lat' dir='ltr'><strong>apostolicas</strong></span> 
     </span>
    </p>
   </div>
   <div class='ocr_carea' id='block_1_34' title="bbox 383 1894 1955 1969">
    <p class='ocr_par' dir='ltr' id='par_1_34' title="bbox 383 1894 1955 1969">
     <span class='ocr_line' id='line_1_34' title="bbox 383 1894 1955 1969; baseline 0.009 -17"><span class='ocrx_word' id='word_1_248' title='bbox 383 1904 529 1952; x_wconf 79' lang='lat' dir='ltr'><strong>Stum</strong></span> <span class='ocrx_word' id='word_1_249' title='bbox 566 1894 799 1951; x_wconf 82' lang='lat' dir='ltr'><strong>Verbum</strong></span> <span class='ocrx_word' id='word_1_250' title='bbox 830 1898 923 1954; x_wconf 87' lang='lat' dir='ltr'><strong>Dei</strong></span> <span class='ocrx_word' id='word_1_251' title='bbox 956 1901 1360 1969; x_wconf 86' lang='lat' dir='ltr'><strong>concelebrant,</strong></span> <span class='ocrx_word' id='word_1_252' title='bbox 1393 1904 1734 1963; x_wconf 89' lang='lat' dir='ltr'><strong>divinitatem</strong></span> <span class='ocrx_word' id='word_1_253' title='bbox 1765 1910 1815 1964; x_wconf 91' lang='lat' dir='ltr'><strong>ei</strong></span> <span class='ocrx_word' id='word_1_254' title='bbox 1849 1911 1955 1965; x_wconf 92' lang='lat' dir='ltr'><strong>tri-</strong></span> 
     </span>
    </p>
   </div>
   <div class='ocr_carea' id='block_1_35' title="bbox 381 1987 1968 2068">
    <p class='ocr_par' dir='ltr' id='par_1_35' title="bbox 381 1987 1968 2068">
     <span class='ocr_line' id='line_1_35' title="bbox 381 1987 1968 2068; baseline 0.012 -28"><span class='ocrx_word' id='word_1_255' title='bbox 381 1987 619 2043; x_wconf 84' lang='lat' dir='ltr'><strong>buendo.</strong></span> <span class='ocrx_word' id='word_1_256' title='bbox 657 2007 678 2043; x_wconf 77' lang='grc' dir='ltr'><strong>ι</strong></span> <span class='ocrx_word' id='word_1_257' title='bbox 714 1989 790 2045; x_wconf 90' lang='lat' dir='ltr'><strong>Ita</strong></span> <span class='ocrx_word' id='word_1_258' title='bbox 816 1992 1035 2062; x_wconf 79' lang='lat' dir='ltr'><strong>quidem</strong></span> <span class='ocrx_word' id='word_1_259' title='bbox 1065 1994 1306 2064; x_wconf 88' lang='lat' dir='ltr'><strong>Ignatius</strong></span> <span class='ocrx_word' id='word_1_260' title='bbox 1336 1997 1658 2068; x_wconf 88' lang='lat' dir='ltr'><strong>simpliciter</strong></span> <span class='ocrx_word' id='word_1_261' title='bbox 1685 2001 1968 2059; x_wconf 86' lang='lat' dir='ltr'><strong>Christum</strong></span> 
     </span>
    </p>
   </div>
   <div class='ocr_carea' id='block_1_36' title="bbox 382 2082 1973 2168">
    <p class='ocr_par' dir='ltr' id='par_1_36' title="bbox 382 2082 1973 2168">
     <span class='ocr_line' id='line_1_36' title="bbox 382 2082 1973 2168; baseline 0.01 -36"><span class='ocrx_word' id='word_1_262' title='bbox 382 2083 552 2135; x_wconf 83' lang='lat' dir='ltr'><strong>Deum</strong></span> <span class='ocrx_word' id='word_1_263' title='bbox 584 2082 838 2151; x_wconf 87' lang='lat' dir='ltr'><strong>appellat,</strong></span> <span class='ocrx_word' id='word_1_264' title='bbox 872 2092 930 2137; x_wconf 94' lang='lat' dir='ltr'><strong>ut</strong></span> <span class='ocrx_word' id='word_1_265' title='bbox 956 2082 1124 2154; x_wconf 88' lang='lat' dir='ltr'><strong>Epist.</strong></span> <span class='ocrx_word' id='word_1_266' title='bbox 1154 2086 1223 2141; x_wconf 87' lang='lat' dir='ltr'><strong>ad</strong></span> <span class='ocrx_word' id='word_1_267' title='bbox 1258 2084 1569 2160; x_wconf 72' lang='lat' dir='ltr'><strong>Smyrnaeos</strong></span> <span class='ocrx_word' id='word_1_268' title='bbox 1591 2109 1603 2144; x_wconf 90' lang='lat'>:</span> <span class='ocrx_word' id='word_1_269' title='bbox 1625 2092 1843 2159; x_wconf 75' lang='grc' dir='ltr'>Δοξάζω</span> <span class='ocrx_word' id='word_1_270' title='bbox 1878 2096 1973 2168; x_wconf 84' lang='grc' dir='ltr'><strong>Ἰη-</strong></span> 
     </span>
    </p>
   </div>
   <div class='ocr_carea' id='block_1_37' title="bbox 381 2172 1970 2256">
    <p class='ocr_par' dir='ltr' id='par_1_37' title="bbox 381 2172 1970 2256">
     <span class='ocr_line' id='line_1_37' title="bbox 381 2172 1970 2256; baseline 0.011 -31"><span class='ocrx_word' id='word_1_271' title='bbox 381 2172 511 2227; x_wconf 78' lang='grc' dir='ltr'>σοῦν</span> <span class='ocrx_word' id='word_1_272' title='bbox 544 2174 781 2247; x_wconf 82' lang='grc' dir='ltr'>Χριστὸν</span> <span class='ocrx_word' id='word_1_273' title='bbox 813 2177 905 2229; x_wconf 77' lang='grc' dir='ltr'>τὸν</span> <span class='ocrx_word' id='word_1_274' title='bbox 939 2177 1094 2243; x_wconf 83' lang='grc' dir='ltr'>Θεόν,</span> <span class='ocrx_word' id='word_1_275' title='bbox 1129 2189 1183 2234; x_wconf 91' lang='lat' dir='ltr'><strong>et</strong></span> <span class='ocrx_word' id='word_1_276' title='bbox 1219 2199 1232 2234; x_wconf 94' lang='lat'><strong>:</strong></span> <span class='ocrx_word' id='word_1_277' title='bbox 1286 2181 1709 2256; x_wconf 80' lang='grc' dir='ltr'>’Υποδεξάμενοι</span> <span class='ocrx_word' id='word_1_278' title='bbox 1744 2188 1820 2252; x_wconf 86' lang='grc' dir='ltr'><strong>ὼς</strong></span> <span class='ocrx_word' id='word_1_279' title='bbox 1852 2189 1970 2243; x_wconf 89' lang='grc' dir='ltr'>δια-</span> 
     </span>
    </p>
   </div>
   <div class='ocr_carea' id='block_1_38' title="bbox 380 2266 1972 2351">
    <p class='ocr_par' dir='ltr' id='par_1_38' title="bbox 380 2266 1972 2351">
     <span class='ocr_line' id='line_1_38' title="bbox 380 2266 1972 2351; baseline 0.012 -35"><span class='ocrx_word' id='word_1_280' title='bbox 380 2266 569 2328; x_wconf 79' lang='grc' dir='ltr'>κόνους</span> <span class='ocrx_word' id='word_1_281' title='bbox 585 2267 822 2337; x_wconf 77' lang='grc' dir='ltr'>Χριστοῦ</span> <span class='ocrx_word' id='word_1_282' title='bbox 840 2268 999 2345; x_wconf 79' lang='grc' dir='ltr'>Θεοῦ,</span> <span class='ocrx_word' id='word_1_283' title='bbox 1027 2270 1093 2323; x_wconf 90' lang='lat' dir='ltr'><strong>ad</strong></span> <span class='ocrx_word' id='word_1_284' title='bbox 1119 2269 1483 2343; x_wconf 83' lang='lat' dir='ltr'><strong>Polycarpum</strong></span> <span class='ocrx_word' id='word_1_285' title='bbox 1516 2295 1529 2330; x_wconf 90' lang='lat'>:</span> <span class='ocrx_word' id='word_1_286' title='bbox 1569 2278 1657 2330; x_wconf 83' lang='lat' dir='ltr'><strong>&#39;Ev</strong></span> <span class='ocrx_word' id='word_1_287' title='bbox 1673 2279 1791 2351; x_wconf 85' lang='grc' dir='ltr'>Θεῴ</span> <span class='ocrx_word' id='word_1_288' title='bbox 1815 2282 1972 2351; x_wconf 82' lang='grc' dir='ltr'><strong>ἡμῶν</strong></span> 
     </span>
    </p>
   </div>
   <div class='ocr_carea' id='block_1_39' title="bbox 394 2355 1971 2443">
    <p class='ocr_par' dir='ltr' id='par_1_39' title="bbox 394 2355 1971 2443">
     <span class='ocr_line' id='line_1_39' title="bbox 394 2355 1971 2443; baseline 0.012 -36"><span class='ocrx_word' id='word_1_289' title='bbox 394 2355 568 2427; x_wconf 80' lang='grc' dir='ltr'>Ἰησοῦ</span> <span class='ocrx_word' id='word_1_290' title='bbox 586 2357 827 2428; x_wconf 81' lang='grc' dir='ltr'>Χριστῷ,</span> <span class='ocrx_word' id='word_1_291' title='bbox 848 2359 914 2413; x_wconf 90' lang='lat' dir='ltr'><strong>ad</strong></span> <span class='ocrx_word' id='word_1_292' title='bbox 931 2358 1196 2429; x_wconf 89' lang='lat' dir='ltr'><strong>Ephesios</strong></span> <span class='ocrx_word' id='word_1_293' title='bbox 1216 2381 1229 2415; x_wconf 89' lang='lat'><strong>:</strong></span> <span class='ocrx_word' id='word_1_294' title='bbox 1248 2362 1304 2416; x_wconf 87' lang='grc' dir='ltr'>ὐ</span> <span class='ocrx_word' id='word_1_295' title='bbox 1322 2363 1431 2436; x_wconf 80' lang='grc' dir='ltr'>γὰρ</span> <span class='ocrx_word' id='word_1_296' title='bbox 1442 2366 1573 2430; x_wconf 81' lang='grc' dir='ltr'><strong>Θεὸς</strong></span> <span class='ocrx_word' id='word_1_297' title='bbox 1594 2367 1750 2439; x_wconf 76' lang='grc' dir='ltr'>ἡμῶν</span> <span class='ocrx_word' id='word_1_298' title='bbox 1767 2371 1971 2443; x_wconf 79' lang='grc' dir='ltr'>Ἰησοῦς</span> 
     </span>
    </p>
   </div>
   <div class='ocr_carea' id='block_1_40' title="bbox 378 2448 1964 2530">
    <p class='ocr_par' dir='ltr' id='par_1_40' title="bbox 378 2448 1964 2530">
     <span class='ocr_line' id='line_1_40' title="bbox 378 2448 1964 2530; baseline 0.011 -29"><span class='ocrx_word' id='word_1_299' title='bbox 378 2451 407 2501; x_wconf 83' lang='grc' dir='ltr'><strong>ὸ</strong></span> <span class='ocrx_word' id='word_1_300' title='bbox 435 2448 671 2520; x_wconf 79' lang='grc' dir='ltr'>Χριστὸς</span> <span class='ocrx_word' id='word_1_301' title='bbox 721 2451 1065 2524; x_wconf 79' lang='grc' dir='ltr'>ὲκυοφορήθη</span> <span class='ocrx_word' id='word_1_302' title='bbox 1123 2455 1229 2508; x_wconf 75' lang='grc' dir='ltr'>ὑπὸ</span> <span class='ocrx_word' id='word_1_303' title='bbox 1262 2458 1511 2530; x_wconf 75' lang='grc' dir='ltr'>Μαρίας,</span> <span class='ocrx_word' id='word_1_304' title='bbox 1548 2462 1613 2515; x_wconf 86' lang='lat' dir='ltr'><strong>ad</strong></span> <span class='ocrx_word' id='word_1_305' title='bbox 1649 2461 1964 2521; x_wconf 83' lang='lat' dir='ltr'><strong>Romanos:</strong></span> 
     </span>
    </p>
   </div>
   <div class='ocr_carea' id='block_1_41' title="bbox 379 2533 1967 2619">
    <p class='ocr_par' dir='ltr' id='par_1_41' title="bbox 379 2533 1967 2619">
     <span class='ocr_line' id='line_1_41' title="bbox 379 2533 1967 2619; baseline 0.015 -34"><span class='ocrx_word' id='word_1_306' title='bbox 379 2533 541 2588; x_wconf 82' lang='grc' dir='ltr'>Κατὰ</span> <span class='ocrx_word' id='word_1_307' title='bbox 593 2536 776 2590; x_wconf 84' lang='grc' dir='ltr'>πίστιν</span> <span class='ocrx_word' id='word_1_308' title='bbox 826 2538 923 2592; x_wconf 53' lang='grc' dir='ltr'><strong>καὶ⁸</strong></span> <span class='ocrx_word' id='word_1_309' title='bbox 981 2540 1204 2613; x_wconf 79' lang='grc' dir='ltr'><strong>ἀγάπην</strong></span> <span class='ocrx_word' id='word_1_310' title='bbox 1251 2544 1348 2598; x_wconf 90' lang='grc' dir='ltr'><strong>τοῦ</strong></span> <span class='ocrx_word' id='word_1_311' title='bbox 1402 2549 1642 2619; x_wconf 76' lang='grc' dir='ltr'>Χριστοῦ</span> <span class='ocrx_word' id='word_1_312' title='bbox 1695 2553 1788 2605; x_wconf 88' lang='grc' dir='ltr'><strong>τοῦ</strong></span> <span class='ocrx_word' id='word_1_313' title='bbox 1834 2555 1967 2610; x_wconf 83' lang='grc' dir='ltr'>Θεοῦ</span> 
     </span>
    </p>
   </div>
   <div class='ocr_carea' id='block_1_42' title="bbox 378 2626 1965 2704">
    <p class='ocr_par' dir='ltr' id='par_1_42' title="bbox 378 2626 1965 2704">
     <span class='ocr_line' id='line_1_42' title="bbox 378 2626 1965 2704; baseline 0.015 -26"><span class='ocrx_word' id='word_1_314' title='bbox 378 2626 563 2696; x_wconf 61' lang='grc' dir='ltr'><strong>⁴ἡμῶν.</strong></span> <span class='ocrx_word' id='word_1_315' title='bbox 594 2626 728 2683; x_wconf 88' lang='lat' dir='ltr'><strong>Post</strong></span> <span class='ocrx_word' id='word_1_316' title='bbox 770 2640 951 2687; x_wconf 87' lang='lat' dir='ltr'><strong>autem</strong></span> <span class='ocrx_word' id='word_1_317' title='bbox 987 2645 1259 2704; x_wconf 90' lang='lat' dir='ltr'><strong>receptam</strong></span> <span class='ocrx_word' id='word_1_318' title='bbox 1296 2638 1348 2691; x_wconf 94' lang='lat' dir='ltr'><strong>in</strong></span> <span class='ocrx_word' id='word_1_319' title='bbox 1383 2639 1626 2697; x_wconf 84' lang='lat' dir='ltr'><strong>Ecclesia</strong></span> <span class='ocrx_word' id='word_1_320' title='bbox 1657 2644 1965 2702; x_wconf 88' lang='lat' dir='ltr'><strong>doctrinam</strong></span> 
     </span>
    </p>
   </div>
   <div class='ocr_carea' id='block_1_43' title="bbox 378 2717 1966 2809">
    <p class='ocr_par' dir='ltr' id='par_1_43' title="bbox 378 2717 1966 2809">
     <span class='ocr_line' id='line_1_43' title="bbox 378 2717 1966 2809; baseline 0.013 -35"><span class='ocrx_word' id='word_1_321' title='bbox 378 2717 738 2786; x_wconf 84' lang='lat' dir='ltr'><strong>Platonicam,</strong></span> <span class='ocrx_word' id='word_1_322' title='bbox 771 2731 883 2779; x_wconf 91' lang='lat' dir='ltr'><strong>tum</strong></span> <span class='ocrx_word' id='word_1_323' title='bbox 920 2729 1149 2782; x_wconf 88' lang='lat' dir='ltr'><strong>secundi</strong></span> <span class='ocrx_word' id='word_1_324' title='bbox 1191 2738 1305 2784; x_wconf 90' lang='lat' dir='ltr'><strong>tum</strong></span> <span class='ocrx_word' id='word_1_325' title='bbox 1338 2732 1482 2786; x_wconf 89' lang='lat' dir='ltr'><strong>tertii</strong></span> <span class='ocrx_word' id='word_1_326' title='bbox 1516 2737 1700 2790; x_wconf 68' lang='lat' dir='ltr'><strong>saeculi</strong></span> <span class='ocrx_word' id='word_1_327' title='bbox 1731 2739 1966 2809; x_wconf 83' lang='lat' dir='ltr'><strong>scripto-</strong></span> 
     </span>
    </p>
   </div>
   <div class='ocr_carea' id='block_1_44' title="bbox 378 2815 1967 2893">
    <p class='ocr_par' dir='ltr' id='par_1_44' title="bbox 378 2815 1967 2893">
     <span class='ocr_line' id='line_1_44' title="bbox 378 2815 1967 2893; baseline 0.01 -25"><span class='ocrx_word' id='word_1_328' title='bbox 378 2829 470 2869; x_wconf 84' lang='lat' dir='ltr'><strong>res</strong></span> <span class='ocrx_word' id='word_1_329' title='bbox 517 2830 624 2869; x_wconf 92' lang='lat' dir='ltr'><strong>non</strong></span> <span class='ocrx_word' id='word_1_330' title='bbox 659 2815 802 2871; x_wconf 86' lang='lat' dir='ltr'><strong>soliti</strong></span> <span class='ocrx_word' id='word_1_331' title='bbox 849 2827 979 2873; x_wconf 90' lang='lat' dir='ltr'><strong>sunt</strong></span> <span class='ocrx_word' id='word_1_332' title='bbox 1014 2820 1150 2875; x_wconf 89' lang='lat' dir='ltr'><strong>adeo</strong></span> <span class='ocrx_word' id='word_1_333' title='bbox 1192 2822 1519 2893; x_wconf 90' lang='lat' dir='ltr'><strong>simpliciter</strong></span> <span class='ocrx_word' id='word_1_334' title='bbox 1554 2825 1837 2883; x_wconf 83' lang='lat' dir='ltr'><strong>Christum</strong></span> <span class='ocrx_word' id='word_1_335' title='bbox 1875 2830 1967 2883; x_wconf 87' lang='grc' dir='ltr'>τὸν</span> 
     </span>
    </p>
   </div>
   <div class='ocr_carea' id='block_1_45' title="bbox 378 2904 1962 2989">
    <p class='ocr_par' dir='ltr' id='par_1_45' title="bbox 378 2904 1962 2989">
     <span class='ocr_line' id='line_1_45' title="bbox 378 2904 1962 2989; baseline 0.011 -32"><span class='ocrx_word' id='word_1_336' title='bbox 378 2904 517 2961; x_wconf 81' lang='grc' dir='ltr'>Θεὸν</span> <span class='ocrx_word' id='word_1_337' title='bbox 549 2906 753 2978; x_wconf 90' lang='lat' dir='ltr'><strong>ubique</strong></span> <span class='ocrx_word' id='word_1_338' title='bbox 787 2910 1110 2979; x_wconf 60' lang='lat' dir='ltr'><strong>praedicare,</strong></span> <span class='ocrx_word' id='word_1_339' title='bbox 1152 2921 1214 2967; x_wconf 91' lang='lat' dir='ltr'><strong>ut</strong></span> <span class='ocrx_word' id='word_1_340' title='bbox 1250 2915 1364 2970; x_wconf 72' lang='lat' dir='ltr'><strong>hare</strong></span> <span class='ocrx_word' id='word_1_341' title='bbox 1413 2917 1573 2986; x_wconf 91' lang='lat' dir='ltr'><strong>plane</strong></span> <span class='ocrx_word' id='word_1_342' title='bbox 1624 2917 1962 2989; x_wconf 86' lang='lat' dir='ltr'><strong>Ignatianam</strong></span> 
     </span>
    </p>
   </div>
   <div class='ocr_carea' id='block_1_46' title="bbox 377 2999 1963 3075">
    <p class='ocr_par' dir='ltr' id='par_1_46' title="bbox 377 2999 1963 3075">
     <span class='ocr_line' id='line_1_46' title="bbox 377 2999 1963 3075; baseline 0.011 -24"><span class='ocrx_word' id='word_1_343' title='bbox 377 3006 595 3052; x_wconf 66' lang='lat' dir='ltr'><strong>atatem</strong></span> <span class='ocrx_word' id='word_1_344' title='bbox 631 2999 867 3069; x_wconf 87' lang='lat' dir='ltr'><strong>sapiant.</strong></span> <span class='ocrx_word' id='word_1_345' title='bbox 905 3000 1212 3072; x_wconf 88' lang='lat' dir='ltr'><strong>Objiciebat</strong></span> <span class='ocrx_word' id='word_1_346' title='bbox 1251 3006 1548 3075; x_wconf 85' lang='lat' dir='ltr'><strong>aliquando</strong></span> <span class='ocrx_word' id='word_1_347' title='bbox 1572 3007 1804 3067; x_wconf 81' lang='lat' dir='ltr'><strong>Photius</strong></span> <span class='ocrx_word' id='word_1_348' title='bbox 1836 3011 1963 3067; x_wconf 88' lang='lat' dir='ltr'><strong>Cle-</strong></span> 
     </span>
    </p>
   </div>
   <div class='ocr_carea' id='block_1_47' title="bbox 377 3087 885 3145">
    <p class='ocr_par' dir='ltr' id='par_1_47' title="bbox 377 3087 885 3145">
     <span class='ocr_line' id='line_1_47' title="bbox 377 3087 885 3145; baseline 0.008 -4"><span class='ocrx_word' id='word_1_349' title='bbox 377 3087 549 3143; x_wconf 84' lang='lat' dir='ltr'><strong>menti</strong></span> <span class='ocrx_word' id='word_1_350' title='bbox 579 3087 829 3145; x_wconf 82' lang='lat' dir='ltr'><strong>Romano</strong></span> <span class='ocrx_word' id='word_1_351' title='bbox 870 3108 885 3145; x_wconf 89' lang='lat'>:</span> 
     </span>
    </p>
   </div>
   <div class='ocr_carea' id='block_1_48' title="bbox 377 3178 1962 3259">
    <p class='ocr_par' dir='ltr' id='par_1_48' title="bbox 377 3178 1962 3259">
     <span class='ocr_line' id='line_1_48' title="bbox 377 3178 1962 3259; baseline 0.007 -25"><span class='ocrx_word' id='word_1_352' title='bbox 377 3178 581 3251; x_wconf 82' lang='grc' dir='ltr'>Κύριον</span> <span class='ocrx_word' id='word_1_353' title='bbox 615 3181 771 3253; x_wconf 74' lang='grc' dir='ltr'><strong>ἡμῶν</strong></span> <span class='ocrx_word' id='word_1_354' title='bbox 808 3182 1015 3253; x_wconf 85' lang='grc' dir='ltr'>Ἰησοῦν</span> <span class='ocrx_word' id='word_1_355' title='bbox 1047 3186 1281 3257; x_wconf 82' lang='grc' dir='ltr'>Χριστὸν</span> <span class='ocrx_word' id='word_1_356' title='bbox 1315 3186 1674 3259; x_wconf 76' lang='grc' dir='ltr'><strong>ἐξονομάζων,</strong></span> <span class='ocrx_word' id='word_1_357' title='bbox 1710 3191 1831 3244; x_wconf 81' lang='grc' dir='ltr'>οὐδὲ</span> <span class='ocrx_word' id='word_1_358' title='bbox 1861 3191 1962 3256; x_wconf 85' lang='grc' dir='ltr'><strong>τὰς</strong></span> 
     </span>
    </p>
   </div>
   <div class='ocr_carea' id='block_1_49' title="bbox 377 3261 1969 3360">
    <p class='ocr_par' dir='ltr' id='par_1_49' title="bbox 377 3261 1969 3360">
     <span class='ocr_line' id='line_1_49' title="bbox 377 3261 1969 3360; baseline 0.011 -36"><span class='ocrx_word' id='word_1_359' title='bbox 377 3271 702 3345; x_wconf 79' lang='grc' dir='ltr'>θεοπρεπείς</span> <span class='ocrx_word' id='word_1_360' title='bbox 726 3275 818 3327; x_wconf 78' lang='grc' dir='ltr'><strong>καὶ</strong></span> <span class='ocrx_word' id='word_1_361' title='bbox 841 3261 1177 3349; x_wconf 69' lang='grc' dir='ltr'>ὑψηλοτέρας</span> <span class='ocrx_word' id='word_1_362' title='bbox 1206 3280 1385 3351; x_wconf 85' lang='grc' dir='ltr'>ἀφῆκε</span> <span class='ocrx_word' id='word_1_363' title='bbox 1410 3283 1537 3353; x_wconf 75' lang='grc' dir='ltr'>περὶ</span> <span class='ocrx_word' id='word_1_364' title='bbox 1564 3283 1729 3337; x_wconf 84' lang='grc' dir='ltr'>αὐτοῦ</span> <span class='ocrx_word' id='word_1_365' title='bbox 1756 3286 1969 3360; x_wconf 60' lang='grc' dir='ltr'>φωνάςί</span> 
     </span>
    </p>
   </div>
   <div class='ocr_carea' id='block_1_50' title="bbox 382 3364 1963 3447">
    <p class='ocr_par' dir='ltr' id='par_1_50' title="bbox 382 3364 1963 3447">
     <span class='ocr_line' id='line_1_50' title="bbox 382 3364 1963 3447; baseline 0.009 -28"><span class='ocrx_word' id='word_1_366' title='bbox 382 3385 401 3418; x_wconf 75' lang='grc' dir='ltr'><strong>ι</strong></span> <span class='ocrx_word' id='word_1_367' title='bbox 438 3364 596 3434; x_wconf 86' lang='lat' dir='ltr'><strong>Quod</strong></span> <span class='ocrx_word' id='word_1_368' title='bbox 631 3384 907 3423; x_wconf 89' lang='lat' dir='ltr'><strong>summum</strong></span> <span class='ocrx_word' id='word_1_369' title='bbox 945 3373 1288 3429; x_wconf 87' lang='lat' dir='ltr'><strong>sacerdotem</strong></span> <span class='ocrx_word' id='word_1_370' title='bbox 1338 3376 1739 3447; x_wconf 65' lang='lat' dir='ltr'><strong>praesidemque</strong></span> <span class='ocrx_word' id='word_1_371' title='bbox 1780 3379 1963 3433; x_wconf 92' lang='lat' dir='ltr'><strong>Domi-</strong></span> 
     </span>
    </p>
   </div>
   <div class='ocr_carea' id='block_1_51' title="bbox 374 3462 1963 3538">
    <p class='ocr_par' dir='ltr' id='par_1_51' title="bbox 374 3462 1963 3538">
     <span class='ocr_line' id='line_1_51' title="bbox 374 3462 1963 3538; baseline 0.008 -24"><span class='ocrx_word' id='word_1_372' title='bbox 374 3476 507 3515; x_wconf 83' lang='lat' dir='ltr'><strong>num</strong></span> <span class='ocrx_word' id='word_1_373' title='bbox 560 3469 813 3517; x_wconf 88' lang='lat' dir='ltr'><strong>nostrum</strong></span> <span class='ocrx_word' id='word_1_374' title='bbox 846 3462 1033 3519; x_wconf 78' lang='lat' dir='ltr'><strong>Jesum</strong></span> <span class='ocrx_word' id='word_1_375' title='bbox 1064 3464 1347 3521; x_wconf 88' lang='lat' dir='ltr'><strong>Christum</strong></span> <span class='ocrx_word' id='word_1_376' title='bbox 1400 3470 1702 3538; x_wconf 86' lang='lat' dir='ltr'><strong>appellans,</strong></span> <span class='ocrx_word' id='word_1_377' title='bbox 1738 3486 1807 3525; x_wconf 90' lang='lat' dir='ltr'><strong>ne</strong></span> <span class='ocrx_word' id='word_1_378' title='bbox 1840 3471 1963 3527; x_wconf 84' lang='lat' dir='ltr'><strong>illas</strong></span> 
     </span>
    </p>
   </div>
   <div class='ocr_carea' id='block_1_52' title="bbox 373 3553 1962 3622">
    <p class='ocr_par' dir='ltr' id='par_1_52' title="bbox 373 3553 1962 3622">
     <span class='ocr_line' id='line_1_52' title="bbox 373 3553 1962 3622; baseline 0.008 -16"><span class='ocrx_word' id='word_1_379' title='bbox 373 3553 599 3622; x_wconf 81' lang='lat' dir='ltr'><strong>quidem</strong></span> <span class='ocrx_word' id='word_1_380' title='bbox 658 3553 771 3609; x_wconf 88' lang='lat' dir='ltr'><strong>Deo</strong></span> <span class='ocrx_word' id='word_1_381' title='bbox 820 3556 1211 3613; x_wconf 89' lang='lat' dir='ltr'><strong>convenientes</strong></span> <span class='ocrx_word' id='word_1_382' title='bbox 1264 3567 1319 3613; x_wconf 91' lang='lat' dir='ltr'><strong>et</strong></span> <span class='ocrx_word' id='word_1_383' title='bbox 1374 3560 1725 3621; x_wconf 89' lang='lat' dir='ltr'><strong>sublimiores</strong></span> <span class='ocrx_word' id='word_1_384' title='bbox 1777 3562 1843 3617; x_wconf 91' lang='lat' dir='ltr'><strong>de</strong></span> <span class='ocrx_word' id='word_1_385' title='bbox 1896 3578 1962 3619; x_wconf 93' lang='lat' dir='ltr'><strong>eo</strong></span> 
     </span>
    </p>
   </div>
   <div class='ocr_carea' id='block_1_53' title="bbox 372 3648 1962 3723">
    <p class='ocr_par' dir='ltr' id='par_1_53' title="bbox 372 3648 1962 3723">
     <span class='ocr_line' id='line_1_53' title="bbox 372 3648 1962 3723; baseline 0.008 -25"><span class='ocrx_word' id='word_1_386' title='bbox 372 3661 542 3701; x_wconf 86' lang='lat' dir='ltr'><strong>voces</strong></span> <span class='ocrx_word' id='word_1_387' title='bbox 577 3648 1041 3716; x_wconf 86' lang='lat' dir='ltr'><strong>pronuntiaverit.</strong></span> <span class='ocrx_word' id='word_1_388' title='bbox 1072 3670 1091 3703; x_wconf 76' lang='grc' dir='ltr'><strong>ι</strong></span> <span class='ocrx_word' id='word_1_389' title='bbox 1151 3650 1218 3705; x_wconf 85' lang='grc' dir='ltr'>Ει</span> <span class='ocrx_word' id='word_1_390' title='bbox 1257 3653 1512 3706; x_wconf 79' lang='lat' dir='ltr'><strong>secundae</strong></span> <span class='ocrx_word' id='word_1_391' title='bbox 1550 3652 1672 3723; x_wconf 87' lang='lat' dir='ltr'><strong>ejus</strong></span> <span class='ocrx_word' id='word_1_392' title='bbox 1712 3653 1962 3723; x_wconf 81' lang='lat' dir='ltr'><strong>epistolae</strong></span> 
     </span>
    </p>
   </div>
   <div class='ocr_carea' id='block_1_54' title="bbox 374 3739 1960 3813">
    <p class='ocr_par' dir='ltr' id='par_1_54' title="bbox 374 3739 1960 3813">
     <span class='ocr_line' id='line_1_54' title="bbox 374 3739 1960 3813; baseline 0.005 -21"><span class='ocrx_word' id='word_1_393' title='bbox 374 3739 560 3793; x_wconf 90' lang='lat' dir='ltr'><strong>minus</strong></span> <span class='ocrx_word' id='word_1_394' title='bbox 599 3748 833 3807; x_wconf 81' lang='lat' dir='ltr'><strong>receptae</strong></span> <span class='ocrx_word' id='word_1_395' title='bbox 867 3739 971 3793; x_wconf 91' lang='lat' dir='ltr'><strong>hoc</strong></span> <span class='ocrx_word' id='word_1_396' title='bbox 1012 3741 1410 3796; x_wconf 88' lang='lat' dir='ltr'><strong>adminiculum</strong></span> <span class='ocrx_word' id='word_1_397' title='bbox 1449 3743 1691 3809; x_wconf 89' lang='lat' dir='ltr'><strong>adhibet,</strong></span> <span class='ocrx_word' id='word_1_398' title='bbox 1724 3746 1871 3813; x_wconf 84' lang='lat' dir='ltr'><strong>quod</strong></span> <span class='ocrx_word' id='word_1_399' title='bbox 1902 3747 1960 3800; x_wconf 85' lang='grc' dir='ltr'>ὲν</span> 
     </span>
    </p>
   </div>
   <div class='ocr_carea' id='block_1_55' title="bbox 370 3822 1961 3906">
    <p class='ocr_par' dir='ltr' id='par_1_55' title="bbox 370 3822 1961 3906">
     <span class='ocr_line' id='line_1_55' title="bbox 370 3822 1961 3906; baseline 0.004 -22"><span class='ocrx_word' id='word_1_400' title='bbox 370 3831 513 3903; x_wconf 72' lang='grc' dir='ltr'>ἀρχῇ</span> <span class='ocrx_word' id='word_1_401' title='bbox 546 3822 781 3901; x_wconf 82' lang='grc' dir='ltr'>Χριστὸν</span> <span class='ocrx_word' id='word_1_402' title='bbox 812 3828 903 3881; x_wconf 79' lang='grc' dir='ltr'>τὸν</span> <span class='ocrx_word' id='word_1_403' title='bbox 936 3829 1068 3885; x_wconf 84' lang='grc' dir='ltr'>Θεὸν</span> <span class='ocrx_word' id='word_1_404' title='bbox 1120 3832 1373 3906; x_wconf 76' lang='grc' dir='ltr'>κηρύσσῃ</span> <span class='ocrx_word' id='word_1_405' title='bbox 1399 3873 1413 3897; x_wconf 92' lang='grc'><strong>,</strong></span> <span class='ocrx_word' id='word_1_406' title='bbox 1471 3852 1488 3884; x_wconf 77' lang='lat' dir='ltr'><strong>t</strong></span> <span class='ocrx_word' id='word_1_407' title='bbox 1527 3834 1581 3887; x_wconf 86' lang='lat' dir='ltr'><strong>in</strong></span> <span class='ocrx_word' id='word_1_408' title='bbox 1635 3834 1754 3904; x_wconf 88' lang='lat' dir='ltr'><strong>ipso</strong></span> <span class='ocrx_word' id='word_1_409' title='bbox 1802 3836 1961 3892; x_wconf 91' lang='lat' dir='ltr'><strong>initio</strong></span> 
     </span>
    </p>
   </div>
   <div class='ocr_carea' id='block_1_56' title="bbox 369 3915 1958 3998">
    <p class='ocr_par' dir='ltr' id='par_1_56' title="bbox 369 3915 1958 3998">
     <span class='ocr_line' id='line_1_56' title="bbox 369 3915 1958 3998; baseline 0.009 -30"><span class='ocrx_word' id='word_1_410' title='bbox 369 3915 654 3970; x_wconf 84' lang='lat' dir='ltr'><strong>Christum</strong></span> <span class='ocrx_word' id='word_1_411' title='bbox 684 3916 854 3971; x_wconf 87' lang='lat' dir='ltr'><strong>Deum</strong></span> <span class='ocrx_word' id='word_1_412' title='bbox 883 3918 1159 3987; x_wconf 75' lang='lat' dir='ltr'><strong>przedicet.</strong></span> <span class='ocrx_word' id='word_1_413' title='bbox 1194 3941 1211 3972; x_wconf 75' lang='grc' dir='ltr'><strong>ι</strong></span> <span class='ocrx_word' id='word_1_414' title='bbox 1252 3920 1439 3976; x_wconf 90' lang='lat' dir='ltr'><strong>Prima</strong></span> <span class='ocrx_word' id='word_1_415' title='bbox 1472 3924 1618 3978; x_wconf 89' lang='lat' dir='ltr'><strong>enim</strong></span> <span class='ocrx_word' id='word_1_416' title='bbox 1654 3925 1801 3981; x_wconf 87' lang='lat' dir='ltr'><strong>illius</strong></span> <span class='ocrx_word' id='word_1_417' title='bbox 1829 3926 1958 3998; x_wconf 92' lang='lat' dir='ltr'><strong>Epi-</strong></span> 
     </span>
    </p>
   </div>
   <div class='ocr_carea' id='block_1_57' title="bbox 371 4006 1958 4089">
    <p class='ocr_par' dir='ltr' id='par_1_57' title="bbox 371 4006 1958 4089">
     <span class='ocr_line' id='line_1_57' title="bbox 371 4006 1958 4089; baseline 0.006 -26"><span class='ocrx_word' id='word_1_418' title='bbox 371 4006 527 4063; x_wconf 79' lang='lat' dir='ltr'><strong>stolae</strong></span> <span class='ocrx_word' id='word_1_419' title='bbox 547 4008 711 4061; x_wconf 79' lang='lat' dir='ltr'><strong>verba</strong></span> <span class='ocrx_word' id='word_1_420' title='bbox 743 4018 910 4062; x_wconf 90' lang='lat' dir='ltr'><strong>sunt:</strong></span> <span class='ocrx_word' id='word_1_421' title='bbox 949 4009 1214 4081; x_wconf 80' lang='grc' dir='ltr'>Ἀδελφοὶ,</span> <span class='ocrx_word' id='word_1_422' title='bbox 1249 4010 1421 4077; x_wconf 73' lang='grc' dir='ltr'>οὕτως</span> <span class='ocrx_word' id='word_1_423' title='bbox 1446 4013 1528 4067; x_wconf 81' lang='grc' dir='ltr'>δεῖ</span> <span class='ocrx_word' id='word_1_424' title='bbox 1559 4016 1705 4089; x_wconf 75' lang='grc' dir='ltr'><strong>ἡμᾶς</strong></span> <span class='ocrx_word' id='word_1_425' title='bbox 1741 4021 1958 4088; x_wconf 82' lang='grc' dir='ltr'>φρονεῖν</span> 
     </span>
    </p>
   </div>
   <div class='ocr_carea' id='block_1_58' title="bbox 368 4098 1957 4178">
    <p class='ocr_par' dir='ltr' id='par_1_58' title="bbox 368 4098 1957 4178">
     <span class='ocr_line' id='line_1_58' title="bbox 368 4098 1957 4178; baseline 0.008 -25"><span class='ocrx_word' id='word_1_426' title='bbox 368 4098 503 4170; x_wconf 78' lang='grc' dir='ltr'>περὶ</span> <span class='ocrx_word' id='word_1_427' title='bbox 552 4098 724 4170; x_wconf 82' lang='grc' dir='ltr'>Ἰησοῦ</span> <span class='ocrx_word' id='word_1_428' title='bbox 756 4101 1017 4175; x_wconf 73' lang='grc' dir='ltr'>Χριστοῦ,</span> <span class='ocrx_word' id='word_1_429' title='bbox 1051 4103 1127 4167; x_wconf 78' lang='grc' dir='ltr'><strong>ὼς</strong></span> <span class='ocrx_word' id='word_1_430' title='bbox 1161 4104 1289 4178; x_wconf 73' lang='grc' dir='ltr'>περὶ</span> <span class='ocrx_word' id='word_1_431' title='bbox 1322 4104 1479 4170; x_wconf 87' lang='grc' dir='ltr'>Θεοῦ,</span> <span class='ocrx_word' id='word_1_432' title='bbox 1532 4125 1552 4158; x_wconf 74' lang='grc' dir='ltr'><strong>ι</strong></span> <span class='ocrx_word' id='word_1_433' title='bbox 1592 4106 1810 4163; x_wconf 88' lang='lat' dir='ltr'><strong>Fratres</strong></span> <span class='ocrx_word' id='word_1_434' title='bbox 1831 4152 1845 4176; x_wconf 91' lang='lat'><strong>,</strong></span> <span class='ocrx_word' id='word_1_435' title='bbox 1881 4110 1957 4165; x_wconf 91' lang='lat' dir='ltr'><strong>ita</strong></span> 
     </span>
    </p>
   </div>
   <div class='ocr_carea' id='block_1_59' title="bbox 370 4188 1956 4259">
    <p class='ocr_par' dir='ltr' id='par_1_59' title="bbox 370 4188 1956 4259">
     <span class='ocr_line' id='line_1_59' title="bbox 370 4188 1956 4259; baseline 0.011 -22"><span class='ocrx_word' id='word_1_436' title='bbox 370 4193 589 4253; x_wconf 84' lang='lat' dir='ltr'><strong>oportet</strong></span> <span class='ocrx_word' id='word_1_437' title='bbox 618 4202 718 4241; x_wconf 91' lang='lat' dir='ltr'><strong>nos</strong></span> <span class='ocrx_word' id='word_1_438' title='bbox 746 4188 813 4242; x_wconf 93' lang='lat' dir='ltr'><strong>de</strong></span> <span class='ocrx_word' id='word_1_439' title='bbox 838 4188 1058 4244; x_wconf 85' lang='lat' dir='ltr'><strong>Christo</strong></span> <span class='ocrx_word' id='word_1_440' title='bbox 1091 4192 1316 4259; x_wconf 90' lang='lat' dir='ltr'><strong>sentire,</strong></span> <span class='ocrx_word' id='word_1_441' title='bbox 1348 4205 1408 4248; x_wconf 91' lang='lat' dir='ltr'><strong>ut</strong></span> <span class='ocrx_word' id='word_1_442' title='bbox 1434 4196 1500 4250; x_wconf 85' lang='lat' dir='ltr'><strong>de</strong></span> <span class='ocrx_word' id='word_1_443' title='bbox 1535 4195 1662 4252; x_wconf 90' lang='lat' dir='ltr'><strong>Deo.</strong></span> <span class='ocrx_word' id='word_1_444' title='bbox 1692 4217 1710 4249; x_wconf 75' lang='grc' dir='ltr'><strong>ι</strong></span> <span class='ocrx_word' id='word_1_445' title='bbox 1754 4196 1956 4255; x_wconf 85' lang='lat' dir='ltr'><strong>Primis</strong></span> 
     </span>
    </p>
   </div>
   <div class='ocr_carea' id='block_1_60' title="bbox 370 4278 1953 4359">
    <p class='ocr_par' dir='ltr' id='par_1_60' title="bbox 370 4278 1953 4359">
     <span class='ocr_line' id='line_1_60' title="bbox 370 4278 1953 4359; baseline 0.009 -28"><span class='ocrx_word' id='word_1_446' title='bbox 370 4279 557 4347; x_wconf 83' lang='lat' dir='ltr'><strong>itaque</strong></span> <span class='ocrx_word' id='word_1_447' title='bbox 608 4278 867 4337; x_wconf 65' lang='lat' dir='ltr'><strong>Ecclesiae</strong></span> <span class='ocrx_word' id='word_1_448' title='bbox 923 4284 1265 4353; x_wconf 90' lang='lat' dir='ltr'><strong>temporibus</strong></span> <span class='ocrx_word' id='word_1_449' title='bbox 1321 4286 1464 4341; x_wconf 89' lang='lat' dir='ltr'><strong>hanc</strong></span> <span class='ocrx_word' id='word_1_450' title='bbox 1530 4290 1953 4359; x_wconf 85' lang='lat' dir='ltr'><strong>appellationem</strong></span> 
     </span>
    </p>
   </div>
   <div class='ocr_carea' id='block_1_61' title="bbox 368 4372 1955 4448">
    <p class='ocr_par' dir='ltr' id='par_1_61' title="bbox 368 4372 1955 4448">
     <span class='ocr_line' id='line_1_61' title="bbox 368 4372 1955 4448; baseline 0.007 -23"><span class='ocrx_word' id='word_1_451' title='bbox 368 4372 611 4429; x_wconf 75' lang='lat' dir='ltr'><strong>maxime</strong></span> <span class='ocrx_word' id='word_1_452' title='bbox 641 4375 1055 4430; x_wconf 87' lang='lat' dir='ltr'><strong>convenientem</strong></span> <span class='ocrx_word' id='word_1_453' title='bbox 1085 4377 1299 4446; x_wconf 85' lang='lat' dir='ltr'><strong>putavit</strong></span> <span class='ocrx_word' id='word_1_454' title='bbox 1325 4380 1569 4448; x_wconf 81' lang='lat' dir='ltr'><strong>Optimus</strong></span> <span class='ocrx_word' id='word_1_455' title='bbox 1591 4396 1787 4435; x_wconf 89' lang='lat' dir='ltr'><strong>censor</strong></span> <span class='ocrx_word' id='word_1_456' title='bbox 1807 4380 1955 4435; x_wconf 87' lang='lat' dir='ltr'><strong>Pho-</strong></span> 
     </span>
    </p>
   </div>
   <div class='ocr_carea' id='block_1_62' title="bbox 923 3092 2033 3190">
    <p class='ocr_par' dir='ltr' id='par_1_62' title="bbox 923 3092 2033 3190">
     <span class='ocr_line' id='line_1_62' title="bbox 923 3092 2033 3190; baseline 0.009 -45"><span class='ocrx_word' id='word_1_457' title='bbox 923 3092 1043 3190; x_wconf 63' lang='lat' dir='ltr'><strong>&quot;9‘n</strong></span> <span class='ocrx_word' id='word_1_458' title='bbox 1101 3094 1361 3167; x_wconf 82' lang='grc' dir='ltr'>ἀρχιερέα</span> <span class='ocrx_word' id='word_1_459' title='bbox 1394 3098 1487 3149; x_wconf 81' lang='grc' dir='ltr'><strong>καὶ</strong></span> <span class='ocrx_word' id='word_1_460' title='bbox 1522 3099 1831 3171; x_wconf 82' lang='grc' dir='ltr'>προστάτην</span> <span class='ocrx_word' id='word_1_461' title='bbox 1872 3100 1964 3155; x_wconf 81' lang='grc' dir='ltr'>τὸν</span> <span class='ocrx_word' id='word_1_462' title='bbox 1990 3132 2033 3190; x_wconf 76' lang='lat' dir='ltr'><strong><em>C</em></strong></span> 
     </span>
    </p>
   </div>
   <div class='ocr_carea' id='block_1_63' title="bbox 2074 1875 3674 1946">
    <p class='ocr_par' dir='ltr' id='par_1_63' title="bbox 2074 1875 3674 1946">
     <span class='ocr_line' id='line_1_63' title="bbox 2074 1875 3674 1946; baseline 0.003 -20"><span class='ocrx_word' id='word_1_463' title='bbox 2074 1884 2298 1939; x_wconf 79' lang='lat' dir='ltr'><strong>vocant,</strong></span> <span class='ocrx_word' id='word_1_464' title='bbox 2346 1875 2507 1929; x_wconf 91' lang='lat' dir='ltr'><strong>nobis</strong></span> <span class='ocrx_word' id='word_1_465' title='bbox 2552 1875 2605 1929; x_wconf 90' lang='lat' dir='ltr'><strong>in</strong></span> <span class='ocrx_word' id='word_1_466' title='bbox 2640 1875 2893 1946; x_wconf 77' lang='lat' dir='ltr'><strong>genuinis</strong></span> <span class='ocrx_word' id='word_1_467' title='bbox 2935 1875 3181 1944; x_wconf 89' lang='lat' dir='ltr'><strong>epistolis</strong></span> <span class='ocrx_word' id='word_1_468' title='bbox 3232 1877 3674 1932; x_wconf 88' lang='lat' dir='ltr'><strong>commendavit.</strong></span> 
     </span>
    </p>
   </div>
   <div class='ocr_carea' id='block_1_64' title="bbox 2072 1964 3677 2038">
    <p class='ocr_par' dir='ltr' id='par_1_64' title="bbox 2072 1964 3677 2038">
     <span class='ocr_line' id='line_1_64' title="bbox 2072 1964 3677 2038; baseline 0.002 -19"><span class='ocrx_word' id='word_1_469' title='bbox 2072 1964 2218 2020; x_wconf 85' lang='lat' dir='ltr'><strong>Nihil</strong></span> <span class='ocrx_word' id='word_1_470' title='bbox 2263 1967 2331 2021; x_wconf 90' lang='lat' dir='ltr'><strong>de</strong></span> <span class='ocrx_word' id='word_1_471' title='bbox 2372 1966 2546 2033; x_wconf 81' lang='lat' dir='ltr'><strong>festis,</strong></span> <span class='ocrx_word' id='word_1_472' title='bbox 2587 1967 2725 2021; x_wconf 88' lang='lat' dir='ltr'><strong>nihil</strong></span> <span class='ocrx_word' id='word_1_473' title='bbox 2760 1967 2828 2022; x_wconf 91' lang='lat' dir='ltr'><strong>de</strong></span> <span class='ocrx_word' id='word_1_474' title='bbox 2857 1968 3016 2021; x_wconf 81' lang='lat' dir='ltr'><strong>statis</strong></span> <span class='ocrx_word' id='word_1_475' title='bbox 3048 1966 3393 2037; x_wconf 86' lang='lat' dir='ltr'><strong>jejuniorum</strong></span> <span class='ocrx_word' id='word_1_476' title='bbox 3451 1976 3677 2038; x_wconf 85' lang='lat' dir='ltr'><strong>tempo-</strong></span> 
     </span>
    </p>
   </div>
   <div class='ocr_carea' id='block_1_65' title="bbox 2074 2057 3676 2123">
    <p class='ocr_par' dir='ltr' id='par_1_65' title="bbox 2074 2057 3676 2123">
     <span class='ocr_line' id='line_1_65' title="bbox 2074 2057 3676 2123; baseline 0.001 -11"><span class='ocrx_word' id='word_1_477' title='bbox 2074 2058 2251 2123; x_wconf 87' lang='lat' dir='ltr'><strong>ribus,</strong></span> <span class='ocrx_word' id='word_1_478' title='bbox 2284 2058 2421 2112; x_wconf 90' lang='lat' dir='ltr'><strong>nihil</strong></span> <span class='ocrx_word' id='word_1_479' title='bbox 2451 2059 2518 2113; x_wconf 83' lang='lat' dir='ltr'><strong>de</strong></span> <span class='ocrx_word' id='word_1_480' title='bbox 2551 2074 2701 2113; x_wconf 93' lang='lat' dir='ltr'><strong>more</strong></span> <span class='ocrx_word' id='word_1_481' title='bbox 2726 2057 3011 2114; x_wconf 83' lang='lat' dir='ltr'><strong>Paschalis</strong></span> <span class='ocrx_word' id='word_1_482' title='bbox 3054 2058 3392 2121; x_wconf 86' lang='lat' dir='ltr'><strong>celebrandi,</strong></span> <span class='ocrx_word' id='word_1_483' title='bbox 3434 2060 3576 2113; x_wconf 87' lang='lat' dir='ltr'><strong>nihil</strong></span> <span class='ocrx_word' id='word_1_484' title='bbox 3605 2060 3676 2115; x_wconf 87' lang='lat' dir='ltr'><strong>de</strong></span> 
     </span>
    </p>
   </div>
   <div class='ocr_carea' id='block_1_66' title="bbox 2071 2148 3676 2221">
    <p class='ocr_par' dir='ltr' id='par_1_66' title="bbox 2071 2148 3676 2221">
     <span class='ocr_line' id='line_1_66' title="bbox 2071 2148 3676 2221; baseline 0.001 -17"><span class='ocrx_word' id='word_1_485' title='bbox 2071 2148 2425 2205; x_wconf 86' lang='lat' dir='ltr'><strong>Pentecostes</strong></span> <span class='ocrx_word' id='word_1_486' title='bbox 2450 2160 2544 2205; x_wconf 90' lang='lat' dir='ltr'><strong>aut</strong></span> <span class='ocrx_word' id='word_1_487' title='bbox 2569 2150 2795 2206; x_wconf 87' lang='lat' dir='ltr'><strong>Sabbati</strong></span> <span class='ocrx_word' id='word_1_488' title='bbox 2820 2150 3223 2217; x_wconf 87' lang='lat' dir='ltr'><strong>observatione,</strong></span> <span class='ocrx_word' id='word_1_489' title='bbox 3258 2150 3397 2204; x_wconf 89' lang='lat' dir='ltr'><strong>nihil</strong></span> <span class='ocrx_word' id='word_1_490' title='bbox 3430 2151 3676 2221; x_wconf 91' lang='lat' dir='ltr'><strong>denique</strong></span> 
     </span>
    </p>
   </div>
   <div class='ocr_carea' id='block_1_67' title="bbox 2071 2242 3675 2312">
    <p class='ocr_par' dir='ltr' id='par_1_67' title="bbox 2071 2242 3675 2312">
     <span class='ocr_line' id='line_1_67' title="bbox 2071 2242 3675 2312; baseline -0.001 -15"><span class='ocrx_word' id='word_1_491' title='bbox 2071 2242 2138 2297; x_wconf 94' lang='lat' dir='ltr'><strong>de</strong></span> <span class='ocrx_word' id='word_1_492' title='bbox 2168 2257 2502 2312; x_wconf 87' lang='lat' dir='ltr'><strong>quocunque</strong></span> <span class='ocrx_word' id='word_1_493' title='bbox 2533 2242 2664 2308; x_wconf 89' lang='lat' dir='ltr'><strong>ritu,</strong></span> <span class='ocrx_word' id='word_1_494' title='bbox 2715 2242 2877 2312; x_wconf 87' lang='lat' dir='ltr'><strong>cujus</strong></span> <span class='ocrx_word' id='word_1_495' title='bbox 2909 2242 3212 2311; x_wconf 82' lang='lat' dir='ltr'><strong>antiquitas</strong></span> <span class='ocrx_word' id='word_1_496' title='bbox 3250 2242 3303 2295; x_wconf 82' lang='lat' dir='ltr'><strong>in</strong></span> <span class='ocrx_word' id='word_1_497' title='bbox 3338 2253 3675 2297; x_wconf 88' lang='lat' dir='ltr'><strong>controver-</strong></span> 
     </span>
    </p>
   </div>
   <div class='ocr_carea' id='block_1_68' title="bbox 2072 2331 3675 2403">
    <p class='ocr_par' dir='ltr' id='par_1_68' title="bbox 2072 2331 3675 2403">
     <span class='ocr_line' id='line_1_68' title="bbox 2072 2331 3675 2403; baseline 0 -16"><span class='ocrx_word' id='word_1_498' title='bbox 2072 2334 2212 2388; x_wconf 89' lang='lat' dir='ltr'><strong>siam</strong></span> <span class='ocrx_word' id='word_1_499' title='bbox 2244 2333 2432 2387; x_wconf 81' lang='lat' dir='ltr'><strong>venire</strong></span> <span class='ocrx_word' id='word_1_500' title='bbox 2462 2341 2661 2403; x_wconf 90' lang='lat' dir='ltr'><strong>potest,</strong></span> <span class='ocrx_word' id='word_1_501' title='bbox 2694 2334 2881 2387; x_wconf 81' lang='lat' dir='ltr'><strong>tradit.</strong></span> <span class='ocrx_word' id='word_1_502' title='bbox 2914 2331 3067 2386; x_wconf 84' lang='lat' dir='ltr'><strong>Talia</strong></span> <span class='ocrx_word' id='word_1_503' title='bbox 3105 2332 3329 2402; x_wconf 79' lang='lat' dir='ltr'><strong>quidem</strong></span> <span class='ocrx_word' id='word_1_504' title='bbox 3377 2335 3675 2402; x_wconf 76' lang='lat' dir='ltr'><strong>quamplu-</strong></span> 
     </span>
    </p>
   </div>
   <div class='ocr_carea' id='block_1_69' title="bbox 2072 2425 3675 2497">
    <p class='ocr_par' dir='ltr' id='par_1_69' title="bbox 2072 2425 3675 2497">
     <span class='ocr_line' id='line_1_69' title="bbox 2072 2425 3675 2497; baseline 0 -18"><span class='ocrx_word' id='word_1_505' title='bbox 2072 2426 2216 2479; x_wconf 85' lang='lat' dir='ltr'><strong>rima</strong></span> <span class='ocrx_word' id='word_1_506' title='bbox 2260 2433 2373 2479; x_wconf 87' lang='lat' dir='ltr'><strong>tum</strong></span> <span class='ocrx_word' id='word_1_507' title='bbox 2429 2425 2485 2479; x_wconf 87' lang='lat' dir='ltr'><strong>in</strong></span> <span class='ocrx_word' id='word_1_508' title='bbox 2526 2425 3071 2495; x_wconf 85' lang='lat' dir='ltr'><strong>interpolationibus,</strong></span> <span class='ocrx_word' id='word_1_509' title='bbox 3107 2436 3222 2479; x_wconf 91' lang='lat' dir='ltr'><strong>tum</strong></span> <span class='ocrx_word' id='word_1_510' title='bbox 3272 2425 3328 2478; x_wconf 91' lang='lat' dir='ltr'><strong>in</strong></span> <span class='ocrx_word' id='word_1_511' title='bbox 3361 2426 3511 2481; x_wconf 84' lang='lat' dir='ltr'><strong>fictis</strong></span> <span class='ocrx_word' id='word_1_512' title='bbox 3556 2428 3675 2497; x_wconf 85' lang='lat' dir='ltr'><strong>epi-</strong></span> 
     </span>
    </p>
   </div>
   <div class='ocr_carea' id='block_1_70' title="bbox 2074 2516 3673 2588">
    <p class='ocr_par' dir='ltr' id='par_1_70' title="bbox 2074 2516 3673 2588">
     <span class='ocr_line' id='line_1_70' title="bbox 2074 2516 3673 2588; baseline -0.001 -14"><span class='ocrx_word' id='word_1_513' title='bbox 2074 2518 2234 2574; x_wconf 85' lang='lat' dir='ltr'><strong>stolis</strong></span> <span class='ocrx_word' id='word_1_514' title='bbox 2262 2518 2615 2587; x_wconf 85' lang='lat' dir='ltr'><strong>repcriuntur</strong></span> <span class='ocrx_word' id='word_1_515' title='bbox 2647 2532 2662 2569; x_wconf 91' lang='lat'><strong>:</strong></span> <span class='ocrx_word' id='word_1_516' title='bbox 2692 2532 2871 2588; x_wconf 86' lang='lat' dir='ltr'><strong>neque</strong></span> <span class='ocrx_word' id='word_1_517' title='bbox 2902 2518 3193 2587; x_wconf 90' lang='lat' dir='ltr'><strong>quisquam</strong></span> <span class='ocrx_word' id='word_1_518' title='bbox 3221 2516 3352 2585; x_wconf 85' lang='lat' dir='ltr'><strong>jure</strong></span> <span class='ocrx_word' id='word_1_519' title='bbox 3389 2518 3673 2573; x_wconf 88' lang='lat' dir='ltr'><strong>allirmare</strong></span> 
     </span>
    </p>
   </div>
   <div class='ocr_carea' id='block_1_71' title="bbox 2068 2608 3673 2680">
    <p class='ocr_par' dir='ltr' id='par_1_71' title="bbox 2068 2608 3673 2680">
     <span class='ocr_line' id='line_1_71' title="bbox 2068 2608 3673 2680; baseline 0 -17"><span class='ocrx_word' id='word_1_520' title='bbox 2068 2618 2249 2680; x_wconf 92' lang='lat' dir='ltr'><strong>potest</strong></span> <span class='ocrx_word' id='word_1_521' title='bbox 2284 2617 2378 2663; x_wconf 92' lang='lat' dir='ltr'><strong>aut</strong></span> <span class='ocrx_word' id='word_1_522' title='bbox 2425 2609 2691 2673; x_wconf 89' lang='lat' dir='ltr'><strong>credere,</strong></span> <span class='ocrx_word' id='word_1_523' title='bbox 2739 2609 3099 2679; x_wconf 88' lang='lat' dir='ltr'><strong>impostorem</strong></span> <span class='ocrx_word' id='word_1_524' title='bbox 3148 2608 3294 2661; x_wconf 88' lang='lat' dir='ltr'><strong>tertii</strong></span> <span class='ocrx_word' id='word_1_525' title='bbox 3346 2609 3542 2663; x_wconf 63' lang='grc' dir='ltr'>δινουιί</span> <span class='ocrx_word' id='word_1_526' title='bbox 3598 2608 3673 2663; x_wconf 88' lang='lat' dir='ltr'><strong>ab</strong></span> 
     </span>
    </p>
   </div>
   <div class='ocr_carea' id='block_1_72' title="bbox 2067 2700 3672 2772">
    <p class='ocr_par' dir='ltr' id='par_1_72' title="bbox 2067 2700 3672 2772">
     <span class='ocr_line' id='line_1_72' title="bbox 2067 2700 3672 2772; baseline -0.002 -14"><span class='ocrx_word' id='word_1_527' title='bbox 2067 2703 2327 2758; x_wconf 91' lang='lat' dir='ltr'><strong>omnibus</strong></span> <span class='ocrx_word' id='word_1_528' title='bbox 2379 2701 2698 2772; x_wconf 89' lang='lat' dir='ltr'><strong>hujusmodi</strong></span> <span class='ocrx_word' id='word_1_529' title='bbox 2756 2702 2958 2756; x_wconf 90' lang='lat' dir='ltr'><strong>ritibus</strong></span> <span class='ocrx_word' id='word_1_530' title='bbox 3013 2716 3112 2755; x_wconf 90' lang='lat' dir='ltr'><strong>sua</strong></span> <span class='ocrx_word' id='word_1_531' title='bbox 3158 2708 3320 2753; x_wconf 70' lang='lat' dir='ltr'><strong>aetate</strong></span> <span class='ocrx_word' id='word_1_532' title='bbox 3379 2700 3672 2769; x_wconf 84' lang='lat' dir='ltr'><strong>usurpatis</strong></span> 
     </span>
    </p>
   </div>
   <div class='ocr_carea' id='block_1_73' title="bbox 2069 2790 3672 2862">
    <p class='ocr_par' dir='ltr' id='par_1_73' title="bbox 2069 2790 3672 2862">
     <span class='ocr_line' id='line_1_73' title="bbox 2069 2790 3672 2862; baseline -0.001 -13"><span class='ocrx_word' id='word_1_533' title='bbox 2069 2795 2349 2849; x_wconf 82' lang='lat' dir='ltr'><strong>abstinere</strong></span> <span class='ocrx_word' id='word_1_534' title='bbox 2380 2794 2644 2849; x_wconf 88' lang='lat' dir='ltr'><strong>voluisse.</strong></span> <span class='ocrx_word' id='word_1_535' title='bbox 2695 2791 2842 2847; x_wconf 83' lang='lat' dir='ltr'><strong>Nulli</strong></span> <span class='ocrx_word' id='word_1_536' title='bbox 2889 2792 3055 2862; x_wconf 88' lang='lat' dir='ltr'><strong>igitur</strong></span> <span class='ocrx_word' id='word_1_537' title='bbox 3087 2806 3203 2847; x_wconf 75' lang='lat' dir='ltr'><strong>tevo</strong></span> <span class='ocrx_word' id='word_1_538' title='bbox 3233 2791 3342 2846; x_wconf 90' lang='lat' dir='ltr'><strong>nisi</strong></span> <span class='ocrx_word' id='word_1_539' title='bbox 3371 2790 3672 2862; x_wconf 82' lang='lat' dir='ltr'><strong>lguatiauo</strong></span> 
     </span>
    </p>
   </div>
   <div class='ocr_carea' id='block_1_74' title="bbox 2067 2885 2845 2942">
    <p class='ocr_par' dir='ltr' id='par_1_74' title="bbox 2067 2885 2845 2942">
     <span class='ocr_line' id='line_1_74' title="bbox 2067 2885 2845 2942; baseline -0.001 -1"><span class='ocrx_word' id='word_1_540' title='bbox 2067 2887 2184 2942; x_wconf 71' lang='lat' dir='ltr'><strong>hazc</strong></span> <span class='ocrx_word' id='word_1_541' title='bbox 2212 2885 2512 2941; x_wconf 89' lang='lat' dir='ltr'><strong>convenire</strong></span> <span class='ocrx_word' id='word_1_542' title='bbox 2537 2887 2845 2941; x_wconf 90' lang='lat' dir='ltr'><strong>videantur.</strong></span> 
     </span>
    </p>
   </div>
   <div class='ocr_carea' id='block_1_75' title="bbox 2136 2996 3669 3065">
    <p class='ocr_par' dir='ltr' id='par_1_75' title="bbox 2136 2996 3669 3065">
     <span class='ocr_line' id='line_1_75' title="bbox 2136 2996 3669 3065; baseline 0.001 -14"><span class='ocrx_word' id='word_1_543' title='bbox 2136 2996 2345 3065; x_wconf 86' lang='lat' dir='ltr'><strong>Quarto</strong></span> <span class='ocrx_word' id='word_1_544' title='bbox 2386 2998 2786 3054; x_wconf 87' lang='lat' dir='ltr'><strong>charismatum</strong></span> <span class='ocrx_word' id='word_1_545' title='bbox 2833 2996 3086 3052; x_wconf 88' lang='lat' dir='ltr'><strong>meminit</strong></span> <span class='ocrx_word' id='word_1_546' title='bbox 3140 3006 3273 3052; x_wconf 92' lang='lat' dir='ltr'><strong>tunc</strong></span> <span class='ocrx_word' id='word_1_547' title='bbox 3315 2997 3371 3051; x_wconf 92' lang='lat' dir='ltr'><strong>in</strong></span> <span class='ocrx_word' id='word_1_548' title='bbox 3411 2996 3669 3053; x_wconf 80' lang='lat' dir='ltr'><strong>Ecclesia</strong></span> 
     </span>
    </p>
   </div>
   <div class='ocr_carea' id='block_1_76' title="bbox 2069 3090 3671 3160">
    <p class='ocr_par' dir='ltr' id='par_1_76' title="bbox 2069 3090 3671 3160">
     <span class='ocr_line' id='line_1_76' title="bbox 2069 3090 3671 3160; baseline -0.001 -16"><span class='ocrx_word' id='word_1_549' title='bbox 2069 3093 2312 3146; x_wconf 79' lang='lat' dir='ltr'><strong>maxime</strong></span> <span class='ocrx_word' id='word_1_550' title='bbox 2350 3090 2689 3159; x_wconf 80' lang='lat' dir='ltr'><strong>ﬂorentium,</strong></span> <span class='ocrx_word' id='word_1_551' title='bbox 2729 3102 2783 3147; x_wconf 91' lang='lat' dir='ltr'><strong>et</strong></span> <span class='ocrx_word' id='word_1_552' title='bbox 2810 3090 3051 3160; x_wconf 89' lang='lat' dir='ltr'><strong>Spiritus</strong></span> <span class='ocrx_word' id='word_1_553' title='bbox 3098 3090 3273 3144; x_wconf 87' lang='lat' dir='ltr'><strong>sancti</strong></span> <span class='ocrx_word' id='word_1_554' title='bbox 3314 3090 3384 3143; x_wconf 92' lang='lat' dir='ltr'><strong>ad</strong></span> <span class='ocrx_word' id='word_1_555' title='bbox 3420 3106 3482 3145; x_wconf 89' lang='lat' dir='ltr'><strong>se</strong></span> <span class='ocrx_word' id='word_1_556' title='bbox 3524 3106 3671 3145; x_wconf 87' lang='lat' dir='ltr'><strong>non-</strong></span> 
     </span>
    </p>
   </div>
   <div class='ocr_carea' id='block_1_77' title="bbox 2066 3182 3668 3256">
    <p class='ocr_par' dir='ltr' id='par_1_77' title="bbox 2066 3182 3668 3256">
     <span class='ocr_line' id='line_1_77' title="bbox 2066 3182 3668 3256; baseline -0.001 -16"><span class='ocrx_word' id='word_1_557' title='bbox 2066 3200 2349 3255; x_wconf 89' lang='lat' dir='ltr'><strong>nunquam</strong></span> <span class='ocrx_word' id='word_1_558' title='bbox 2397 3184 2695 3256; x_wconf 91' lang='lat' dir='ltr'><strong>loquentis,</strong></span> <span class='ocrx_word' id='word_1_559' title='bbox 2750 3184 2895 3253; x_wconf 91' lang='lat' dir='ltr'><strong>quod</strong></span> <span class='ocrx_word' id='word_1_560' title='bbox 2926 3182 3263 3252; x_wconf 88' lang='lat' dir='ltr'><strong>posteriores</strong></span> <span class='ocrx_word' id='word_1_561' title='bbox 3314 3182 3507 3238; x_wconf 89' lang='lat' dir='ltr'><strong>facere</strong></span> <span class='ocrx_word' id='word_1_562' title='bbox 3551 3199 3668 3238; x_wconf 79' lang='lat' dir='ltr'><strong>non</strong></span> 
     </span>
    </p>
   </div>
   <div class='ocr_carea' id='block_1_78' title="bbox 2064 3270 3667 3342">
    <p class='ocr_par' dir='ltr' id='par_1_78' title="bbox 2064 3270 3667 3342">
     <span class='ocr_line' id='line_1_78' title="bbox 2064 3270 3667 3342; baseline -0.002 -12"><span class='ocrx_word' id='word_1_563' title='bbox 2064 3275 2261 3332; x_wconf 89' lang='lat' dir='ltr'><strong>solent.</strong></span> <span class='ocrx_word' id='word_1_564' title='bbox 2297 3274 2633 3331; x_wconf 89' lang='lat' dir='ltr'><strong>Parcissime</strong></span> <span class='ocrx_word' id='word_1_565' title='bbox 2661 3274 2835 3327; x_wconf 89' lang='lat' dir='ltr'><strong>utitur</strong></span> <span class='ocrx_word' id='word_1_566' title='bbox 2877 3273 3208 3327; x_wconf 89' lang='lat' dir='ltr'><strong>testimoniis</strong></span> <span class='ocrx_word' id='word_1_567' title='bbox 3238 3272 3296 3327; x_wconf 91' lang='grc'><strong>8.</strong></span> <span class='ocrx_word' id='word_1_568' title='bbox 3327 3270 3667 3342; x_wconf 62' lang='lat' dir='ltr'><strong>Scriptura).</strong></span> 
     </span>
    </p>
   </div>
   <div class='ocr_carea' id='block_1_79' title="bbox 2059 3363 3773 3436">
    <p class='ocr_par' dir='ltr' id='par_1_79' title="bbox 2059 3363 3773 3436">
     <span class='ocr_line' id='line_1_79' title="bbox 2059 3363 3773 3436; baseline -0.002 -15"><span class='ocrx_word' id='word_1_569' title='bbox 2059 3365 2323 3421; x_wconf 70' lang='lat' dir='ltr'><strong>Paulina:</strong></span> <span class='ocrx_word' id='word_1_570' title='bbox 2374 3366 2595 3436; x_wconf 91' lang='lat' dir='ltr'><strong>quidem</strong></span> <span class='ocrx_word' id='word_1_571' title='bbox 2647 3363 2911 3435; x_wconf 86' lang='lat' dir='ltr'><strong>epistolas</strong></span> <span class='ocrx_word' id='word_1_572' title='bbox 2956 3363 3161 3434; x_wconf 89' lang='lat' dir='ltr'><strong>ubique</strong></span> <span class='ocrx_word' id='word_1_573' title='bbox 3212 3363 3491 3430; x_wconf 90' lang='lat' dir='ltr'><strong>imitatur,</strong></span> <span class='ocrx_word' id='word_1_574' title='bbox 3540 3379 3671 3435; x_wconf 67' lang='lat' dir='ltr'><strong>qua:</strong></span> <span class='ocrx_word' id='word_1_575' title='bbox 3772 3392 3773 3395; x_wconf 57' lang='grc' dir='ltr'><strong>η</strong></span> 
     </span>
    </p>
   </div>
   <div class='ocr_carea' id='block_1_80' title="bbox 2060 3454 3671 3527">
    <p class='ocr_par' dir='ltr' id='par_1_80' title="bbox 2060 3454 3671 3527">
     <span class='ocr_line' id='line_1_80' title="bbox 2060 3454 3671 3527; baseline -0.002 -12"><span class='ocrx_word' id='word_1_576' title='bbox 2060 3472 2094 3515; x_wconf 84' lang='lat' dir='ltr'><strong>a</strong></span> <span class='ocrx_word' id='word_1_577' title='bbox 2133 3457 2406 3527; x_wconf 90' lang='lat' dir='ltr'><strong>principio</strong></span> <span class='ocrx_word' id='word_1_578' title='bbox 2459 3457 2516 3511; x_wconf 90' lang='lat' dir='ltr'><strong>in</strong></span> <span class='ocrx_word' id='word_1_579' title='bbox 2571 3455 2821 3511; x_wconf 88' lang='lat' dir='ltr'><strong>ecclesiis</strong></span> <span class='ocrx_word' id='word_1_580' title='bbox 2875 3455 3133 3509; x_wconf 91' lang='lat' dir='ltr'><strong>omnibus</strong></span> <span class='ocrx_word' id='word_1_581' title='bbox 3187 3454 3344 3510; x_wconf 91' lang='lat' dir='ltr'><strong>fuere</strong></span> <span class='ocrx_word' id='word_1_582' title='bbox 3393 3456 3671 3526; x_wconf 86' lang='lat' dir='ltr'><strong>receptis-</strong></span> 
     </span>
    </p>
   </div>
   <div class='ocr_carea' id='block_1_81' title="bbox 2061 3545 3669 3620">
    <p class='ocr_par' dir='ltr' id='par_1_81' title="bbox 2061 3545 3669 3620">
     <span class='ocr_line' id='line_1_81' title="bbox 2061 3545 3669 3620; baseline -0.004 -14"><span class='ocrx_word' id='word_1_583' title='bbox 2061 3551 2258 3617; x_wconf 80' lang='lat' dir='ltr'><strong>simae;</strong></span> <span class='ocrx_word' id='word_1_584' title='bbox 2312 3548 2605 3620; x_wconf 78' lang='lat' dir='ltr'><strong>Evangelia</strong></span> <span class='ocrx_word' id='word_1_585' title='bbox 2659 3548 2881 3618; x_wconf 89' lang='lat' dir='ltr'><strong>parcius</strong></span> <span class='ocrx_word' id='word_1_586' title='bbox 2931 3548 3095 3611; x_wconf 90' lang='lat' dir='ltr'><strong>citat,</strong></span> <span class='ocrx_word' id='word_1_587' title='bbox 3126 3561 3250 3616; x_wconf 61' lang='lat' dir='ltr'><strong>quae</strong></span> <span class='ocrx_word' id='word_1_588' title='bbox 3291 3545 3478 3602; x_wconf 90' lang='lat' dir='ltr'><strong>serius</strong></span> <span class='ocrx_word' id='word_1_589' title='bbox 3516 3548 3669 3602; x_wconf 86' lang='lat' dir='ltr'><strong>reci—</strong></span> 
     </span>
    </p>
   </div>
   <div class='ocr_carea' id='block_1_82' title="bbox 2058 3639 3670 3714">
    <p class='ocr_par' dir='ltr' id='par_1_82' title="bbox 2058 3639 3670 3714">
     <span class='ocr_line' id='line_1_82' title="bbox 2058 3639 3670 3714; baseline -0.001 -19"><span class='ocrx_word' id='word_1_590' title='bbox 2058 3642 2353 3714; x_wconf 88' lang='lat' dir='ltr'><strong>piebantur</strong></span> <span class='ocrx_word' id='word_1_591' title='bbox 2400 3650 2455 3696; x_wconf 94' lang='lat' dir='ltr'><strong>et</strong></span> <span class='ocrx_word' id='word_1_592' title='bbox 2504 3656 2534 3695; x_wconf 91' lang='lat' dir='ltr'><strong>a</strong></span> <span class='ocrx_word' id='word_1_593' title='bbox 2584 3640 2790 3711; x_wconf 90' lang='lat' dir='ltr'><strong>spuriis</strong></span> <span class='ocrx_word' id='word_1_594' title='bbox 2848 3639 3364 3708; x_wconf 83' lang='lat' dir='ltr'><strong>distinguebantur;</strong></span> <span class='ocrx_word' id='word_1_595' title='bbox 3424 3655 3670 3709; x_wconf 63' lang='lat' dir='ltr'><strong>quaeque</strong></span> 
     </span>
    </p>
   </div>
   <div class='ocr_carea' id='block_1_83' title="bbox 2062 3728 3670 3802">
    <p class='ocr_par' dir='ltr' id='par_1_83' title="bbox 2062 3728 3670 3802">
     <span class='ocr_line' id='line_1_83' title="bbox 2062 3728 3670 3802; baseline -0.002 -13"><span class='ocrx_word' id='word_1_596' title='bbox 2062 3733 2291 3789; x_wconf 89' lang='lat' dir='ltr'><strong>secundi</strong></span> <span class='ocrx_word' id='word_1_597' title='bbox 2352 3733 2539 3788; x_wconf 66' lang='lat' dir='ltr'><strong>saeculi</strong></span> <span class='ocrx_word' id='word_1_598' title='bbox 2595 3732 2708 3802; x_wconf 91' lang='lat' dir='ltr'><strong>jam</strong></span> <span class='ocrx_word' id='word_1_599' title='bbox 2777 3731 2946 3785; x_wconf 90' lang='lat' dir='ltr'><strong>adulti</strong></span> <span class='ocrx_word' id='word_1_600' title='bbox 3013 3738 3068 3784; x_wconf 91' lang='lat' dir='ltr'><strong>et</strong></span> <span class='ocrx_word' id='word_1_601' title='bbox 3136 3728 3287 3783; x_wconf 90' lang='lat' dir='ltr'><strong>tertii</strong></span> <span class='ocrx_word' id='word_1_602' title='bbox 3356 3730 3670 3799; x_wconf 85' lang='lat' dir='ltr'><strong>scriptores</strong></span> 
     </span>
    </p>
   </div>
   <div class='ocr_carea' id='block_1_84' title="bbox 2062 3822 3671 3896">
    <p class='ocr_par' dir='ltr' id='par_1_84' title="bbox 2062 3822 3671 3896">
     <span class='ocr_line' id='line_1_84' title="bbox 2062 3822 3671 3896; baseline -0.001 -15"><span class='ocrx_word' id='word_1_603' title='bbox 2062 3824 2514 3896; x_wconf 81' lang='lat' dir='ltr'><strong>frequentissime</strong></span> <span class='ocrx_word' id='word_1_604' title='bbox 2562 3826 2920 3895; x_wconf 89' lang='lat' dir='ltr'><strong>usurpabant.</strong></span> <span class='ocrx_word' id='word_1_605' title='bbox 2954 3822 3136 3894; x_wconf 86' lang='lat' dir='ltr'><strong>Ipsum</strong></span> <span class='ocrx_word' id='word_1_606' title='bbox 3199 3823 3528 3892; x_wconf 90' lang='lat' dir='ltr'><strong>scriptionis</strong></span> <span class='ocrx_word' id='word_1_607' title='bbox 3570 3839 3671 3894; x_wconf 82' lang='lat' dir='ltr'><strong>ge-</strong></span> 
     </span>
    </p>
   </div>
   <div class='ocr_carea' id='block_1_85' title="bbox 2060 3912 3669 3989">
    <p class='ocr_par' dir='ltr' id='par_1_85' title="bbox 2060 3912 3669 3989">
     <span class='ocr_line' id='line_1_85' title="bbox 2060 3912 3669 3989; baseline -0.001 -15"><span class='ocrx_word' id='word_1_608' title='bbox 2060 3934 2168 3974; x_wconf 90' lang='lat' dir='ltr'><strong>nus</strong></span> <span class='ocrx_word' id='word_1_609' title='bbox 2195 3933 2307 3973; x_wconf 91' lang='lat' dir='ltr'><strong>non</strong></span> <span class='ocrx_word' id='word_1_610' title='bbox 2335 3919 2625 3972; x_wconf 89' lang='lat' dir='ltr'><strong>minimum</strong></span> <span class='ocrx_word' id='word_1_611' title='bbox 2656 3926 2741 3974; x_wconf 89' lang='lat' dir='ltr'><strong>est</strong></span> <span class='ocrx_word' id='word_1_612' title='bbox 2768 3918 3014 3989; x_wconf 90' lang='lat' dir='ltr'><strong>ejusdem</strong></span> <span class='ocrx_word' id='word_1_613' title='bbox 3045 3912 3143 3971; x_wconf 76' lang='lat' dir='ltr'><strong>:evi</strong></span> <span class='ocrx_word' id='word_1_614' title='bbox 3185 3916 3481 3971; x_wconf 89' lang='lat' dir='ltr'><strong>indicium.</strong></span> <span class='ocrx_word' id='word_1_615' title='bbox 3512 3915 3669 3972; x_wconf 81' lang='lat' dir='ltr'><strong>Nihil</strong></span> 
     </span>
    </p>
   </div>
   <div class='ocr_carea' id='block_1_86' title="bbox 2059 4008 3671 4081">
    <p class='ocr_par' dir='ltr' id='par_1_86' title="bbox 2059 4008 3671 4081">
     <span class='ocr_line' id='line_1_86' title="bbox 2059 4008 3671 4081; baseline -0.002 -14"><span class='ocrx_word' id='word_1_616' title='bbox 2059 4011 2116 4067; x_wconf 86' lang='lat' dir='ltr'><strong>in</strong></span> <span class='ocrx_word' id='word_1_617' title='bbox 2174 4011 2261 4066; x_wconf 89' lang='lat' dir='ltr'><strong>his</strong></span> <span class='ocrx_word' id='word_1_618' title='bbox 2309 4012 2558 4081; x_wconf 88' lang='lat' dir='ltr'><strong>epistolis</strong></span> <span class='ocrx_word' id='word_1_619' title='bbox 2609 4022 2968 4076; x_wconf 82' lang='lat' dir='ltr'><strong>extraneum,</strong></span> <span class='ocrx_word' id='word_1_620' title='bbox 3020 4008 3157 4063; x_wconf 92' lang='lat' dir='ltr'><strong>nihil</strong></span> <span class='ocrx_word' id='word_1_621' title='bbox 3225 4023 3295 4062; x_wconf 81' lang='lat' dir='ltr'><strong>ex</strong></span> <span class='ocrx_word' id='word_1_622' title='bbox 3341 4009 3671 4064; x_wconf 89' lang='lat' dir='ltr'><strong>eruditione</strong></span> 
     </span>
    </p>
   </div>
   <div class='ocr_carea' id='block_1_87' title="bbox 2062 4099 3671 4173">
    <p class='ocr_par' dir='ltr' id='par_1_87' title="bbox 2062 4099 3671 4173">
     <span class='ocr_line' id='line_1_87' title="bbox 2062 4099 3671 4173; baseline -0.002 -15"><span class='ocrx_word' id='word_1_623' title='bbox 2062 4102 2347 4172; x_wconf 82' lang='lat' dir='ltr'><strong>gentilium</strong></span> <span class='ocrx_word' id='word_1_624' title='bbox 2373 4103 2710 4173; x_wconf 85' lang='lat' dir='ltr'><strong>profectum;</strong></span> <span class='ocrx_word' id='word_1_625' title='bbox 2762 4100 2945 4155; x_wconf 88' lang='lat' dir='ltr'><strong>omnia</strong></span> <span class='ocrx_word' id='word_1_626' title='bbox 2977 4099 3283 4153; x_wconf 90' lang='lat' dir='ltr'><strong>doctrinam</strong></span> <span class='ocrx_word' id='word_1_627' title='bbox 3312 4114 3454 4169; x_wconf 89' lang='lat' dir='ltr'><strong>pure</strong></span> <span class='ocrx_word' id='word_1_628' title='bbox 3492 4115 3671 4154; x_wconf 84' lang='lat' dir='ltr'><strong>evan-</strong></span> 
     </span>
    </p>
   </div>
   <div class='ocr_carea' id='block_1_88' title="bbox 2059 4186 3666 4267">
    <p class='ocr_par' dir='ltr' id='par_1_88' title="bbox 2059 4186 3666 4267">
     <span class='ocr_line' id='line_1_88' title="bbox 2059 4186 3666 4267; baseline -0.001 -18"><span class='ocrx_word' id='word_1_629' title='bbox 2059 4195 2325 4267; x_wconf 87' lang='lat' dir='ltr'><strong>gelicam,</strong></span> <span class='ocrx_word' id='word_1_630' title='bbox 2355 4205 2407 4250; x_wconf 91' lang='lat' dir='ltr'><strong>et</strong></span> <span class='ocrx_word' id='word_1_631' title='bbox 2440 4186 2846 4265; x_wconf 79' lang='lat' dir='ltr'><strong>simplicitatem</strong></span> <span class='ocrx_word' id='word_1_632' title='bbox 2890 4192 2994 4247; x_wconf 91' lang='lat' dir='ltr'><strong>viri</strong></span> <span class='ocrx_word' id='word_1_633' title='bbox 3036 4192 3324 4263; x_wconf 86' lang='lat' dir='ltr'><strong>apostolici</strong></span> <span class='ocrx_word' id='word_1_634' title='bbox 3380 4193 3666 4247; x_wconf 90' lang='lat' dir='ltr'><strong>redolent.</strong></span> 
     </span>
    </p>
   </div>
   <div class='ocr_carea' id='block_1_89' title="bbox 2058 4285 3673 4357">
    <p class='ocr_par' dir='ltr' id='par_1_89' title="bbox 2058 4285 3673 4357">
     <span class='ocr_line' id='line_1_89' title="bbox 2058 4285 3673 4357; baseline -0.002 -16"><span class='ocrx_word' id='word_1_635' title='bbox 2058 4286 2162 4353; x_wconf 85' lang='lat' dir='ltr'><strong>Qui</strong></span> <span class='ocrx_word' id='word_1_636' title='bbox 2193 4296 2380 4357; x_wconf 90' lang='lat' dir='ltr'><strong>postea</strong></span> <span class='ocrx_word' id='word_1_637' title='bbox 2408 4288 2698 4357; x_wconf 78' lang='lat' dir='ltr'><strong>scripsere,</strong></span> <span class='ocrx_word' id='word_1_638' title='bbox 2724 4286 3011 4340; x_wconf 89' lang='lat' dir='ltr'><strong>doctorum</strong></span> <span class='ocrx_word' id='word_1_639' title='bbox 3039 4285 3181 4355; x_wconf 90' lang='lat' dir='ltr'><strong>apud</strong></span> <span class='ocrx_word' id='word_1_640' title='bbox 3215 4293 3409 4354; x_wconf 87' lang='lat' dir='ltr'><strong>gentes</strong></span> <span class='ocrx_word' id='word_1_641' title='bbox 3442 4294 3673 4340; x_wconf 88' lang='lat' dir='ltr'><strong>senten-</strong></span> 
     </span>
    </p>
   </div>
   <div class='ocr_carea' id='block_1_90' title="bbox 2058 4378 3670 4450">
    <p class='ocr_par' dir='ltr' id='par_1_90' title="bbox 2058 4378 3670 4450">
     <span class='ocr_line' id='line_1_90' title="bbox 2058 4378 3670 4450; baseline -0.002 -14"><span class='ocrx_word' id='word_1_642' title='bbox 2058 4382 2165 4436; x_wconf 88' lang='lat' dir='ltr'><strong>tias</strong></span> <span class='ocrx_word' id='word_1_643' title='bbox 2205 4396 2507 4450; x_wconf 89' lang='lat' dir='ltr'><strong>usurpare,</strong></span> <span class='ocrx_word' id='word_1_644' title='bbox 2566 4389 2619 4433; x_wconf 89' lang='lat' dir='ltr'><strong>et</strong></span> <span class='ocrx_word' id='word_1_645' title='bbox 2656 4394 2849 4435; x_wconf 83' lang='lat' dir='ltr'><strong>eorum</strong></span> <span class='ocrx_word' id='word_1_646' title='bbox 2899 4392 3295 4447; x_wconf 89' lang='lat' dir='ltr'><strong>nonnunquam</strong></span> <span class='ocrx_word' id='word_1_647' title='bbox 3339 4378 3513 4431; x_wconf 78' lang='lat' dir='ltr'><strong>etiam</strong></span> <span class='ocrx_word' id='word_1_648' title='bbox 3558 4378 3670 4433; x_wconf 87' lang='lat' dir='ltr'><strong>do-</strong></span> 
     </span>
    </p>
   </div>
   <div class='ocr_carea' id='block_1_91' title="bbox 368 4464 3671 4544">
    <p class='ocr_par' dir='ltr' id='par_1_91' title="bbox 368 4464 3671 4544">
     <span class='ocr_line' id='line_1_91' title="bbox 368 4464 3671 4544; baseline 0.003 -26"><span class='ocrx_word' id='word_1_649' title='bbox 368 4464 515 4531; x_wconf 87' lang='lat' dir='ltr'><strong>tius;</strong></span> <span class='ocrx_word' id='word_1_650' title='bbox 578 4481 644 4521; x_wconf 88' lang='lat' dir='ltr'><strong>ea</strong></span> <span class='ocrx_word' id='word_1_651' title='bbox 695 4476 878 4522; x_wconf 92' lang='lat' dir='ltr'><strong>autem</strong></span> <span class='ocrx_word' id='word_1_652' title='bbox 943 4470 1104 4524; x_wconf 92' lang='lat' dir='ltr'><strong>toties</strong></span> <span class='ocrx_word' id='word_1_653' title='bbox 1160 4469 1230 4524; x_wconf 89' lang='lat' dir='ltr'><strong>ab</strong></span> <span class='ocrx_word' id='word_1_654' title='bbox 1276 4469 1486 4541; x_wconf 87' lang='lat' dir='ltr'><strong>lgnatio</strong></span> <span class='ocrx_word' id='word_1_655' title='bbox 1547 4474 1796 4542; x_wconf 82' lang='lat' dir='ltr'><strong>repetita,</strong></span> <span class='ocrx_word' id='word_1_656' title='bbox 1854 4491 1954 4530; x_wconf 90' lang='lat' dir='ltr'><strong>nec</strong></span> <span class='ocrx_word' id='word_1_657' title='bbox 1986 4486 2032 4541; x_wconf 84' lang='grc' dir='ltr'>ι)</span> <span class='ocrx_word' id='word_1_658' title='bbox 2062 4484 2244 4544; x_wconf 86' lang='lat' dir='ltr'><strong>gmata</strong></span> <span class='ocrx_word' id='word_1_659' title='bbox 2272 4472 2601 4528; x_wconf 75' lang='lat' dir='ltr'><strong>Christianae</strong></span> <span class='ocrx_word' id='word_1_660' title='bbox 2637 4470 2891 4541; x_wconf 87' lang='lat' dir='ltr'><strong>religioni</strong></span> <span class='ocrx_word' id='word_1_661' title='bbox 2929 4470 3239 4525; x_wconf 89' lang='lat' dir='ltr'><strong>immiscere</strong></span> <span class='ocrx_word' id='word_1_662' title='bbox 3270 4470 3528 4525; x_wconf 85' lang='lat' dir='ltr'><strong>solebant</strong></span> <span class='ocrx_word' id='word_1_663' title='bbox 3562 4488 3577 4523; x_wconf 90' lang='lat'>:</span> <span class='ocrx_word' id='word_1_664' title='bbox 3609 4473 3671 4527; x_wconf 82' lang='lat' dir='ltr'><strong>id</strong></span> 
     </span>
    </p>
   </div>
   <div class='ocr_carea' id='block_1_92' title="bbox 368 4560 1952 4636">
    <p class='ocr_par' dir='ltr' id='par_1_92' title="bbox 368 4560 1952 4636">
     <span class='ocr_line' id='line_1_92' title="bbox 368 4560 1952 4636; baseline 0.006 -21"><span class='ocrx_word' id='word_1_665' title='bbox 368 4575 493 4615; x_wconf 92' lang='lat' dir='ltr'><strong>cum</strong></span> <span class='ocrx_word' id='word_1_666' title='bbox 532 4560 658 4618; x_wconf 92' lang='lat' dir='ltr'><strong>ullis</strong></span> <span class='ocrx_word' id='word_1_667' title='bbox 684 4562 1050 4632; x_wconf 88' lang='lat' dir='ltr'><strong>posteriorum</strong></span> <span class='ocrx_word' id='word_1_668' title='bbox 1094 4564 1521 4623; x_wconf 81' lang='lat' dir='ltr'><strong>limitationibus</strong></span> <span class='ocrx_word' id='word_1_669' title='bbox 1567 4568 1803 4636; x_wconf 88' lang='lat' dir='ltr'><strong>prolata,</strong></span> <span class='ocrx_word' id='word_1_670' title='bbox 1854 4570 1952 4625; x_wconf 89' lang='lat' dir='ltr'><strong>sed</strong></span> 
     </span>
    </p>
   </div>
   <div class='ocr_carea' id='block_1_93' title="bbox 366 4653 1951 4728">
    <p class='ocr_par' dir='ltr' id='par_1_93' title="bbox 366 4653 1951 4728">
     <span class='ocr_line' id='line_1_93' title="bbox 366 4653 1951 4728; baseline 0.005 -21"><span class='ocrx_word' id='word_1_671' title='bbox 366 4653 513 4708; x_wconf 83' lang='lat' dir='ltr'><strong>nudo</strong></span> <span class='ocrx_word' id='word_1_672' title='bbox 563 4663 619 4707; x_wconf 91' lang='lat' dir='ltr'><strong>et</strong></span> <span class='ocrx_word' id='word_1_673' title='bbox 664 4654 986 4725; x_wconf 87' lang='lat' dir='ltr'><strong>simpliciter</strong></span> <span class='ocrx_word' id='word_1_674' title='bbox 1034 4656 1238 4726; x_wconf 89' lang='lat' dir='ltr'><strong>ubique</strong></span> <span class='ocrx_word' id='word_1_675' title='bbox 1301 4660 1592 4728; x_wconf 65' lang='lat' dir='ltr'><strong>praedicata</strong></span> <span class='ocrx_word' id='word_1_676' title='bbox 1652 4661 1951 4717; x_wconf 79' lang='lat' dir='ltr'><strong>maximam</strong></span> 
     </span>
    </p>
   </div>
   <div class='ocr_carea' id='block_1_94' title="bbox 366 4745 1953 4825">
    <p class='ocr_par' dir='ltr' id='par_1_94' title="bbox 366 4745 1953 4825">
     <span class='ocr_line' id='line_1_94' title="bbox 366 4745 1953 4825; baseline 0.008 -27"><span class='ocrx_word' id='word_1_677' title='bbox 366 4745 692 4799; x_wconf 63' lang='lat' dir='ltr'><strong>venerandae</strong></span> <span class='ocrx_word' id='word_1_678' title='bbox 742 4746 891 4803; x_wconf 90' lang='lat' dir='ltr'><strong>illius</strong></span> <span class='ocrx_word' id='word_1_679' title='bbox 927 4749 1273 4821; x_wconf 87' lang='lat' dir='ltr'><strong>antiquitatis</strong></span> <span class='ocrx_word' id='word_1_680' title='bbox 1314 4760 1369 4805; x_wconf 90' lang='lat' dir='ltr'><strong>et</strong></span> <span class='ocrx_word' id='word_1_681' title='bbox 1400 4752 1776 4821; x_wconf 87' lang='lat' dir='ltr'><strong>simplicitatis</strong></span> <span class='ocrx_word' id='word_1_682' title='bbox 1826 4769 1953 4825; x_wconf 85' lang='lat' dir='ltr'><strong>spe-</strong></span> 
     </span>
    </p>
   </div>
   <div class='ocr_carea' id='block_1_95' title="bbox 366 4836 776 4893">
    <p class='ocr_par' dir='ltr' id='par_1_95' title="bbox 366 4836 776 4893">
     <span class='ocr_line' id='line_1_95' title="bbox 366 4836 776 4893; baseline 0.005 -2"><span class='ocrx_word' id='word_1_683' title='bbox 366 4836 506 4891; x_wconf 91' lang='lat' dir='ltr'><strong>ciem</strong></span> <span class='ocrx_word' id='word_1_684' title='bbox 536 4837 776 4893; x_wconf 85' lang='lat' dir='ltr'><strong>exhibet.</strong></span> 
     </span>
    </p>
   </div>
   <div class='ocr_carea' id='block_1_96' title="bbox 441 4927 1954 5005">
    <p class='ocr_par' dir='ltr' id='par_1_96' title="bbox 441 4927 1954 5005">
     <span class='ocr_line' id='line_1_96' title="bbox 441 4927 1954 5005; baseline 0.007 -22"><span class='ocrx_word' id='word_1_685' title='bbox 441 4927 629 4984; x_wconf 90' lang='lat' dir='ltr'><strong>Tertio</strong></span> <span class='ocrx_word' id='word_1_686' title='bbox 658 4930 931 4990; x_wconf 88' lang='lat' dir='ltr'><strong>Eusebius</strong></span> <span class='ocrx_word' id='word_1_687' title='bbox 962 4933 1157 5004; x_wconf 85' lang='lat' dir='ltr'><strong>lgnatii</strong></span> <span class='ocrx_word' id='word_1_688' title='bbox 1196 4935 1459 5005; x_wconf 88' lang='lat' dir='ltr'><strong>epistolas</strong></span> <span class='ocrx_word' id='word_1_689' title='bbox 1488 4944 1641 4991; x_wconf 87' lang='lat' dir='ltr'><strong>tanta</strong></span> <span class='ocrx_word' id='word_1_690' title='bbox 1669 4953 1793 4992; x_wconf 90' lang='lat' dir='ltr'><strong>cum</strong></span> <span class='ocrx_word' id='word_1_691' title='bbox 1826 4939 1954 4993; x_wconf 92' lang='lat' dir='ltr'><strong>dili-</strong></span> 
     </span>
    </p>
   </div>
   <div class='ocr_carea' id='block_1_97' title="bbox 375 5018 1950 5097">
    <p class='ocr_par' dir='ltr' id='par_1_97' title="bbox 375 5018 1950 5097">
     <span class='ocr_line' id='line_1_97' title="bbox 375 5018 1950 5097; baseline 0.007 -23"><span class='ocrx_word' id='word_1_692' title='bbox 375 5021 557 5091; x_wconf 85' lang='lat' dir='ltr'><strong>gentia</strong></span> <span class='ocrx_word' id='word_1_693' title='bbox 600 5023 909 5097; x_wconf 89' lang='lat' dir='ltr'><strong>descripsit,</strong></span> <span class='ocrx_word' id='word_1_694' title='bbox 941 5027 1089 5095; x_wconf 91' lang='lat' dir='ltr'><strong>quod</strong></span> <span class='ocrx_word' id='word_1_695' title='bbox 1116 5027 1221 5096; x_wconf 91' lang='lat' dir='ltr'><strong>ipsi</strong></span> <span class='ocrx_word' id='word_1_696' title='bbox 1258 5027 1389 5081; x_wconf 71' lang='lat' dir='ltr'><strong>visa:</strong></span> <span class='ocrx_word' id='word_1_697' title='bbox 1440 5027 1552 5082; x_wconf 92' lang='lat' dir='ltr'><strong>sint</strong></span> <span class='ocrx_word' id='word_1_698' title='bbox 1599 5018 1950 5085; x_wconf 85' lang='lat' dir='ltr'><strong>traditionem</strong></span> 
     </span>
    </p>
   </div>
   <div class='ocr_carea' id='block_1_98' title="bbox 365 5114 1953 5194">
    <p class='ocr_par' dir='ltr' id='par_1_98' title="bbox 365 5114 1953 5194">
     <span class='ocr_line' id='line_1_98' title="bbox 365 5114 1953 5194; baseline 0.006 -28"><span class='ocrx_word' id='word_1_699' title='bbox 365 5114 723 5181; x_wconf 85' lang='lat' dir='ltr'><strong>apostolicam</strong></span> <span class='ocrx_word' id='word_1_700' title='bbox 754 5132 1113 5182; x_wconf 91' lang='lat' dir='ltr'><strong>conservare,</strong></span> <span class='ocrx_word' id='word_1_701' title='bbox 1146 5117 1508 5189; x_wconf 80' lang='grc' dir='ltr'>προύτρεπεν,</span> <span class='ocrx_word' id='word_1_702' title='bbox 1546 5118 1745 5189; x_wconf 86' lang='lat' dir='ltr'><strong>inquit,</strong></span> <span class='ocrx_word' id='word_1_703' title='bbox 1784 5122 1953 5194; x_wconf 74' lang='grc' dir='ltr'>ἀπρὶξ</span> 
     </span>
    </p>
   </div>
   <div class='ocr_carea' id='block_1_99' title="bbox 364 5203 1951 5283">
    <p class='ocr_par' dir='ltr' id='par_1_99' title="bbox 364 5203 1951 5283">
     <span class='ocr_line' id='line_1_99' title="bbox 364 5203 1951 5283; baseline 0.009 -27"><span class='ocrx_word' id='word_1_704' title='bbox 364 5203 583 5275; x_wconf 70' lang='grc' dir='ltr'>ἔχεσθαι</span> <span class='ocrx_word' id='word_1_705' title='bbox 616 5209 716 5279; x_wconf 84' lang='grc' dir='ltr'><strong>τῆς</strong></span> <span class='ocrx_word' id='word_1_706' title='bbox 747 5209 857 5262; x_wconf 83' lang='grc' dir='ltr'><strong>τῶν</strong></span> <span class='ocrx_word' id='word_1_707' title='bbox 881 5210 1196 5264; x_wconf 76' lang='grc' dir='ltr'>ἀποστόλων</span> <span class='ocrx_word' id='word_1_708' title='bbox 1228 5212 1599 5283; x_wconf 86' lang='grc' dir='ltr'>παραδόσεως.</span> <span class='ocrx_word' id='word_1_709' title='bbox 1626 5214 1742 5269; x_wconf 85' lang='lat' dir='ltr'><strong>Hoc</strong></span> <span class='ocrx_word' id='word_1_710' title='bbox 1769 5224 1951 5271; x_wconf 87' lang='lat' dir='ltr'><strong>autem</strong></span> 
     </span>
    </p>
   </div>
   <div class='ocr_carea' id='block_1_100' title="bbox 366 5296 1951 5374">
    <p class='ocr_par' dir='ltr' id='par_1_100' title="bbox 366 5296 1951 5374">
     <span class='ocr_line' id='line_1_100' title="bbox 366 5296 1951 5374; baseline 0.009 -26"><span class='ocrx_word' id='word_1_711' title='bbox 366 5296 776 5369; x_wconf 82' lang='lat' dir='ltr'><strong>intelligendum</strong></span> <span class='ocrx_word' id='word_1_712' title='bbox 816 5319 1128 5366; x_wconf 90' lang='lat' dir='ltr'><strong>monemus,</strong></span> <span class='ocrx_word' id='word_1_713' title='bbox 1159 5313 1219 5357; x_wconf 83' lang='lat' dir='ltr'><strong>ut</strong></span> <span class='ocrx_word' id='word_1_714' title='bbox 1247 5304 1348 5373; x_wconf 90' lang='lat' dir='ltr'><strong>ipsi</strong></span> <span class='ocrx_word' id='word_1_715' title='bbox 1390 5319 1607 5362; x_wconf 87' lang='lat' dir='ltr'><strong>veteres</strong></span> <span class='ocrx_word' id='word_1_716' title='bbox 1639 5309 1951 5374; x_wconf 89' lang='lat' dir='ltr'><strong>voluerunt,</strong></span> 
     </span>
    </p>
   </div>
   <div class='ocr_carea' id='block_1_101' title="bbox 366 5393 1951 5469">
    <p class='ocr_par' dir='ltr' id='par_1_101' title="bbox 366 5393 1951 5469">
     <span class='ocr_line' id='line_1_101' title="bbox 366 5393 1951 5469; baseline 0.011 -29"><span class='ocrx_word' id='word_1_717' title='bbox 366 5402 477 5441; x_wconf 83' lang='lat' dir='ltr'><strong>non</strong></span> <span class='ocrx_word' id='word_1_718' title='bbox 507 5399 565 5443; x_wconf 93' lang='lat' dir='ltr'><strong>ut</strong></span> <span class='ocrx_word' id='word_1_719' title='bbox 595 5393 786 5462; x_wconf 89' lang='lat' dir='ltr'><strong>nuperi</strong></span> <span class='ocrx_word' id='word_1_720' title='bbox 815 5395 1112 5462; x_wconf 87' lang='lat' dir='ltr'><strong>scriptores</strong></span> <span class='ocrx_word' id='word_1_721' title='bbox 1139 5396 1484 5467; x_wconf 84' lang='lat' dir='ltr'><strong>intelligunt;</strong></span> <span class='ocrx_word' id='word_1_722' title='bbox 1519 5400 1678 5468; x_wconf 89' lang='lat' dir='ltr'><strong>quasi</strong></span> <span class='ocrx_word' id='word_1_723' title='bbox 1709 5401 1951 5469; x_wconf 86' lang='lat' dir='ltr'><strong>Ignatius</strong></span> 
     </span>
    </p>
   </div>
   <div class='ocr_carea' id='block_1_102' title="bbox 367 5480 1952 5548">
    <p class='ocr_par' dir='ltr' id='par_1_102' title="bbox 367 5480 1952 5548">
     <span class='ocr_line' id='line_1_102' title="bbox 367 5480 1952 5548; baseline 0.008 -14"><span class='ocrx_word' id='word_1_724' title='bbox 367 5480 583 5548; x_wconf 79' lang='lat' dir='ltr'><strong>scriptis</strong></span> <span class='ocrx_word' id='word_1_725' title='bbox 617 5487 879 5541; x_wconf 88' lang='lat' dir='ltr'><strong>mandare</strong></span> <span class='ocrx_word' id='word_1_726' title='bbox 930 5487 982 5539; x_wconf 87' lang='lat' dir='ltr'><strong>in</strong></span> <span class='ocrx_word' id='word_1_727' title='bbox 1013 5487 1197 5542; x_wconf 87' lang='lat' dir='ltr'><strong>animo</strong></span> <span class='ocrx_word' id='word_1_728' title='bbox 1229 5488 1484 5544; x_wconf 89' lang='lat' dir='ltr'><strong>habuerit</strong></span> <span class='ocrx_word' id='word_1_729' title='bbox 1530 5491 1853 5546; x_wconf 89' lang='lat' dir='ltr'><strong>traditiones</strong></span> <span class='ocrx_word' id='word_1_730' title='bbox 1884 5494 1952 5547; x_wconf 90' lang='lat' dir='ltr'><strong>ab</strong></span> 
     </span>
    </p>
   </div>
   <div class='ocr_carea' id='block_1_103' title="bbox 367 5574 1952 5650">
    <p class='ocr_par' dir='ltr' id='par_1_103' title="bbox 367 5574 1952 5650">
     <span class='ocr_line' id='line_1_103' title="bbox 367 5574 1952 5650; baseline 0.009 -28"><span class='ocrx_word' id='word_1_731' title='bbox 367 5574 627 5637; x_wconf 81' lang='lat' dir='ltr'><strong>apostolis</strong></span> <span class='ocrx_word' id='word_1_732' title='bbox 651 5587 926 5646; x_wconf 76' lang='lat' dir='ltr'><strong>acceptas,</strong></span> <span class='ocrx_word' id='word_1_733' title='bbox 959 5595 1099 5647; x_wconf 84' lang='lat' dir='ltr'><strong>quas</strong></span> <span class='ocrx_word' id='word_1_734' title='bbox 1128 5580 1204 5633; x_wconf 91' lang='lat' dir='ltr'><strong>illi</strong></span> <span class='ocrx_word' id='word_1_735' title='bbox 1236 5581 1440 5650; x_wconf 91' lang='lat' dir='ltr'><strong>scripto</strong></span> <span class='ocrx_word' id='word_1_736' title='bbox 1490 5583 1718 5636; x_wconf 88' lang='lat' dir='ltr'><strong>minime</strong></span> <span class='ocrx_word' id='word_1_737' title='bbox 1763 5584 1952 5639; x_wconf 84' lang='lat' dir='ltr'><strong>consi-</strong></span> 
     </span>
    </p>
   </div>
   <div class='ocr_carea' id='block_1_104' title="bbox 367 5668 1953 5739">
    <p class='ocr_par' dir='ltr' id='par_1_104' title="bbox 367 5668 1953 5739">
     <span class='ocr_line' id='line_1_104' title="bbox 367 5668 1953 5739; baseline 0.012 -28"><span class='ocrx_word' id='word_1_738' title='bbox 367 5674 631 5728; x_wconf 87' lang='lat' dir='ltr'><strong>gnassent</strong></span> <span class='ocrx_word' id='word_1_739' title='bbox 651 5684 665 5730; x_wconf 90' lang='lat'><strong>;</strong></span> <span class='ocrx_word' id='word_1_740' title='bbox 687 5668 829 5735; x_wconf 85' lang='lat' dir='ltr'><strong>quod</strong></span> <span class='ocrx_word' id='word_1_741' title='bbox 866 5671 1200 5724; x_wconf 86' lang='lat' dir='ltr'><strong>cardinalem</strong></span> <span class='ocrx_word' id='word_1_742' title='bbox 1226 5671 1546 5739; x_wconf 85' lang='lat' dir='ltr'><strong>Baronium,</strong></span> <span class='ocrx_word' id='word_1_743' title='bbox 1580 5682 1634 5727; x_wconf 89' lang='lat' dir='ltr'><strong>et</strong></span> <span class='ocrx_word' id='word_1_744' title='bbox 1655 5674 1793 5729; x_wconf 90' lang='lat' dir='ltr'><strong>alios</strong></span> <span class='ocrx_word' id='word_1_745' title='bbox 1818 5676 1953 5730; x_wconf 91' lang='lat' dir='ltr'><strong>adeo</strong></span> 
     </span>
    </p>
   </div>
   <div class='ocr_carea' id='block_1_105' title="bbox 366 5749 1951 5833">
    <p class='ocr_par' dir='ltr' id='par_1_105' title="bbox 366 5749 1951 5833">
     <span class='ocr_line' id='line_1_105' title="bbox 366 5749 1951 5833; baseline 0.009 -26"><span class='ocrx_word' id='word_1_746' title='bbox 366 5749 574 5810; x_wconf 64' lang='lat' dir='ltr'><strong>fefellit.</strong></span> <span class='ocrx_word' id='word_1_747' title='bbox 615 5755 756 5811; x_wconf 79' lang='lat' dir='ltr'><strong>Nihil</strong></span> <span class='ocrx_word' id='word_1_748' title='bbox 786 5759 934 5812; x_wconf 78' lang='lat' dir='ltr'><strong>aliud</strong></span> <span class='ocrx_word' id='word_1_749' title='bbox 965 5761 1133 5815; x_wconf 88' lang='lat' dir='ltr'><strong>voluit</strong></span> <span class='ocrx_word' id='word_1_750' title='bbox 1164 5760 1458 5829; x_wconf 84' lang='lat' dir='ltr'><strong>Eusebius,</strong></span> <span class='ocrx_word' id='word_1_751' title='bbox 1483 5779 1648 5831; x_wconf 85' lang='lat' dir='ltr'><strong>quam</strong></span> <span class='ocrx_word' id='word_1_752' title='bbox 1682 5766 1951 5833; x_wconf 80' lang='lat' dir='ltr'><strong>lgnatium</strong></span> 
     </span>
    </p>
   </div>
   <div class='ocr_carea' id='block_1_106' title="bbox 2059 4563 3670 4632">
    <p class='ocr_par' dir='ltr' id='par_1_106' title="bbox 2059 4563 3670 4632">
     <span class='ocr_line' id='line_1_106' title="bbox 2059 4563 3670 4632; baseline -0.001 -12"><span class='ocrx_word' id='word_1_753' title='bbox 2059 4576 2240 4621; x_wconf 90' lang='lat' dir='ltr'><strong>autem</strong></span> <span class='ocrx_word' id='word_1_754' title='bbox 2274 4581 2341 4620; x_wconf 82' lang='lat' dir='ltr'><strong>ex</strong></span> <span class='ocrx_word' id='word_1_755' title='bbox 2370 4580 2434 4619; x_wconf 85' lang='lat' dir='ltr'><strong>ea</strong></span> <span class='ocrx_word' id='word_1_756' title='bbox 2469 4578 2651 4619; x_wconf 91' lang='lat' dir='ltr'><strong>rerum</strong></span> <span class='ocrx_word' id='word_1_757' title='bbox 2705 4563 2957 4629; x_wconf 91' lang='lat' dir='ltr'><strong>scientia,</strong></span> <span class='ocrx_word' id='word_1_758' title='bbox 2994 4578 3122 4632; x_wconf 89' lang='lat' dir='ltr'><strong>qua,</strong></span> <span class='ocrx_word' id='word_1_759' title='bbox 3154 4573 3456 4631; x_wconf 88' lang='lat' dir='ltr'><strong>antequam</strong></span> <span class='ocrx_word' id='word_1_760' title='bbox 3491 4563 3670 4619; x_wconf 85' lang='lat' dir='ltr'><strong>Chri-</strong></span> 
     </span>
    </p>
   </div>
   <div class='ocr_carea' id='block_1_107' title="bbox 2058 4655 3675 4726">
    <p class='ocr_par' dir='ltr' id='par_1_107' title="bbox 2058 4655 3675 4726">
     <span class='ocr_line' id='line_1_107' title="bbox 2058 4655 3675 4726; baseline 0.001 -15"><span class='ocrx_word' id='word_1_761' title='bbox 2058 4657 2227 4711; x_wconf 89' lang='lat' dir='ltr'><strong>stiani</strong></span> <span class='ocrx_word' id='word_1_762' title='bbox 2275 4657 2509 4723; x_wconf 81' lang='lat' dir='ltr'><strong>tierent,</strong></span> <span class='ocrx_word' id='word_1_763' title='bbox 2563 4656 2777 4726; x_wconf 69' lang='lat' dir='ltr'><strong>praediti</strong></span> <span class='ocrx_word' id='word_1_764' title='bbox 2832 4655 3091 4719; x_wconf 89' lang='lat' dir='ltr'><strong>fuerant,</strong></span> <span class='ocrx_word' id='word_1_765' title='bbox 3142 4657 3546 4725; x_wconf 68' lang='lat' dir='ltr'><strong>praestiterunt,</strong></span> <span class='ocrx_word' id='word_1_766' title='bbox 3604 4670 3675 4713; x_wconf 80' lang='lat' dir='ltr'><strong>ut</strong></span> 
     </span>
    </p>
   </div>
   <div class='ocr_carea' id='block_1_108' title="bbox 2060 4735 3673 4819">
    <p class='ocr_par' dir='ltr' id='par_1_108' title="bbox 2060 4735 3673 4819">
     <span class='ocr_line' id='line_1_108' title="bbox 2060 4735 3673 4819; baseline 0.001 -16"><span class='ocrx_word' id='word_1_767' title='bbox 2060 4749 2432 4804; x_wconf 87' lang='lat' dir='ltr'><strong>Tertullianus</strong></span> <span class='ocrx_word' id='word_1_768' title='bbox 2464 4735 2740 4804; x_wconf 82' lang='lat' dir='ltr'><strong>observat.</strong></span> <span class='ocrx_word' id='word_1_769' title='bbox 2791 4746 3033 4818; x_wconf 87' lang='lat' dir='ltr'><strong>lgnatius</strong></span> <span class='ocrx_word' id='word_1_770' title='bbox 3065 4747 3155 4800; x_wconf 91' lang='lat' dir='ltr'><strong>diu</strong></span> <span class='ocrx_word' id='word_1_771' title='bbox 3199 4748 3316 4817; x_wconf 90' lang='lat' dir='ltr'><strong>jam</strong></span> <span class='ocrx_word' id='word_1_772' title='bbox 3354 4750 3673 4819; x_wconf 84' lang='lat' dir='ltr'><strong>episcopus</strong></span> 
     </span>
    </p>
   </div>
   <div class='ocr_carea' id='block_1_109' title="bbox 2060 4839 3674 4909">
    <p class='ocr_par' dir='ltr' id='par_1_109' title="bbox 2060 4839 3674 4909">
     <span class='ocr_line' id='line_1_109' title="bbox 2060 4839 3674 4909; baseline 0.002 -15"><span class='ocrx_word' id='word_1_773' title='bbox 2060 4839 2277 4905; x_wconf 91' lang='lat' dir='ltr'><strong>fuerat,</strong></span> <span class='ocrx_word' id='word_1_774' title='bbox 2327 4850 2381 4895; x_wconf 90' lang='lat' dir='ltr'><strong>ct</strong></span> <span class='ocrx_word' id='word_1_775' title='bbox 2418 4840 2793 4895; x_wconf 90' lang='lat' dir='ltr'><strong>Christianam</strong></span> <span class='ocrx_word' id='word_1_776' title='bbox 2851 4840 3171 4909; x_wconf 86' lang='lat' dir='ltr'><strong>religionem</strong></span> <span class='ocrx_word' id='word_1_777' title='bbox 3231 4849 3348 4893; x_wconf 90' lang='lat' dir='ltr'><strong>tum</strong></span> <span class='ocrx_word' id='word_1_778' title='bbox 3409 4842 3674 4909; x_wconf 82' lang='lat' dir='ltr'><strong>primum</strong></span> 
     </span>
    </p>
   </div>
   <div class='ocr_carea' id='block_1_110' title="bbox 2058 4932 3674 5003">
    <p class='ocr_par' dir='ltr' id='par_1_110' title="bbox 2058 4932 3674 5003">
     <span class='ocr_line' id='line_1_110' title="bbox 2058 4932 3674 5003; baseline 0.001 -16"><span class='ocrx_word' id='word_1_779' title='bbox 2058 4943 2376 5003; x_wconf 89' lang='lat' dir='ltr'><strong>susceperat</strong></span> <span class='ocrx_word' id='word_1_780' title='bbox 2409 4975 2423 4999; x_wconf 95' lang='lat'><strong>,</strong></span> <span class='ocrx_word' id='word_1_781' title='bbox 2458 4949 2582 4988; x_wconf 89' lang='lat' dir='ltr'><strong>cum</strong></span> <span class='ocrx_word' id='word_1_782' title='bbox 2618 4932 2876 5003; x_wconf 88' lang='lat' dir='ltr'><strong>perpauci</strong></span> <span class='ocrx_word' id='word_1_783' title='bbox 2910 4948 2976 4987; x_wconf 82' lang='lat' dir='ltr'><strong>ex</strong></span> <span class='ocrx_word' id='word_1_784' title='bbox 3000 4933 3257 5003; x_wconf 80' lang='lat' dir='ltr'><strong>gentibus</strong></span> <span class='ocrx_word' id='word_1_785' title='bbox 3291 4934 3447 4987; x_wconf 92' lang='lat' dir='ltr'><strong>docti</strong></span> <span class='ocrx_word' id='word_1_786' title='bbox 3492 4933 3674 4988; x_wconf 84' lang='lat' dir='ltr'><strong>Chri-</strong></span> 
     </span>
    </p>
   </div>
   <div class='ocr_carea' id='block_1_111' title="bbox 2060 5026 3674 5096">
    <p class='ocr_par' dir='ltr' id='par_1_111' title="bbox 2060 5026 3674 5096">
     <span class='ocr_line' id='line_1_111' title="bbox 2060 5026 3674 5096; baseline 0.003 -17"><span class='ocrx_word' id='word_1_787' title='bbox 2060 5026 2225 5079; x_wconf 91' lang='lat' dir='ltr'><strong>stiani</strong></span> <span class='ocrx_word' id='word_1_788' title='bbox 2261 5026 2387 5080; x_wconf 87' lang='lat' dir='ltr'><strong>facti</strong></span> <span class='ocrx_word' id='word_1_789' title='bbox 2421 5036 2580 5091; x_wconf 88' lang='lat' dir='ltr'><strong>sunt;</strong></span> <span class='ocrx_word' id='word_1_790' title='bbox 2618 5026 2671 5079; x_wconf 89' lang='lat' dir='ltr'><strong>in</strong></span> <span class='ocrx_word' id='word_1_791' title='bbox 2707 5042 2773 5081; x_wconf 90' lang='lat' dir='ltr'><strong>eo</strong></span> <span class='ocrx_word' id='word_1_792' title='bbox 2815 5026 2980 5096; x_wconf 86' lang='lat' dir='ltr'><strong>igitur</strong></span> <span class='ocrx_word' id='word_1_793' title='bbox 3008 5026 3376 5095; x_wconf 86' lang='lat' dir='ltr'><strong>perspicimus</strong></span> <span class='ocrx_word' id='word_1_794' title='bbox 3407 5030 3674 5084; x_wconf 80' lang='lat' dir='ltr'><strong>animam</strong></span> 
     </span>
    </p>
   </div>
   <div class='ocr_carea' id='block_1_112' title="bbox 2056 5117 3676 5186">
    <p class='ocr_par' dir='ltr' id='par_1_112' title="bbox 2056 5117 3676 5186">
     <span class='ocr_line' id='line_1_112' title="bbox 2056 5117 3676 5186; baseline 0.004 -16"><span class='ocrx_word' id='word_1_795' title='bbox 2056 5132 2193 5186; x_wconf 92' lang='lat' dir='ltr'><strong>pure</strong></span> <span class='ocrx_word' id='word_1_796' title='bbox 2242 5117 2649 5184; x_wconf 89' lang='lat' dir='ltr'><strong>Christianam,</strong></span> <span class='ocrx_word' id='word_1_797' title='bbox 2728 5136 2746 5169; x_wconf 72' lang='grc' dir='ltr'><strong>ι</strong></span> <span class='ocrx_word' id='word_1_798' title='bbox 2778 5134 2886 5175; x_wconf 89' lang='lat' dir='ltr'><strong>non</strong></span> <span class='ocrx_word' id='word_1_799' title='bbox 2918 5118 3125 5173; x_wconf 88' lang='lat' dir='ltr'><strong>scholis</strong></span> <span class='ocrx_word' id='word_1_800' title='bbox 3164 5118 3488 5185; x_wconf 89' lang='lat' dir='ltr'><strong>formatam,</strong></span> <span class='ocrx_word' id='word_1_801' title='bbox 3540 5135 3676 5176; x_wconf 82' lang='lat' dir='ltr'><strong>non</strong></span> 
     </span>
    </p>
   </div>
   <div class='ocr_carea' id='block_1_113' title="bbox 2054 5211 3679 5283">
    <p class='ocr_par' dir='ltr' id='par_1_113' title="bbox 2054 5211 3679 5283">
     <span class='ocr_line' id='line_1_113' title="bbox 2054 5211 3679 5283; baseline 0.004 -17"><span class='ocrx_word' id='word_1_802' title='bbox 2054 5211 2399 5266; x_wconf 87' lang='lat' dir='ltr'><strong>bibliothecis</strong></span> <span class='ocrx_word' id='word_1_803' title='bbox 2420 5213 2799 5277; x_wconf 80' lang='lat' dir='ltr'><strong>exercitatam,</strong></span> <span class='ocrx_word' id='word_1_804' title='bbox 2814 5229 2921 5267; x_wconf 93' lang='lat' dir='ltr'><strong>non</strong></span> <span class='ocrx_word' id='word_1_805' title='bbox 2946 5212 3244 5267; x_wconf 86' lang='lat' dir='ltr'><strong>academiis</strong></span> <span class='ocrx_word' id='word_1_806' title='bbox 3267 5222 3322 5267; x_wconf 93' lang='lat' dir='ltr'><strong>et</strong></span> <span class='ocrx_word' id='word_1_807' title='bbox 3343 5215 3679 5283; x_wconf 85' lang='lat' dir='ltr'><strong>porticibus</strong></span> 
     </span>
    </p>
   </div>
   <div class='ocr_carea' id='block_1_114' title="bbox 2055 5303 3679 5377">
    <p class='ocr_par' dir='ltr' id='par_1_114' title="bbox 2055 5303 3679 5377">
     <span class='ocr_line' id='line_1_114' title="bbox 2055 5303 3679 5377; baseline 0.006 -21"><span class='ocrx_word' id='word_1_808' title='bbox 2055 5303 2254 5358; x_wconf 86' lang='lat' dir='ltr'><strong>Atticis</strong></span> <span class='ocrx_word' id='word_1_809' title='bbox 2286 5313 2522 5373; x_wconf 89' lang='lat' dir='ltr'><strong>pastam.</strong></span> <span class='ocrx_word' id='word_1_810' title='bbox 2556 5324 2575 5357; x_wconf 76' lang='grc' dir='ltr'><strong>ι</strong></span> <span class='ocrx_word' id='word_1_811' title='bbox 2628 5304 2687 5358; x_wconf 88' lang='lat' dir='ltr'><strong>Si</strong></span> <span class='ocrx_word' id='word_1_812' title='bbox 2728 5315 2943 5376; x_wconf 88' lang='lat' dir='ltr'><strong>gentem</strong></span> <span class='ocrx_word' id='word_1_813' title='bbox 2993 5314 3049 5359; x_wconf 89' lang='lat' dir='ltr'><strong>et</strong></span> <span class='ocrx_word' id='word_1_814' title='bbox 3085 5305 3379 5360; x_wconf 87' lang='lat' dir='ltr'><strong>ecclesiam</strong></span> <span class='ocrx_word' id='word_1_815' title='bbox 3434 5318 3679 5377; x_wconf 80' lang='lat' dir='ltr'><strong>spectes</strong></span> 
     </span>
    </p>
   </div>
   <div class='ocr_carea' id='block_1_115' title="bbox 2057 5395 3677 5472">
    <p class='ocr_par' dir='ltr' id='par_1_115' title="bbox 2057 5395 3677 5472">
     <span class='ocr_line' id='line_1_115' title="bbox 2057 5395 3677 5472; baseline 0.004 -22"><span class='ocrx_word' id='word_1_816' title='bbox 2057 5396 2145 5451; x_wconf 91' lang='lat' dir='ltr'><strong>cui</strong></span> <span class='ocrx_word' id='word_1_817' title='bbox 2174 5395 2413 5464; x_wconf 67' lang='lat' dir='ltr'><strong>praefuit,</strong></span> <span class='ocrx_word' id='word_1_818' title='bbox 2456 5396 2581 5451; x_wconf 83' lang='lat' dir='ltr'><strong>viro</strong></span> <span class='ocrx_word' id='word_1_819' title='bbox 2630 5398 2775 5467; x_wconf 91' lang='lat' dir='ltr'><strong>apud</strong></span> <span class='ocrx_word' id='word_1_820' title='bbox 2828 5397 2999 5469; x_wconf 89' lang='lat' dir='ltr'><strong>Syros</strong></span> <span class='ocrx_word' id='word_1_821' title='bbox 3036 5406 3117 5451; x_wconf 90' lang='lat' dir='ltr'><strong>tot</strong></span> <span class='ocrx_word' id='word_1_822' title='bbox 3169 5414 3352 5454; x_wconf 92' lang='lat' dir='ltr'><strong>annos</strong></span> <span class='ocrx_word' id='word_1_823' title='bbox 3406 5411 3677 5472; x_wconf 85' lang='lat' dir='ltr'><strong>morato,</strong></span> 
     </span>
    </p>
   </div>
   <div class='ocr_carea' id='block_1_116' title="bbox 2056 5489 3681 5561">
    <p class='ocr_par' dir='ltr' id='par_1_116' title="bbox 2056 5489 3681 5561">
     <span class='ocr_line' id='line_1_116' title="bbox 2056 5489 3681 5561; baseline 0.006 -18"><span class='ocrx_word' id='word_1_824' title='bbox 2056 5489 2102 5544; x_wconf 87' lang='lat' dir='ltr'><strong>si</strong></span> <span class='ocrx_word' id='word_1_825' title='bbox 2132 5504 2242 5542; x_wconf 94' lang='lat' dir='ltr'><strong>non</strong></span> <span class='ocrx_word' id='word_1_826' title='bbox 2287 5498 2340 5543; x_wconf 91' lang='lat' dir='ltr'><strong>et</strong></span> <span class='ocrx_word' id='word_1_827' title='bbox 2370 5490 2514 5559; x_wconf 88' lang='lat' dir='ltr'><strong>apud</strong></span> <span class='ocrx_word' id='word_1_828' title='bbox 2562 5490 2786 5546; x_wconf 87' lang='lat' dir='ltr'><strong>eosdem</strong></span> <span class='ocrx_word' id='word_1_829' title='bbox 2836 5500 2967 5545; x_wconf 90' lang='lat' dir='ltr'><strong>nato</strong></span> <span class='ocrx_word' id='word_1_830' title='bbox 3007 5490 3375 5561; x_wconf 89' lang='lat' dir='ltr'><strong>educatoque,</strong></span> <span class='ocrx_word' id='word_1_831' title='bbox 3408 5495 3681 5553; x_wconf 79' lang='lat' dir='ltr'><strong>maxime</strong></span> 
     </span>
    </p>
   </div>
   <div class='ocr_carea' id='block_1_117' title="bbox 2054 5583 3683 5653">
    <p class='ocr_par' dir='ltr' id='par_1_117' title="bbox 2054 5583 3683 5653">
     <span class='ocr_line' id='line_1_117' title="bbox 2054 5583 3683 5653; baseline 0.004 -16"><span class='ocrx_word' id='word_1_832' title='bbox 2054 5583 2311 5638; x_wconf 88' lang='lat' dir='ltr'><strong>convenit</strong></span> <span class='ocrx_word' id='word_1_833' title='bbox 2341 5584 2579 5653; x_wconf 90' lang='lat' dir='ltr'><strong>plurium</strong></span> <span class='ocrx_word' id='word_1_834' title='bbox 2610 5584 2976 5653; x_wconf 88' lang='lat' dir='ltr'><strong>epithetorum</strong></span> <span class='ocrx_word' id='word_1_835' title='bbox 3009 5584 3314 5653; x_wconf 85' lang='lat' dir='ltr'><strong>congestio,</strong></span> <span class='ocrx_word' id='word_1_836' title='bbox 3346 5593 3409 5638; x_wconf 94' lang='lat' dir='ltr'><strong>ut</strong></span> <span class='ocrx_word' id='word_1_837' title='bbox 3440 5592 3497 5639; x_wconf 91' lang='lat' dir='ltr'><strong>et</strong></span> <span class='ocrx_word' id='word_1_838' title='bbox 3527 5586 3683 5643; x_wconf 83' lang='lat' dir='ltr'><strong>lou-</strong></span> 
     </span>
    </p>
   </div>
   <div class='ocr_carea' id='block_1_118' title="bbox 2056 5676 3685 5756">
    <p class='ocr_par' dir='ltr' id='par_1_118' title="bbox 2056 5676 3685 5756">
     <span class='ocr_line' id='line_1_118' title="bbox 2056 5676 3685 5756; baseline 0.005 -27"><span class='ocrx_word' id='word_1_839' title='bbox 2056 5676 2407 5745; x_wconf 85' lang='lat' dir='ltr'><strong>gissimarum</strong></span> <span class='ocrx_word' id='word_1_840' title='bbox 2455 5677 2512 5731; x_wconf 92' lang='lat' dir='ltr'><strong>S.</strong></span> <span class='ocrx_word' id='word_1_841' title='bbox 2534 5676 2690 5731; x_wconf 87' lang='lat' dir='ltr'><strong>Pauli</strong></span> <span class='ocrx_word' id='word_1_842' title='bbox 2724 5676 3107 5746; x_wconf 70' lang='lat' dir='ltr'><strong>praefationum</strong></span> <span class='ocrx_word' id='word_1_843' title='bbox 3143 5679 3409 5736; x_wconf 87' lang='lat' dir='ltr'><strong>imitatio.</strong></span> <span class='ocrx_word' id='word_1_844' title='bbox 3444 5680 3685 5756; x_wconf 76' lang='lat' dir='ltr'><strong>Marty-</strong></span> 
     </span>
    </p>
   </div>
   <div class='ocr_carea' id='block_1_119' title="bbox 2054 5768 3684 5848">
    <p class='ocr_par' dir='ltr' id='par_1_119' title="bbox 2054 5768 3684 5848">
     <span class='ocr_line' id='line_1_119' title="bbox 2054 5768 3684 5848; baseline 0.009 -28"><span class='ocrx_word' id='word_1_845' title='bbox 2054 5782 2171 5821; x_wconf 83' lang='lat' dir='ltr'><strong>rem</strong></span> <span class='ocrx_word' id='word_1_846' title='bbox 2224 5768 2293 5823; x_wconf 86' lang='lat' dir='ltr'><strong>ab</strong></span> <span class='ocrx_word' id='word_1_847' title='bbox 2338 5769 2457 5839; x_wconf 87' lang='lat' dir='ltr'><strong>ipso</strong></span> <span class='ocrx_word' id='word_1_848' title='bbox 2501 5768 2831 5839; x_wconf 88' lang='lat' dir='ltr'><strong>imperatore</strong></span> <span class='ocrx_word' id='word_1_849' title='bbox 2878 5768 3129 5825; x_wconf 80' lang='lat' dir='ltr'><strong>Romano</strong></span> <span class='ocrx_word' id='word_1_850' title='bbox 3182 5774 3684 5848; x_wconf 73' lang='lat' dir='ltr'><strong>condemnatum,</strong></span> 
     </span>
    </p>
   </div>
  </div>
