3824 6198
161 230 247 285 2'17
812 224 860 281 J.
904 224 1265 289 PEARSONII
1310 225 1631 282 VINDICIAZ
1666 226 2085 285 lCNATlAN/E.
2114 231 2379 289 -—PARS
2417 229 2482 290 11.

3299 238 3409 295 278

160 368 187 409 κ
213 346 485 418 metropoli
523 344 709 418 Syria
733 348 1019 403 Antiochta
1054 348 1119 403 ad
1158 349 1310 403 orbis
1339 348 1620 403 dominam
1663 350 1715 403 in
1746 355 1794 411 Α
1824 351 1923 407 xit.
1956 350 2220 424 Origenes
2266 353 2430 426 igitur
2452 352 2651 409 Plotini
2686 354 3097 427 condiscipulus
3129 356 3407 413 Adaman-

161 440 369 496 viaculis
396 439 872 505 circumductum,
916 440 1118 495 factum
1155 441 1365 510 angelis
1404 448 1459 495 et
1482 441 1720 495 homini-

162 535 247 589 bus
291 533 705 603 spectaculum,
741 535 973 589 maxime
1024 535 1329 590 decuerunt
1386 535 1552 590 ardor
1609 536 1718 602 ille,

161 636 299 698 atque
322 625 664 679 desiderium
698 640 800 696 pro
821 625 1130 681 Christiana
1162 626 1425 697 religione
1454 626 1716 696 patiendi,

152 731 422 786 morasque
451 731 653 772 omnes
687 726 855 787 atque
896 717 1177 773 obstacula
1209 717 1525 772 removendi
1558 716 1719 773 fortis

161 818 207 867 et
230 818 474 863 constans
504 809 756 879 cupido;
796 826 919 879 qua
946 826 1069 866 cum
1106 810 1161 865 in
1190 810 1334 874 aliis,
1375 817 1490 863 tum
1537 810 1590 864 in
1626 811 1717 864 illa

158 902 425 973 praseer
456 900 525 955 ad
555 900 850 957 Romanos
881 902 1110 973 epistola
1138 901 1323 957 verbis
1353 901 1443 973 pio
1506 901 1718 960 fervore

156 993 457 1063 plenissimis
489 995 803 1063 expressit.

209 1084 617 1141 Concedeudum
650 1085 878 1156 quidem
917 1094 996 1140 est
1028 1086 1168 1140 nihil
1203 1086 1409 1142 certius
1446 1094 1543 1141 aut
1582 1086 1716 1143 soli-

153 1176 253 1229 dius
290 1176 552 1245 scriptum
605 1176 864 1246 aliquod,
914 1186 1008 1232 aut
1043 1179 1417 1233 narrationem
1465 1180 1713 1249 spuriam

152 1268 367 1338 probare,
411 1284 583 1339 quam
634 1270 804 1325 ﬁdem
856 1280 1158 1340 temporum
1201 1271 1479 1327 violatam.
1526 1270 1717 1327 Tradit

153 1361 367 1416 Laertius
407 1362 815 1432 Anaxagoram
885 1364 1270 1434 philosophum
1314 1365 1433 1419 viso
1482 1364 1713 1420 Mausoli

150 1456 367 1526 sepulcro
398 1456 546 1510 hanc
582 1457 923 1511 sententiam
959 1459 1252 1527 protulisse
1280 1474 1293 1510 ε
1326 1458 1510 1528 Τάφος
1544 1457 1711 1511 πολυ-

148 1549 278 1619 τελὴς
304 1542 679 1619 λελιθωμένης
703 1550 857 1603 ἐστὶν
879 1551 1067 1615 οὐσίας
1102 1552 1339 1605 εἴδωλον.
1376 1550 1495 1607 Νοη
1526 1553 1709 1607 credo.

148 1642 461 1713 Anaxagoras
490 1642 647 1697 enim
679 1643 774 1697 ille
814 1644 1013 1715 olymp.
1042 1661 1287 1699 Lxxxvm
1315 1658 1567 1700 mortuus
1594 1652 1706 1712 est;

1824 445 1936 500 tius
1966 454 2156 501 noster
2185 462 2307 502 esse
2340 463 2448 502 non
2482 447 2676 519 potuit.
2711 446 3067 505 Susarioncm
3097 459 3151 505 et
3191 448 3404 524 Sanny-

1823 536 2033 591 rionem
2083 539 2336 593 eumdem
2366 549 2581 609 poetam
2621 539 2792 596 fuisse
2818 541 3008 596 volunt
3047 542 3316 597 nonnulli.
3349 551 3404 597 et

1823 629 2095 700 pracipue
2128 630 2397 686 Seldenus
2441 632 2508 687 ad
2541 630 2813 687 Marmora
2836 632 3245 689 Arundelliana.
3288 633 3403 705 Ego

1821 731 2004 777 autem
2045 734 2103 778 ut
2132 724 2350 779 credam
2401 726 2646 780 animum
2698 725 2955 781 inducere
3004 741 3115 781 non
3150 742 3399 797 possum,

1821 829 1946 869 cum
1990 816 2130 870 ratio
2164 824 2472 887 temporum
2508 827 2790 889 repugnet.
2841 817 2978 873 Nam
3014 819 3243 876 Susario
3281 819 3399 876 lca-
3474 823 3481 829 '

1820 907 2021 963 riensis
2062 908 2274 978 primus
2310 910 2597 965 comoedia
2643 910 2893 966 inventor
2922 912 3065 982 apud
3095 912 3398 968 Athenien-

1819 1015 1909 1055 ses
1945 998 2082 1065 l'uit,
2113 1002 2349 1057 testibus
2377 1002 2657 1059 Clemente
2700 1004 3093 1071 Alexandrino,
3138 1004 3399 1061 Diomede

1818 1091 2175 1156 scholastice,
2216 1101 2272 1147 et
2294 1093 2463 1148 veteri
2504 1100 2731 1150 auctore
2792 1094 2846 1149 in
2882 1096 3164 1166 prommiis
3189 1096 3400 1151 Aristo-

1818 1180 1984 1250 phani
2030 1182 2291 1252 pralixis.
2334 1182 2476 1239 Ante
2521 1195 2700 1240 autem
2735 1184 3006 1241 Pisistrati
3054 1189 3395 1259 tyrannidem

1819 1271 2175 1329 Susarioncm
2235 1275 2383 1331 hunc
2444 1279 2769 1333 comoediam
2840 1280 3115 1337 invenisse
3161 1297 3229 1338 ex
3278 1281 3397 1352 ipso

1816 1381 2093 1421 marmore
2119 1366 2515 1423 Arundelliano
2544 1378 2782 1426 constat.
2844 1372 2915 1425 At
2941 1371 3232 1444 Sannyrio,
3263 1383 3399 1429 teste

1818 1455 1989 1514 Suida
2036 1456 2101 1514 V.
2126 1458 2395 1530 Διοκλῆς,
2444 1471 2560 1515 ιιιιιι
2599 1460 2771 1517 Diocli
2822 1472 2935 1518 tum
2968 1463 3216 1535 Philyllio
3268 1480 3397 1537 syn-

1815 1550 2060 1607 chronus
2109 1551 2213 1608 fuit
2249 1570 2261 1604 :
2304 1562 2360 1608 et
2400 1570 2589 1609 revera
2638 1556 2773 1610 vixit
2807 1566 2965 1611 atate
2987 1557 3395 1628 Aristophanis.

1813 1642 1975 1697 Certe
2032 1656 2155 1714 post
2203 1645 2403 1699 editam
2445 1645 2724 1717 Euripidis
2776 1647 3098 1718 tragoediam
3159 1647 3401 1704 Orestem

148 1733 339 1790 Mausoli
387 1745 579 1790 autem
633 1737 955 1807 sepulcrum
1003 1747 1129 1793 ante
1176 1740 1378 1810 olymp.
1427 1755 1535 1794 cvu
1583 1754 1713 1793 con-
1743 1732 1786 1787 Β
1815 1735 2034 1805 scripsit
2066 1752 2080 1788 ;
2122 1745 2340 1792 exstant
2375 1739 2521 1792 enim
2548 1739 2668 1808 ejus
2695 1755 2888 1795 versus
2914 1756 2981 1795 ex
3011 1741 3182 1810 ipsius
3212 1741 3397 1795 Danae

146 1826 285 1881 ditum
326 1844 430 1883 non
466 1840 575 1886 est.
628 1830 743 1884 Aut
795 1829 960 1897 igitur
991 1830 1106 1884 hac
1131 1832 1293 1885 verba
1339 1830 1706 1901 philosophus

147 1919 216 1973 ille
242 1936 511 1989 nunquam
542 1921 715 1987 dixit,
742 1929 841 1975 aut
875 1922 981 1977 alia
1020 1933 1167 1977 certe
1206 1924 1502 1979 occasione
1530 1923 1704 1989 dixit;

145 2009 441 2066 Mausoleum
493 2014 650 2069 enim
706 2030 990 2084 nunquam
1042 2015 1180 2069 vidit
1222 2031 1236 2067 :
1282 2017 1430 2087 quod
1465 2016 1535 2073 ab
1574 2016 1706 2072 illu—

145 2105 434 2160 stratoribus
490 2104 711 2161 Laertii
768 2107 1033 2173 nondum,
1085 2109 1303 2179 opinor,
1351 2110 1705 2165 observatum

142 2205 223 2249 est.
268 2196 338 2251 lta
376 2198 609 2268 quidem
645 2197 1075 2254 Stesimhrotum
1126 2201 1348 2274 sugillat
1377 2200 1708 2257 Plutarchus

142 2290 186 2345 in
208 2289 313 2345 Vita
338 2290 771 2359 Themistoclis,
818 2293 964 2363 quod
993 2308 1120 2348 eum
1165 2293 1455 2350 tradiderit
1481 2298 1705 2350 Anaxa-

144 2397 259 2452 gora
286 2383 622 2454 discipulum
676 2382 875 2448 fuisse,
918 2385 1018 2438 οὑκ
1050 2380 1109 2466 εὖ
1150 2386 1261 2438 τῶν
1299 2386 1508 2458 χρόνων
1541 2385 1709 2439 ἀπτό-

144 2491 291 2543 μενος.
332 2474 404 2529 lta
446 2476 517 2531 de
567 2484 761 2531 morte
803 2475 1087 2546 Eupolidis
1133 2478 1524 2534 historicorum
1575 2494 1704 2533 con-

141 2580 327 2621 sensum
359 2568 655 2637 diligentia
693 2567 1076 2624 Eratosthenis
1113 2570 1415 2625 refutatum
1452 2584 1577 2625 esse
1609 2569 1708 2623 ob-

140 2669 288 2714 servat
315 2660 508 2715 Cieero
542 2661 619 2715 ad
651 2660 919 2726 Atticum,
951 2661 1045 2715 lib.
1075 2676 1166 2728 v1,
1214 2662 1375 2731 epist.
1413 2662 1436 2715 l
1473 2679 1486 2715 :
1519 2679 1538 2714 ι
1570 2659 1707 2727 Quis

137 2751 256 2805 enim
295 2768 401 2807 non
441 2754 597 2809 dixit
640 2752 882 2807 Εὔπολιν
914 2753 1007 2807 τὸν
1037 2754 1138 2824 τῆς
1171 2754 1406 2825 ἀρχαίας
1449 2752 1519 2808 ab
1555 2752 1707 2807 Alci-

138 2843 267 2900 biade
288 2847 590 2918 navigante
614 2847 671 2901 in
701 2846 947 2901 Siciliam
977 2846 1247 2916 dejectum
1283 2860 1405 2900 esse
1437 2846 1489 2899 in
1520 2843 1708 2899 mare?

136 2932 390 3005 Redarguit
428 2939 878 3004 Eratosthenes,
914 2938 1072 2993 all‘ert
1110 2938 1257 2991 enim
1288 2951 1428 3008 quas
1462 2937 1553 2992 ille
1583 2943 1707 3006 post

136 3026 178 3082 id
216 3038 415 3101 tempus
464 3031 699 3087 fabulas
749 3030 1021 3085 docuerit.
1058 3049 1077 3082 ι
1134 3028 1336 3083 Narrat
1386 3027 1704 3083 llolstenius

134 3117 497 3193 Porphyrium,
544 3139 681 3179 cum
730 3122 909 3192 prima
957 3123 1261 3177 litterarum
1309 3137 1376 3175 ac
1423 3120 1703 3190 sapientia

134 3210 455 3270 luridamenta
484 3215 864 3287 percepisset,
894 3230 1123 3285 puerum
1173 3212 1351 3269 ferme
1380 3213 1559 3268 adhuc
1580 3211 1705 3267 Ori-

133 3308 253 3373 genis
290 3308 429 3363 fama
456 3309 717 3364 excitum
744 3307 1131 3362 Alexandriam
1156 3307 1223 3361 ad
1246 3307 1554 3363 doctrinam
1584 3308 1705 3375 ejus

133 3396 502 3467 percipiendam
568 3398 885 3469 profectum
922 3397 1112 3454 fuisse.
1160 3396 1280 3453 Non
1332 3401 1533 3464 credo;
1574 3398 1705 3453 licet

133 3488 220 3543 hoc
258 3505 318 3544 ex
356 3490 613 3548 Eusebio
651 3498 711 3546 et
742 3488 1035 3546 Vincentio
1085 3488 1371 3544 Lirinense
1412 3488 1702 3560 Porphyrii

130 3584 422 3639 auctoritate
452 3601 522 3640 se
560 3583 878 3640 ostendisse
920 3590 1094 3653 putet.
1126 3580 1448 3638 Vincentius
1482 3583 1702 3652 quidem

131 3674 244 3729 idem
272 3677 463 3743 tradit,
503 3675 606 3731 sed
639 3690 712 3731 ex
760 3677 903 3731 male
952 3674 1193 3746 acceptis
1222 3674 1513 3749 Porphyrii
1560 3673 1703 3744 apud

129 3764 389 3824 Eusebium
429 3770 655 3835 verbis,
681 3785 809 3840 qua
838 3785 963 3825 eum
987 3768 1381 3824 Alexandriam
1427 3770 1495 3825 ad
1526 3769 1706 3823 viden-

127 3860 233 3913 dum
271 3857 575 3932 Origenem
641 3858 953 3931 profectum
1007 3875 1130 3915 esse
1190 3859 1420 3915 minime
1471 3859 1701 3926 docent;

126 3958 305 4007 tantum
331 3954 484 4009 enim
523 3952 606 4007 ait
634 3972 648 4009 :
676 3947 749 4025 Ὦ
779 3952 936 4023 κάγὼ
967 3951 1165 4025 κομιδῆ
1188 3951 1307 4017 νέος
1337 3950 1414 4006 ὣν
1446 3951 1527 4006 ἔτι
1558 3952 1706 4007 ἐντε-

127 4046 325 4118 τύχηκα,
363 4069 384 4102 ι
413 4064 592 4121 quem
621 4062 730 4118 ego
750 4046 971 4117 juvenis
1002 4046 1183 4102 adhuc
1209 4046 1462 4102 conveni.
1499 4064 1517 4097 ι
1547 4044 1706 4101 Certe

126 4140 440 4199 Alexandria
508 4139 778 4211 Origenis
836 4138 1010 4193 nostri
1061 4138 1368 4209 discipulus
1417 4152 1541 4193 esse
1592 4152 1704 4191 non

126 4233 275 4300 potuit
311 4232 699 4305 Porphyrius,
748 4229 845 4300 qui
896 4230 949 4283 in
992 4229 1197 4286 ﬁnibus
1222 4228 1354 4301 Tyri
1399 4244 1547 4285 anno
1572 4229 1701 4284 Ale-

127 4324 287 4379 xandri
340 4324 545 4382 Severi
596 4321 820 4378 decimo
880 4329 1043 4376 natus
1092 4329 1208 4386 est;
1267 4319 1460 4375 eodem
1517 4328 1699 4374 autem

1811 1835 1923 1881 tum
1962 1830 2103 1899 apud
2127 1827 2421 1912 Euripidis,
2449 1838 2563 1884 tum
2604 1828 2988 1899 AristOphnnis
3020 1829 3391 1894 Scholiasten,

1807 1921 2014 1992 quibus
2059 1923 2301 1991 exagitat
2343 1922 2737 1995 Hegelochum,
2770 1923 3047 1994 Euripidis
3069 1926 3391 1998 ὑποκριτὴν,

1809 2015 1903 2084 qui
1932 2013 2178 2070 Orestem
2215 2030 2384 2086 agens
2414 2015 2743 2069 versiculum
2778 2016 2929 2070 illum
2952 2056 2968 2080 ,

1964 2150 2063 2205 Ἐκ
2102 2152 2379 2221 κυμάτων
2409 2152 2519 2223 γὰρ
2550 2152 2723 2220 αὖθις
2754 2154 2830 2208 αὗ
2864 2152 3075 2224 γαλήν’
3108 2154 3251 2223 ὁρῶ,

1811 2288 1954 2343 male
1984 2288 2452 2358 pronuntiaverat.
2504 2288 2701 2346 Plures
2745 2290 2913 2362 igitur
2936 2306 3100 2361 quam
3131 2291 3234 2346 MO
3261 2292 3391 2347 anni

1810 2384 1956 2439 inter
1986 2383 2345 2439 Susarionem
2373 2423 2388 2447 ,
2437 2384 2676 2455 primum
2731 2384 3016 2440 commdia
3044 2384 3187 2454 apud
3218 2384 3392 2441 Athe-

1812 2477 2032 2532 nienses
2088 2476 2432 2531 inventorem
2456 2516 2471 2543 ,
2515 2485 2571 2531 et
2606 2474 3034 2547 Sannyrionem,
3065 2474 3265 2531 veteris
3293 2490 3391 2531 co-

1814 2568 2027 2624 mmdia
2055 2568 2403 2638 scriptorem,
2453 2567 2902 2623 intercesserunt.
2958 2566 3185 2622 Susario
3227 2567 3394 2639 igitur

1806 2668 1862 2714 et
1888 2661 2163 2734 Sannyrio
2203 2662 2347 2717 idem
2379 2671 2535 2732 poeta
2567 2677 2692 2718 esse
2727 2678 2839 2717 non
2869 2663 3070 2733 potuit.
3119 2660 3184 2718 Et
3216 2662 3392 2716 miror

1808 2751 2057 2809 lsaacum
2103 2754 2492 2809 Casaubonum
2534 2755 2609 2811 ita
2654 2755 2831 2825 decipi
2876 2756 3154 2826 potuisse,
3192 2764 3252 2811 ut
3284 2756 3389 2812 ista

1808 2847 2072 2903 scriberet
2097 2845 2165 2901 ad
2189 2846 2433 2902 Athenai
2464 2848 2556 2901 lib.
2584 2863 2679 2913 vn,
2712 2863 2833 2918 cap.
2861 2848 2894 2904 9
2922 2866 2935 2903 :
2964 2867 2983 2899 ι
3017 2847 3133 2902 Non
3157 2848 3380 2903 memini

1808 2939 2022 2994 laudari
2070 2939 2201 2994 alibi
2250 2938 2303 2993 in
2355 2939 2440 2994 his
2483 2939 2643 2994 libris
2693 2940 3129 2995 vetustissimum
3172 2950 3390 3011 poetam

1811 3030 2211 3102 Sannyrionem
2267 3031 2374 3085 nisi
2439 3030 2523 3085 hic
2572 3030 2659 3084 ubi
2716 3030 2976 3085 scribitur
3022 3047 3035 3084 :
3084 3029 3392 3103 Σαννυρίων

1805 3122 1848 3175 δ’
1876 3125 1933 3176 ἐν
1961 3116 2187 3173 Γέλωτι
2234 3117 2301 3174 Ὦ
2328 3121 2561 3192 βατίδες,
2596 3115 2640 3175 ὦ
2660 3121 2914 3191 γλαύκων
2936 3121 3103 3193 κάρα.
3130 3123 3385 3193 Antiqua

1807 3216 2093 3270 comadia
2140 3224 2297 3283 poeta
2352 3214 2441 3269 hic
2486 3214 2590 3268 fuit
2638 3215 3092 3285 antiquissimus,
3150 3215 3216 3270 de
3256 3231 3389 3286 quo,

1805 3316 1861 3361 et
1889 3308 1992 3361 ista
2021 3306 2141 3376 ejus
2166 3306 2458 3369 comoedia,
2486 3306 2683 3377 legitur
2713 3306 2765 3360 in
2794 3306 3179 3377 Aristophanis
3212 3305 3389 3362 Scho~

1806 3400 1921 3453 liis:
1945 3399 2054 3451 Καὶ
2086 3399 2222 3469 αὑτὴ
2248 3398 2302 3450 δὲ
2334 3400 2366 3469 ἡ
2392 3398 2595 3452 παλαιὰ
2628 3400 2828 3469 ὲαυτῆς
2860 3399 3127 3471 διαφέρει,
3160 3399 3253 3454 καὶ
3281 3401 3393 3474 γὰρ

1804 3494 1854 3546 οί
1887 3494 1944 3546 ἐν
1968 3493 2188 3563 Ἀττικῇ
2223 3493 2437 3563 πρῶτον
2491 3493 2889 3563 συστησάμενοι
2941 3494 3003 3546 τὸ
3053 3492 3392 3563 ἐπιτήδευμα

1804 3591 1903 3661 τῆς
1936 3587 2224 3659 κωμῳδίας
2257 3582 2417 3658 (ἦσαν
2450 3585 2508 3639 δὲ
2541 3588 2591 3640 οί
2626 3586 2753 3659 περὶ
2787 3586 3153 3658 Σαννυρίωνα)
3190 3587 3285 3639 καὶ
3319 3585 3390 3639 τὰ

1806 3682 2074 3754 πρόσωπα
2106 3679 2326 3750 εἰσῆγον
2357 3679 2643 3743 ἀτάκτως,
2698 3677 2791 3732 καὶ
2829 3678 2988 3749 μόνος
3020 3673 3090 3750 ἦν
3123 3678 3296 3745 γέλως
3329 3678 3390 3732 τὸ

1806 3771 2580 3845 κατασκευαζόμενον.›Ντιιη
2645 3771 2827 3841 primo
2898 3771 3026 3826 alibi
3092 3770 3390 3826 Athenaus

1807 3866 2170 3940 Sannyrionis
2214 3865 2483 3930 meminit,
2519 3874 2574 3921 et
2610 3865 2853 3935 ejusdem
2884 3867 3047 3920 etiam
3094 3863 3316 3934 fabula,
3348 3864 3387 3919 l.

1796 3952 1905 4027 'xn,
1950 3976 2001 4015 c.
2029 3961 2129 4014 l3:
2170 3958 2304 4030 Περὶ
2337 3958 2395 4011 δὲ
2428 3958 2678 4030 Μελήτου
2713 3957 2878 4022 αὐτὸς
2929 3959 2958 4012 ὁ
2990 3956 3299 4029 Σαννυρίων
3331 3959 3393 4010 ὲν

1801 4051 2025 4105 Γέλωτι
2038 4046 2187 4115 λέγει
2219 4045 2393 4117 οὕτως
2422 4086 2437 4111 ,
2473 4047 2724 4117 Μέλητον
2756 4045 2846 4100 τὸν
2878 4046 2987 4101 ἀπὸ
3020 4048 3258 4119 Ληναίου
3304 4065 3392 4101 νε-

1803 4141 1956 4211 κρόν.
1996 4138 2127 4195 Dein
2161 4140 2215 4194 in
2246 4140 2430 4194 verbis
2457 4138 2782 4196 Scholiasta
2812 4148 2968 4211 putat
2998 4155 3186 4195 vocem
3213 4140 3389 4209 γέλως

1806 4230 2169 4304 Sannyrionis
2221 4230 2460 4286 fabulam
2511 4233 2805 4298 denotare,
2857 4248 2983 4286 cum
3036 4233 3173 4287 nihil
3240 4233 3390 4287 aliud

1805 4322 1896 4379 hic
1938 4323 2212 4393 signiticet
2240 4338 2405 4393 quam
2457 4324 2633 4379 risum
2683 4324 3024 4394 simpliciter,
3058 4338 3221 4393 quem
3268 4332 3392 4379 tan~

123 4431 241 4472 anno
290 4416 569 4491 Origenes
618 4413 953 4469 Alexandria
1012 4414 1207 4483 pulsus
1257 4422 1362 4468 est.
1440 4411 1703 4468 Scribunt
1734 4430 1777 4484 ι)
1809 4412 2094 4467 tummodo
2136 4412 2457 4481 spectabant
2486 4414 2648 4482 primi
2694 4414 3089 4468 commdiarum
3130 4414 3389 4479 editores,

123 4518 354 4575 praterea
399 4519 628 4565 veteres
663 4505 953 4577 Origenem
983 4507 1275 4579 quemdam
1300 4504 1471 4561 luisse
1501 4504 1700 4559 Plotini

122 4601 566 4673 condiscipulum,
603 4608 660 4655 et
695 4598 864 4655 simul
894 4614 1020 4654 cum
1052 4598 1299 4653 maximo
1328 4598 1421 4652 illo
1450 4597 1701 4667 philoso-

120 4691 210 4758 pho
250 4696 536 4750 audivisse
567 4690 928 4746 Amtnoninm
959 4706 1055 4760 per
1084 4690 1339 4746 undecim
1390 4688 1559 4744 ferme
1600 4703 1701 4743 an-

120 4796 202 4839 nos
232 4785 613 4843 Alexandria.
680 4782 842 4837 Hunc
886 4780 1181 4853 Origenem
1229 4790 1479 4837 nostrum
1527 4780 1700 4836 fuisse

118 4874 284 4930 volunt
308 4876 544 4940 eruditi,
583 4882 640 4929 et
667 4874 944 4944 pracipue
980 4872 1320 4930 Holstenius.
1353 4871 1474 4927 Non
1500 4872 1695 4939 credo;

120 4972 338 5037 tempora
389 4969 546 5025 enim
604 4982 718 5021 non
768 4966 955 5021 minus
992 4982 1159 5037 quam
1210 4966 1319 5021 alia
1366 4973 1694 5036 repugnant.

118 5053 344 5118 Plotinus
375 5079 488 5117 non
520 5061 667 5115 vidit
692 5060 1083 5115 Alexandriam
1124 5069 1252 5114 ante
1287 5075 1492 5113 annum
1526 5058 1698 5112 unde—

119 5149 292 5208 timum
320 5154 630 5211 Alexandri
654 5151 977 5217 Mammaea,
1004 5160 1067 5207 ut
1097 5159 1329 5208 testatur
1351 5150 1406 5206 in
1432 5150 1553 5221 ejus
1575 5150 1695 5204 Vita

118 5238 452 5318 Porphyrius,
494 5260 553 5303 et
594 5245 767 5316 paulo
798 5254 923 5313 post
952 5245 1249 5299 Ammonio
1277 5243 1598 5315 praceptori
1636 5257 1697 5298 se

120 5341 349 5411 tradidit,
400 5359 534 5400 cum
584 5342 705 5411 jam
753 5336 1016 5409 Origenes
1073 5348 1259 5395 noster
1304 5338 1695 5393 Alexandriam

118 5429 395 5504 relinquere
422 5442 667 5492 coactus
697 5440 868 5495 esset,
908 5446 1018 5502 quo
1060 5448 1341 5502 nunquam
1374 5440 1561 5502 postea
1608 5444 1697 5485 re-

118 5534 286 5582 versus
327 5538 429 5587 est.
488 5526 619 5583 Non
676 5524 848 5595 igitur
888 5524 979 5580 ille
1008 5525 1353 5581 Alexandria
1392 5524 1526 5591 fuit,
1566 5538 1691 5579 cum

118 5611 339 5679 Plotinus
387 5619 767 5678 Ammonium
820 5618 1064 5685 audivit,
1114 5618 1288 5673 multo
1339 5619 1523 5675 minus
1566 5632 1690 5671 cum

117 5705 332 5774 Plotinus
360 5716 534 5775 simul
585 5723 644 5770 et
669 5711 967 5768 Ammonio
1008 5720 1062 5767 et
1093 5710 1315 5782 Origeni
1355 5727 1458 5767 suo
1488 5709 1691 5767 valedi-

1803 4518 1944 4575 quos
1985 4512 2144 4558 vocat
2188 4506 2314 4567 τοὺς
2367 4504 2586 4575 πρῶτον
2626 4505 3069 4577 συστησαμένους
3101 4505 3162 4558 τὸ
3193 4505 3391 4578 ἐπιτή-

1799 4594 1974 4666 δευμα
2022 4595 2120 4665 τῆς
2152 4595 2463 4666 κωμῳδίας.
2517 4596 2764 4666 Denique
2806 4610 2914 4650 non
2963 4597 3093 4651 vidit
3132 4598 3390 4652 mendum

1800 4686 1969 4742 latere
2002 4687 2056 4742 in
2098 4687 2353 4754 nomine;
2408 4704 2535 4742 nam
2573 4704 2673 4759 pro
2717 4689 3065 4762 Σαννυρίωνα
3102 4690 3391 4762 legendum

1798 4793 1921 4834 esse
1955 4780 2304 4851 Σουσαρίωνα
2349 4789 2560 4835 certum
2593 4790 2715 4836 est:
2744 4791 2802 4836 ut
2835 4783 2996 4852 paulo
3024 4793 3148 4853 post
3200 4783 3251 4837 in
3280 4784 3389 4839 alio

1798 4881 2125 4938 argumento
2165 4870 2423 4941 legimus,
2452 4872 2549 4945 τὴν
2579 4873 2873 4945 κωμῳδίαν
2913 4873 3187 4947 ηὑρῆσθαί
3223 4890 3390 4944 φασιν

1800 4962 1907 5016 ὑπὸ
1938 4962 2332 5034 Σουσαρίωνος.
2372 4962 2663 5021 Diomedes
2686 4964 3089 5022 Grammaticus
3115 4983 3127 5019 :
3161 4985 3179 5016 ι
3208 4965 3388 5019 Poeta

1797 5057 1962 5128 primi
1986 5058 2181 5114 comici
2205 5056 2429 5113 fuerunt
2456 5058 2746 5124 Susarion,
2780 5058 2981 5113 Mullus
3015 5069 3070 5113 et
3092 5056 3333 5126 Magnes.
3358 5076 3377 5110 ι

1796 5149 2051 5208 Clemens
2083 5149 2489 5207 Alexandrinus
2543 5149 2802 5206 Stromat.
2853 5154 2947 5207 lib.
2986 5168 3003 5205 ι
3037 5149 3383 5220 ςΚωμῳδίαν

1797 5244 2095 5317 ἐπενόησεν
2151 5245 2422 5318 Σισαρίων
2488 5241 2556 5316 [Ι.
2602 5244 2946 5319 Σουσαρίων]
3005 5244 3035 5295 ὁ
3092 5240 3379 5312 Ἰκαριεύς.

1797 5334 2093 5392 Diomedes
2118 5336 2493 5393 Scholasticus
2522 5339 2577 5392 in
2601 5337 2945 5391 bibliotheca
2983 5333 3164 5405 Regia
3188 5350 3292 5389 ms.
3325 5334 3381 5389 in

1797 5428 2146 5501 Expositione
2172 5430 2552 5486 Grammatice:
2580 5427 2827 5499 Dionysii
2857 5426 3085 5481 Thracis
3114 5445 3127 5481 :
3155 5425 3383 5499 Πρῶτον

1794 5518 1889 5577 οὖν
1913 5523 2228 5593 Σουσαρίων
2265 5541 2349 5587 τις
2378 5524 2478 5593 τῆς
2506 5521 2783 5594 ἐμμέτρου
2820 5518 3110 5591 κωμῳδίας
3138 5519 3382 5591 ἀρχηγὸς

1795 5616 2049 5685 ἐγένετο,
2090 5611 2150 5670 οὗ
2184 5616 2252 5670 τὰ
2288 5617 2388 5689 μὲν
2429 5615 2683 5686 δράματα
2725 5614 2881 5686 λήθῃ·
2908 5612 3376 5685 κατενεμήθησαν.

1796 5708 1856 5764 ln
1903 5707 2282 5765 vetustissimo
2347 5721 2619 5763 marmore
2670 5705 3061 5762 Arundelliano
3103 5722 3115 5757 :
3164 5706 3280 5775 Ἀφ’
3315 5695 3377 5759 οὗ
