3770 6302
395 266 506 321 ’270

1399 265 1461 321 S.
1504 264 1861 323 IGNATIUS.
1906 297 1973 307 —
2012 262 2551 321 PROLEGOMENA.

395 384 456 435 ἐν
489 384 743 456 ’Δθήναις
779 383 1039 456 κωμῳδία
1079 380 1301 455 πρῶτον
1345 382 1504 455 ἐτέθη
1544 384 1637 436 ἐπὶ
1680 383 1859 438 σανίσι

2186 397 2235 436 ιε
2266 394 2372 435 non
2404 378 2592 444 fuerit,
2623 376 2714 447 qui
2758 375 2986 431 Athenis
3028 382 3173 430 recta
3218 373 3273 428 in
3317 371 3510 427 Asiam
3557 380 3675 424 ante

409 474 690 547 ἰκαρίεων
742 472 995 548 εὑρόντος
1048 473 1441 547 Σουσαρίωνος.
1501 476 1558 530 In
1606 474 1780 531 Icario
1832 477 1979 555 enim

394 568 588 623 Attica
609 569 813 639 populo
843 568 1119 624 inventam
1155 567 1327 623 fuisse
1358 567 1580 623 tradunt
1610 578 1723 623 tum
1767 584 1979 624 comm-

392 661 539 716 diam
591 671 709 716 tum
758 660 1079 730 tragoediam
1123 670 1357 716 veteres.
1418 660 1713 716 Athenaeus
1757 661 1855 716 lib.
1900 676 1978 726 ιι,

392 768 515 823 cap.
544 753 617 808 δε
650 750 783 805 Ἀπὸ
821 751 993 824 μέθης
1030 751 1127 806 καί¹
1169 752 1203 823 ὴ
1239 750 1340 824 τῆς
1368 751 1658 823 κωμῳδίας
1688 751 1781 805 καὶ
1814 753 1848 823 ἡ
1883 752 1982 823 τῆς

392 846 698 918 τραγῳδίας
733 844 950 918 εὕρεσις
987 845 1047 898 ἐν
1092 844 1311 918 Ἰκαρίῳ
1332 845 1431 916 τῆς
1472 844 1723 915 Ἀττικῆς
1756 844 1977 916 εὑρέθη.

394 935 548 993 Unde
598 937 742 1009 apud
801 936 1081 993 Suidam:
1144 937 1370 1002 Θέσπις,
1440 936 1706 1009 Ἰκαρίου,
1771 937 1981 1000 πόλεως

402 1029 676 1101 ’Δττικῆς,
721 1028 1003 1099 τραγικός.
1053 1028 1209 1101 Apud
1256 1027 1559 1083 lcarienses
1600 1029 1767 1099 igitur
1810 1028 1980 1083 Susa-

391 1121 512 1177 rion
561 1121 891 1177 coimediam
945 1120 1172 1186 invenit,
1227 1121 1373 1175 unde
1410 1136 1535 1176 eum
1559 1121 1813 1177 Clemens
1856 1120 1979 1177 lca-

389 1211 630 1266 riensem
660 1219 853 1277 vocat;
898 1225 1006 1264 non
1040 1211 1186 1279 quod
1237 1211 1290 1264 in
1329 1225 1396 1265 eo
1426 1226 1566 1282 pago
1614 1222 1776 1267 natus
1806 1220 1976 1279 esset,

388 1311 486 1357 aut
525 1319 591 1358 ex
634 1301 815 1358 Attica
864 1302 1171 1367 oriundus;
1224 1310 1388 1359 natus
1430 1304 1575 1357 enim
1624 1312 1709 1359 est
1749 1304 1803 1358 in
1843 1320 1978 1375 agro

386 1397 643 1467 proximo
702 1396 1049 1468 Megarensi,
1107 1408 1165 1453 ut
1216 1397 1333 1467 ipse
1386 1398 1455 1452 de
1512 1413 1572 1453 se
1627 1406 1861 1453 testatur
1918 1399 1974 1454 in

388 1488 590 1545 iambis
636 1490 732 1560 qui
777 1490 1080 1545 etiamnum
1140 1489 1284 1560 apud
1318 1489 1635 1545 Diomedem
1668 1490 1977 1545 Scholasti-

386 1595 513 1635 cum
544 1591 863 1651 supersunt,
889 1591 945 1636 et
976 1582 1032 1636 in
1060 1582 1206 1638 hunc
1239 1582 1462 1637 modum
1490 1592 1747 1653 corrupte
1776 1582 1832 1637 in
1865 1598 1972 1638 ms.

388 1670 647 1742 leguntur
665 1688 680 1729 :

507 1806 770 1860 Ἀκούετε
797 1804 1039 1871 λέξεως·
1074 1804 1423 1872 Σουσαρίων
1457 1802 1597 1857 τάδε
1627 1803 1812 1874 λέγει,

500 1876 634 1943 nec
666 1877 913 1930 Φιλίνου
957 1876 1281 1947 γεγηρόθου
1322 1874 1729 1943 Τριποδίσκος.

452 2013 564 2074 Sed
603 2030 702 2085 pro
746 2014 1048 2087 γεγαρόθου
1080 2012 1440 2086 Τριποδίσκος
1464 2012 1750 2084 legendum
1782 2011 1973 2083 procul

382 2103 550 2159 dubio
596 2104 916 2176 Μεγαρόθεν
945 2104 1351 2176 Τριποδίσκιος,
1395 2112 1455 2157 ιιι
1486 2105 1644 2158 metri
1694 2104 1837 2158 ratio
1868 2121 1966 2174 po-

384 2195 570 2251 stulat.
597 2194 692 2250 Est
717 2206 897 2251 autem
923 2196 1307 2269 Τριποδίσκιος
1334 2212 1438 2250 vox
1470 2196 1710 2266 gentilis.
1732 2196 1969 2267 Stepha-

382 2302 511 2354 nus,
538 2286 602 2341 τὸ
633 2287 847 2342 ὲϐνικὶν
881 2287 1220 2359 βορμίσκιος,
1256 2287 1333 2351 ὠς
1373 2288 1763 2360 τριποδίσκιος,
1811 2289 1973 2360 δωρί-

382 2395 556 2444 σκιος,
587 2379 704 2449 lege
736 2379 1029 2452 δορίσκιος.
1061 2378 1129 2435 Ut
1159 2380 1274 2451 ipse
1305 2380 1457 2444 alibi,
1484 2380 1545 2433 τὸ
1569 2380 1782 2434 ἐθνικὺν
1804 2382 1969 2453 δωρί-

382 2471 645 2537 σκιος,ὠς
664 2470 998 2544 δορμίσκιος,
1030 2464 1148 2541 lege
1175 2472 1790 2544 vicissimﬁoppicqu.
1816 2471 1970 2529 Unde

380 2571 565 2618 autem
605 2562 987 2633 Τριποδίσκιος
1027 2564 1175 2618 clare
1204 2564 1367 2619 docet
1411 2562 1556 2617 idem
1606 2562 1965 2634 Stephanus:

380 2652 759 2725 Τριποδίσκος,
792 2654 887 2707 καὶ
918 2653 1271 2726 Τριποδίσκοι
1301 2652 1462 2725 κώμη
1495 2653 1597 2724 τῆς
1625 2654 1966 2725 Μεγαρίδος,

379 2746 409 2798 ὁ
452 2744 677 2818 πολίτης
707 2746 1109 2818 Τριποδίσκιος.
1147 2745 1503 2816 Tripodiscus
1537 2746 1702 2815 igitur
1744 2746 1797 2799 in
1834 2763 1969 2817 agro

380 2835 683 2907 Megarensi
730 2853 902 2908 pagus
934 2847 1047 2904 est;
1086 2838 1138 2891 in
1169 2853 1280 2907 quo
1320 2838 1413 2907 qui
1455 2845 1618 2891 natus
1647 2845 1732 2891 est
1762 2838 1967 2908 Τριπο-

378 2927 585 2993 δίσκιος
634 2929 937 2985 dicebatur.
1003 2927 1096 2985 Sic
1156 2930 1322 3001 igitur
1379 2928 1701 2985 Susarionis
1751 2929 1968 2986 iambos

379 3020 709 3092 interpretor
737 3038 751 3074 :

518 3156 713 3212 Audite
739 3157 937 3211 dictum
964 3173 984 3212 :
1016 3158 1280 3214 Susarion
1321 3161 1432 3213 Iure
1471 3159 1580 3224 ait,

521 3226 700 3283 Filius
729 3225 955 3295 Philisti,
986 3245 1013 3284 ε
1045 3229 1316 3300 Megaricis
1349 3229 1710 3300 Tripodisct'us

448 3383 520 3441 Ut
558 3395 742 3442 autem
769 3384 1060 3458 Origenem
1106 3387 1306 3443 Plotini
1339 3388 1777 3458 condiscipulum
1809 3386 1960 3443 Ada-

377 3476 645 3533 mantium
693 3490 941 3534 nostrum
964 3519 981 3543 ,
1014 3487 1069 3533 et
1117 3478 1514 3550 Sannyrionem
1550 3478 1821 3535 comicum
1857 3477 1963 3534 Su-

377 3570 656 3626 sarionem
709 3572 996 3628 comoediae
1044 3573 1385 3627 inventorem
1436 3572 1609 3627 fuisse
1650 3581 1959 3642 temporum

375 3662 517 3716 ratio
548 3678 657 3717 nou
712 3663 979 3730 admittit;
1032 3663 1104 3718 ita
1158 3665 1204 3719 si
1250 3664 1381 3735 quid
1418 3666 1471 3719 in
1509 3666 1757 3736 epistolis
1799 3665 1958 3720 ﬁdem

373 3765 682 3827 temporum
734 3774 925 3813 revera
982 3758 1262 3828 pulsaret,
1297 3758 1565 3831 lgnatium
1614 3761 1959 3831 epistolicum

375 3865 487 3904 non
542 3848 714 3905 fuisse
771 3854 1137 3921 apostolicum
1196 3854 1351 3909 illum
1399 3854 1633 3911 libenter
1686 3856 1958 3911 concede-

375 3955 490 3994 rem
498 3977 515 3994 ο

446 4030 651 4087 Verum
698 4042 759 4089 ut
812 4035 950 4089 nihil
998 4038 1203 4093 certius
1252 4039 1515 4109 scriptum
1552 4037 1776 4108 aliquod
1826 4055 1959 4111 δρα-ι

376 4121 519 4177 riqu
552 4138 675 4180 esse
720 4126 937 4195 probat,
974 4144 1140 4198 quam
1189 4128 1321 4185 ﬁdes
1358 4138 1664 4201 temporum
1711 4130 1955 4199 violata;

374 4214 448 4269 ita
481 4231 645 4286 opera
671 4219 882 4273 auctori
915 4220 1079 4273 alicui
1114 4221 1378 4290 ascripta,
1400 4223 1494 4278 sed
1530 4222 1819 4293 posteriori
1851 4223 1956 4277 ali-

372 4326 485 4381 quo
528 4312 731 4366 saeculo
762 4329 792 4366 a
843 4312 1032 4367 ﬁctore
1066 4314 1399 4385 conscripta,
1452 4315 1564 4370 fere
1606 4331 1822 4387 semper
1851 4316 1958 4372 hac

369 4401 490 4471 ipsa
521 4405 731 4459 ratione
758 4421 817 4461 se
846 4406 1104 4476 produnt,
1142 4416 1198 4462 et
1224 4424 1292 4463 ex
1321 4409 1617 4465 violatione
1648 4418 1953 4479 temporum

2091 480 2326 526 mortem
2397 468 2644 525 Socratis
2717 466 2997 538 profectus
3036 476 3180 533 'est,
3238 481 3339 522 nec
3387 464 3496 520 nisi
3558 473 3678 535 post

2086 561 2412 616 sexennium
2440 562 2494 615 in
2538 575 2659 614 eam
2710 562 2901 614 urbem
2946 558 3115 614 venit.
3155 556 3224 611 Et
3247 557 3378 612 dum
3408 556 3541 610 huic
3568 555 3677 624 epi-

2088 654 2244 709 stolae
2279 653 2593 724 Xenophon
2617 652 2933 722 respondet,
2966 649 3214 708 Platonis
3240 651 3445 721 scripta
3476 649 3675 720 sapias

2083 747 2343 819 suggillat
2368 786 2383 810 ,
2408 748 2555 817 quod
2583 756 2773 817 poetas
2804 762 2912 800 non
2955 745 3239 801 admiserit
3266 760 3394 799 eum
3417 746 3678 815 perstrin-

2084 840 2181 912 git,
2232 857 2357 897 cum
2402 841 2519 911 ipse
2552 856 2611 895 se
2658 840 2821 895 talem
2873 840 2928 894 in
2982 838 3142 895 libris
3184 839 3537 911 praestiterit;
3571 837 3675 892 imo

2082 936 2408 988 sententiam
2458 948 2522 988 ex
2574 933 2809 1003 epistola
2841 930 3093 987 Platonis
3132 932 3199 986 ad
3233 929 3563 1002 Dionysium
3594 928 3675 985 Si-

2083 1025 2224 1080 cilize
2269 1034 2561 1097 tyrannum
2606 1025 2816 1095 carpit;
2873 1040 2997 1095 quae
3049 1023 3233 1079 omnia
3270 1023 3363 1078 diu
3413 1032 3546 1094 post
3580 1022 3675 1079 So-

2081 1117 2251 1172 cratis
2298 1126 2532 1171 mortem
2582 1116 2834 1187 evulgata
2877 1126 3026 1171 sunt.
3069 1116 3145 1171 Ita
3187 1115 3579 1187 Xenophontis
3605 1118 3674 1170 si-

2080 1206 2246 1271 mius,
2275 1221 2402 1261 cum
2439 1205 2668 1261 vidisset
2698 1206 2751 1260 in
2784 1207 3020 1277 genuina
3054 1206 3201 1262 illius
3226 1207 3481 1277 epistola.
3519 1208 3675 1276 cujus

2080 1300 2446 1371 fragmentum
2480 1300 2624 1370 apud
2658 1299 2958 1354 Eusebium
2991 1308 3193 1365 exstat,
3226 1298 3531 1370 perstringi
3556 1297 3676 1353 Pla-

2079 1400 2263 1446 tonem
2298 1392 2370 1447 ob
2399 1391 2709 1445 Σικελιιῖηιν
2730 1391 3042 1465 τράπεζαν,
3073 1392 3190 1461 ipse
3218 1392 3385 1446 etiam
3421 1406 3486 1446 ea
3539 1407 3671 1461 sug-

2077 1483 2285 1554 gillavit
2325 1499 2449 1555 qua:
2486 1485 2553 1540 ad
2589 1483 2837 1539 Siciliam
2882 1485 3236 1555 spectabant;
3271 1484 3365 1540 sed
3396 1485 3534 1540 dum
3564 1484 3674 1554 epi-

2077 1573 2271 1627 stolam
2304 1575 2490 1629 statim
2520 1583 2648 1645 post
2669 1584 2902 1630 mortem
2934 1574 3178 1632 Socratis
3207 1576 3470 1645 scriptam
3497 1576 3672 1646 ﬁngit,

2075 1674 2131 1720 et
2180 1674 2489 1737 temporum
2542 1668 2811 1722 rationem
2867 1668 3058 1733 violat,
3091 1678 3148 1723 et
3186 1668 3431 1739 scipsum
3468 1668 3671 1739 prodit.

2074 1755 2362 1824 Praeterea,
2398 1757 2712 1827 Aristippus
2754 1756 2823 1811 ad
2855 1758 3021 1812 tiliam
3072 1774 3231 1814 suam
3280 1760 3583 1829 epistolam
3606 1760 3672 1813 27

2076 1849 2267 1915 mittit,
2300 1864 2426 1904 cum
2468 1850 2582 1919 jam
2623 1848 2826 1905 Siciliae
2859 1862 3152 1922 tyrannum
3185 1851 3303 1921 ipse
3330 1853 3670 1923 reliquisset,

2072 1951 2126 1995 et
2150 1940 2264 2009 jam
2299 1940 2354 1995 in
2383 1940 2581 2011 Lipara
2618 1941 2797 1996 insula
2827 1942 2995 1997 morti
3021 1942 3238 1999 vicinus
3263 1954 3435 2009 esset,
3472 1945 3674 1999 ﬁliam-

2072 2047 2181 2102 que
2207 2042 2395 2087 monet
2424 2041 2484 2087 ut
2525 2033 2770 2089 Athenas
2812 2035 3221 2104 proﬁciscatur,
3252 2026 3466 2092 etcum
3495 2035 3672 2109 M5110

2070 2133 2125 2179 et
2173 2124 2442 2195 Xantippe
2481 2134 2728 2181 sanctam
2760 2126 2928 2182 vitam
2972 2128 3153 2195 colat;
3184 2129 3344 2199 quasi
3390 2138 3478 2184 tot
3512 2130 3672 2184 annis

2070 2223 2197 2285 post
2246 2230 2435 2270 necem
2484 2213 2730 2272 Socratis
2774 2217 2879 2273 illa:
2928 2219 3052 2275 duae
3101 2235 3304 2275 uxores
3354 2221 3415 2276 in
3477 2225 3668 2278 eadem

2069 2310 2236 2365 domo
2285 2310 2552 2376 viverent,
2601 2321 2657 2366 et
2706 2310 2941 2368 feminas
2993 2314 3381 2385 philosophice
3412 2316 3671 2372 institue-

2067 2412 2232 2467 rent;
2267 2418 2393 2458 cum
2429 2402 2627 2475 Myrto,
2658 2404 2975 2483 siunquam
3009 2404 3254 2462 Socratis
3304 2423 3455 2462 uxor
3481 2410 3666 2475 fuerit,

2068 2505 2194 2550 ante
2225 2494 2403 2565 ipsum
2430 2506 2647 2549 mortua
2672 2496 2765 2551 sit.
2784 2497 3016 2553 Allatius
3042 2498 3260 2567 quidem
3287 2498 3355 2553 16
3383 2501 3455 2554 ad
3486 2503 3669 2557 minus

2068 2603 2245 2644 annos
2280 2599 2406 2658 post
2442 2588 2699 2645 Lachetis
2730 2591 3109 2659 magistratum
3145 2592 3349 2648 vixisse
3379 2592 3667 2649 Socratem

2072 2680 2205 2745 vult,
2240 2681 2332 2735 sed
2363 2690 2554 2735 contra
2598 2681 2843 2735 omnium
2883 2691 3127 2737 veterum
3170 2684 3534 2740 sententiam.
3567 2686 3668 2741 De-

2068 2773 2296 2827 metrius
2322 2772 2624 2828 Phalereus
2651 2774 2786 2829 satis
2818 2774 3053 2830 idoneus
3096 2784 3292 2830 auctor
3319 2778 3472 2845 apud
3504 2777 3669 2833 Laer-

2068 2865 2228 2932 tiuin,
2261 2863 2532 2921 Diodorus
2558 2866 2799 2931 Siculus,
2826 2866 3126 2930 Aristides,
3155 2866 3359 2937 quibus
3389 2872 3665 2926 consentit

2066 2956 2327 3025 antiquus
2365 2956 2453 3010 ille
2492 2957 2546 3011 in
2581 2955 2852 3012 Marmore
2892 2958 3285 3014 Arundelliano
3317 2960 3669 3032 chronogra-

2067 3047 2209 3115 phus
2229 3087 2245 3112 ,
2286 3047 2405 3117 Ἀφ’
2432 3040 2494 3101 οὗ
2528 3046 2888 3120 [μετανῆλθον
2918 3050 2970 3103 οἱ
3007 3050 3171 3122 μετ]ὰ
3204 3051 3393 3123 Κύρου
3425 3054 3668 3108 ἀναϐάν-

1991 3156 2035 3214 C
2068 3154 2179 3201 τες,
2202 3140 2299 3192 καὶ
2327 3140 2626 3213 Σωκράτης
2658 3140 2970 3213 φιλόσοφ[ος
2997 3141 3080 3215 ὲτ]
3110 3141 3396 3214 ελεύτῑησε
3432 3145 3665 3221 βιῖοὓῖις]

2066 3228 2164 3301 ἔτη
2196 3229 2568 3302 ἑϐδομήκοντα
2586 3273 2603 3297 ,
2623 3232 2732 3287 ἔτει
2748 3232 2882 3305 ρλξ,
2908 3233 3216 3307 ἄρχονιτος]
3262 3236 3530 3309 Ἀθήνῃσι
3558 3242 3667 3293 Λά-

2066 3339 2254 3394 χητος.
2283 3320 2498 3393 Optime
2527 3332 2675 3379 certe
2708 3326 2799 3380 ille
2834 3326 2939 3381 sub
2970 3328 3163 3382 eodem
3208 3331 3481 3385 archonte
3512 3334 3667 3403 ponit

2064 3415 2300 3469 reditum
2323 3430 2518 3470 eorum
2548 3416 2791 3486 quicum
2828 3419 2973 3491 Cyro
3004 3422 3397 3487 ascenderunt,
3430 3432 3487 3478 et
3514 3441 3665 3479 mor-

2065 3513 2170 3560 tem
2218 3505 2484 3561 Socratis.
2524 3505 2830 3578 Xenophon
2866 3510 3036 3577 enim,
3069 3528 3179 3581 quo
3204 3512 3345 3566 duce
3371 3513 3454 3567 illi
3481 3514 3665 3568 realie-

2063 3607 2212 3664 runt,
2242 3597 2550 3670 ἀναὸἑδηκε
2576 3600 2673 3654 σὺν
2705 3600 2873 3673 Κύρῳ
2896 3602 2989 3655 ἐπὶ
3022 3602 3284 3673 ἄρχοντος
3312 3604 3663 3668 Ξεναινέτου,

2063 3690 2146 3742 ἑνὶ
2174 3690 2426 3761 προτέρῳ
2452 3690 2563 3744 ἔτει
2592 3692 2693 3763 τῆς
2721 3692 3043 3762 Σωκράτους
3064 3694 3341 3765 τελευτῆς,
3365 3698 3665 3752 (ascendit

2060 3799 2187 3839 eum
2219 3784 2362 3856 Cyro
2395 3785 2499 3840 sub
2537 3788 2801 3841 archonte
2840 3786 3158 3853 Xenazneto,
3194 3805 3340 3845 anno
3374 3806 3492 3845 uno
3533 3803 3663 3848 ante

2064 3873 2309 3931 Socratis
2355 3886 2624 3943 mortem,
2668 3896 2688 3930 ι
2721 3881 2781 3932 tit
2830 3895 2898 3934 ex
2948 3889 3195 3935 veterum
3245 3881 3434 3951 aliquo
3484 3884 3662 3939 refert

1972 3972 1975 3973 ⁷
2060 3963 2331 4022 Laertius.
2372 3965 2520 4022 Nihil
2569 3967 2737 4040 igitur
2780 3970 2832 4024 in
2867 3971 3094 4027 historia
3120 3972 3335 4027 videtur
3359 3990 3488 4030 esse
3530 3992 3659 4030 eer-

2060 4057 2189 4124 tius,
2221 4074 2384 4128 quam
2416 4060 2506 4114 illa
2553 4060 2801 4116 omnium
2836 4062 2890 4116 in
2926 4078 2988 4117 re
3028 4064 3316 4119 notissima
3351 4069 3656 4133 sententia,

2062 4147 2342 4205 Socratem
2378 4152 2482 4207 sub
2515 4152 2778 4209 archonte
2810 4151 3048 4209 Lachete
3094 4164 3375 4211 mortuum
3409 4173 3560 4213 esse.
3593 4158 3660 4214 Et

2058 4240 2478 4297 fundamentum
2516 4259 2627 4314 quo
2654 4245 2848 4299 nititur
2884 4245 3135 4313 Allatius,
3164 4249 3308 4318 quod
3342 4252 3487 4319 apud
3522 4250 3655 4307 Pla-

2057 4341 2239 4388 tonem
2287 4332 2542 4390 Socrates
2583 4336 2637 4389 in
2686 4335 2928 4407 Dialogis
2957 4338 3251 4407 aliquoties
3280 4341 3348 4395 de
3381 4342 3453 4397 iis
3481 4345 3657 4401 rebus

2057 4426 2335 4495 loquatur,
2362 4441 2484 4497 quae
2515 4428 2608 4482 diu
2652 4438 2776 4498 post
2803 4428 3058 4485 Lachetis
3103 4433 3487 4502 magistratum
3518 4454 3658 4493 con-

372 4497 769 4566 suppositionis
832 4500 1255 4555 convincuntur.
1310 4498 1491 4555 Edidit
1562 4500 1672 4556 Leo
1718 4500 1861 4556 Allat

2163 4525 2320 4581 runt,
2353 4516 2791 4573 inlirmissimnm
2836 4528 2941 4575 est.
2976 4519 3190 4577 Veritas
3220 4524 3366 4578 enim
3399 4527 3652 4582 chrono-

376 4586 785 4643 Socraticorum
838 4590 1138 4660 epistolas,
1186 4606 1325 4661 quas
1366 4592 1436 4646 ab
1482 4592 1591 4647 illis
1637 4592 1771 4663 ipsis
1800 4593 1954 4657 viris,

376 4692 611 4744 quorum
642 4681 867 4734 nomina
917 4682 1232 4750 pra-ferunt,
1260 4683 1609 4753 conscriptas
1636 4683 1806 4740 fuisse
1833 4685 1955 4739 dia-

372 4767 498 4838 logo
545 4769 680 4825 satis
722 4771 936 4839 prolixo
982 4774 1333 4831 vehementer
1376 4776 1679 4844 contendit,
1707 4778 1802 4832 sed
1833 4777 1955 4831 fru-

372 4870 523 4927 atra;
573 4868 884 4930 temporum
928 4865 1074 4920 enim
1128 4867 1267 4921 ratio
1314 4868 1541 4923 minime
1595 4870 1821 4937 patitur.
1871 4869 1952 4924 Ad

372 4952 596 5007 unicum
640 4963 1023 5023 argumentum
1061 4957 1188 5014 inde
1217 4960 1439 5015 ductum
1464 4961 1532 5015 de
1575 4962 1824 5017 oratione
1848 4960 1954 5017 Po-

370 5043 596 5114 lycratis
624 5045 676 5099 in
705 5044 916 5115 judicio
947 5045 1191 5105 Socratis
1214 5050 1421 5117 habita,
1443 5052 1602 5123 cujus
1627 5054 1858 5124 epistola
1884 5054 1953 5111 l4

372 5137 705 5193 mentionem
758 5137 909 5205 facit,
962 5142 1036 5195 ita
1087 5144 1380 5212 respondet
1427 5154 1489 5201 ut
1533 5147 1601 5201 de
1645 5162 1791 5203 anno
1840 5165 1951 5219 quo

369 5226 627 5284 Socrates
685 5239 936 5286 mortuus
988 5240 1107 5298 est,
1160 5235 1435 5291 veteribus
1487 5236 1746 5293 omnibus
1798 5239 1947 5295 litem

369 5330 606 5384 moveat,
639 5338 738 5377 nec
764 5332 947 5377 tamen
994 5324 1163 5379 hilum
1197 5326 1468 5394 proﬁciat.
1493 5326 1689 5384 Omnia
1717 5331 1862 5385 enim
1894 5332 1948 5387 in

360 5421 434 5485 ea
462 5409 691 5477 epistola
737 5422 791 5468 et
841 5414 1092 5483 sequenti
1137 5415 1211 5471 ita
1237 5426 1499 5487 concepta
1528 5428 1677 5484 sunt,
1705 5431 1766 5476 ut
1799 5422 1948 5478 nulla

368 5506 635 5574 temporis
662 5509 805 5564 ratio
833 5510 1122 5579 habeatur,
1152 5511 1400 5582 adeoque
1430 5522 1627 5569 cuncta
1673 5514 1800 5570 ﬁcta
1826 5532 1950 5573 esse

368 5595 608 5653 dilucide
650 5612 933 5671 appareat.
980 5603 1232 5661 Euclides
1259 5614 1314 5660 et
1342 5605 1608 5677 'l‘erpsion
1640 5618 1949 5679 queruntur

370 5689 808 5762 Xenophontem,
841 5710 967 5752 cum
995 5697 1249 5755 Socrates
1275 5714 1599 5768 moreretur,
1636 5720 1743 5759 non
1776 5706 1945 5760 Athe-

368 5780 483 5852 nis,
507 5784 601 5843 sed
632 5784 1021 5846 Lacedannone
1048 5790 1254 5861 fuisse;
1286 5809 1411 5851 cum
1442 5795 1531 5853 ille
1555 5795 1946 5856 Lacedaemone

2059 4606 2237 4677 logica
2264 4622 2331 4661 ex
2368 4606 2614 4665 Platonis
2658 4610 2901 4681 Dialogis
2931 4616 3196 4669 sumenda
3242 4630 3351 4669 non
3382 4627 3490 4672 est.
3534 4618 3657 4675 Sci-

2058 4705 2175 4751 tum
2228 4708 2312 4753 est
2354 4698 2486 4753 illud
2536 4698 2797 4756 Macrobii
2858 4701 3139 4758 Saturnal.
3177 4706 3271 4760 lib.
3321 4722 3360 4772 I,
3411 4724 3535 4779 cap.
3579 4710 3652 4767 l:

2064 4808 2083 4841 ι
2113 4790 2307 4846 Annos
2336 4793 2647 4847 coeuntium
2692 4795 2836 4849 mitti
2882 4796 2937 4849 in
2969 4796 3201 4866 digitos,
3238 4801 3498 4870 exemplo
3528 4800 3654 4856 Pla-

2057 4881 2205 4936 tonis
2237 4880 2417 4937 nnbis'
2440 4884 2794 4955 suffragante,
2822 4902 2932 4942 non
2975 4890 3250 4945 convenit.
3308 4910 3328 4942 ι
3356 4892 3471 4948 Eos
3499 4906 3655 4950 certe

2055 4970 2211 5028 Plato
2237 4975 2397 5045 quasi
2426 4977 2699 5048 colloquia
2732 4979 2997 5036 habentes
3024 4980 3343 5050 introducit,
3373 4986 3475 5054 qui
3504 5003 3652 5042 nun-

2053 5080 2219 5136 quam
2269 5066 2561 5135 collocuti;
2602 5078 2657 5123 et
2699 5083 2763 5124 ea
2816 5071 3113 5127 nonnullos
3163 5088 3305 5143 sape
3351 5074 3652 5145 loquentes

2053 5166 2441 5227 repraesentat,
2476 5158 2543 5217 de
2568 5160 2772 5230 quibus
2799 5161 2875 5217 illi
2911 5179 3193 5233 nunquam
3227 5166 3570 5236 cogitarunt,
3596 5180 3653 5223 et

2051 5266 2175 5320 qua:
2219 5252 2363 5307 scire
2396 5253 2625 5308 minime
2661 5263 2975 5324 potuerunt.
3014 5256 3307 5327 Ἀναγνοὺς
3334 5261 3363 5311 ὁ
3406 5257 3649 5330 Γοργίας

2048 5344 2141 5397 τὸν
2186 5344 2471 5408 Πλάτωνος
2507 5345 2755 5416 διάλογον
2799 5348 2938 5420 πρὸς
2982 5350 3110 5414 τοὺς
3156 5349 3430 5421 παρόντας
3463 5346 3647 5413 εἶπεν,

2047 5436 2128 5489 ὃτι
2156 5437 2307 5491 οὐδὲν
2336 5435 2540 5491 τούτων
2567 5437 2694 5492 οὕτε
2722 5435 2898 5505 εἶπεν,
2928 5440 3053 5494 οὔτε
3081 5442 3279 5513 ἤκουσε
3309 5441 3465 5513 παρὰ
3493 5444 3646 5498 Βλά-

2046 5542 2238 5591 τωνος.
2273 5547 2293 5579 ι
2337 5527 2569 5599 Gorgias
2616 5547 2741 5585 cum
2793 5529 3040 5587 Platonis
3074 5533 3351 5601 dialogum
3381 5533 3644 5603 legisset,

2048 5616 2116 5671 iis
2164 5618 2257 5687 qui
2301 5619 2527 5675 aderant
2556 5622 2713 5686 dixit,
2745 5625 2893 5693 quod
2941 5624 3077 5678 nihil
3125 5624 3320 5678 horum
3373 5635 3474 5678 aut
3524 5628 3644 5696 ipse

2047 5709 2265 5776 dixerit,
2303 5722 2401 5767 aut
2450 5728 2480 5766 a
2520 5711 2745 5771 Platone
2786 5716 3077 5772 audiverit.
3130 5736 3150 5769 ι
3191 5716 3335 5772 Idem
3377 5718 3449 5772 de
3484 5718 3641 5775 Phar-

2045 5802 2181 5858 done
2219 5803 2385 5860 tradit
2415 5804 2745 5876 Athenaeus;
2774 5808 2941 5864 etiam
2972 5808 3043 5865 de
3076 5806 3305 5866 Socrate
3334 5805 3636 5867 Laertius;
