3770 6310
150 289 235 346 ω
779 291 833 348 ι.
867 292 1239 353 PEABSONII
1279 295 1605 356 VINDICLE
1647 298 2073 361 IGNATIANE.
2108 336 2179 348 —
2215 305 2399 365 PARS
2431 304 2489 364 Π.
3262 310 3373 368 982

147 413 265 464 Φασὶ
285 410 338 465 δὲ
363 410 454 466 καὶ
483 412 782 487 Σωκρἀην
808 416 1118 472 ἀκούσαντα
1155 418 1249 473 τὸν
1278 421 1471 476 Λύσιν
1497 422 1673 492 ἀναγι-

1835 424 2172 481 'indt'ciantm
2218 441 2402 498 parte,
2458 426 2758 485 necessitas
2809 427 3096 492 incumbit,
3156 427 3250 483 sed
3314 437 3370 485 et

148 503 418 569 νὼσκοντος
462 505 766 575 Πλάτωνος,
808 509 1132 582 Ἡράκλεις,
1162 514 1336 566 εἰπεῖν
1356 556 1373 582 ,
1403 514 1480 579 ὡς
1518 515 1673 570 πολλά

1835 518 2004 583 κειοι-ἰ,
2029 519 2125 589 qui
2159 519 2264 574 sibi
2297 519 2480 576 fucum
2520 520 2637 576 fieri
2688 521 2847 588 nolit,
2896 520 3122 575 nimiam
3162 520 3370 577 sollici-

147 610 236 665 μου
260 595 590 666 κατεψεύδεθ’
619 600 648 652 ὀ
676 600 979 670 νεανίσκος,
1008 602 1111 657 οὐκ
1145 603 1304 673 ὀλίγα
1347 604 1458 677 γὰρ
1488 598 1565 662 ὧν
1588 608 1673 664 οὐ)

1835 611 2036 667 tdinetn
2063 620 2235 676 creat,
2280 613 2372 682 qui
2406 614 2589 669 minus
2626 622 2831 668 attente
2872 613 3087 685 singula
3116 612 3370 671 conside-

142 690 307 763 περηκε
346 689 638 773 Σωκράτης
685 692 964 765 γέγραφεν
1012 695 1172 768 ἀνήρ.
1206 715 1226 749 ι
1270 696 1478 754 Ferunt
1521 700 1673 756 etiam

1835 708 1908 766 ξι,
1948 708 2003 754 et
2049 715 2231 755 rerum
2282 701 2618 756 differentias
2667 718 2885 773 semper
2928 703 3221 758 observare
3274 711 3369 758 aut

143 779 392 834 Socratem
421 796 546 835 cum
590 780 871 838 Platonem
912 781 1098 854 Lysim
1138 788 1459 844 recitantem
1504 791 1688 847 audis-

140 878 225 934 set,
243 870 364 939 proh
396 869 680 930 Hercules!
700 875 1112 941 exclamavisse,
1130 894 1293 949 quam
1314 880 1481 935 multa
1507 882 1574 937 de
1598 898 1688 939 me

137 962 544 1020 adolescentulus
595 968 858 1025 mentitus
906 970 1036 1024 est?
1060 968 1179 1026 Non
1213 988 1387 1043 pauca
1427 974 1574 1029 enim
1618 991 1683 1031 ex

138 1056 211 1111 his
257 1073 369 1128 quae
410 1056 666 1116 Socrates
715 1078 995 1134 nunquam
1041 1066 1209 1133 dixit,
1246 1067 1331 1122 vir
1378 1067 1467 1123 ille
1491 1068 1691 1125 litteris

136 1150 404 1205 mandavit.
455 1169 475 1204 ι
527 1152 666 1208 Cum
723 1155 893 1223 igitur
958 1156 1215 1215 Socrates
1270 1160 1567 1232 aliquando
1626 1161 1682 1217 in

137 1242 325 1315 dialogo
347 1243 589 1301 Platonis
615 1247 985 1306 introducitur
1005 1252 1073 1306 de
1097 1253 1165 1308 iis
1186 1254 1352 1310 rebus
1374 1255 1677 1321 disserens,

134 1351 236 1404 quae
277 1344 393 1405 post
435 1338 813 1397 magistratum
858 1341 1114 1398 Lachetis
1161 1345 1535 1416 contigerunt,
1571 1363 1680 1403 non

134 1435 282 1495 potest
303 1426 423 1482 inde
450 1430 632 1501 colligi
666 1430 944 1488 Socratem
967 1451 1030 1489 ea
1054 1444 1214 1491 aetate
1240 1436 1294 1491 in
1325 1438 1464 1493 vivis
1489 1438 1680 1507 fuisse,

131 1518 209 1572 sed
239 1515 505 1576 Platonem
541 1531 665 1593 post
693 1532 924 1581 mortem
956 1527 1198 1585 Socratis
1227 1530 1504 1602 dialogum
1538 1533 1676 1588 scri-

133 1611 280 1679 psisse
298 1652 311 1676 ,
340 1611 527 1683 illique
558 1630 699 1685 quos
739 1615 857 1687 ipse
884 1619 1055 1674 voluit
1082 1636 1366 1678 sermones
1394 1624 1674 1683 tribuisse.

131 1700 304 1760 Omnes
358 1705 525 1777 igitur
577 1705 987 1766 Socraticorum
1041 1713 1302 1784 epistolas
1354 1712 1425 1771 ab
1476 1716 1675 1773 Allatio

1787 806 1897 846 non
1927 793 2077 859 velit,
2127 802 2224 847 aut
2270 809 2378 847 non
2430 794 2631 863 possit,
2666 795 3010 851 manifestam
3067 795 3369 867 pmjudicii

1785 883 2136 940 occasionem
2189 885 2485 941 ministrat.
2545 885 2800 941 Fatemur
2859 904 2960 942 nos
3006 887 3369 944 libentissime

1787 975 1959 1031 multa
2015 976 2072 1031 in
2123 977 2328 1048 spuriis
2365 978 2639 1048 epistolis,
2673 978 2843 1033 multa
2880 979 2933 1033 in
2984 979 3364 1050 interpolatio-

1786 1067 1950 1123 nibus
1978 1077 2033 1125 et
2062 1077 2368 1139 temporum
2407 1070 2565 1126 fidem
2601 1070 2839 1141 pulsare,
2870 1079 2923 1126 et
2969 1071 3141 1126 sancti
3173 1069 3366 1141 lgnatii

1784 1160 2035 1216 moribus
2089 1178 2393 1235 repugnare
2425 1204 2441 1229 ,
2498 1172 2551 1218 et
2593 1163 2888 1219 dictionem
2954 1163 3074 1232 ejus
3137 1164 3368 1219 minime

1784 1251 2009 1307 referre.
2048 1251 2235 1324 Neque
2285 1254 2443 1310 aliter
2472 1255 2587 1310 fieri
2620 1257 2866 1327 potuisse
2908 1267 3168 1329 putamus
3200 1274 3214 1309 :
3250 1259 3364 1316 imo

1785 1343 1911 1400 inde
1963 1356 2346 1416 argumentum
2382 1348 2635 1404 ducimus
2685 1349 2821 1404 satis
2872 1359 3120 1419 apertum
3160 1360 3215 1405 et
3244 1350 3363 1405 elli-

1781 1451 1907 1503 cax,
1938 1439 2108 1507 quod,
2146 1454 2271 1509 cum
2312 1440 2467 1494 fictor
2510 1442 2740 1495 aliarmn
2780 1441 3158 1509 epistolarum,
3190 1451 3246 1497 et
3279 1443 3366 1497 in-

1780 1530 2081 1598 terpolator
2108 1546 2361 1586 verarum
2422 1543 2649 1602 uterque
2674 1533 2788 1589 veri
2832 1534 3024 1604 lgnalii
3060 1534 3279 1598 simius,
3309 1543 3366 1590 et

1778 1636 1880 1691 pro
1932 1635 2036 1677 suo
2067 1622 2295 1678 modulo
2334 1625 2691 1696 archetypum
2740 1635 2899 1681 caute
2938 1634 3364 1696 repraesentans,

1780 1723 1889 1768 tam
1938 1711 2097 1769 facile
2139 1724 2303 1785 atque
2355 1716 2639 1772 manifeste
2692 1717 3010 1789 imposturae
3071 1730 3361 1788 teneatur,

131 1795 296 1862 editas,
340 1812 462 1852 cum
510 1799 762 1865 aliunde,
796 1810 911 1857 tum
958 1819 1025 1858 ex
1075 1780 1382 1875 temporum
1438 1808 1675 1875 ratione,
1709 1780 1751 1840 Β
1781 1814 1892 1861 tam
1924 1822 2067 1877 saepe
2091 1780 2331 1877 tempora
2359 1808 2677 1876 confundat,
2710 1780 2820 1865 tam
2851 1812 3026 1867 aliena
3049 1828 3078 1867 a
3106 1813 3365 1884 martyris

132 1903 218 1941 non
239 1889 301 1944 ab
328 1890 391 1945 iis
415 1892 617 1962 quibus
641 1891 1241 1968 tribuuntur'scriptas,
1273 1900 1365 1955 sed
1397 1900 1467 1956 ab
1493 1902 1679 1974 aliquo

132 1980 375 2053 philologo
409 1986 676 2041 confictas
703 1985 874 2043 fuisse
900 1996 1140 2044 constat.

186 2072 346 2139 Quare
380 2090 509 2131 cum
552 2078 753 2148 scripta
796 2080 900 2135 sub
928 2081 1123 2137 alienis
1157 2083 1477 2141 nominibus
1505 2086 1674 2154 edita,

129 2178 179 2217 ac
220 2167 505 2233 przesertim
548 2170 812 2240 epistolae,
862 2172 966 2227 hoc
1011 2175 1177 2230 modo
1209 2176 1440 2246 prodere
1481 2193 1542 2233 se
1586 2194 1677 2234 so-

129 2258 264 2323 leant,
309 2273 415 2313 non
464 2260 699 2317 minimo
744 2273 1071 2334 argumento
1115 2276 1219 2331 est,
1270 2265 1460 2335 lgnatii
1496 2269 1677 2325 nostri

129 2347 350 2414 epistolas
375 2351 644 2421 genuinas
680 2368 828 2421 esse,
860 2357 1005 2426 quod
1034 2357 1169 2411 nihil
1209 2357 1264 2411 in
1294 2358 1403 2414 illis
1442 2360 1674 2430 reperiri

128 2437 291 2506 possit,
322 2440 465 2509 quod
509 2443 671 2498 aliam
702 2461 796 2499 seu
828 2447 1185 2516 posteriorem
1222 2458 1435 2505 aetatem
1472 2452 1671 2523 sapiat,

128 2531 245 2599 quod
293 2542 409 2602 post
454 2535 526 2589 10
556 2534 778 2605 Trajani
825 2552 1030 2593 annum
1068 2540 1303 2610 scriptas
1328 2540 1498 2598 fuisse
1520 2543 1667 2598 evin~

129 2632 217 2677 cat.
244 2622 461 2682 Dallazus
503 2628 765 2698 epistolas
808 2630 952 2700 ipsas
985 2650 1005 2683 ι
1040 2635 1456 2690 accuratissime
1501 2636 1673 2706 inspi-

128 2717 252 2772 ciens
273 2760 287 2784 ,
319 2729 370 2774 et
390 2720 814 2791 diligentissime
858 2723 1071 2803 rimans
1091 2763 1108 2791 ,
1143 2744 1162 2778 ι
1194 2726 1330 2781 nihil
1361 2727 1541 2784 adhuc
1569 2729 1673 2785 hu-

130 2808 200 2877 jus
224 2813 441 2881 generis,
472 2823 535 2868 ut
587 2831 710 2869 tnox
740 2818 1117 2881 ostendemus,
1141 2819 1387 2876 offendit.
1432 2821 1588 2889 Quod
1622 2823 1671 2880 si

130 2902 202 2957 hic
229 2904 704 2975 citcumspectator
732 2923 856 2963 cum
884 2910 1170 2965 emissitiis
1196 2912 1371 2968 oculis
1401 2914 1507 2968 tale
1531 2914 1669 2969 nihil

130 2992 336 3052 invenire
388 2999 589 3068 potuit,
640 3002 993 3057 metuendum
1050 3019 1157 3057 non
1200 3005 1305 3059 erit
1358 3021 1425 3061 ne
1458 3007 1529 3062 ab
1558 3007 1670 3063 alio

128 3098 282 3155 postea
310 3089 360 3144 id
399 3092 510 3147 liat.
550 3090 761 3159 Quibus
796 3094 863 3148 ad
894 3096 1220 3150 sententiam
1246 3098 1501 3153 'nostram
1534 3115 1670 3155 con-

129 3179 407 3237 ﬁrmandam
454 3184 775 3255 praelibatis,
808 3185 875 3240 ad
921 3203 983 3242 ea
1040 3188 1244 3259 aliquid
1296 3193 1669 3260 reponendum

128 3282 210 3335 est,
236 3275 422 3343 quibus
462 3277 697 3347 probare
728 3279 924 3334 nititur
952 3281 1038 3335 vir
1059 3280 1430 3350 doctissimus,
1460 3283 1669 3354 episto-

130 3362 191 3417 las
220 3364 391 3437 lgnatii
439 3369 678 3426 Eusebio
720 3373 990 3443 cognitas,
1028 3384 1084 3429 et
1114 3384 1192 3430 tot
1221 3376 1438 3432 saeculis
1466 3392 1669 3448 appro-

130 3455 274 3523 batas,
310 3476 405 3516 nec
430 3463 581 3517 aetati
615 3478 723 3533 qua
766 3466 1003 3534 scriptae,
1039 3482 1141 3522 nec
1171 3467 1275 3521 viri
1305 3484 1337 3523 a
1373 3484 1486 3539 quo
1511 3470 1671 3526 edita

130 3562 228 3604 esse
252 3553 517 3621 dicuntur,
548 3557 768 3628 ingenio
803 3568 855 3613 et
887 3560 1135 3616 moribus
1164 3576 1490 3634 congruere.

185 3640 273 3697 Sed
331 3646 650 3717 priusquam
711 3649 776 3703 ad
843 3662 1167 3722 argumenta
1228 3654 1670 3711 adversariorum

130 3735 394 3792 ventilanda
441 3756 534 3796 me
578 3740 887 3811 accingam,
926 3760 1033 3798 non
1065 3761 1288 3815 possum
1330 3761 1441 3802 non
1480 3747 1673 3803 obser-

132 3839 235 3881 vare
276 3827 555 3899 Dallazum,
605 3834 697 3903 qui
744 3834 1009 3905 lgnatium
1064 3836 1412 3907 cpistolicum
1461 3838 1517 3894 in
1549 3842 1670 3911 ipso

130 3922 277 3987 «peris
318 3925 395 3977 sui
426 3924 619 3979 limine
649 3928 808 3997 quasi
837 3928 1143 3999 Geryonem
1172 3929 1439 3999 depinxit,
1471 3932 1524 3986 in
1556 3933 1670 3988 dis-

130 4015 335 4079 putando
374 4018 759 4087 hicorporcum
802 4020 990 4089 plane,
1029 4021 1111 4074 vel
1149 4021 1548 4091 tricorporeum
1575 4040 1671 4096 ap-

132 4119 311 4174 parere,
343 4120 394 4165 et
440 4120 763 4183 argumenta
810 4128 909 4167 sua
941 4121 1054 4173 tum
1088 4124 1278 4169 contra
1331 4114 1671 4175 Eusebianas

133 4207 306 4256 veteres
329 4202 612 4273 epistolas,
637 4213 753 4257 tum
780 4212 969 4258 contra
1001 4207 1425 4273 commentitias,
1445 4218 1499 4263 et
1523 4209 1671 4278 ipsas

132 4289 264 4344 etiam
292 4292 735 4363 interpolationes
775 4293 1034 4350 fabricari
1078 4305 1242 4366 atque
1276 4298 1541 4368 dirigere;
1572 4302 1670 4356 ad-

130 4395 273 4455 eoque
297 4403 399 4443 non
432 4397 647 4444 tantum
679 4389 941 4446 adversus
973 4389 1255 4447 Usserium
1285 4402 1341 4448 et
1369 4392 1672 4452 Hammon-

133 4473 254 4539 dum,
276 4479 363 4532 sed
398 4490 451 4534 et
488 4492 681 4536 contra
716 4480 1038 4548 Baronium,
1063 4481 1395 4539 Halloixium
1423 4486 1670 4557 aliosque

132 4578 183 4616 cx
209 4562 398 4625 Latinis
435 4571 709 4636 militare,
741 4588 888 4628 nunc
934 4573 1041 4640 bis,
1088 4589 1236 4630 nunc
1290 4576 1400 4632 illis
1456 4578 1669 4648 alapam

135 4659 409 4736 impingere.
462 4665 582 4722 Hoc
632 4678 812 4723 autem
858 4678 967 4724 tam
1024 4671 1280 4741 perplexe
1313 4671 1477 4737 facit,
1508 4683 1570 4729 ut
1616 4681 1673 4729 et

134 4748 356 4811 lectorum
406 4758 584 4815 oculis
632 4759 888 4815 nebulam
938 4762 1232 4829 obtendat,
1281 4772 1337 4819 et
1390 4765 1673 4821 sententiae.

135 4857 298 4904 nostra
346 4868 487 4924 saepe
550 4854 782 4911 insidias
832 4866 1037 4925 strhat;
1095 4860 1226 4913 dum
1296 4858 1668 4930 Eusebianas,

134 4951 243 5005 quas
285 4948 450 5001 nostri
495 4948 765 5017 genuinas
811 4964 935 5005 esse
977 4953 1346 5020 contendunt,
1398 4968 1508 5008 non
1547 4955 1672 5011 aliis

135 5034 272 5090 armis
310 5039 543 5107 dejicere
585 5051 839 5107 conatur,
874 5058 1042 5112 quam
1073 5044 1142 5100 iis
1181 5045 1384 5115 quibus
1424 5046 1671 5117 interpo-

136 5123 327 5185 lationes
367 5132 656 5202 rejiciunt,
684 5144 740 5191 et
790 5151 963 5191 novas
1007 5146 1061 5193 et
1108 5139 1515 5196 commentitias
1552 5140 1670 5211 epi-

136 5220 272 5277 stulas
318 5237 602 5296 respuunt.
632 5226 928 5283 Proﬁtetur
968 5230 1085 5301 ipse
1129 5247 1189 5287 se
1229 5251 1247 5283 ε
1285 5232 1390 5287 hoc
1435 5231 1671 5303 lgnatia-

139 5326 295 5372 narum
313 5320 662 5390 epistolarum
694 5324 975 5393 negotium
1009 5324 1171 5380 simul
1195 5326 1472 5396 semelque
1495 5336 1669 5383 totum

139 5409 334 5465 tractare
370 5430 389 5463 ι
424 5413 597 5479 velle,
646 5414 799 5485 quod
852 5432 955 5472 nos
1004 5425 1060 5471 et
1107 5432 1250 5487 :egre
1298 5416 1568 5484 ferimus,
1619 5426 1673 5473 et

140 5496 327 5558 minime
364 5505 478 5561 ﬁeri
510 5506 766 5565 debuisse
808 5508 1212 5566 contendimus.
1243 5509 1369 5567 Haac
1399 5512 1545 5567 enim
1580 5526 1671 5566 re-

142 5599 237 5642 rum
265 5595 480 5652 confusa
510 5599 763 5654 tractatio
804 5615 915 5655 non
948 5607 1161 5655 tantum
1208 5602 1343 5656 mihi
1393 5602 1671 5671 negotium

144 5674 325 5741 lacessit
398 5690 490 5745 cui
529 5700 787 5761 perpetua
843 5692 1214 5763 distinguendi
1261 5700 1316 5748 et
1365 5694 1602 5764 genuina
1641 5711 1672 5749 a

147 5783 316 5836 sparus
355 5780 810 5855 discriminandi,
859 5785 965 5842 hac
1012 5785 1316 5855 praesertim
1378 5786 1675 5854 posteriori

1696 3139 1740 3198 C

1779 1899 2027 1953 moribus
2054 1898 2256 1966 tradat,
2301 1910 2492 1955 auctor
2516 1900 2949 1957 Eusebianarum
2994 1904 3080 1960 vel
3122 1919 3190 1960 eo
3240 1905 3362 1976 ipso

1778 2006 1943 2047 verus
1993 1989 2238 2061 lgnatius
2280 2002 2561 2063 appareat,
2608 1996 2754 2065 quod
2798 2005 3046 2067 tempora
3074 2014 3357 2068 nunquam

1777 2082 2101 2153 confundat,
2132 2085 2279 2155 quod
2306 2085 2441 2140 nihil
2468 2086 2537 2140 ab
2560 2087 2770 2158 lgnatio
2800 2089 3042 2144 alienum
3072 2090 3287 2146 doceat.

2410 2220 2641 2279 CAPUT
2680 2221 2745 2278 Il.

1774 2309 2159 2383 Argumentum
2206 2309 2409 2383 pollici
2449 2330 2482 2367 a
2530 2323 2758 2382 tempore
2804 2314 3021 2367 ductum
3071 2314 3357 2383 reici/itur.

1849 2380 2094 2465 lgnatius
2136 2380 2341 2435 nullum
2390 2380 2698 2466 hiereticnm
2721 2387 3058 2467 meminerit.
3088 2380 3359 2469 Cleolfius,

1845 2451 2312 2527 s_tve___Cleobulu_s,
2352 2469 2512 2527 prim:
2551 2455 2753 2527 saeculi,
2777 2455 3077 2510 haereticus.
3100 2455 3360 2527 Insignis

1847 2522 1907 2578 S.
1939 2521 2251 2596 Hieronymi
2281 2494 2426 2596 ioc?“
2460 2526 2575 2591 fuse
2616 2526 2932 2596 explicetur,
2974 2535 3024 2580 et
3055 2526 3119 2579 ab
3160 2494 3363 2596 imgor-

1846 2595 1990 2666 tuuis
2023 2592 2219 2666 Dallwi
2262 2593 2579 2666 cory’ecturis
2611 2592 2934 2665 defenditur.
2980 2592 3360 2666 lgnatius'nou

1843 2664 2056 2737 scripsit
2100 2673 2293 2737 contra
2334 2664 2683 2733 Theodotum,
2721 2666 2811 2721 sed
2859 2664 3104 2721 hwresim
3142 2667 3257 2737 ejus
3302 2670 3360 2724 in

1845 2732 2046 2788 Ebione
2071 2735 2363 2792 damnavit.

1848 2823 1917 2881 Ut
1962 2840 2025 2881 ea
2074 2820 2197 2896 qua:
2240 2828 2326 2881 vir
2374 2827 2731 2884 doctissimus
2780 2829 3047 2885 adversus
3094 2830 3359 2903 epistolas

1772 2912 2012 2971 Eusebio
2059 2917 2311 2988 cognitas
2353 2934 2421 2973 ex
2469 2920 2605 2989 ipsis
2634 2921 2966 2987 observavit.
2997 2923 3201 2977 nullam
3237 2938 3359 2978 om-

1773 3008 1907 3063 nino
1932 3010 1999 3066 ad
2028 3024 2220 3065 earum
2246 3013 2627 3068 auctoritatem
2662 3014 3088 3070 itnminuendam
3118 3016 3225 3070 vim
3258 3015 3359 3070 lia-

1772 3100 1900 3156 bere
1926 3102 2231 3168 ostendam,
2278 3103 2469 3160 eodem
2517 3104 2711 3161 ordine
2759 3122 2870 3176 quo
2901 3107 2993 3161 ille
3040 3107 3359 3177 perscripsit

1775 3195 2094 3265 singulatim
2129 3197 2315 3253 omnia
2356 3212 2678 3268 persequar.
2721 3196 2915 3269 Incipit
2946 3207 3129 3255 autem
3172 3198 3241 3254 ab
3266 3215 3359 3253 ar-

1772 3301 2034 3361 gumento
2083 3306 2114 3345 a
2152 3300 2395 3362 tempore
2437 3292 2636 3359 ducto,
2682 3302 2738 3348 et
2781 3294 2958 3363 capite
3005 3293 3072 3347 10
3117 3293 3358 3349 'allirmat

1778 3398 1813 3458 ι⁸
1837 3396 1945 3435 non
1999 3396 2171 3450 pauca
2224 3382 2430 3451 passim
2478 3398 2770 3439 occurrere
2811 3400 2935 3453 qua:
2962 3395 3160 3439 statam
3190 3394 3357 3452 atque

1774 3467 2061 3525 immotam
2118 3481 2426 3541 temporum
2463 3474 2660 3538 tidem,
2700 3474 3070 3529 certissimum
3111 3474 3355 3530 veritatis

1772 3564 2083 3635 κριτήριον,
2119 3565 2355 3633 graviter
2399 3564 2619 3633 pulsant
2662 3580 2727 3618 ac
2782 3565 3115 3619 convellunt.
3165 3584 3186 3618 ι
3239 3564 3356 3637 Ego

1772 3670 1904 3709 vero
1938 3670 1969 3708 e
2019 3656 2298 3711 contrario
2355 3672 2580 3721 assero,
2622 3658 2679 3711 in
2726 3657 2867 3712 lictis
2912 3668 2966 3712 et
3012 3658 3356 3727 interpolatis

1773 3747 2202 3819 quamplurima,
2245 3748 2340 3805 sed
2374 3765 2551 3820 neque
2583 3751 2789 3821 passim
2832 3767 3008 3821 neque
3038 3766 3147 3806 non
3177 3766 3356 3821 pauca

1773 3843 2109 3905 istiusmodi.
2142 3843 2252 3897 imo
2278 3843 2439 3913 plane
2483 3860 2548 3899 ac
2577 3859 2807 3914 prorsus
2846 3844 2993 3898 nulla
3024 3844 3077 3898 in
3106 3843 3356 3913 epistolis

1772 3951 1912 4005 quas
1937 3935 2112 3991 nostri
2139 3933 2461 4003 defendunt,
2489 3936 2737 4007 reperiri.
2761 3934 2866 3990 Sed
2894 3955 2913 3988 ι
2950 3951 3140 3990 earum
3164 3943 3356 3991 auctor

1772 4026 1841 4082 de
1868 4027 2056 4082 multis
2088 4028 2356 4083 haereticis
2398 4036 2562 4099 atque
2606 4027 2906 4082 lueresibus
2940 4037 3063 4096 post
3095 4026 3356 4097 martyris

1772 4118 1994 4174 demum
2016 4129 2245 4174 mortem
2270 4119 2501 4185 exortis,
2532 4119 2739 4189 passim
2782 4119 3047 4189 loquitur.
3081 4137 3100 4171 ι
3132 4117 3207 4172 Ita
3240 4119 3351 4174 ille.

1771 4208 1882 4265 Nos
1912 4220 2094 4266 autem
2144 4227 2269 4266 cum
2321 4209 2555 4266 Eusebio
2583 4210 2971 4280 antiquitatum
3018 4210 3354 4265 ecclesiasti-

1771 4318 1961 4360 carum
2014 4304 2346 4374 peritissimo
2396 4304 2651 4369 fatemur,
2686 4304 2954 4375 lgnatium
2997 4303 3210 4372 aliquas
3239 4302 3353 4357 bae-

1773 4411 1923 4451 reses
1949 4396 2358 4465 perstrinxisse,
2392 4395 2486 4451 sed
2511 4410 2607 4450 eas
2632 4394 3032 4457 tantummodo,
3067 4408 3189 4463 qua:
3224 4400 3357 4448 tunc

1773 4484 2056 4556 temporis,
2089 4500 2215 4541 cum
2250 4485 2340 4540 ille
2364 4485 2605 4554 scripsit,
2637 4493 2692 4540 et
2710 4494 3001 4553 antequam
3029 4480 3354 4553 martyrium

1774 4572 1973 4645 passus
1999 4586 2104 4639 est,
2140 4586 2344 4629 exortae
2369 4579 2615 4641 fuerant;
2667 4574 2830 4642 idque
2855 4571 3202 4627 verissimum
3233 4585 3357 4625 esse

1772 4666 2176 4723 contendimus.
2228 4665 2510 4734 Rursum,
2558 4683 2580 4718 ι
2614 4666 2918 4735 quosdam,
2968 4663 3181 4733 inquit,
3234 4662 3358 4732 ejus

1773 4759 2062 4813 commatis
2102 4758 2351 4812 nominat
2393 4758 2627 4825 diserte,
2662 4766 2715 4813 et
2765 4772 2905 4827 quos
2946 4772 3052 4810 non
3087 4755 3355 4823 nominat,

1773 4865 1965 4905 eorum
1995 4859 2174 4904 tamen
2199 4849 2455 4920 dogmata
2484 4848 2561 4903 ita
2590 4849 2752 4919 plane
2776 4863 2842 4904 ac
2872 4847 3157 4917 perspicue
3189 4848 3357 4903 inter-

1773 4942 1906 4998 dum
1940 4943 2186 5012 exponit,
2226 4950 2286 4996 ut
2311 4957 2453 5013 quos
2500 4942 2767 5014 intelligat
2795 4942 3033 4997 dubitari
3082 4958 3192 4997 non
3222 4956 3355 5011 pos—

1775 5037 1868 5092 sit.
1910 5058 1929 5090 ο
1963 5035 2075 5093 Nos
2102 5046 2398 5107 utrumque
2446 5037 2616 5092 libere
2659 5044 2714 5091 et
2756 5045 2943 5106 aperte
2989 5034 3185 5090 falsum
3231 5050 3357 5091 esse

1773 5131 2011 5189 dicimus
2043 5147 2057 5185 :
2088 5138 2144 5185 et
2181 5130 2469 5199 hucusque
2498 5128 2866 5184 assertionum
2901 5127 3047 5182 nuda
3076 5126 3356 5182 contentio

1773 5236 1888 5293 est;
1914 5224 1992 5280 ait
2014 5225 2125 5290 ille,
2154 5238 2258 5278 nos
2289 5238 2575 5292 negamus.

1844 5316 2090 5373 Priorem
2123 5316 2371 5371 ordinem
2405 5316 2570 5371 unico
2609 5315 2715 5370 hoc
2757 5321 3079 5385 argumento
3119 5311 3358 5380 probare

1774 5411 2014 5467 nititur:
2053 5408 2423 5481 Epistolarum
2465 5417 2657 5463 auctor
2694 5424 2713 5458 ι
2758 5405 3049 5471 Basilidis,
3087 5402 3355 5459 Theodoti

1720 5503 1722 5506 ’
1772 5515 1829 5560 et
1859 5504 2106 5559 Cleobuli
2150 5504 2263 5559 edit
2306 5503 2527 5557 nomina
2562 5501 2616 5554 in
2645 5499 2874 5569 epistola
2912 5499 2980 5552 ad
3023 5497 3351 5585 Trallianos.

1773 5596 1972 5653 Athos
2001 5606 2114 5652 tres
2165 5604 2287 5666 post
2316 5593 2509 5666 lgnatii
2547 5592 2869 5662 martyrium
2917 5590 3163 5661 erupisse
3203 5600 3357 5645 certo

1774 5697 2011 5745 constat.
2040 5707 2059 5741 ο
2088 5687 2165 5743 De
2196 5688 2577 5743 haereticorum
2622 5687 2820 5741 horum
2854 5692 3015 5740 aetate
3062 5698 3209 5739 nunc
3244 5697 3352 5737 non

1775 5782 2018 5852 disputo,
2049 5780 2119 5838 de
2161 5773 2401 5838 Basili'tle
2433 5789 2621 5850 postea
2668 5787 2923 5847 acturus;
2969 5777 3101 5834 illud
3136 5783 3352 5831 tantum
