3824 6198
346 218 449 273 285

1288 230 1291 231 ν
1325 218 1382 274 s.
1426 197 1775 277 IGNATIUS.
1816 248 1882 262 —
1922 206 2455 279 PROLEGOMENA.

3506 218 3605 275 1284

345 336 823 407 inpraasentiarum
872 350 1103 400 moneo,
1142 338 1288 406 quod
1320 336 1448 392 huic
1486 346 1807 408 argumento
1845 353 1931 392 re-
1960 350 2006 406 Α
2034 338 2258 404 mentio,
2305 338 2459 402 nihil,
2501 346 2559 391 ut
2589 336 2806 407 Opinor,
2838 337 2999 409 cogit.
3031 338 3068 391 ἰ
3120 334 3234 393 imo
3277 352 3414 394 vero
3467 348 3609 409 cogit

344 428 588 484 fellendo
634 428 848 482 abunde
903 427 1160 492 sufficiat,
1230 439 1508 484 auctorem
1571 415 1926 499 epistolarum

342 521 730 576 haereticorum
760 520 1030 574 neminem
1059 521 1345 576 nominare
1367 522 1622 586 voluisse,
1640 522 1709 577 ab
1736 537 1926 577 eorum

342 614 600 670 omnium
656 612 1067 667 nomenclatura
1120 612 1188 668 de
1242 614 1514 669 industria
1569 614 1921 671 abstinuisse.

341 703 423 760 ita
456 708 601 763 enim
634 709 749 777 ipse
795 706 1036 776 loquitur
1063 707 1130 762 de
1175 707 1448 762 haereticis
1496 708 1561 762 ad
1614 706 1924 779 Smyrnasos

346 801 596 856 scribens
627 815 639 851 :
675 799 756 854 Τὰ
801 800 859 854 δὲ
904 798 1145 870 ὀνόματα
1187 799 1365 852 αὐτῶν
1409 798 1537 852 ὄντα
1580 799 1784 853 ἄπιστα
1825 799 1925 853 οὐκ

345 889 491 954 ἔδοξέ
516 908 606 961 μοι
628 890 916 962 ἐγγράψαι·
936 890 1071 943 ἀλλὰ
1092 889 1227 961 μηδὲ
1254 889 1461 958 γένοιτό
1491 907 1579 959 μοι
1600 889 1777 942 αὐτῶν
1797 908 1926 961 μνη-

347 981 595 1052 μονεύειν
629 982 821 1052 μέχρις
848 976 909 1032 οὒ
942 982 1365 1052 μετανοήσωσιν.
1404 978 1571 1035 Vetus
1600 981 1873 1051 interpres
1904 1000 1919 1037 :

348 1090 371 1124 ι
403 1070 637 1127 Nomina
678 1082 862 1128 autem
910 1074 1154 1144 ipsorum
1190 1074 1507 1129 exsistentia
1541 1075 1777 1130 inlidelia
1810 1092 1919 1130 non

342 1163 523 1219 visum
563 1174 649 1220 est
704 1166 837 1219 mihi
890 1166 1186 1221 inscribere
1236 1184 1250 1222 :
1294 1168 1387 1222 sed
1420 1184 1598 1238 neque
1646 1168 1739 1223 fiat
1787 1168 1920 1222 mihi

344 1251 590 1321 ipsorum
642 1256 915 1310 recordari
966 1272 1140 1326 usque
1179 1273 1290 1327 quo
1339 1260 1657 1328 poeniteant.
1712 1279 1731 1312 ι
1763 1259 1920 1328 Quod

342 1342 512 1396 animi
557 1348 899 1414 pr0positum
940 1348 1192 1418 religiose
1235 1349 1290 1402 in
1337 1350 1563 1420 reliquis
1592 1352 1756 1407 etiam
1803 1352 1919 1422 epi-

340 1434 500 1489 stolis
526 1439 890 1501 conscrvavit,
933 1439 1071 1495 adeo
1110 1450 1170 1496 ut
1208 1442 1410 1497 nullius
1456 1460 1696 1514 unquam
1742 1446 1918 1501 haere-

341 1524 436 1579 tici
488 1527 728 1583 hominis
778 1546 975 1585 nomen
1030 1532 1281 1588 ediderit.
1342 1534 1549 1589 Auctor
1597 1548 1746 1592 certe
1803 1538 1920 1607 epi-

339 1617 495 1672 stolae
535 1618 601 1671 ad
650 1618 983 1687 Trallianos,
1028 1626 1055 1676 ὁ
1112 1624 1440 1695 δημιουργὸς
1481 1626 1583 1696 τῆς
1629 1626 1918 1693 θεσπεσίας

2031 426 2259 483 illustris
2291 428 2444 482 locus
2483 425 2776 495 Epiphanii
2824 426 3017 481 haeresi
3050 427 3113 482 51
3156 444 3169 481 :
3209 426 3402 480 Ἔνθεν
3437 428 3606 483 καὶοι

2029 519 2157 590 περὶ
2180 518 2452 590 Κήρινθον
2476 520 2572 571 καὶ
2619 517 2847 572 Ἐϐίωνα
2873 515 3027 587 ψιλὸν
3048 520 3137 572 τὸν
3164 517 3452 589 ἄνθρωπον
3476 535 3607 572 κατ·-

2027 609 2203 681 έσχον,
2224 612 2317 664 καὶ
2336 610 2632 682 Μήρινθον,
2661 611 2757 664 καὶ
2773 609 3029 663 Κλεόϐιωθ
3057 609 3233 663 show
3252 610 3603 677 Κλεόϐουλον,

2028 703 2079 756 id
2095 712 2197 768 est,
2222 722 2241 755 ι
2264 704 2612 765 etCleobium
2639 704 2752 759 sive
2763 701 3106 757 Cleobulum.
3121 722 3139 755 ι
3165 702 3290 759 Haec
3309 703 3458 757 enim
3474 703 3605 757 satis

2026 795 2515 863 aperteostendunt
2551 795 2801 850 eumdem
2843 795 3155 850 hazreticum
3198 795 3268 850 ab
3286 795 3411 851 aliis
3452 796 3606 850 Cleo-

2026 878 2268 946 bium,ah
2281 881 2403 935 aliis
2417 881 2737 937 Cleobulum
2752 884 3021 939 nominari
3033 884 3606 949 solitum,uteumdetu

2026 971 2339 1028 haereticum
2358 975 2447 1028 alii
2466 974 2922 1043 Saturnilum,alii
2941 975 3296 1032 Saturninum
3313 978 3605 1034 vocabant.

2026 1063 2183 1119 llunc
2208 1076 2389 1122 autem
2407 1067 2714 1131 Cleobium,
2730 1068 2843 1123 sive
2855 1069 3176 1124 Cleobulum
3190 1085 3313 1126 cum
3332 1068 3609 1127 Ebioueet

2023 1156 2285 1211 Cerintho
2335 1158 2615 1214 Christum
2677 1162 2886 1216 nudum
2940 1162 3219 1217 hominem
3278 1163 3608 1232 praedicasse

2021 1249 2180 1304 docet
2209 1249 2546 1320 Epiphanius
2578 1268 2594 1304 :
2633 1262 2688 1308 et
2714 1255 2958 1308 eamdem
2985 1254 3234 1309 haeresim
3261 1254 3606 1311 Theodotum

2028 1342 2287 1397 docuisse
2316 1344 2584 1410 noscitur,
2616 1347 2700 1399 cui
2725 1346 3043 1401 Cleobulum
3076 1346 3327 1416 adjungit
3355 1346 3607 1417 interpo-

2020 1433 2179 1489 lator.
2214 1433 2323 1489 Sua
2359 1434 2521 1505 igitur
2552 1436 2872 1493 Cleobulum
2900 1439 3209 1493 obscuritas
3243 1454 3351 1493 non
3386 1439 3541 1508 tegit.

2092 1525 2168 1581 De
2196 1525 2478 1582 Theodoto
2508 1538 2688 1583 autem
2740 1529 2988 1596 miniato,
3040 1532 3135 1600 qui
3176 1530 3244 1585 ad
3278 1545 3385 1584 nos
3437 1530 3605 1596 nihil,

2022 1614 2189 1672 miras
2237 1617 2397 1671 nobis
2439 1618 2787 1674 difficultates
2828 1628 2979 1674 creat
3025 1631 3081 1674 et
3115 1620 3301 1675 turbas
3342 1621 3605 1675 concitat.

337 1706 665 1778 ἐπιπολῆς,
700 1721 757 1764 ut
805 1712 1047 1782 loquitur
1080 1712 1362 1785 Synesius,
1398 1714 1707 1783 Basilidem,
1742 1717 1900 1773 Theo-

2027 1707 2152 1762 Nam
2193 1708 2336 1778 quod
2364 1724 2489 1763 eum
2522 1710 2590 1764 ad
2630 1724 2688 1764 a.
2727 1710 2791 1766 Ι).
2834 1711 2937 1766 194
2968 1710 3175 1775 refert,‘
3207 1712 3341 1782 quid
3377 1711 3449 1766 ad
3479 1728 3604 1775 nos,

337 1798 530 1853 dotum
620 1811 715 1855 aut
743 1800 1065 1858 Cleobulum
1119 1821 1399 1876 nunquam
1451 1808 1775 1874 nominavit,
1823 1810 1916 1865 sed

336 1889 693 1960 interpolator
723 1910 739 1959 ;
782 1912 801 1945 ι
832 1895 1013 1948 omnis
1049 1904 1227 1950 autem
1267 1896 1613 1968 interpolatio
1648 1901 1918 1969 posterior

333 1980 601 2035 credenda
656 1991 774 2049 est,
808 2001 826 2035 ι
869 1994 929 2039 ιιι
978 1986 1221 2057 loquitur
1269 1987 1660 2047 Tertullianus.
1712 1991 1915 2048 Eorum

333 2071 559 2125 nomina
614 2073 668 2127 in
721 2074 938 2129 laciniis
993 2077 1140 2134 illius
1188 2081 1435 2151 epistola:
1485 2082 1626 2138 inter
1683 2086 1914 2141 miniata

332 2163 713 2232 reperiuntur;
747 2167 801 2220 in
834 2166 1023 2222 codice
1053 2168 1366 2227 Florentino
1390 2212 1404 2237 ,
1432 2184 1487 2228 et
1519 2173 1715 2232 Latino
1747 2177 1913 2233 inter-

332 2260 484 2322 prete
514 2254 733 2309 sincero
764 2273 870 2311 non
903 2271 1199 2329 apparent;
1240 2264 1306 2317 ad
1356 2263 1651 2321 Baronium
1682 2268 1915 2327 fortasse

330 2352 387 2398 et
410 2341 762 2413 Halloixium,
789 2353 854 2402 ad
882 2366 981 2405 nos
1004 2367 1110 2406 non
1137 2355 1359 2410 omnino
1389 2358 1675 2425 pertinent.

367 2450 371 2455 τ
401 2434 580 2506 Atque
610 2438 725 2494 haec
752 2441 819 2495 ad
841 2440 906 2495 10
933 2452 1093 2513 caput
1122 2448 1406 2516 responsio
1430 2450 1676 2506 sufficere
1705 2462 1909 2523 posset,

328 2523 433 2580 nisi
475 2541 598 2579 cum
636 2527 724 2582 illa
757 2531 921 2586 verba
943 2547 1009 2588 ex
1034 2552 1052 2585 ι
1082 2550 1183 2589 suo
1211 2535 1402 2607 lgnatii
1429 2541 1590 2596 simio
1623 2562 1641 2593 ι
1663 2545 1730 2598 ad
1751 2543 1908 2600 Tral-

328 2613 505 2669 lianos
519 2616 773 2673 adducit:
799 2639 818 2672 ι
840 2620 1033 2693 Fugite
1063 2626 1227 2680 etiam
1263 2628 1435 2697 ipsius
1463 2634 1784 2703 nequissimi
1808 2652 1909 2692 ne-

325 2716 503 2775 potes,
546 2707 885 2767 Theodotum
924 2724 979 2770 et
1006 2716 1351 2787 Cleobulum,
1385 2741 1404 2775 ι
1438 2727 1785 2782 occasionem
1818 2746 1908 2784 ar-

325 2797 525 2866 riperet
542 2798 822 2857 Usscrium
846 2807 1009 2862 etiam
1053 2818 1107 2864 et
1130 2808 1530 2870 Hammondum
1555 2820 1903 2891 suggillandi.

328 2906 351 2941 ι
380 2890 457 2945 Ch
476 2894 724 2961 obulum,
754 2897 948 2968 inquit,
980 2901 1144 2957 istum
1170 2921 1269 2960 sua
1307 2907 1617 2966 obscuritas
1651 2890 1723 2967 ita
1749 2915 1901 2984 tegit,

2018 1801 2111 1872 qui
2146 1801 2592 1871 interpolatorem
2625 1803 2833 1872 aliquot
2864 1810 2989 1872 post
3011 1803 3228 1858 saeculis
3272 1812 3465 1858 natum
3498 1821 3603 1875 pu-

2018 1891 2249 1945 tamus?
2300 1890 2457 1957 Quod
2507 1892 2708 1947 clamat
2759 1891 3046 1947 Usscrium
3086 1912 3104 1945 ι
3136 1907 3203 1947 eo
3255 1894 3494 1961 ducere,
3548 1904 3609 1949 ιιι

2017 1982 2363 2040 Theodadem
2390 2000 2489 2055 pro
2519 1983 2820 2051 Theodoto,
2845 1996 3040 2055 praeter
3069 1987 3317 2041 omnium
3345 1986 3603 2041 codicum

2015 2077 2330 2132 Graecorum
2361 2077 2793 2149 Latinorumque
2824 2078 3007 2144 fidem,
3040 2094 3397 2148 reponamus,
3434 2098 3455 2132 ι
3496 2095 3608 2133 ma-

2014 2189 2175 2244 gnam
2199 2174 2319 2228 viro
2343 2174 2691 2244 integerrimo
2720 2173 2972 2243 injuriam
2992 2172 3139 2228 facit.
3167 2172 3430 2229 Usserius
3455 2184 3608 2230 certe

2013 2263 2420 2334 interpolatoris
2451 2263 2827 2319 defensionem
2859 2280 2965 2318 non
2995 2265 3253 2333 suscepit,
3287 2280 3456 2333 quem
3488 2265 3607 2336 ipse

2011 2356 2223 2426 primus
2259 2357 2468 2412 detexit
2494 2367 2546 2410 et
2570 2357 2828 2423 confixit;
2859 2372 3035 2427 neque
3064 2357 3369 2427 quidquam
3396 2367 3604 2413 contra

2011 2448 2263 2502 codicum
2295 2446 2455 2503 fidem
2481 2447 2628 2511 fecit,
2664 2449 2756 2504 sed
2785 2464 2883 2518 pro
2911 2449 3313 2519 singulari’qua
3351 2450 3435 2504 uti
3462 2451 3605 2505 solo-

2011 2540 2104 2594 bat
2130 2540 2436 2610 diligentia,
2470 2542 2712 2596 codicem
2741 2540 3101 2597 Baliolensem
3123 2583 3139 2608 ,
3188 2558 3295 2597 non
3339 2541 3605 2596 Theodo-

2011 2640 2147 2699 tum,
2173 2634 2266 2689 sed
2301 2633 2657 2689 Theododum
2683 2633 2889 2688 habere
2921 2635 3203 2702 indicavit,
3246 2635 3397 2705 quod
3445 2653 3606 2690 com-

2011 2739 2177 2779 mune
2233 2726 2437 2796 aliquid
2491 2742 2615 2781 cum
2677 2726 2896 2780 Θεοδὰδι
2951 2727 3153 2781 habere
3209 2728 3602 2782 tantummodo

2009 2820 2241 2872 monuit.
2296 2817 2659 2889 Iniquissima:
2703 2820 2869 2890 igitur
2919 2829 3047 2873 sunt
3076 2818 3506 2876 vociferationes
3545 2832 3606 2877 et

2007 2910 2318 2972 calumniae.
2352 2911 2554 2979 quibus
2581 2911 2756 2965 virum
2785 2911 3259 2966 accuratissimum
3283 2922 3504 2967 onerat.

322 2989 384 3095 ιιι
404 2984 558 3054 argui
584 3001 691 3040 non
717 2991 907 3058 possit.
932 3010 951 3044 ι
978 2992 1092 3049 Ιιιιο
1120 3010 1251 3051 vero
1280 2998 1417 3054 adeo
1445 3003 1794 3072 perspicuum
1820 3019 1904 3062 est
1929 3038 1971 3095 ο
2078 3000 2183 3057 Sed
2211 3012 2450 3058 «movet»
2471 3004 2650 3058 virum
2668 3005 3045 3060 doctissimum
3070 3004 3425 3077 «Hieronymi
3445 3007 3604 3063 locus

319 3072 642 3129 Cleobulum
682 3079 835 3135 illum
881 3083 1026 3140 inter
1074 3088 1480 3145 vetustissimos
1531 3092 1819 3151 haereticos
1869 3113 1901 3151 a

322 3163 425 3221 SS.
460 3166 713 3228 Patrihus
746 3190 869 3231 esse
910 3180 1265 3246 recensitum,
1301 3192 1361 3237 ut
1381 3183 1429 3239 si
1459 3199 1584 3239 eum
1614 3188 1901 3243 nominas-

318 3266 401 3312 set
434 3259 551 3328 ipse
575 3273 769 3319 auctor
791 3267 1034 3336 eplstolaa
1061 3272 1127 3325 ad
1155 3271 1486 3342 Trallianos,
1515 3278 1665 3333 nulla
1698 3278 1825 3334 inde
1848 3280 1899 3334 ei

316 3346 387 3403 de
415 3350 741 3421 antiquitate
794 3356 864 3413 lis
891 3361 1100 3415 moveri
1147 3374 1351 3432 posset.
1400 3366 1699 3427 Cleobulus
1726 3371 1896 3439 enim,

314 3440 430 3497 sive
459 3441 736 3513 Cleobius,
769 3446 1012 3507 Simonis
1059 3454 1365 3526 discipulus
1396 3457 1534 3526 fuit;
1565 3463 1710 3518 unde
1736 3462 1901 3518 Cleo-

312 3530 462 3588 biani
507 3551 630 3591 cum
677 3536 1024 3598 Dositheanis
1058 3554 1114 3600 et
1140 3546 1434 3604 Gorthenis
1477 3551 1710 3622 aliisque
1751 3556 1896 3609 anti-

311 3627 597 3695 quissimis
640 3630 908 3689 haereticis
940 3641 1209 3693 numerati
1242 3650 1391 3696 sunt.
1426 3641 1487 3698 Β.
1519 3642 1897 3703 Theodoretus

315 3716 519 3774 liceret.
572 3725 593 3794 Ῐ
617 3723 688 3777 ib.
715 3724 810 3780 lib.
840 3742 881 3790 ι,
906 3743 1026 3797 cap.
1047 3730 1184 3793 l,de
1212 3733 1582 3790 Simonianis:
1615 3738 1711 3791 Ἐκ
1730 3739 1895 3809 τῆσδε

306 3810 407 3902 τῆς
456 3816 792 3902 πικρονιάτης
836 3818 1148 3890 ἀνεφύησαν
1202 3823 1359 3895 ῥίζης
1399 3826 1695 3884 Κλεοϐανοὶ
1746 3828 1893 3902 [lege

306 3901 660 3974 Κλεοὸιανοὶ]
682 3907 1011 3975 Δοσιθεανοὶ,
1029 3913 1307 3985 Γορθηνοὶ,
1325 3917 1652 3986 Μασόόθεοι,
1682 3901 1891 3995 Ἀδρια-

304 3994 502 4059 νισταὶ,
536 3996 864 4068 Εὑτυχηταὶ,
914 4003 1200 4059 Κανισταί.
1247 4006 1316 4061 Ει
1368 4009 1464 4064 lib.
1501 4027 1561 4076 ll,
1608 4029 1659 4068 c.
1706 3994 1887 4079 1,7uhi

306 4093 543 4141 testatur
568 4088 740 4145 Deum
771 4093 1109 4151 zizaniorum
1139 4114 1393 4171 magnam
1418 4115 1627 4174 partem
1663 4108 1718 4163 in
1749 4110 1891 4165 triti-

304 4189 432 4230 oum
466 4180 828 4249 convertisse,
863 4184 979 4239 haec
1026 4186 1189 4244 habet
1222 4208 1236 4244 :
1272 4192 1386 4245 Καὶ
1416 4198 1756 4269 μαρτμροῢσι
1795 4202 1889 4255 καὶ

302 4267 486 4333 πόλεις
509 4273 603 4326 καὶ
621 4273 805 4345 κῶμαι
836 4278 931 4331 καὶ
962 4278 1071 4332 τῶν
1106 4282 1347 4353 Σίμωνος
1391 4267 1503 4341 καῖ
1528 4267 1639 4345 τῶν
1670 4294 1887 4347 Μενάν-

2004 3106 2193 3150 contra
2249 3094 2552 3149 Helvidium
2603 3095 2940 3164 disputantis
2974 3136 2989 3162 ,
3060 3095 3268 3151 diserte
3312 3095 3601 3168 lgnatium

2004 3185 2148 3240 inter
2174 3187 2512 3256 apostolicos
2534 3186 2836 3255 scriptores
2861 3186 3097 3255 primum
3130 3187 3474 3242 recensentis
3500 3189 3600 3258 qui

2002 3283 2264 3340 adversus
2319 3282 2608 3348 Ebionem,
2656 3292 2713 3337 et
2748 3280 3089 3336 Theodotum
3137 3280 3488 3351 Byzantium,
3541 3292 3605 3338 et

2004 3375 2355 3430 Valentinum
2401 3376 2762 3446 scripserunt.
2809 3394 2828 3426 ι
2864 3373 3036 3428 Caute
3067 3373 3183 3428 haec
3233 3374 3503 3443 primum,
3541 3385 3601 3430 et

2000 3466 2281 3522 indefinite
2307 3486 2321 3522 :
2351 3476 2534 3522 movet
2558 3466 2863 3530 hominem,
2895 3463 2991 3519 sed
3021 3479 3152 3532 quo,
3178 3479 3288 3517 non
3315 3466 3597 3535 ostendit;

2000 3568 2060 3612 ut
2084 3559 2213 3629 quid
2236 3569 2509 3629 putetnon
2525 3558 2679 3613 addit
2703 3558 2867 3628 ;quid
2886 3557 3260 3627 indecolligat,
3288 3571 3395 3612 nos
3419 3557 3601 3613 latere

1998 3652 2189 3705 voluit.
2218 3654 2302 3704 An
2326 3659 2507 3705 movet
2535 3659 2595 3705 ut
2616 3650 2884 3719 lgnatium
2923 3648 3064 3703 inter
3094 3650 3434 3718 apostolicos
3450 3653 3600 3707 scri-

1997 3749 2183 3813 ptores
2234 3758 2344 3797 non
2379 3755 2641 3796 numeres
2666 3781 2682 3803 .
2724 3756 2851 3796 cum
2891 3738 3259 3811 Hieronymus
3299 3740 3420 3811 ipse
3460 3758 3597 3797 eum

1994 3833 2351 3890 diserteinter
2379 3832 2599 3887 eosdem
2616 3832 2991 3887 numeret?An
3018 3841 3273 3886 movetut
3295 3833 3594 3889 existimes

1966 3902 2452 3993 interpolatorem
2489 3937 2689 3977 nomen
2726 3922 3035 3992 prodidisse
3057 3920 3324 3977 Theodoti
3369 3922 3594 3994 lgnatio
3684 3982 3697 3990 ,

1987 4015 2251 4087 junioris,
2298 4016 2449 4087 quod
2502 4031 2665 4071 nemo
2721 4024 2968 4069 nostrum
3026 4016 3229 4084 negat?
3281 4015 3367 4069 An
3403 4026 3594 4071 movet

1992 4106 2359 4179 Hieronymus
2402 4116 2460 4161 ιιι
2506 4107 2613 4161 hoc
2671 4118 2854 4176 putes,
2914 4103 3010 4173 qui
3075 4105 3588 4173 interpolatorem,

1992 4208 2179 4270 utpote
2201 4214 2261 4255 se
2278 4200 2450 4254 multo
2476 4199 2752 4268 juniorem
2782 4211 3061 4265 nunquam
3092 4195 3265 4249 vidit?
3291 4194 3593 4267 Utcunque

1991 4293 2087 4359 sit,
2125 4292 2488 4361 undecunque
2511 4300 2608 4345 aut
2647 4305 2977 4361 quocunque
3007 4297 3293 4343 moveatur
3318 4287 3589 4354 Dallaaus,

298 4357 449 4453 ξρου,
478 4365 571 4416 κοιλ¹
602 4364 885 4433 Κλεοὸίου,
917 4371 1013 4424 καὶ
1054 4374 1328 4442 Δοσιθέου,
1360 4380 1454 4433 καὶ
1488 4381 1750 4453 Γορθέου,
1792 4387 1885 4440 καὶ

2027 4357 2346 4440 t'Usserius
2390 4357 2445 4439 et
2489 4357 3162 4450 Haminondus—vapulat.
3197 4378 3381 4447 Prior,
3432 4382 3588 4451 quod

310 4449 610 4524 Ἀδριανοῦ,
650 4459 743 4512 καὶ
776 4461 1117 4535 Σατορνίλου,
1151 4467 1244 4521 καὶ
1291 4449 1590 4537 Βασιλίδουν,
1627 4478 1721 4530 καὶ
1763 4478 1888 4531 Ἰσι-

186 4582 195 4595 ,
297 4543 494 4616 δώρου,
528 4549 624 4601 καὶ
648 4551 1102 4629 Καρποκράτους,
1134 4561 1228 4613 καὶ
1267 4561 1616 4633 Ἐπιφάνους,
1647 4569 1742 4621 καὶ
1774 4569 1885 4623 τῶν

294 4636 471 4691 ἄλλων
504 4638 843 4708 ἁπαξαπλῶς
871 4644 979 4697 τῶν
1014 4650 1267 4707 τοιούτων
1300 4651 1554 4717 ζιζανίων
1594 4657 1878 4729 ἀπηλλαγ-

298 4730 1011 4804 pévat.Auctor1mperfecu
1050 4745 1217 4800 oneris
1250 4742 1304 4797 in
1337 4743 1876 4816 MatthwumJiomil.

293 4824 401 4880 48:
437 4842 461 4879 ί
488 4824 761 4887 Venerunt
782 4835 928 4889 enim
960 4832 1257 4892 Dositbeus
1282 4848 1335 4892 et
1358 4838 1546 4896 Simon
1570 4859 1625 4898 Cl.
1654 4844 1878 4901 Cleonis

292 4909 434 4988 [lege
484 4918 781 5004 Cleobius]
838 4944 855 4966 ι
883 4925 1011 4983 Haec
1044 4930 1119 4983 illi
1150 4944 1221 4985 ex
1252 4932 1642 5003 antiquissimo
1690 4952 1873 4993 rerum

290 5012 791 5071 ecclesiasticarum
842 5020 1111 5089 scriptore
1157 5021 1484 5095 Hegesippo,
1530 5029 1672 5097 apud
1704 5028 1875 5085 Euse-

288 5100 438 5157 bium
468 5104 565 5159 lib.
601 5122 675 5173 iv,
719 5123 770 5162 c.
819 5107 916 5176 22,
949 5111 1043 5180 qui
1088 5110 1375 5168 Cleobium
1431 5116 1579 5172 hunc
1610 5119 1663 5173 in
1697 5121 1871 5189 prima

288 5192 671 5253 haereticorum
716 5202 894 5257 classe
936 5204 1207 5259 collocat:
1249 5206 1366 5276 Ἀφ’
1400 5200 1475 5262 ὦν
1507 5209 1711 5281 Σίμων,
1750 5212 1874 5267 ὅθεν

286 5284 630 5355 Σιμωνιανοὶ,
661 5291 755 5345 καὶ
772 5292 1049 5359 Κλεόϐιος,
1084 5296 1206 5351 ὅθεν
1238 5299 1575 5367 Κλεοΰιανοὶ,
1604 5304 1699 5356 καὶ
1721 5305 1873 5357 Δοσί-

285 5375 429 5445 θεος,
472 5379 595 5435 ὅθεν
626 5383 957 5440 Δοσιθεανοξ.
990 5387 1249 5445 Cleobius
1278 5391 1442 5462 igitur
1496 5392 1706 5449 Simoni
1740 5413 1871 5467 syn-

282 5468 530 5527 ehronus
553 5472 671 5542 ipso
698 5474 904 5545 lgnatio
926 5490 1163 5551 martyre
1182 5484 1460 5554 antiquior
1489 5484 1610 5540 fuit.
1637 5486 1740 5543 Sed
1763 5507 1783 5539 ι
1807 5498 1867 5545 ιιι

284 5560 433 5616 hunc
454 5562 779 5620 Cleobulum
813 5570 1090 5636 eumdem,
1123 5573 1320 5644 inquit,
1358 5591 1483 5629 cum
1509 5575 1734 5634 Cleobio
1767 5581 1861 5638 illo

280 5650 763 5721 fuisseputemus.
791 5660 951 5723 cuius
981 5662 1037 5717 fit
1067 5663 1361 5722 aliquoties
1396 5670 1536 5726 apud
1564 5672 1861 5730 scriptores

1994 4492 2014 4527 ι
2047 4475 2297 4529 videatur
2325 4473 2715 4545 Hieronymum
2740 4488 2938 4542 capere
2971 4488 3078 4526 non
3105 4474 3171 4526 de
3194 4472 3588 4541 epistolis,sed

1985 4568 2054 4624 de
2083 4568 2194 4624 alio
2238 4569 2426 4639 aliquo
2466 4566 2653 4637 lgnatii
2685 4582 2851 4637 opere
2879 4567 3026 4636 quod
3057 4565 3204 4621 illius
3239 4581 3360 4621 aevo
3404 4568 3589 4621 exsti-

1986 4662 2134 4727 terit,
2166 4673 2361 4717 nostro
2389 4660 2784 4714 desideretur.»
2804 4658 2873 4712 At
2901 4655 3162 4713 Usscrins
3195 4657 3263 4711 de
3288 4656 3387 4711 tali
3414 4673 3589 4727 opere

1985 4755 2125 4811 nihil
2156 4755 2540 4810 tantummodo
2590 4752 2688 4816 ait,
2747 4752 2799 4806 id
2858 4751 3005 4821 quod
3065 4750 3422 4805 verissimum
3454 4768 3587 4806 esse

1982 4859 2176 4901 omnes
2203 4846 2506 4901 concedent
2533 4863 2546 4899 :
2584 4862 2603 4895 ι
2638 4842 2697 4898 Si
2726 4842 2993 4897 Theodoti
3024 4840 3259 4895 Coriarii
3295 4841 3355 4895 in
3387 4842 3586 4912 aliquo

1980 4952 2145 5007 opere
2173 4952 2371 4991 nomen
2398 4935 2591 5007 lgnatii
2620 4934 2940 5004 praferente
2970 4932 3111 4987 facta
3149 4932 3319 4986 fuerit
3340 4936 3581 5002 mentio,

1979 5027 2271 5084 manifesta
2301 5028 2705 5098 ψευδογραφίας
2751 5044 2815 5083 ex
2848 5028 2965 5097 ipsa
2995 5036 3307 5095 temporum
3342 5030 3585 5083 convin-

1981 5127 2142 5173 catur
2174 5118 2410 5173 ratione.
2454 5136 2473 5170 ι
2508 5116 2625 5170 Non
2651 5117 2891 5172 asseruit
2917 5117 3024 5172 tale
3067 5132 3207 5186 opus
3241 5115 3579 5190 Hieronymi

1975 5218 2134 5265 aetate
2178 5209 2478 5277 exstitisse,
2537 5226 2647 5263 non
2682 5209 2823 5265 alios
2879 5208 3091 5282 lgnatio
3145 5212 3319 5269 libros
3356 5214 3582 5269 afﬁnxit

1976 5301 2347 5383 Usserius,.ut
2376 5302 2684 5357 frust-ranea
2716 5304 2877 5374 plane
2900 5304 2973 5359 sit
3007 5313 3119 5359 tota
3153 5305 3271 5362 haec
3300 5307 3579 5364 adversus

1971 5411 2095 5451 eum
2124 5395 2374 5451 instituta
2420 5396 2745 5467 disputatio.
2776 5396 2843 5469 Et
2872 5414 2998 5453 cum
3039 5414 3261 5455 errores
3290 5398 3576 5456 Theodoti

1970 5488 2024 5543 in
2052 5488 2139 5543 his
2166 5488 2415 5559 epistolis
2462 5490 2810 5560 apertissime
2837 5490 3069 5545 refutari
3103 5492 3201 5556 ait,
3232 5508 3305 5547 ne
3356 5492 3412 5547 id
3442 5494 3575 5563 qui-

1966 5580 2095 5641 dem
2120 5581 2415 5651 quisquam
2436 5591 2618 5653 negat.
2645 5582 2789 5638 Nulli
2812 5592 2995 5639 autem
3015 5584 3107 5638 alii
3131 5599 3361 5641 errores
3383 5584 3573 5640 Theo-

1968 5673 2081 5729 doti
2114 5673 2166 5729 in
2201 5673 2307 5732 illis
2334 5676 2663 5739 refutantur.
2709 5676 2811 5732 nisi
2842 5677 2935 5743 qui
2964 5677 3039 5750 ad
3073 5675 3372 5738 Ebionaaos
3397 5677 3571 5752 perti-
