3770 6326
144 331 237 387 185

795 331 847 389 1.
889 333 1266 391 pssnsonn
1292 333 1617 393 vmmcm
1651 310 2072 396 ιοΝΑτιΑΝῈ.
2117 373 2186 383 -
2222 342 2284 397 ιη

1015 333 1266 391 .nsonn
1292 333 1617 393 vmmcm
1651 310 2072 396 ιοΝΑτιΑΝῈ.
2117 373 2186 383 -
2222 339 2406 398 mas
2439 343 2504 398 n.

3277 327 3387 399 sse

144 450 339 514 hebant,
383 460 433 505 et
472 448 736 506 Ehionem
770 452 935 507 simul
966 469 1091 509 cum
1118 454 1405 512 Theodoto
1437 460 1689 515 nominat
1714 466 1763 524 Α
1789 462 1882 532 qui
1908 461 2001 517 diu
2031 469 2156 533 post
2175 478 2370 518 eorum
2401 471 2633 518 mortem
2658 472 2880 517 exortus
2906 472 3013 527 est,
3030 462 3133 517 sub
3160 459 3384 519 Victore

143 541 511 612 Hieronymus:
542 558 644 597 nec
667 544 721 597 in
757 544 861 599 hoc
891 546 1070 615 capite
1092 546 1161 601 de
1184 549 1372 603 haresi
1403 551 1687 619 quaeritur,

142 628 304 684 sedde
330 630 612 694 hzeret'tco,
664 648 824 702 quem
862 640 932 688 ab
970 635 1179 705 lgnatio
1209 638 1553 694 nominatum
1595 650 1692 697 aut

142 720 410 777 refutatum
450 739 735 795 negamus.
777 725 1015 784 Haeresis
1063 728 1333 785 Theodoti
1376 731 1434 786 in
1483 732 1694 789 Ebione

142 824 187 867 et
213 813 461 869 Cerintho
496 815 731 871 refutata
763 828 867 883 est,
900 818 1219 878 Theodotus
1249 822 1367 893 ipse
1417 823 1472 879 in
1503 827 1696 894 genui-

141 905 214 961 nis
239 907 475 976 epistolis
506 909 746 964 intactus
778 918 883 966 est.

207 1016 224 1050 ι
255 996 619 1055 Hammondus
660 1017 792 1056 vero
827 1002 1129 1059 confitetur
1163 1020 1273 1060 non
1318 1020 1543 1061 necesse
1571 1020 1697 1061 esse

143 1099 193 1143 ut
230 1092 457 1161 lgnatius
506 1095 770 1150 adversus
802 1094 1155 1153 Valentinum
1204 1109 1299 1153 aut
1349 1098 1694 1154 Theodotum

142 1184 393 1238 volumina
417 1201 559 1239 nova
590 1187 877 1256 scripsisse
913 1190 1155 1245 dicatur.
1190 1210 1209 1244 ι
1248 1191 1415 1247 Recte
1454 1194 1569 1247 haec
1603 1193 1697 1248 ille

143 1276 357 1347 quidem,
408 1293 518 1333 non
571 1288 629 1333 ut
669 1278 894 1336 Usserio
926 1284 1355 1349 contradiceret,
1415 1285 1509 1355 qui
1560 1284 1698 1341 illud

143 1384 340 1424 necesse
360 1385 483 1425 esse
503 1387 781 1442 nunquam
812 1374 970 1441 dixit,
993 1375 1086 1431 sed
1114 1385 1172 1431 ut
1194 1374 1588 1448 Hieronymum
1614 1377 1700 1431 in-

146 1469 526 1528 terpretaretur,
557 1463 716 1531 cujus
751 1466 915 1521 verba
951 1482 1060 1520 non
1093 1467 1409 1537 conjuncte,
1465 1469 1560 1524 sed
1616 1468 1701 1524 di—

143 1550 277 1603 visim
320 1550 669 1623 intelligenda
703 1569 827 1609 esse
875 1557 1093 1611 censuit
1124 1574 1136 1610 :
1166 1557 1330 1627 idque
1392 1559 1702 1615 rectissime

143 1641 459 1696 observatum
495 1660 617 1699 esse
642 1646 835 1715 liquet,
869 1648 914 1701 si
949 1648 1016 1702 de
1048 1650 1272 1719 scriptis
1324 1668 1433 1705 non
1487 1661 1699 1708 tantum

144 1731 376 1788 adversus
400 1734 763 1799 haereses,sed
787 1746 840 1791 et
858 1737 1007 1808 ipsos
1029 1740 1317 1795 hazreticos
1342 1741 1697 1812 intelligatur.

143 1820 303 1892 Neque
330 1826 475 1879 enim
508 1825 842 1897 Polycarpus
874 1838 1067 1884 contra
1112 1830 1486 1899 Valentinum,
1527 1849 1703 1903 neque
1736 1812 1776 1868 Β

143 1913 390 1983 Justinus,
443 1917 529 1971 vel
592 1917 867 1985 lrenaaus,
905 1930 1169 1990 quantum
1228 1923 1468 1989 scimus,
1519 1932 1708 1978 contra

144 2006 502 2074 Theodotum,
586 2026 845 2080 expresse
933 2014 1203 2083 scripsit;
1276 2025 1420 2070 certe
1470 2024 1708 2085 quatuor

144 2099 247 2156 illos
293 2117 476 2157 omnes
539 2105 869 2172 apostolicos
914 2105 1061 2159 viros
1101 2105 1367 2161 adversus
1422 2115 1533 2161 tres
1588 2107 1708 2161 illos

145 2190 400 2245 lnereticos
448 2193 655 2248 diserte
690 2210 800 2248 non
847 2195 1137 2264 scripsisse
1166 2206 1425 2263 constat;
1473 2210 1527 2253 et
1578 2199 1704 2254 inde

147 2292 267 2338 recte
291 2284 565 2355 colligitur
605 2286 672 2340 ad
708 2285 1023 2357 Hieronymi
1057 2298 1294 2343 mentem
1322 2289 1458 2344 satis
1476 2304 1600 2345 esse
1636 2305 1699 2344 ea

145 2390 245 2445 qua:
272 2375 513 2447 lgnatius
545 2379 598 2432 in
630 2380 882 2449 epistolis
924 2390 1114 2436 contra
1169 2381 1431 2437 Ebionem
1461 2392 1515 2438 et
1544 2382 1696 2439 Gno-

146 2467 284 2524 stieos
303 2470 541 2540 scripsit,
566 2471 784 2526 etiamsi
819 2472 953 2526 nihil
976 2472 1239 2527 adversus
1270 2470 1624 2528 Valentinum
1645 2482 1701 2530 et

146 2557 452 2614 Theodotum
481 2562 828 2632 scripserint.
861 2561 939 2617 Ita
965 2563 1185 2631 quidem
1207 2563 1378 2619 sensit
1399 2561 1698 2620 Hammon-

146 2650 260 2719 dus;
282 2671 299 2704 ι
319 2652 403 2707 ille
424 2668 556 2708 vero
587 2653 813 2718 fallitur,
848 2656 1025 2726 inquit
1053 2654 1312 2721 Dallzens,
1334 2664 1388 2709 et
1420 2657 1690 2712 rationem

147 2743 300 2797 statim
326 2742 688 2811 reddit,'nam
716 2747 821 2801 nisi
856 2746 1097 2817 lgnatius
1129 2756 1318 2802 contra
1353 2746 1694 2803 Theodotum

146 2835 398 2906 scripsisse
426 2838 785 2909 intelligatur,
821 2840 1031 2909 liquido
1062 2839 1260 2903 falsum
1301 2841 1408 2895 erit
1442 2841 1589 2911 quod
1618 2841 1695 2894 ait

149 2923 496 3001 Hieronymus.
543 2951 563 2983 ι
597 2931 732 2986 Mira
766 2933 879 2986 haec
915 2932 1192 2998 assertio;
1228 2932 1324 2986 sed
1377 2940 1431 2986 et
1481 2933 1693 2987 ratione

148 3032 228 3073 sua
253 3022 387 3090 quali
413 3024 564 3093 quali
609 3024 717 3078 nun
743 3036 914 3078 caret.
951 3021 1153 3077 «Nemo
1179 3023 1323 3077 enim
1354 3024 1690 3093 apostolicus

148 3123 306 3169 contra
320 3132 440 3171 eum
472 3116 715 3186 scripsit,
747 3132 857 3169 non
886 3114 1238 3187 Polycarpus,
1262 3131 1325 3171 ac
1354 3132 1422 3170 ne
1451 3115 1689 3171 Irenaeus

148 3204 332 3273 quidem
362 3219 451 3263 ant
474 3207 751 3273 Justinus,
778 3217 875 3262 aut
895 3207 1185 3276 quisquam
1212 3198 1472 3275 'ejusdem
1500 3221 1698 3261 census

148 3295 282 3361 alius,
313 3308 368 3353 ut
392 3289 554 3369 plane
586 3315 808 3355 necesse
832 3300 904 3354 sit
923 3299 992 3354 ad
1016 3300 1281 3369 lgnatium
1307 3299 1709 3368 referriquaede

150 3383 395 3444 Theodoto
444 3391 583 3445 dicit
613 3390 1002 3462 Hieronymus.
1043 3409 1062 3443 ι
1104 3389 1211 3445 Sed
1246 3400 1300 3446 et
1338 3392 1474 3445 mihi
1506 3393 1710 3461 pariter

149 3464 391 3548 disputare
424 3482 571 3538 licet.
626 3482 797 3537 Nemo
845 3482 1183 3553 apostolicus
1211 3493 1404 3538 contra
1438 3481 1701 3538 Theodo-

149 3579 242 3625 tum
268 3574 498 3644 scripsit,
524 3591 632 3630 non
653 3574 898 3646 lgnatius
929 3584 1163 3647 martyr,
1186 3592 1295 3629 non
1321 3574 1594 3641 Justinus,
1615 3582 1711 3629 aut

152 3660 370 3732 Irenaaus,
402 3678 456 3722 ut
496 3683 727 3723 necesse
760 3668 832 3723 sit
858 3668 925 3722 ad
952 3666 1321 3740 Polycarpum
1355 3665 1548 3722 referri
1587 3683 1711 3737 qua:

150 3756 257 3811 dicit
282 3757 667 3833 Hieronymus.
702 3761 779 3816 Ita
813 3760 1138 3825 deJustino,
1175 3762 1249 3815 ita
1279 3760 1348 3816 de
1380 3759 1604 3815 Irenaeo.
1642 3759 1713 3815 Ut

162 3848 256 3905 haec
286 3854 461 3908 omnia
494 3863 642 3908 recte
673 3854 1067 3924 intelligantur,
1089 3864 1143 3907 et
1166 3853 1557 3922 disputationis
1586 3851 1713 3907 Dal-

149 3937 306 3999 lazana:
337 3946 687 4003 imbecillitas
718 3955 1002 4017 appareat,
1034 3946 1191 4002 locus
1233 3946 1557 4017 Hieronymi
1591 3960 1713 4000 om-

154 4038 261 4093 nino
285 4043 597 4099 recitandus
646 4053 750 4109 est,
781 4058 946 4113 quem
984 4043 1076 4097 ille
1128 4050 1287 4097 caute
1333 4041 1706 4112 praetermisit.

152 4128 299 4189 Verba
340 4138 457 4207 ejus
484 4138 753 4193 adversus
785 4136 1097 4192 Helvidium
1146 4137 1264 4192 haec
1295 4147 1425 4192 sunt
1456 4153 1469 4189 :
1503 4155 1523 4188 ι
1552 4134 1708 4191 Nun-

152 4226 259 4292 quid
286 4244 383 4283 non
430 4246 659 4301 possum
704 4231 804 4285 tibi
857 4240 1027 4311 totam
1073 4239 1319 4284 veterum
1370 4229 1706 4299 scriptorum

153 4318 313 4373 seriem
330 4337 697 4390 commovere,
711 4322 1005 4394 lgnatium,
1017 4321 1404 4394 Polycarpnm,
1420 4320 1706 4389 Irenzcum,

151 4406 386 4469 Justinum
428 4426 748 4487 martyrem,
786 4416 1099 4486 multosque
1129 4416 1271 4470 alios
1296 4414 1636 4484 apostolicos
1654 4422 1710 4470 et

1795 555 2057 625 episcopo
2090 553 2361 621 Romano,
2402 555 2454 610 id
2477 564 2561 610 est
2581 556 2727 610 circa
2764 570 2812 611 a.
2850 554 2909 607 Ι).
2942 553 3069 617 2Οο,
3099 568 3211 623 quo
3240 563 3384 608 tent-

1792 664 1925 720 pore
1959 647 2281 703 incredibile
2306 658 2390 702 est
2414 662 2746 717 quemquam
2794 662 2985 701 eorum
3029 647 3257 706 vixisse.
3284 646 3380 715 qui

1794 742 2072 811 apostolos
2088 741 2359 802 viderant,
2381 756 2573 795 omnes
2602 748 2729 795 ante
2767 754 2816 794 a.
2848 738 2911 794 Ι).
2939 740 3043 795 ιου
3075 750 3374 795 mortuos.»

1794 831 1902 888 Ubi
1951 833 2130 903 primo
2163 830 2494 901 apostolicos
2526 832 2674 885 viros
2724 832 2887 886 habet
2930 847 3030 902 pro
3061 831 3129 885 iis
3161 839 3376 883 tantum

1795 926 1889 996 qui
1928 924 2214 994 apostolos
2259 923 2529 991 viderant,
2561 924 2707 993 quod
2741 933 2825 978 est
2868 939 2898 978 a
2947 933 3127 978 mente
3179 921 3374 976 Hiero-

1796 1017 1946 1089 nymi
2000 1032 2229 1086 prorsus
2283 1018 2546 1071 alienum.
2604 1015 2743 1071 Cum
2803 1016 2950 1070 enim
3004 1014 3281 1069 Justinum
3325 1022 3382 1068 et

1796 1108 2061 1165 Irenaeum
2092 1109 2338 1179 aliosque
2355 1109 2686 1178 apostolicos
2710 1108 2960 1169 advocat,
2981 1122 3075 1161 eos
3093 1108 3241 1175 ipsos
3262 1104 3383 1161 sine

1798 1202 1965 1257 dubio
1994 1218 2094 1272 pro
2123 1202 2438 1272 apostolicis
2466 1201 2684 1255 habuit:
2712 1209 2767 1253 at
2795 1215 2973 1267 neque
3003 1198 3259 1262 lrenarus,
3285 1212 3383 1252 nc-

1799 1310 1907 1366 qne
1948 1294 2198 1351 Justinus
2249 1295 2560 1365 apostolum
2618 1293 2787 1347 ullum
2832 1292 2983 1345 vidit.
3029 1290 3102 1344 Ita
3136 1292 3298 1345 etiam
3327 1298 3385 1343 et

1801 1386 1895 1441 alii
1925 1386 2251 1454 loquuntur,
2302 1394 2372 1440 ut’
2394 1384 2772 1439 Theodoretus
2800 1382 3002 1436 Horret.
3060 1381 3173 1448 fab.
3209 1381 3303 1435 lib.
3338 1395 3378 1445 l,

1800 1493 1850 1535 c.
1884 1478 1960 1532 Ξῖ
1994 1478 2104 1531 Καὶ
2137 1479 2443 1550 Εἰρηναῖος,
2489 1472 2551 1531 οὗ
2587 1476 2680 1529 καὶ
2725 1475 2960 1546 πρόσθεν
3002 1474 3382 1545 ἐμνήσθημεν,

1800 1569 2155 1633 ἀποστολικὸς
2188 1570 2245 1623 δὲ
2274 1572 2368 1623 καὶ
2399 1564 2554 1632 οὗτος
2580 1570 2751 1639 ἀνήρ,
2780 1586 2800 1620 t
2837 1577 2892 1622 et
2936 1566 3194 1632 lrenmus,
3223 1567 3383 1636 cujus

1803 1678 1967 1732 supra
2002 1662 2381 1727 meminimus,
2412 1662 2496 1715 vir
2522 1662 2663 1715 idem
2695 1676 2917 1731 quoque
2939 1660 3278 1729 apostolicus
3313 1677 3327 1712 :
3358 1676 3377 1709 ι

1803 1764 1858 1810 et
1905 1772 2096 1810 rursus
2123 1771 2247 1825 cap.
2275 1756 2342 1810 5:
2378 1754 2673 1826 Εἰρηναὶου
2695 1754 2816 1814 ,τοῦ
2842 1753 2941 1823 τὴν
2976 1752 3245 1823 Ἑσπέραν
3279 1768 3388 1818 φω-

1806 1847 2057 1901 τίσαντος
2120 1846 2314 1917 ἀνδρὸς
2374 1844 2734 1899 ἀποστολικοῦ
2787 1843 3176 1915 παραθήσομαι
3248 1857 3388 1912 μαρ-

1810 1938 2036 2010 τυρίαν,
2075 1957 2094 1989 ‹
2140 1937 2325 1993 Irenzei
2366 1938 2470 1992 viri
2519 1937 2828 2007 apostolici,
2885 1936 2981 2006 qui
3031 1934 3387 1989 Occidentem

1808 2030 2125 2097 illustravit,
2184 2029 2461 2101 proferam
2513 2030 2915 2085 testimonium.
2962 2046 2982 2079 ›
3024 2027 3096 2081 At
3148 2024 3388 2080 lrenzeus

1806 2121 2018 2190 aliquot
2045 2122 2208 2206 annis
2232 2130 2355 2191 post
2372 2132 2451 2206 νει.
2484 2120 2559 2202 ’D.
2592 2122 2722 2185 200,
2752 2130 3006 2175 mortuus
3038 2126 3141 2184 est,
3192 2126 3252 2172 ut
3286 2131 3387 2171 nec

1806 2213 1865 2268 S.
1897 2192 2161 2269 Joannem
2191 2192 2391 2269 viderit
2412 2196 2540 2269 ante
2574 2230 2631 2269 a.
2660 2214 2721 2268 D.
2761 2214 2866 2268 1υο
2890 2213 3233 2267 defunctum.
3264 2209 3387 2264 Non

1803 2306 1973 2376 igitur
2010 2307 2133 2362 ideo
2171 2306 2549 2362 Theodoretus
2578 2307 2840 2361 Irenaeum
2873 2306 3049 2359 virum
3097 2303 3372 2373 apostoli-

1802 2413 1927 2453 cum
1968 2399 2279 2469 appellavit,
2312 2399 2456 2467 quod
2511 2398 2821 2468 apostolum
2855 2396 3092 2465 aliquem
3133 2395 3187 2449 in
3222 2392 3387 2448 terris

1800 2490 2019 2557 viderit,
2055 2489 2148 2545 sed
2171 2491 2315 2559 quod
2349 2499 2514 2553 esset,
2543 2498 2603 2542 ut
2629 2489 2746 2557 ipse
2776 2488 2904 2542 alibi
2925 2503 3049 2541 cum
3078 2485 3388 2555 Epiphanio

1799 2580 2064 2650 loquitur,
2100 2579 2210 2634 τῶν
2244 2580 2555 2634 ἀποστόλων
2590 2581 2851 2650 διάδοχος,
2879 2588 2937 2633 nt
2967 2580 3025 2634 S.
3060 2578 3298 2634 Basilius
3319 2578 3389 2632 de

1804 2669 2011 2740 Spiritu
2055 2680 2250 2727 sancto
2285 2688 2407 2741 cap.
2436 2672 2528 2733 29,
2553 2672 2718 2739 ἐγγὺς
2744 2670 3056 2724 ἀποστόλων
3077 2671 3387 2741 γενόμενος,

1796 2771 1856 2817 ut
1886 2763 1943 2816 S.
1973 2762 2335 2833 Augustinus,
2373 2778 2480 2816 non
2507 2764 2665 2833 longe
2687 2778 2717 2816 a
2747 2764 3081 2832 temporibus
3112 2761 3391 2831 apostolo-

1794 2872 1939 2911 rum.
1968 2854 2142 2911 Vocat
2166 2873 2291 2911 eum
2316 2857 2537 2926 quidem
2561 2855 2947 2927 Hieronymus,
2972 2864 3031 2910 ιιι
3060 2856 3171 2920 hic,
3205 2855 3386 2909 vinum

1794 2949 2188 3018 apostolicum,
2220 2948 2293 3003 ita
2324 2950 2485 3013 alibi,
2518 2950 2696 3003 virum
2721 2949 3145 3018 apostolicorunt
3178 2954 3391 3016 tempo-

1794 3057 1941 3107 rum,
1965 3057 2073 3096 non
2099 3043 2248 3113 quod
2277 3044 2426 3112 ipsos
2451 3043 2732 3113 apostolos
2767 3042 2985 3107 viderit,
3034 3040 3129 3096 sed
3161 3047 3409 3109 aposto...

1800 3133 1980 3187 lorum
2027 3134 2351 3204 discipulos.
2399 3133 2475 3190 Ita
2517 3135 2663 3190 enim
2711 3134 2953 3205 loquitur
2990 3132 3219 3202 epistola
3278 3132 3346 3186 l9
3374 3148 3389 3161 “

1815 3246 1833 3277 ι
1865 3225 2103 3282 lrcnmus
2133 3227 2215 3281 vir
2249 3228 2681 3298 apostolicorum
2726 3237 3057 3298 temporum,
3090 3235 3145 3281 et
3188 3224 3389 3295 Papiae,

1809 3321 2074 3377 auditoris
2126 3323 2479 3391 evangelista:
2532 3321 2801 3385 Joannis,
2860 3320 3184 3391 discipulus.
3236 3337 3255 3371 ι
3312 3319 3392 3372 Ita

1810 3409 2151 3482 llcgcsippus
2176 3412 2374 3467 Photio
2409 3414 2609 3467 dicitur
2636 3415 2861 3486 ἀρχαῖος
2886 3413 3026 3485 ἀνὴρ
3045 3413 3140 3466 καὶ
3160 3412 3394 3464 ἀποστο-

1808 3501 1993 3566 λικὰς,
2027 3504 2149 3557 cod.
2191 3503 2336 3569 232,
2378 3505 2472 3573 qui
2516 3504 2752 3559 Eusebio
2792 3504 3109 3574 perhibetur
3153 3502 3246 3554 ἐπὶ
3291 3499 3393 3570 τῆς

1811 3592 2035 3665 πρώτης
2063 3593 2173 3647 τῶν
2210 3596 2525 3649 ἀποστόλων
2565 3595 2856 3666 γενόμενος
2888 3594 3159 3665 διαδοχῆς,
3203 3601 3258 3646 et
3287 3594 3393 3647 sub

1814 3682 2130 3740 Eleutherio
2159 3687 2452 3756 scripsisse
2474 3689 2740 3742 noscitur.
2758 3686 2967 3741 Revera
2995 3684 3238 3754 antiquis
3266 3698 3394 3753 apo-

1813 3779 1991 3834 stolici
2017 3779 2343 3835 dicebantur
2372 3780 2578 3851 duplici
2602 3780 2835 3847 ratione,
2860 3788 2976 3833 tum
3002 3777 3179 3834 artatis
3207 3792 3393 3846 respe-

1812 3881 1924 3935 ctu,
1960 3880 2074 3925 tum
2129 3872 2424 3939 doctrinm;
2480 3882 2732 3943 respectu
2770 3870 2947 3926 aztatis
2974 3871 3139 3925 etiam
3172 3869 3208 3924 ii
3236 3867 3391 3922 diee-

1811 3963 2014 4018 bantur
2040 3965 2353 4033 apostolici,
2396 3965 2489 4034 qui
2530 3980 2653 4019 cum
2687 3964 2952 4034 apostolis
2976 3962 3235 4027 vixerint,
3267 3961 3399 4015 licet‘

1810 4056 1881 4110 ab
1908 4071 2099 4111 eorum
2138 4056 2389 4112 doctrina
2420 4057 2792 4121 dissentirent,
2823 4066 2883 4111 ut
2907 4055 3278 4110 Tertullianus
3308 4053 3388 4107 lo-

1810 4146 1999 4217 qnitnr
2031 4146 2299 4202 adversus
2324 4146 2718 4217 Hermogenem
2743 4162 2794 4201 c.
2820 4149 2842 4200 l
2873 4164 2887 4199 :
2928 4166 2946 4198 ς
2975 4144 3086 4201 Nec
3122 4146 3236 4215 ipse
3262 4159 3389 4213 apo-

1811 4239 2039 4294 stolicus
2070 4238 2442 4312 Hermogenes
2477 4240 2531 4294 in
2578 4240 2765 4311 regula
2820 4238 3226 4309 perseveravit;
3260 4255 3278 4287 ι
3313 4235 3390 4289 illi

1812 4340 1996 4385 autem
2048 4318 2341 4403 praecipue,
2376 4333 2467 4403 qui
2502 4332 2807 4387 doctrinam
2840 4332 2911 4386 ab
2935 4330 3202 4401 apostolis
3237 4342 3392 4383 rece-

1812 4431 2030 4492 perunt,
2062 4432 2117 4478 et
2142 4423 2195 4477 in
2235 4439 2298 4479 ea
2341 4425 2716 4494 perstiterunt,
2747 4432 2807 4477 ut
2836 4423 2976 4478 idem
2994 4423 3069 4475 De
3092 4421 3391 4490 prwscript.

153 4503 428 4573 eloquentes
459 4508 610 4562 viros
637 4508 729 4578 qni
760 4506 1023 4563 adversus
1049 4507 1311 4564 Ebionem
1352 4516 1407 4561 et
1449 4505 1705 4561 Theodo-
1735 4531 1781 4587 υ
1810 4515 1994 4570 lueret.
2026 4530 2148 4584 cap.
2172 4516 2243 4570 52
2278 4534 2290 4570 :
2334 4535 2352 4567 ι
2380 4515 2449 4570 Ut
2479 4517 2797 4586 primusille
2833 4516 3125 4584 episcOpus
3155 4513 3394 4582 aliquem

154 4599 244 4648 tum
261 4595 606 4668 Byzantinum
627 4598 702 4671 [et
730 4588 1101 4672 Valentinum]
1117 4602 1231 4655 hzec
1242 4599 1431 4656 eadem
1458 4599 1705 4656 sentien-

156 4691 219 4739 tes
236 4689 375 4757 plena
390 4692 671 4762 sapientiae
698 4692 979 4748 volumina
1002 4694 1451 4763 conscripserunt
1469 4693 1630 4764 iiquae
1656 4692 1704 4749 si

155 4775 342 4848 legisses
364 4785 679 4855 aliquando,
715 4787 838 4855 plus
862 4801 1105 4854 saperes.
1133 4804 1151 4837 ι
1170 4784 1286 4839 Non
1321 4793 1532 4840 tantum
1565 4801 1705 4855 qua-

157 4876 258 4925 tuor
288 4886 566 4932 ennmerat
609 4876 1001 4949 Hieronymus,
1041 4878 1135 4933 sed
1186 4887 1240 4932 et
1280 4896 1299 4929 ι
1336 4878 1538 4932 multos
1567 4877 1706 4933 alios

156 4968 445 5031 apostolicos
469 4980 525 5025 et
546 4971 868 5041 eloquentes
890 4971 1037 5026 viros
1059 4989 1077 5024 ι
1107 4971 1327 5042 adjicit,
1354 4971 1466 5025 imo
1495 4989 1513 5022 ι
1536 4979 1706 5025 totam

156 5064 363 5125 veterum
415 5064 746 5134 scriptorum
783 5064 982 5119 seriem
1022 5083 1042 5117 ι
1077 5064 1333 5131 advocat,
1386 5079 1622 5134 quorum
1656 5062 1703 5119 si

158 5159 273 5206 unus
316 5153 511 5224 aliquis
548 5156 815 5212 adversus
861 5155 1208 5212 Theodotum
1256 5172 1516 5226 expresse
1568 5156 1707 5213 scri-

159 5244 318 5309 Pserit,
345 5263 451 5301 non
489 5265 717 5305 necesse
746 5258 850 5317 est,
878 5258 939 5304 ut
970 5249 1023 5303 id
1052 5248 1326 5321 lgnatium
1355 5250 1552 5307 fecisse
1598 5268 1705 5322 pn-

160 5336 324 5392 laverit
351 5338 738 5414 Hieronymus,
769 5343 945 5415 magis
971 5359 1135 5412 quam
1164 5343 1554 5416 Polycarpum,
1610 5355 1706 5400 aut

161 5423 419 5501 Iustinum,
468 5448 564 5493 attt
615 5438 906 5503 Irenaeum,
947 5455 1186 5509 quorum
1228 5439 1503 5494 neminem
1540 5439 1593 5494 id
1622 5438 1706 5494 fe-

160 5521 273 5578 cisse
321 5530 513 5585 fatetur
549 5532 636 5587 vir
673 5532 1047 5588 doctissimus.
1106 5532 1212 5586 Sed
1268 5541 1323 5587 et
1369 5532 1498 5587 huic
1543 5532 1707 5587 etiam

163 5612 411 5683 Objectioni
466 5624 811 5694 aliquatenus
894 5627 1156 5681 occurrit.
1188 5643 1209 5678 t
1243 5626 1533 5694 Quomodo
1560 5668 1576 5693 ,
1607 5627 1709 5687 in»

163 5717 277 5775 ςυιι,
315 5716 392 5769 vel
439 5715 795 5789 Polycarpns,
850 5718 935 5773 vel
963 5717 1238 5786 Justinus,
1266 5720 1351 5775 vel
1375 5719 1707 5791 apostolico-

167 5809 267 5854 tum
290 5806 569 5880 quisquam
601 5818 791 5867 contra
824 5809 1167 5869 Theodotum
1194 5813 1436 5870 scribere
1457 5821 1709 5883 poterant

1808 4625 1873 4665 ex
1916 4610 2205 4680 apostolis,
2243 4609 2328 4662 vel
2363 4608 2684 4679 apostolicis
2712 4608 2869 4672 viris,
2904 4607 2997 4676 qui
3034 4616 3216 4660 tamen
3266 4619 3421 4659 cum'

1809 4703 2080 4773 apostolis
2103 4701 2558 4771 perseveraverit,
2590 4698 2844 4754 habuerit
2890 4707 3174 4753 auctorem
3203 4705 3257 4751 et
3296 4711 3398 4751 an-

1808 4806 2178 4863 tecessorem;
2213 4816 2232 4849 ι
2258 4807 2311 4852 et
2332 4796 2497 4867 paulo
2526 4806 2685 4866 post:
2723 4814 2742 4846 ι
2775 4796 2899 4864 Ipsa
2931 4793 3181 4847 doctrina
3203 4804 3396 4845 eorum

1808 4905 1933 4945 cum
1961 4872 2261 4958 apostolica
2290 4897 2630 4959 comparata,
2662 4902 2731 4942 ex
2754 4885 3073 4949 diversitate
3093 4893 3148 4940 et
3167 4892 3392 4939 contra-

1806 4982 2001 5037 rietate
2035 4998 2134 5037 sua
2179 4997 2359 5053 neque
2402 4981 2638 5053 apostoli
2693 4980 2929 5050 alicujus
2970 4977 3217 5032 auctoris
3246 4990 3396 5040 esse,

1809 5089 1987 5144 neque
2035 5074 2363 5143 apostolici:
2398 5076 2527 5145 quia
2576 5074 2721 5131 sicut
2759 5071 2994 5143 apostoli
3026 5086 3135 5125 non
3180 5068 3398 5122 diversa

1809 5165 1954 5221 inter
1985 5180 2043 5222 se
2073 5166 2417 5234 docuissent,
2458 5168 2533 5222 ita
2557 5176 2613 5223 et
2635 5164 2925 5238 apostolici
2969 5178 3080 5218 non
3118 5157 3399 5215 contraria

1810 5258 2072 5328 apostolis
2100 5258 2475 5315 docuissent.»
2498 5257 2769 5329 Respectu
2800 5254 3088 5316 doctrinae,
3125 5250 3203 5305 illi
3229 5249 3400 5304 etiam

1810 5350 2101 5422 apostolici
2123 5350 2468 5417 dicebantur,
2501 5351 2593 5419 qui
2626 5348 3005 5419 apostolorum
3029 5342 3133 5397 [ide
3160 5338 3402 5395 maxime

1811 5442 2137 5507 ﬂoruerunt,
2178 5443 2307 5497 licet
2359 5442 2637 5512 apostolos
2687 5442 2839 5510 ipsos
2892 5452 3002 5491 non
3065 5430 3400 5494 audiverint,

1810 5534 2002 5605 quales
2043 5541 2223 5597 erant,
2274 5532 2415 5587 forte
2473 5529 2689 5599 Papias,
2744 5524 3084 5595 Hegesippus
3141 5527 3290 5575 certe
3345 5522 3405 5572 et

1811 5629 2052 5683 lrenaaus
2083 5641 2097 5677 :
2127 5625 2272 5680 unde
2305 5621 2449 5694 apud
2488 5621 2547 5676 S.
2584 5619 2951 5675 Athanasium
2980 5614 3239 5671 haeretica
3267 5610 3403 5667 sim-

1812 5719 2027 5790 pliciter
2069 5716 2368 5788 opponitur
2401 5718 2430 5769 ὁ
2468 5714 2662 5778 πιστὸς
2695 5713 2792 5768 καὶ
2827 5707 3189 5772 anemonas;
3237 5705 3399 5777 ἀνήρ,

1813 5826 2144 5884 «placuitque
2160 5819 2317 5866 aetate
2340 5809 2557 5875 vixerit,
2590 5807 2785 5877 tom.l,
2814 5823 2938 5880 pag.
2970 5806 3098 5872 275,
3132 5801 3398 5859 nteadetu
