3824 6198
367 275 474 330 287

1399 276 1459 335 s.
1501 259 1851 342 IGNATIUS.
1888 315 1955 326 —
2010 281 2544 342 paomcouem.

3538 282 3645 338 -ικδ

369 390 535 447 fuerit
589 393 730 450 inter
779 395 929 451 viros
985 399 1319 467 apostolicos
1347 399 1637 459 distinctio
1657 420 1779 471 quae
1812 405 1952 460 inter
1992 413 2025 469 ς
2058 414 2222 475 atque
2269 404 2393 460 ideo
2441 405 2638 461 falsum
2670 402 2840 459 fuisse
2871 399 3265 474 Hieronymum
3299 401 3626 456 confitetur;

366 483 628 539 ecclesias
663 489 994 557 apostolicas
1045 488 1167 547 fuit.
1194 493 1328 549 Aliae
1358 494 1506 551 enim
1532 497 1780 552 ecclesiae
1807 514 1942 568 apo-

366 575 576 630 stolicae
625 576 968 646 dicebantur,
1008 583 1154 650 quod
1210 585 1281 639 ab
1330 589 1595 656 apostolis
1646 590 1808 660 ipsis,
1850 603 1946 647 aut

366 667 684 734 apostolicis
718 671 852 725 viris
877 672 1116 730 fundatae
1141 676 1271 742 sint,
1298 679 1420 734 alia;
1436 682 1583 750 quod
1601 697 1726 736 eum
1755 694 1943 752 postea

364 768 569 813 εισι-ιε
599 760 726 826 sint,
759 779 882 818 cum
914 765 1023 821 illis
1049 769 1372 837 apostolicis
1429 771 1484 825 in
1528 772 1780 830 doctrina
1811 791 1945 831 con-

363 851 633 906 venirent.
658 851 1029 914 Tertullianus
1053 860 1124 914 De
1153 865 1454 931 prwscript.
1486 866 1668 920 lueret.
1694 882 1814 938 cap.
1838 868 1939 922 ‘20:

366 955 388 990 ι
428 939 675 1009 Apostoli
706 945 970 1003 ecclesias
1004 952 1148 1020 apud
1178 967 1627 1026 unamquamque
1665 958 1939 1016 civitatem

363 1033 747 1102 condiderunt,
783 1053 812 1091 a
844 1042 1345 1108 quibustraducem
1381 1047 1504 1103 ﬁdei
1535 1060 1588 1105 et
1611 1052 1818 1106 semina
1844 1053 1943 1108 do-

357 1123 550 1180 ctrina:
578 1138 789 1183 czeterae
839 1133 1038 1189 exinde
1075 1136 1325 1193 ecclesia:
1382 1152 1643 1199 mutuatas
1683 1155 1833 1211 sunt,
1886 1156 1943 1202 et

356 1218 602 1285 quotidie
631 1230 958 1278 mutuantur
982 1237 1041 1280 ut
1068 1229 1318 1286 ecclesiae
1347 1233 1511 1301 tiant;
1546 1252 1610 1292 ac
1638 1253 1734 1307 per
1757 1239 1860 1293 hoc
1887 1250 1942 1296 et

360 1309 492 1378 ipsa:
515 1315 832 1382 apostolicae
876 1318 1234 1387 deputantur,
1265 1333 1323 1377 ut
1356 1326 1575 1382 soboles
1604 1332 1936 1399 apostolica-

355 1418 478 1458 rum
511 1408 891 1465 ecclesiarum.
931 1431 949 1464 ι
986 1412 1132 1468 Idem
1163 1431 1285 1486 cap.
1319 1417 1426 1472 δὶς
1467 1437 1486 1471 ι
1515 1419 1630 1476 Hoc
1661 1437 1751 1476 mo
1773 1425 1825 1478 lo
1848 1441 1942 1480 ec-

352 1495 535 1552 clesiae
551 1503 868 1568 apostolica
895 1520 1094 1561 census
1127 1522 1259 1563 suos
1281 1510 1555 1576 deferunt,
1578 1513 1720 1569 sicut
1751 1515 1939 1574 var-

355 1601 596 1643 umorum
613 1590 857 1648 Ecclesia
887 1593 1246 1667 Polycarpum
1285 1619 1314 1656 a
1364 1601 1578 1661 Joanne
1606 1579 1934 1666 collocatum

353 1677 540 1746 refert,
565 1683 706 1738 sicut
734 1684 1107 1746 Romanorum
1151 1692 1492 1751 Clementem
1527 1715 1556 1752 a
1585 1697 1748 1755 Petro
1787 1705 1935 1757 ordi-

2051 501 2264 554 ut'enim
2292 499 2604 553 habeamus
2625 496 2823 551 falsum
2853 492 3146 566 lgnatium,
3181 507 3412 551 necesse
3443 502 3528 547 est
3577 501 3638 546 ut

2050 592 2248 647 falsum
2279 593 2582 646 habeamus
2608 589 3024 660 Hieronymum.
3065 587 3141 642 Ne
3171 603 3338 641 verus
3384 587 3456 640 sit
3485 584 3636 654 lgna-

2047 685 2178 751 tius,
2217 685 2386 740 falsus
2415 692 2499 738 est
2534 683 2733 738 Dallaeo
2754 681 3108 753 Polyearpns,
3142 680 3316 735 falsus
3340 678 3636 750 Origenes,

2047 777 2219 833 falsus
2249 777 2537 841 Eusebius,
2564 776 2736 831 falsus
2762 774 2996 844 denique
3027 785 3080 828 et
3105 772 3497 842 Hieronymus.
3525 769 3634 824 Sed

2045 887 2215 942 quare
2249 870 2444 924 falsum
2475 884 2597 924 esse
2626 867 2961 923 confitetur?
3007 885 3026 919 ς
3066 865 3222 932 Quod
3271 865 3424 920 hunc
3467 880 3634 920 suum

2045 963 2338 1035 lgnatium,
2384 962 2477 1015 diu
2519 969 2643 1032 post
2678 959 2960 1030 apostolos
2989 969 3046 1014 et
3101 957 3443 1029 apostolicos
3481 956 3633 1012 viros

2045 1065 2256 1123 natum,
2287 1055 2602 1126 apostolicis
2633 1053 2951 1108 hominibus
2982 1051 3455 1106 connumeravit.»
3475 1048 3634 1105 Unde

2043 1157 2153 1203 tam
2184 1164 2409 1204 crassus
2442 1163 2599 1201 error
2621 1146 2940 1201 doctissimo
2961 1155 3014 1199 et
3046 1144 3100 1198 in
3129 1141 3390 1198 Ecclesia:
3431 1157 3634 1196 monu-

2042 1241 2242 1296 mentis
2265 1240 2643 1296 versatissimo
2687 1237 2838 1292 Patri
2890 1235 3121 1291 insedit!
3155 1251 3220 1290 ex
3263 1233 3633 1304 prmeptode

2044 1330 2346 1402 lgnatiam's
2375 1348 2554 1386 errore
2577 1331 2641 1384 ab
2669 1330 2884 1384 Eusebii
2907 1329 3127 1383 lectione
3177 1329 3390 1383 hausto.
3421 1327 3492 1381 At
3529 1343 3630 1382 ne-

2039 1440 2146 1496 que
2191 1424 2486 1480 Eusebium
2513 1440 2731 1479 errasse
2760 1431 2997 1490 constat,
3042 1437 3217 1492 neque
3257 1421 3630 1493 Hieronymus

2039 1517 2214 1571 solum
2265 1515 2557 1570 Eusebium
2613 1525 2835 1570 secutus
2891 1524 2994 1568 est.
3053 1511 3210 1582 Legit
3257 1511 3627 1583 Polycarpum

2038 1619 2202 1678 atque
2231 1607 2524 1673 Irenaeum,
2558 1622 2697 1675 quos
2726 1604 2997 1660 Eusebius
3030 1605 3404 1675 sequebatur,
3456 1621 3629 1674 quos—

2040 1717 2148 1770 que
2197 1701 2313 1770 ipse
2371 1699 2701 1769 apostolicos
2759 1698 3031 1768 appellat;
3066 1698 3196 1768 legit
3232 1696 3626 1767 Theophilum,

353 1780 541 1827 natum
578 1775 799 1844 itidem;
830 1782 1056 1848 perinde
1088 1788 1278 1855 utique
1321 1799 1375 1844 et
1420 1801 1631 1847 caetera:
1677 1795 1935 1852 exhibent
1967 1778 2010 1837 Β
2038 1797 2195 1866 cujus
2220 1797 2544 1851 sententiam
2571 1812 2635 1849 ex
2659 1793 2870 1865 lgnatio
2919 1796 3229 1861 decerptam
3263 1793 3477 1848 auctori
3525 1810 3630 1848 suo

351 1877 493 1961 quos
527 1867 596 1920 ab
631 1873 897 1938 apostolis
922 1873 975 1927 in
1009 1877 1385 1949 episcOpatum
1436 1887 1763 1945 constitutos
1800 1907 1931 1961 apo-

351 1958 530 2014 stolici
592 1966 823 2021 seminis
854 1969 1108 2027 traduces
1139 1974 1359 2031 habent.
1397 1997 1417 2030 ι
1463 1979 1529 2034 Ει
1565 1984 1727 2051 paulo
1753 1958 1874 2054 post
1918 2005 1932 2041 :

356 2069 376 2104 ι
411 2053 491 2109 Ad
518 2056 659 2112 hanc
685 2059 870 2129 itaque
907 2062 1141 2120 formam
1173 2072 1554 2138 probabuntur
1584 2077 1653 2131 ab
1680 2053 1787 2134 Illis
1835 2079 1936 2132 Ec-

347 2144 551 2215 clesiis,
579 2167 702 2220 quae
735 2153 861 2209 licet
885 2158 1092 2212 nullum
1121 2177 1185 2215 ex
1213 2167 1478 2232 apostolis
1509 2169 1590 2223 vel
1616 2173 1946 2239 apostolicis

346 2247 627 2296 auctorem
667 2259 829 2300 suum
871 2250 1177 2318 proferant,
1238 2265 1299 2311 ut
1350 2259 1525 2314 multo
1576 2265 1930 2332 posteriores,

348 2337 531 2385 tamen
574 2334 628 2387 in
665 2337 854 2392 eadem
906 2342 1009 2396 [ide
1032 2346 1414 2415 conspirantes
1437 2367 1544 2405 non
1579 2354 1762 2409 minus
1795 2371 1931 2426 apo-

346 2423 559 2511 stolicze
581 2426 916 2496 deputantur
936 2451 1034 2503 pro
1061 2443 1540 2511 consanguinitate
1577 2423 1860 2503 doctrinze.
1906 2469 1926 2506 ο

351 2510 419 2568 Ut
448 2515 616 2585 igitur
642 2521 905 2579 ecclesias
951 2510 1302 2596 apostolicas,
1335 2549 1457 2603 qua:
1505 2548 1625 2606 post
1655 2543 1932 2610 apostolo-

345 2615 743 2701 rumtempora
787 2626 993 2675 exortae
1020 2631 1167 2685 sunt,
1207 2623 1279 2678 ita
1315 2634 1369 2679 et
1400 2630 1548 2684 viros
1592 2634 1929 2701 apostolicos

344 2699 728 2769 nominabant,
759 2707 852 2775 qui
905 2713 1186 2778 apostolos
1237 2731 1516 2788 nunquam
1551 2699 1842 2780 viderunt:
1876 2737 1930 2782 et

343 2789 514 2886 quod
550 2792 618 2886 ad
676 2793 1066 2870 Hieronymum
1116 2816 1343 2873 spectat,
1405 2813 1602 2866 mirum
1665 2832 1771 2878 non
1820 2826 1925 2886 est,

339 2895 479 2935 eum.
503 2883 576 2938 ita
606 2885 846 2943 locutum
889 2908 1032 2956 esse,
1070 2897 1116 2951 sl
1167 2901 1330 2955 verba
1363 2901 1560 2959 Bullini
1596 2907 1651 2962 in
1686 2883 1926 2966 secunda

340 2977 612 3072 Invectan
657 2985 1058 3052 perpendamus
1097 3008 1109 3043 :
1145 3009 1165 3041 ι
1218 2991 1274 3046 Si
1326 3004 1380 3049 tu
1416 2994 1732 3068 Origenem,
1760 3019 1922 3072 quem

341 3067 574 3161 alterum
617 3081 743 3140 post
793 3079 1076 3144 apostolos
1123 3082 1283 3147 dicis,
1316 3096 1461 3142 recte
1514 3067 1651 3146 lacis
1694 3067 1922 3161 imitari,

491 3165 736 3221 concidis
763 3184 910 3234 eum,
929 3171 1023 3240 qui
1044 3186 1264 3231 secutus
1291 3188 1392 3246 est,
1413 3181 1731 3254 Didymum;
1761 3159 1921 3257 quem

339 3251 699 3346 nihilominus
734 3269 787 3315 et
825 3264 1143 3332 prophetam
1180 3271 1455 3337 nominas,
1476 3251 1528 3328 et
1559 3251 1921 3346 apostolicum

337 3341 514 3440 yirum
547 3346 844 3419 designas?
883 3373 902 3404 ι
954 3365 1009 3409 et
1039 3360 1203 3427 paulo
1235 3373 1397 3431 post:
1435 3382 1453 3415 ι
1495 3341 1668 3432 Quem
1699 3383 1921 3440 aposto—

338 3437 503 3530 litum
533 3443 707 3498 virum
749 3461 1013 3504 sensuum
1047 3456 1269 3510 nomine
1299 3458 1574 3525 designas.
1604 3481 1622 3514 ι
1661 3437 1924 3530 Quamvis

336 3526 500 3623 igitur
528 3547 704 3602 neque
743 3536 987 3607 lgnatius
1017 3552 1112 3596 aut
1137 3541 1492 3618 Polycarpus,
1523 3551 1615 3620 qui
1646 3526 1922 3623 apostolos

337 3621 607 3713 viderant,
643 3643 820 3698 neque
844 3630 1096 3690 Justinus
1136 3648 1232 3691 aut
1258 3637 1514 3704 Irenaeus,
1562 3646 1655 3713 qui
1684 3621 1804 3700 alia
1835 3665 1924 3703 ra-

336 3705 488 3804 tione
536 3711 665 3804 dicti
698 3726 827 3770 sunt
865 3723 1170 3789 apostolici,
1207 3725 1259 3780 id
1287 3743 1397 3781 non
1433 3705 1695 3801 fecerint;
1740 3746 1919 3793 tamen

335 3799 474 3852 inter
518 3799 656 3856 alios
702 3805 902 3861 multos
959 3813 1293 3878 apostolicos
1334 3824 1388 3869 et
1417 3799 1738 3886 eIOqucntes
1775 3823 1920 3879 viros

338 3896 553 3985 poterat
583 3893 784 3962 aliquis
818 3895 1166 3956 Theodotum
1199 3920 1461 3974 expresse
1484 3909 1745 3977 refutare,
1769 3919 1916 3985 quod

333 3981 421 4079 ad“
435 3992 669 4038 mentem
699 3985 1018 4061 Hieronymi
1049 3996 1182 4049 satis
1209 4007 1313 4064 est,
1346 4000 1391 4054 si
1425 4001 1493 4056 de
1522 3981 1918 4079 hazreticoipso

336 4071 573 4170 refuta-to
619 4076 908 4146 loquatur;
943 4085 1088 4139 unde
1136 4089 1282 4156 quod
1325 4090 1392 4145 de
1426 4091 1716 4152 Theodoto
1753 4071 1915 4170 dicit,

333 4175 433 4254 nec
445 4165 547 4218 erit
564 4170 908 4236 apertissime
921 4173 1248 4241 falsuutmec
1265 4182 1330 4236 de
1345 4180 1551 4254 lgnatio
1564 4165 1914 4254 sumendum.

401 4253 522 4309 Jam
550 4273 678 4313 vero
715 4262 818 4316 sibi
854 4264 958 4334 ipsi
993 4253 1386 4341 Hieronymum
1435 4285 1545 4332 tam
1577 4282 1714 4338 mire
1748 4253 1919 4342 inter;

331 4349 566 4449 pretanti
589 4351 799 4449 objicit,
834 4358 936 4413 hoc
957 4358 1164 4428 lgnatio
1203 4381 1311 4421 non
1344 4382 1656 4441 competere
1694 4377 1777 4449 (ut
1807 4379 1918 4433 sci-

2038 1892 2305 1958 reddidit;
2336 1887 2466 1962 légit
2495 1888 2808 1960 Origenem,
2859 1888 2953 1958 qui
3002 1905 3110 1942 non
3140 1888 3310 1942 semel
3348 1887 3626 1959 lgnatium

2035 1984 2379 2054 epistolicum
2411 1993 2471 2037 ut
2499 1982 2860 2052 apostolicum
2888 1981 3094 2047 laudat,
3123 1981 3232 2035 imo
3267 1997 3407 2051 opus
3431 1979 3628 2052 Orige-

2037 2077 2123 2132 nis
2152 2077 2267 2146 ipse
2296 2077 2682 2145 interpretatus
2711 2083 2813 2135 est,
2845 2074 2900 2128 in
2933 2090 3042 2144 quo
3065 2074 3205 2128 idem
3231 2073 3435 2128 diserte
3465 2073 3628 2144 lgna-

2038 2170 2150 2222 tius
2171 2169 2412 2234 citatur;
2447 2167 2578 2238 legit
2604 2167 2986 2232 Athanasium,
3022 2164 3307 2228 Basilium,
3358 2166 3500 2220 alios
3528 2165 3624 2236 qui

2035 2259 2254 2315 Eusebii
2295 2275 2511 2313 errores
2543 2259 2698 2328 sequi
2727 2274 2836 2313 non
2869 2257 3152 2322 solebant;
3190 2258 3468 2311 neminem
3497 2258 3626 2328 legit

2035 2360 2130 2405 aut
2159 2349 2330 2413 novit,
2362 2349 2448 2403 cui
2487 2349 2729 2418 epistolae
2761 2347 2947 2416 Ignatii
2979 2357 3166 2402 essent
3209 2347 3292 2399 vel
3343 2347 3630 2404 levissime

2034 2450 2321 2512 suspectae.
2356 2439 2412 2494 Si
2449 2438 2621 2494 falsus
2659 2437 2821 2492 fuerit
2871 2435 3257 2507 Hieronymus,
3288 2451 3450 2489 error
3502 2435 3626 2505 ejus

2037 2539 2134 2595 toti
2161 2537 2279 2592 orbi
2317 2537 2630 2592 communis
2662 2531 3277 2612 iniquissimeEusebio
3323 2531 3624 2596 tribuitur;

2035 2630 2331 2700 pralsertim
2365 2643 2490 2684 cum
2536 2637 2750 2684 constet
2789 2625 3178 2696 Hieronymum
3214 2623 3332 2676 haec
3358 2622 3629 2675 adversus

2034 2721 2340 2776 Helvidium
2385 2721 2697 2791 scripsisse,
2724 2719 2814 2772 diu
2850 2727 3146 2786 antequam
3175 2729 3272 2770 sua
3298 2714 3367 2769 de
3410 2711 3627 2784 lgnatio

2033 2815 2085 2870 iu
2119 2815 2381 2885 Catalogo
2401 2829 2466 2867 ex
2495 2812 2733 2868 Eusebio
2765 2809 3127 2879 transcripsit.

2103 2906 2207 2961 Sed
2234 2906 2347 2960 sive
2392 2921 2550 2969 vere,
2598 2904 2712 2958 sive
2750 2902 2891 2956 falso
2922 2903 3026 2955 hoc
3065 2901 3187 2953 loco
3217 2895 3624 2966 Hieronymum

2029 2997 2291 3067 epistolas
2319 2996 2526 3066 lgnatio
2557 2996 2882 3064 ascripsisse
2902 2993 3133 3057 velit,an
3153 2991 3207 3044 in
3226 2990 3350 3044 aliis
3374 2987 3632 3043 Theodo-

2030 3099 2144 3144 tum
2178 3090 2250 3144 ita
2274 3087 2497 3143 refutari
2528 3087 2684 3147 vidit,
2725 3095 2783 3139 ut
2813 3085 2938 3138 inde
2971 3081 3407 3136 commentitium
3452 3079 3630 3135 fuisse

2011 3180 2300 3254 -lgnatium
2331 3180 2488 3234 facile
2517 3180 2774 3248 colligere
2805 3175 3066 3246 potuisset
3089 3175 3112 3228 ?
3137 3173 3210 3227 Ita
3243 3172 3472 3243 quidem
3498 3188 3628 3227 sen-

2028 3274 2094 3328 tit
2129 3274 2210 3327 vir
2237 3272 2615 3336 doctissimus,
2649 3270 2742 3324 sed
2773 3269 3050 3324 levissima
3083 3265 3404 3333 conjectura
3445 3264 3629 3334 perci-

2028 3371 2137 3427 tus,
2179 3363 2393 3417 ratione
2426 3362 2572 3415 nulla
2606 3362 2824 3414 ductus.
2860 3358 2979 3412 Non
3023 3358 3169 3412 enim
3211 3355 3480 3409 Theodoti
3521 3371 3624 3410 uo-

2023 3440 2148 3511 tuen
2175 3457 2244 3510 ibi
2265 3455 2485 3526 legisse,
2515 3455 2605 3510 ubi
2627 3469 2727 3509 nos
2747 3455 2998 3524 legimus,
3020 3460 3171 3519 putat
3197 3448 3624 3519 Hieronymum;

2027 3547 2297 3603 insertum
2343 3545 2476 3602 illud
2528 3546 2771 3616 epistolae.
2804 3545 2869 3599 ad
2894 3542 3203 3596 Trallianos
3226 3541 3626 3610 abintcrpola-

2025 3648 2163 3706 tore,
2189 3640 2279 3694 diu
2314 3647 2439 3709 post
2470 3647 2682 3693 aatatem
2709 3635 3044 3706 Hieronymi,
3068 3649 3175 3688 non
3201 3633 3491 3699 dillitetur,
3525 3642 3625 3687 aut

2023 3733 2214 3786 saltem
2233 3733 2323 3786 diu
2345 3741 2465 3802 post
2485 3731 2684 3785 librum
2705 3730 2856 3783 illum
2884 3729 3136 3781 adversus
3162 3724 3497 3791 Helvidium,
3521 3727 3623 3795 qui

2023 3826 2128 3878 sub
2153 3824 2389 3879 Damaso
2418 3823 2659 3892 scriptus
2689 3831 2773 3876 est
2802 3839 2814 3875 :
2846 3820 2981 3873 nihil
3021 3819 3074 3871 in
3108 3818 3198 3871 illa
3227 3818 3486 3885 epistola,
3517 3818 3608 3872 cui

2018 3933 2220 3973 nomen
2256 3925 2443 3985 postea
2474 3913 2743 3970 Theodoti
2784 3914 3045 3968 insertum
3069 3921 3173 3975 est,
3199 3911 3347 3964 illius
3379 3911 3623 3966 haeretici

2020 4025 2239 4064 errores
2281 4007 2619 4078 perstringit.
2674 4005 2778 4061 Sed
2812 4015 2865 4060 et
2907 4006 3045 4069 alia,
3095 4014 3150 4058 et
3200 4005 3291 4057 illa
3351 4005 3625 4060 adversus

2020 4099 2368 4154 Theodotum
2411 4099 2777 4154 disertissima
2826 4099 3064 4168 legerat,
3107 4114 3229 4167 quae
3267 4113 3333 4151 ex
3369 4098 3624 4166 epistolis

2021 4193 2089 4247 ad
2129 4192 2397 4262 Ephesios
2429 4201 2482 4245 et
2522 4190 2834 4261 Magnesios
2874 4190 3164 4258 descripsit
3204 4188 3467 4253 Dallieus,
3496 4189 3625 4244 inde

2020 4287 2185 4355 igitur
2211 4285 2470 4356 colligere
2493 4284 2681 4338 debuit
2721 4283 3082 4352 Hieronymus
3116 4297 3305 4335 verum
3341 4280 3620 4352 lgnatium

2021 4395 2131 4432 non
2157 4375 2351 4441 fuisse,
2377 4376 2470 4446 qui
2493 4385 2615 4446 post
2635 4375 2979 4430 Theodotum
3009 4373 3315 4444 scripserit.
3348 4372 3466 4427 lmo
3492 4391 3624 4428 vero

332 4439 457 4495 licet
516 4455 708 4501 contra
743 4447 1087 4510 Theodotum
1132 4461 1420 4534 scriberet)
1456 4467 1617 4522 annis
1655 4439 1767 4524 fere
1810 4472 1914 4525 100
1945 4487 1991 4540 ι)
2021 4472 2124 4526 hoc
2153 4477 2479 4540 argumento
2506 4477 2616 4522 tam
2650 4467 2890 4529 infirmo,
2929 4476 3037 4519 tam
3072 4465 3242 4527 nullo,
3268 4456 3624 4534 iniquissime

484 4548 702 4593 mortuo
723 4558 886 4612 quam
919 4544 1185 4605 Theodoti
1210 4553 1433 4610 haeresis
1464 4559 1614 4613 nosci
1641 4563 1916 4630 ccepisset,

330 4625 548 4724 sibique
575 4630 692 4687 haec
721 4635 1004 4705 objicienti
1038 4646 1352 4713 respondet,
1397 4649 1501 4704 hoc
1536 4625 1760 4724 martyri
1794 4625 1917 4724 qui-'-

327 4716 453 4772 dem
517 4718 728 4791 lgnatio
778 4744 885 4783 non
944 4737 1272 4805 convenire,
1306 4740 1373 4794 de
1403 4753 1595 4798 nostro
1630 4716 1918 4814 epistolico

328 4827 518 4868 verum
545 4832 688 4884 esse,
713 4836 952 4892 eumque
979 4826 1085 4883 hoc
1105 4831 1224 4885 loco
1243 4833 1312 4888 ab
1342 4817 1676 4908 Hieronymo
1698 4840 1916 4896 intelle-

327 4917 632 5003 ctumesse.
652 4913 722 4966 At
735 4915 779 4969 si
804 4914 1170 4991 Hieronymus
1204 4924 1304 4980 hoc
1333 4927 1456 4983 loco
1475 4929 1740 4985 intellexit
1761 4931 1920 5003 lgna-

327 4999 463 5057 tium
482 5004 848 5072 epistolicurn,
863 5023 1008 5068 certe
1026 5015 1292 5074 intellexit
1307 5031 1621 5093 martyrem;
1644 4999 1918 5083 neminem

327 5095 474 5149 enim
491 5096 658 5152 alium
679 5103 927 5159 novitille
939 5107 1475 5183 epistolicum,quam
1491 5118 1850 5187 apostolicum
1867 5128 1921 5175 et

332 5197 643 5258 martyrem.
661 5192 776 5249 Hoc
790 5196 909 5266 ipso
928 5199 1050 5255 loco
1071 5218 1179 5257 non
1199 5214 1409 5260 tantum
1431 5207 1568 5263 inter
1586 5212 1918 5280 apostolicos

332 5292 604 5372 numerat,
638 5288 731 5340 sed
758 5299 811 5343 et
834 5290 964 5346 dum
989 5306 1235 5350 veterum
1265 5299 1463 5354 seriem
1498 5303 1707 5366 recitat,
1739 5304 1918 5372 primo

334 5368 456 5424 loco
489 5373 777 5446 lgnatium,
816 5399 924 5437 non
957 5395 1167 5441 tantum
1194 5399 1320 5445 ante
1359 5390 1622 5448 lrenteutn
1659 5405 1713 5449 et
1739 5368 1919 5451 'Justi-

337 5477 492 5558 num,
527 5468 619 5520 sed
659 5481 715 5526 et
764 5486 892 5531 ante
928 5477 1287 5552 Polycarpum
1337 5487 1512 5553 ponit.
1557 5486 1702 5542 Idem
1754 5490 1920 5558 igitur

339 5549 689 5625 Hieronymo,
717 5572 841 5619 utet
860 5567 1044 5632 nobis,
1069 5579 1122 5624 et
1138 5572 1545 5640 epistolicus,et
1561 5549 1920 5645 apostolicus,

335 5653 393 5736 et
445 5656 651 5719 martyr
680 5654 944 5724 lgnatius.
994 5660 1179 5731 Neque
1211 5664 1326 5719 haec
1378 5682 1577 5735 negare
1629 5668 1805 5736 potuit
1838 5669 1919 5722 vir

343 5734 707 5800 doctissimus
734 5749 828 5818 qui
859 5750 1001 5808 hanc
1031 5734 1536 5815 distinctiunculam
1560 5734 1916 5828 excogitavit;

2021 4574 2246 4619 sanctus
2275 4563 2434 4616 Pater
2463 4560 2720 4616 falsitatis
2746 4559 3074 4628 postulatur,
3102 4566 3228 4612 cuin
3257 4574 3320 4612 ea
3339 4573 3465 4628 quae
3496 4568 3624 4613 ante

2021 4672 2085 4712 cx
2117 4657 2362 4727 epistolis
2397 4656 2463 4711 ad
2507 4653 2776 4724 Ephesios
2822 4662 2876 4707 et
2909 4650 3292 4720 Magnesianos
3324 4651 3625 4720 descripsit

2022 4748 2254 4804 Dallteus
2279 4749 2455 4818 capite
2485 4747 2540 4812 9,
2572 4745 2886 4800 Artemonis
2913 4745 3310 4815 blasphemiam
3334 4747 3624 4815 splendide

2020 4842 2310 4897 confutare
2339 4842 2456 4912 ipse
2493 4839 2716 4895 dixerit.
2746 4837 2813 4892 Et
2858 4855 3046 4892 revera
3088 4849 3200 4892 tam
3229 4849 3424 4893 contra
3454 4841 3622 4895 Arte.

2021 4951 2240 4990 monem
2271 4951 2439 5005 quam
2479 4942 2672 4989 contra
2719 4932 3064 4987 Theodotum
3114 4931 3340 5000 scripsit
3367 4931 3622 5003 lgnatius

2019 5039 2229 5094 noster,
2251 5028 2302 5082 id
2326 5037 2429 5093 est,
2460 5027 2505 5082 si
2534 5043 2799 5097 personas
2825 5025 3207 5082 haereticorum
3227 5034 3468 5094 spectes,
3486 5042 3623 5081 con-

2022 5130 2106 5175 tra
2125 5129 2376 5174 neutrum
2399 5138 2413 5186 ;
2435 5119 2478 5174 si
2497 5119 2751 5174 haeresim
2783 5120 2959 5190 ipsam
2983 5118 3203 5188 utrique
3231 5133 3621 5186 communem,

2023 5223 2215 5269 contra
2255 5212 2584 5267 sententiam
2635 5213 2958 5282 utriusque,
2994 5222 3050 5267 et
3092 5211 3218 5266 ideo
3252 5212 3446 5282 aliquo
3489 5229 3624 5267 vero

2023 5321 2188 5360 sensu
2219 5315 2410 5359 contra
2442 5313 2757 5375 utrumque.
2795 5304 3027 5360 Haeresis
3059 5304 3206 5359 enim
3234 5304 3428 5359 eadem
3457 5304 3622 5376 lgna-

2023 5399 2082 5452 tii
2114 5412 2229 5452 aevo
2256 5398 2465 5452 exstitit
2498 5398 2567 5452 ab
2601 5397 2812 5453 Ebioue
2852 5397 3093 5469 profecta
3113 5437 3128 5462 ,
3159 5405 3215 5451 et
3237 5397 3308 5452 ab
3333 5398 3511 5467 ipsius
3537 5396 3624 5451 di-

2022 5490 2281 5559 scipulis,
2317 5499 2372 5544 et
2403 5488 2707 5558 Nazaraeis,
2742 5500 2911 5561 atque
2958 5490 3225 5544 Cerintho
3282 5489 3540 5556 defensa,
3591 5505 3624 5543 a

2026 5579 2311 5634 Theodoto
2335 5589 2389 5634 et
2419 5579 2715 5635 Artemone
2734 5588 2922 5650 postea
2948 5578 3295 5635 resuscitata.
3321 5577 3544 5647 Ταύτης
3565 5576 3623 5629 δὲ

2023 5673 2122 5743 τῆς
2153 5670 2430 5740 φάλαγγος
2462 5671 2629 5746 ἦρξεν
2674 5671 2885 5733 Ἐὸίων,
2928 5690 2946 5722 t
2990 5669 3164 5736 Hujus
3209 5680 3394 5725 autem
3435 5679 3621 5726 cater-

2022 5780 2098 5821 va:
2133 5763 2384 5834 princeps
2418 5763 2518 5820 fuit
2551 5764 2749 5831 Ebion,
2778 5780 2796 5816 ι
2845 5773 2904 5819 ιιι
2936 5763 3181 5834 loquitur
3207 5760 3621 5820 Tbeodoretus.
