  <div class='ocr_page' id='page_1' title='image "/cluster/home/n/w/nwhite01/storage/ocr_20150623/5/hvd.32044019206598/152.png"; bbox 0 0 3770 6326; ppageno 0'>
   <div class='ocr_carea' id='block_1_1' title="bbox 159 301 252 359">
    <p class='ocr_par' dir='ltr' id='par_1_1' title="bbox 159 301 252 359">
     <span class='ocr_line' id='line_1_1' title="bbox 159 301 252 359; baseline 0.022 -1"><span class='ocrx_word' id='word_1_1' title='bbox 159 301 252 359; x_wconf 62' lang='grc' dir='ltr'>ω</span> 
     </span>
    </p>
   </div>
   <div class='ocr_carea' id='block_1_2' title="bbox 894 307 1688 379">
    <p class='ocr_par' dir='ltr' id='par_1_2' title="bbox 894 307 1688 368">
     <span class='ocr_line' id='line_1_2' title="bbox 894 307 1688 368; baseline 0.004 -4"><span class='ocrx_word' id='word_1_2' title='bbox 894 307 924 364; x_wconf 75' lang='grc'>,1</span> <span class='ocrx_word' id='word_1_3' title='bbox 935 350 947 362; x_wconf 97' lang='grc'><strong><em>.</em></strong></span> <span class='ocrx_word' id='word_1_4' title='bbox 987 307 1354 366; x_wconf 77' lang='lat' dir='ltr'><strong>PEARSONII</strong></span> <span class='ocrx_word' id='word_1_5' title='bbox 1388 309 1688 368; x_wconf 81' lang='lat' dir='ltr'><strong>VINDICUI</strong></span> 
     </span>
    </p>
   </div>
   <div class='ocr_carea' id='block_1_3' title="bbox 1841 307 2605 379">
    <p class='ocr_par' dir='ltr' id='par_1_3' title="bbox 1841 313 2605 379">
     <span class='ocr_line' id='line_1_3' title="bbox 1841 313 2605 379; baseline 0.016 -11"><span class='ocrx_word' id='word_1_6' title='bbox 1841 313 2174 374; x_wconf 60' lang='grc' dir='ltr'><strong>ῚΑΤΙΑΝΔΞ.</strong></span> <span class='ocrx_word' id='word_1_7' title='bbox 2214 350 2282 362; x_wconf 89' lang='lat'><strong>--</strong></span> <span class='ocrx_word' id='word_1_8' title='bbox 2318 320 2501 379; x_wconf 80' lang='lat' dir='ltr'><strong>PARS</strong></span> <span class='ocrx_word' id='word_1_9' title='bbox 2540 323 2605 379; x_wconf 85' lang='lat' dir='ltr'><strong>Il.</strong></span> 
     </span>
    </p>
   </div>
   <div class='ocr_carea' id='block_1_4' title="bbox 157 414 3415 515">
    <p class='ocr_par' dir='ltr' id='par_1_4' title="bbox 157 414 3415 515">
     <span class='ocr_line' id='line_1_4' title="bbox 157 414 3415 515; baseline 0.012 -46"><span class='ocrx_word' id='word_1_10' title='bbox 157 415 208 469; x_wconf 87' lang='lat' dir='ltr'><strong>Si</strong></span> <span class='ocrx_word' id='word_1_11' title='bbox 236 414 396 485; x_wconf 97' lang='lat' dir='ltr'><strong>igitur</strong></span> <span class='ocrx_word' id='word_1_12' title='bbox 432 414 796 490; x_wconf 76' lang='lat' dir='ltr'><strong>Hieronymus</strong></span> <span class='ocrx_word' id='word_1_13' title='bbox 831 420 887 475; x_wconf 91' lang='lat' dir='ltr'><strong>in</strong></span> <span class='ocrx_word' id='word_1_14' title='bbox 921 421 1132 493; x_wconf 87' lang='lat' dir='ltr'><strong>lgnatio</strong></span> <span class='ocrx_word' id='word_1_15' title='bbox 1173 434 1365 480; x_wconf 92' lang='lat' dir='ltr'><strong>nostro</strong></span> <span class='ocrx_word' id='word_1_16' title='bbox 1406 441 1517 481; x_wconf 93' lang='lat' dir='ltr'><strong>non</strong></span> <span class='ocrx_word' id='word_1_17' title='bbox 1543 441 1715 497; x_wconf 86' lang='lat' dir='ltr'><strong>pauca</strong></span> <span class='ocrx_word' id='word_1_18' title='bbox 1747 431 1794 488; x_wconf 80' lang='grc' dir='ltr'><strong>Α</strong></span> <span class='ocrx_word' id='word_1_19' title='bbox 1821 425 2160 499; x_wconf 72' lang='lat' dir='ltr'><strong>Theodotus,</strong></span> <span class='ocrx_word' id='word_1_20' title='bbox 2182 449 2519 506; x_wconf 88' lang='lat' dir='ltr'><strong>compertum</strong></span> <span class='ocrx_word' id='word_1_21' title='bbox 2547 455 2653 494; x_wconf 92' lang='lat' dir='ltr'><strong>non</strong></span> <span class='ocrx_word' id='word_1_22' title='bbox 2681 451 2764 498; x_wconf 91' lang='lat' dir='ltr'><strong>est</strong></span> <span class='ocrx_word' id='word_1_23' title='bbox 2797 459 2811 495; x_wconf 89' lang='lat'><strong>:</strong></span> <span class='ocrx_word' id='word_1_24' title='bbox 2848 454 3142 515; x_wconf 72' lang='lat' dir='ltr'><strong>postquam</strong></span> <span class='ocrx_word' id='word_1_25' title='bbox 3172 456 3360 506; x_wconf 81' lang='lat' dir='ltr'><strong>autem</strong></span> <span class='ocrx_word' id='word_1_26' title='bbox 3384 469 3415 506; x_wconf 86' lang='lat' dir='ltr'><strong>a</strong></span> 
     </span>
    </p>
   </div>
   <div class='ocr_carea' id='block_1_5' title="bbox 155 507 1718 585">
    <p class='ocr_par' dir='ltr' id='par_1_5' title="bbox 155 507 1718 585">
     <span class='ocr_line' id='line_1_5' title="bbox 155 507 1718 585; baseline 0.006 -22"><span class='ocrx_word' id='word_1_27' title='bbox 155 518 336 570; x_wconf 76' lang='lat' dir='ltr'><strong>contra</strong></span> <span class='ocrx_word' id='word_1_28' title='bbox 358 507 624 565; x_wconf 83' lang='lat' dir='ltr'><strong>Theodoti</strong></span> <span class='ocrx_word' id='word_1_29' title='bbox 645 514 898 569; x_wconf 68' lang='lat' dir='ltr'><strong>haeresim</strong></span> <span class='ocrx_word' id='word_1_30' title='bbox 921 515 1284 572; x_wconf 88' lang='lat' dir='ltr'><strong>disertissima</strong></span> <span class='ocrx_word' id='word_1_31' title='bbox 1314 527 1578 585; x_wconf 75' lang='lat' dir='ltr'><strong>notasset,</strong></span> <span class='ocrx_word' id='word_1_32' title='bbox 1611 534 1718 572; x_wconf 90' lang='lat' dir='ltr'><strong>non</strong></span> 
     </span>
    </p>
   </div>
   <div class='ocr_carea' id='block_1_6' title="bbox 155 604 1716 682">
    <p class='ocr_par' dir='ltr' id='par_1_6' title="bbox 155 604 1716 682">
     <span class='ocr_line' id='line_1_6' title="bbox 155 604 1716 682; baseline 0.008 -27"><span class='ocrx_word' id='word_1_33' title='bbox 155 604 407 672; x_wconf 82' lang='lat' dir='ltr'><strong>potuisset</strong></span> <span class='ocrx_word' id='word_1_34' title='bbox 434 606 538 660; x_wconf 84' lang='lat' dir='ltr'><strong>nisi</strong></span> <span class='ocrx_word' id='word_1_35' title='bbox 573 607 914 675; x_wconf 91' lang='lat' dir='ltr'><strong>ineptissime</strong></span> <span class='ocrx_word' id='word_1_36' title='bbox 955 609 1083 664; x_wconf 85' lang='lat' dir='ltr'><strong>inde</strong></span> <span class='ocrx_word' id='word_1_37' title='bbox 1114 611 1392 682; x_wconf 87' lang='lat' dir='ltr'><strong>colligere,</strong></span> <span class='ocrx_word' id='word_1_38' title='bbox 1435 624 1716 667; x_wconf 85' lang='lat' dir='ltr'><strong>auctorem</strong></span> 
     </span>
    </p>
   </div>
   <div class='ocr_carea' id='block_1_7' title="bbox 149 697 1719 776">
    <p class='ocr_par' dir='ltr' id='par_1_7' title="bbox 149 697 1719 776">
     <span class='ocr_line' id='line_1_7' title="bbox 149 697 1719 776; baseline 0.006 -24"><span class='ocrx_word' id='word_1_39' title='bbox 149 697 490 767; x_wconf 76' lang='lat' dir='ltr'><strong>epistularum</strong></span> <span class='ocrx_word' id='word_1_40' title='bbox 545 710 669 768; x_wconf 88' lang='lat' dir='ltr'><strong>post</strong></span> <span class='ocrx_word' id='word_1_41' title='bbox 718 700 1060 756; x_wconf 85' lang='lat' dir='ltr'><strong>Theodotum</strong></span> <span class='ocrx_word' id='word_1_42' title='bbox 1127 704 1363 771; x_wconf 77' lang='lat' dir='ltr'><strong>vixisse;</strong></span> <span class='ocrx_word' id='word_1_43' title='bbox 1420 707 1548 775; x_wconf 87' lang='lat' dir='ltr'><strong>quia</strong></span> <span class='ocrx_word' id='word_1_44' title='bbox 1603 707 1719 776; x_wconf 86' lang='lat' dir='ltr'><strong>ipse</strong></span> 
     </span>
    </p>
   </div>
   <div class='ocr_carea' id='block_1_8' title="bbox 152 790 1717 867">
    <p class='ocr_par' dir='ltr' id='par_1_8' title="bbox 152 790 1717 867">
     <span class='ocr_line' id='line_1_8' title="bbox 152 790 1717 867; baseline 0.006 -23"><span class='ocrx_word' id='word_1_45' title='bbox 152 790 338 859; x_wconf 86' lang='lat' dir='ltr'><strong>optime</strong></span> <span class='ocrx_word' id='word_1_46' title='bbox 369 792 528 867; x_wconf 39' lang='lat' dir='ltr'><strong>.novit</strong></span> <span class='ocrx_word' id='word_1_47' title='bbox 563 809 906 863; x_wconf 62' lang='lat' dir='ltr'><strong>quaecunque</strong></span> <span class='ocrx_word' id='word_1_48' title='bbox 941 805 1129 849; x_wconf 89' lang='lat' dir='ltr'><strong>contra</strong></span> <span class='ocrx_word' id='word_1_49' title='bbox 1156 795 1417 852; x_wconf 87' lang='lat' dir='ltr'><strong>Theodoti</strong></span> <span class='ocrx_word' id='word_1_50' title='bbox 1463 799 1717 854; x_wconf 70' lang='lat' dir='ltr'><strong>haeresim</strong></span> 
     </span>
    </p>
   </div>
   <div class='ocr_carea' id='block_1_9' title="bbox 151 884 1717 958">
    <p class='ocr_par' dir='ltr' id='par_1_9' title="bbox 151 884 1717 958">
     <span class='ocr_line' id='line_1_9' title="bbox 151 884 1717 958; baseline 0.006 -22"><span class='ocrx_word' id='word_1_51' title='bbox 151 898 207 936; x_wconf 86' lang='lat' dir='ltr'><strong>ex</strong></span> <span class='ocrx_word' id='word_1_52' title='bbox 239 884 340 937; x_wconf 90' lang='lat' dir='ltr'><strong>illis</strong></span> <span class='ocrx_word' id='word_1_53' title='bbox 376 886 626 954; x_wconf 85' lang='lat' dir='ltr'><strong>epistolis</strong></span> <span class='ocrx_word' id='word_1_54' title='bbox 661 887 956 942; x_wconf 84' lang='lat' dir='ltr'><strong>observare</strong></span> <span class='ocrx_word' id='word_1_55' title='bbox 981 890 1179 958; x_wconf 89' lang='lat' dir='ltr'><strong>potuit,</strong></span> <span class='ocrx_word' id='word_1_56' title='bbox 1208 905 1274 944; x_wconf 88' lang='lat' dir='ltr'><strong>ea</strong></span> <span class='ocrx_word' id='word_1_57' title='bbox 1309 891 1496 945; x_wconf 91' lang='lat' dir='ltr'><strong>omnia</strong></span> <span class='ocrx_word' id='word_1_58' title='bbox 1531 892 1717 948; x_wconf 80' lang='lat' dir='ltr'><strong>adver-</strong></span> 
     </span>
    </p>
   </div>
   <div class='ocr_carea' id='block_1_10' title="bbox 151 975 1714 1055">
    <p class='ocr_par' dir='ltr' id='par_1_10' title="bbox 151 975 1714 1055">
     <span class='ocr_line' id='line_1_10' title="bbox 151 975 1714 1055; baseline 0.005 -24"><span class='ocrx_word' id='word_1_59' title='bbox 151 992 236 1032; x_wconf 86' lang='lat' dir='ltr'><strong>sus</strong></span> <span class='ocrx_word' id='word_1_60' title='bbox 256 975 511 1033; x_wconf 85' lang='lat' dir='ltr'><strong>Ebionem</strong></span> <span class='ocrx_word' id='word_1_61' title='bbox 549 979 655 1034; x_wconf 89' lang='lat' dir='ltr'><strong>dici</strong></span> <span class='ocrx_word' id='word_1_62' title='bbox 689 981 932 1049; x_wconf 87' lang='lat' dir='ltr'><strong>potuisse</strong></span> <span class='ocrx_word' id='word_1_63' title='bbox 963 999 977 1035; x_wconf 87' lang='lat'><strong>:</strong></span> <span class='ocrx_word' id='word_1_64' title='bbox 1012 991 1069 1036; x_wconf 93' lang='lat' dir='ltr'><strong>at</strong></span> <span class='ocrx_word' id='word_1_65' title='bbox 1101 983 1346 1038; x_wconf 82' lang='lat' dir='ltr'><strong>scribere</strong></span> <span class='ocrx_word' id='word_1_66' title='bbox 1383 984 1583 1054; x_wconf 87' lang='lat' dir='ltr'><strong>aliquis</strong></span> <span class='ocrx_word' id='word_1_67' title='bbox 1613 1001 1714 1055; x_wconf 92' lang='lat' dir='ltr'><strong>po-</strong></span> 
     </span>
    </p>
   </div>
   <div class='ocr_carea' id='block_1_11' title="bbox 152 1069 1712 1144">
    <p class='ocr_par' dir='ltr' id='par_1_11' title="bbox 152 1069 1712 1144">
     <span class='ocr_line' id='line_1_11' title="bbox 152 1069 1712 1144; baseline 0.006 -22"><span class='ocrx_word' id='word_1_68' title='bbox 152 1069 241 1122; x_wconf 89' lang='lat' dir='ltr'><strong>tuit</strong></span> <span class='ocrx_word' id='word_1_69' title='bbox 265 1069 522 1124; x_wconf 88' lang='lat' dir='ltr'><strong>adversus</strong></span> <span class='ocrx_word' id='word_1_70' title='bbox 559 1070 857 1136; x_wconf 87' lang='lat' dir='ltr'><strong>Ebionem,</strong></span> <span class='ocrx_word' id='word_1_71' title='bbox 905 1073 1031 1129; x_wconf 91' lang='lat' dir='ltr'><strong>licet</strong></span> <span class='ocrx_word' id='word_1_72' title='bbox 1072 1083 1199 1144; x_wconf 91' lang='lat' dir='ltr'><strong>post</strong></span> <span class='ocrx_word' id='word_1_73' title='bbox 1230 1073 1573 1131; x_wconf 86' lang='lat' dir='ltr'><strong>Theodotum</strong></span> <span class='ocrx_word' id='word_1_74' title='bbox 1603 1095 1712 1133; x_wconf 90' lang='lat' dir='ltr'><strong>non</strong></span> 
     </span>
    </p>
   </div>
   <div class='ocr_carea' id='block_1_12' title="bbox 149 1161 1715 1234">
    <p class='ocr_par' dir='ltr' id='par_1_12' title="bbox 149 1161 1715 1234">
     <span class='ocr_line' id='line_1_12' title="bbox 149 1161 1715 1234; baseline 0.008 -20"><span class='ocrx_word' id='word_1_75' title='bbox 149 1163 343 1216; x_wconf 78' lang='lat' dir='ltr'><strong>vixerit.</strong></span> <span class='ocrx_word' id='word_1_76' title='bbox 375 1161 440 1216; x_wconf 91' lang='lat' dir='ltr'><strong>Ut</strong></span> <span class='ocrx_word' id='word_1_77' title='bbox 480 1164 610 1218; x_wconf 88' lang='lat' dir='ltr'><strong>alibi</strong></span> <span class='ocrx_word' id='word_1_78' title='bbox 649 1165 815 1234; x_wconf 78' lang='lat' dir='ltr'><strong>igitur</strong></span> <span class='ocrx_word' id='word_1_79' title='bbox 866 1165 1128 1222; x_wconf 88' lang='lat' dir='ltr'><strong>Ebioncm</strong></span> <span class='ocrx_word' id='word_1_80' title='bbox 1167 1177 1221 1223; x_wconf 77' lang='lat' dir='ltr'><strong>et</strong></span> <span class='ocrx_word' id='word_1_81' title='bbox 1257 1167 1549 1224; x_wconf 82' lang='lat' dir='ltr'><strong>Photinum</strong></span> <span class='ocrx_word' id='word_1_82' title='bbox 1581 1186 1715 1226; x_wconf 90' lang='lat' dir='ltr'><strong>con-</strong></span> 
     </span>
    </p>
   </div>
   <div class='ocr_carea' id='block_1_13' title="bbox 147 1253 1714 1333">
    <p class='ocr_par' dir='ltr' id='par_1_13' title="bbox 147 1253 1714 1333">
     <span class='ocr_line' id='line_1_13' title="bbox 147 1253 1714 1333; baseline 0.006 -28"><span class='ocrx_word' id='word_1_83' title='bbox 147 1253 322 1323; x_wconf 87' lang='lat' dir='ltr'><strong>jungit,</strong></span> <span class='ocrx_word' id='word_1_84' title='bbox 350 1261 610 1324; x_wconf 84' lang='lat' dir='ltr'><strong>tauquam</strong></span> <span class='ocrx_word' id='word_1_85' title='bbox 640 1258 830 1312; x_wconf 88' lang='lat' dir='ltr'><strong>eadem</strong></span> <span class='ocrx_word' id='word_1_86' title='bbox 865 1261 1135 1314; x_wconf 90' lang='lat' dir='ltr'><strong>sententia</strong></span> <span class='ocrx_word' id='word_1_87' title='bbox 1168 1263 1469 1330; x_wconf 90' lang='lat' dir='ltr'><strong>apostolica</strong></span> <span class='ocrx_word' id='word_1_88' title='bbox 1498 1264 1714 1333; x_wconf 90' lang='lat' dir='ltr'><strong>percul-</strong></span> 
     </span>
    </p>
   </div>
   <div class='ocr_carea' id='block_1_14' title="bbox 149 1347 1712 1425">
    <p class='ocr_par' dir='ltr' id='par_1_14' title="bbox 149 1347 1712 1425">
     <span class='ocr_line' id='line_1_14' title="bbox 149 1347 1712 1425; baseline 0.009 -28"><span class='ocrx_word' id='word_1_89' title='bbox 149 1360 246 1408; x_wconf 85' lang='lat' dir='ltr'><strong>sos,</strong></span> <span class='ocrx_word' id='word_1_90' title='bbox 279 1348 346 1401; x_wconf 89' lang='lat' dir='ltr'><strong>ita</strong></span> <span class='ocrx_word' id='word_1_91' title='bbox 379 1347 467 1402; x_wconf 88' lang='lat' dir='ltr'><strong>hic</strong></span> <span class='ocrx_word' id='word_1_92' title='bbox 507 1349 767 1404; x_wconf 73' lang='grc' dir='ltr'><strong>Ειιίοιιειιι</strong></span> <span class='ocrx_word' id='word_1_93' title='bbox 810 1361 865 1406; x_wconf 89' lang='lat' dir='ltr'><strong>et</strong></span> <span class='ocrx_word' id='word_1_94' title='bbox 907 1350 1290 1420; x_wconf 85' lang='lat' dir='ltr'><strong>Theodotum,</strong></span> <span class='ocrx_word' id='word_1_95' title='bbox 1342 1363 1599 1425; x_wconf 85' lang='lat' dir='ltr'><strong>tanquam</strong></span> <span class='ocrx_word' id='word_1_96' title='bbox 1642 1357 1712 1412; x_wconf 88' lang='lat' dir='ltr'><strong>ab</strong></span> 
     </span>
    </p>
   </div>
   <div class='ocr_carea' id='block_1_15' title="bbox 150 1436 919 1498">
    <p class='ocr_par' dir='ltr' id='par_1_15' title="bbox 150 1436 919 1498">
     <span class='ocr_line' id='line_1_15' title="bbox 150 1436 919 1498; baseline 0.014 -11"><span class='ocrx_word' id='word_1_97' title='bbox 150 1436 315 1490; x_wconf 85' lang='lat' dir='ltr'><strong>iisdem</strong></span> <span class='ocrx_word' id='word_1_98' title='bbox 347 1437 603 1495; x_wconf 86' lang='lat' dir='ltr'><strong>Patribus</strong></span> <span class='ocrx_word' id='word_1_99' title='bbox 631 1441 919 1498; x_wconf 83' lang='lat' dir='ltr'><strong>refutatos.</strong></span> 
     </span>
    </p>
   </div>
   <div class='ocr_carea' id='block_1_16' title="bbox 208 1527 1708 1606">
    <p class='ocr_par' dir='ltr' id='par_1_16' title="bbox 208 1527 1708 1606">
     <span class='ocr_line' id='line_1_16' title="bbox 208 1527 1708 1606; baseline 0.013 -25"><span class='ocrx_word' id='word_1_100' title='bbox 208 1527 419 1584; x_wconf 83' lang='lat' dir='ltr'><strong>Frustra</strong></span> <span class='ocrx_word' id='word_1_101' title='bbox 447 1531 613 1602; x_wconf 79' lang='lat' dir='ltr'><strong>igitur</strong></span> <span class='ocrx_word' id='word_1_102' title='bbox 636 1533 687 1586; x_wconf 94' lang='lat' dir='ltr'><strong>in</strong></span> <span class='ocrx_word' id='word_1_103' title='bbox 730 1535 831 1590; x_wconf 91' lang='lat' dir='ltr'><strong>hoc</strong></span> <span class='ocrx_word' id='word_1_104' title='bbox 861 1548 1188 1606; x_wconf 83' lang='lat' dir='ltr'><strong>argumento</strong></span> <span class='ocrx_word' id='word_1_105' title='bbox 1216 1555 1317 1596; x_wconf 91' lang='lat' dir='ltr'><strong>nec</strong></span> <span class='ocrx_word' id='word_1_106' title='bbox 1343 1541 1464 1598; x_wconf 91' lang='lat' dir='ltr'><strong>sine</strong></span> <span class='ocrx_word' id='word_1_107' title='bbox 1493 1557 1708 1602; x_wconf 88' lang='lat' dir='ltr'><strong>summa</strong></span> 
     </span>
    </p>
   </div>
   <div class='ocr_carea' id='block_1_17' title="bbox 149 1622 1711 1702">
    <p class='ocr_par' dir='ltr' id='par_1_17' title="bbox 149 1622 1711 1702">
     <span class='ocr_line' id='line_1_17' title="bbox 149 1622 1711 1702; baseline 0.013 -30"><span class='ocrx_word' id='word_1_108' title='bbox 149 1622 324 1690; x_wconf 85' lang='lat' dir='ltr'><strong>injuria</strong></span> <span class='ocrx_word' id='word_1_109' title='bbox 360 1633 512 1678; x_wconf 87' lang='lat' dir='ltr'><strong>notat</strong></span> <span class='ocrx_word' id='word_1_110' title='bbox 546 1626 940 1683; x_wconf 88' lang='lat' dir='ltr'><strong>acerbissimus</strong></span> <span class='ocrx_word' id='word_1_111' title='bbox 973 1628 1194 1685; x_wconf 86' lang='lat' dir='ltr'><strong>Patrum</strong></span> <span class='ocrx_word' id='word_1_112' title='bbox 1228 1648 1456 1702; x_wconf 87' lang='lat' dir='ltr'><strong>censor,</strong></span> <span class='ocrx_word' id='word_1_113' title='bbox 1488 1655 1508 1688; x_wconf 72' lang='grc' dir='ltr'><strong>ε</strong></span> <span class='ocrx_word' id='word_1_114' title='bbox 1542 1637 1711 1692; x_wconf 86' lang='lat' dir='ltr'><strong>inter-</strong></span> 
     </span>
    </p>
   </div>
   <div class='ocr_carea' id='block_1_18' title="bbox 146 1716 1706 1798">
    <p class='ocr_par' dir='ltr' id='par_1_18' title="bbox 146 1716 1706 1798">
     <span class='ocr_line' id='line_1_18' title="bbox 146 1716 1706 1798; baseline 0.011 -28"><span class='ocrx_word' id='word_1_115' title='bbox 146 1716 254 1770; x_wconf 90' lang='lat' dir='ltr'><strong>dum</strong></span> <span class='ocrx_word' id='word_1_116' title='bbox 289 1716 678 1790; x_wconf 88' lang='lat' dir='ltr'><strong>Hieronymum</strong></span> <span class='ocrx_word' id='word_1_117' title='bbox 716 1724 952 1777; x_wconf 87' lang='lat' dir='ltr'><strong>naturali</strong></span> <span class='ocrx_word' id='word_1_118' title='bbox 997 1726 1234 1793; x_wconf 90' lang='lat' dir='ltr'><strong>quadam</strong></span> <span class='ocrx_word' id='word_1_119' title='bbox 1291 1728 1494 1798; x_wconf 77' lang='lat' dir='ltr'><strong>ingenii</strong></span> <span class='ocrx_word' id='word_1_120' title='bbox 1543 1731 1706 1787; x_wconf 82' lang='lat' dir='ltr'><strong>vehe-</strong></span> 
     </span>
    </p>
   </div>
   <div class='ocr_carea' id='block_1_19' title="bbox 147 1808 1709 1880">
    <p class='ocr_par' dir='ltr' id='par_1_19' title="bbox 147 1808 1709 1880">
     <span class='ocr_line' id='line_1_19' title="bbox 147 1808 1709 1880; baseline 0.013 -22"><span class='ocrx_word' id='word_1_121' title='bbox 147 1808 323 1861; x_wconf 89' lang='lat' dir='ltr'><strong>mentia</strong></span> <span class='ocrx_word' id='word_1_122' title='bbox 363 1808 577 1878; x_wconf 85' lang='lat' dir='ltr'><strong>abripi,</strong></span> <span class='ocrx_word' id='word_1_123' title='bbox 609 1819 665 1865; x_wconf 89' lang='lat' dir='ltr'><strong>et</strong></span> <span class='ocrx_word' id='word_1_124' title='bbox 705 1813 951 1880; x_wconf 68' lang='lat' dir='ltr'><strong>quaedam</strong></span> <span class='ocrx_word' id='word_1_125' title='bbox 996 1831 1103 1870; x_wconf 90' lang='lat' dir='ltr'><strong>non</strong></span> <span class='ocrx_word' id='word_1_126' title='bbox 1145 1819 1282 1873; x_wconf 84' lang='lat' dir='ltr'><strong>satis</strong></span> <span class='ocrx_word' id='word_1_127' title='bbox 1319 1832 1574 1876; x_wconf 90' lang='lat' dir='ltr'><strong>accurate</strong></span> <span class='ocrx_word' id='word_1_128' title='bbox 1615 1840 1709 1878; x_wconf 79' lang='lat' dir='ltr'><strong>cx-</strong></span> 
     </span>
    </p>
   </div>
   <div class='ocr_carea' id='block_1_20' title="bbox 146 1899 1706 1984">
    <p class='ocr_par' dir='ltr' id='par_1_20' title="bbox 146 1899 1706 1984">
     <span class='ocr_line' id='line_1_20' title="bbox 146 1899 1706 1984; baseline 0.013 -34"><span class='ocrx_word' id='word_1_129' title='bbox 146 1912 290 1966; x_wconf 85' lang='lat' dir='ltr'><strong>pensa</strong></span> <span class='ocrx_word' id='word_1_130' title='bbox 319 1899 616 1979; x_wconf 75' lang='lat' dir='ltr'><strong>effundere,</strong></span> <span class='ocrx_word' id='word_1_131' title='bbox 645 1917 770 1957; x_wconf 91' lang='lat' dir='ltr'><strong>cum</strong></span> <span class='ocrx_word' id='word_1_132' title='bbox 794 1904 928 1958; x_wconf 77' lang='lat' dir='ltr'><strong>nihil</strong></span> <span class='ocrx_word' id='word_1_133' title='bbox 966 1906 1018 1960; x_wconf 93' lang='lat' dir='ltr'><strong>in</strong></span> <span class='ocrx_word' id='word_1_134' title='bbox 1048 1907 1148 1962; x_wconf 87' lang='lat' dir='ltr'><strong>hac</strong></span> <span class='ocrx_word' id='word_1_135' title='bbox 1179 1924 1238 1964; x_wconf 93' lang='lat' dir='ltr'><strong>re</strong></span> <span class='ocrx_word' id='word_1_136' title='bbox 1273 1922 1532 1980; x_wconf 81' lang='lat' dir='ltr'><strong>appareat</strong></span> <span class='ocrx_word' id='word_1_137' title='bbox 1559 1917 1706 1984; x_wconf 90' lang='lat' dir='ltr'><strong>quod</strong></span> 
     </span>
    </p>
   </div>
   <div class='ocr_carea' id='block_1_21' title="bbox 145 1977 1706 2069">
    <p class='ocr_par' dir='ltr' id='par_1_21' title="bbox 145 1977 1706 2069">
     <span class='ocr_line' id='line_1_21' title="bbox 145 1977 1706 2069; baseline 0.013 -27"><span class='ocrx_word' id='word_1_138' title='bbox 145 2007 248 2044; x_wconf 82' lang='lat' dir='ltr'><strong>cum</strong></span> <span class='ocrx_word' id='word_1_139' title='bbox 273 1977 520 2046; x_wconf 79' lang='lat' dir='ltr'><strong>videatur</strong></span> <span class='ocrx_word' id='word_1_140' title='bbox 547 1993 820 2064; x_wconf 88' lang='lat' dir='ltr'><strong>abripere,</strong></span> <span class='ocrx_word' id='word_1_141' title='bbox 863 2007 956 2050; x_wconf 88' lang='lat' dir='ltr'><strong>aut</strong></span> <span class='ocrx_word' id='word_1_142' title='bbox 989 2015 1212 2069; x_wconf 88' lang='lat' dir='ltr'><strong>quoquo</strong></span> <span class='ocrx_word' id='word_1_143' title='bbox 1255 2005 1418 2058; x_wconf 90' lang='lat' dir='ltr'><strong>modo</strong></span> <span class='ocrx_word' id='word_1_144' title='bbox 1460 2021 1706 2061; x_wconf 90' lang='lat' dir='ltr'><strong>commo-</strong></span> 
     </span>
    </p>
   </div>
   <div class='ocr_carea' id='block_1_22' title="bbox 146 2084 1703 2160">
    <p class='ocr_par' dir='ltr' id='par_1_22' title="bbox 146 2084 1703 2160">
     <span class='ocr_line' id='line_1_22' title="bbox 146 2084 1703 2160; baseline 0.013 -26"><span class='ocrx_word' id='word_1_145' title='bbox 146 2097 283 2149; x_wconf 81' lang='lat' dir='ltr'><strong>vere;</strong></span> <span class='ocrx_word' id='word_1_146' title='bbox 314 2084 448 2137; x_wconf 87' lang='lat' dir='ltr'><strong>nihil</strong></span> <span class='ocrx_word' id='word_1_147' title='bbox 487 2086 555 2139; x_wconf 89' lang='lat' dir='ltr'><strong>ab</strong></span> <span class='ocrx_word' id='word_1_148' title='bbox 585 2100 651 2139; x_wconf 90' lang='lat' dir='ltr'><strong>eo</strong></span> <span class='ocrx_word' id='word_1_149' title='bbox 675 2087 881 2142; x_wconf 90' lang='lat' dir='ltr'><strong>dictum</strong></span> <span class='ocrx_word' id='word_1_150' title='bbox 918 2091 1026 2154; x_wconf 85' lang='lat' dir='ltr'><strong>sit,</strong></span> <span class='ocrx_word' id='word_1_151' title='bbox 1060 2093 1210 2160; x_wconf 91' lang='lat' dir='ltr'><strong>quod</strong></span> <span class='ocrx_word' id='word_1_152' title='bbox 1249 2111 1356 2149; x_wconf 92' lang='lat' dir='ltr'><strong>non</strong></span> <span class='ocrx_word' id='word_1_153' title='bbox 1388 2100 1460 2151; x_wconf 85' lang='lat' dir='ltr'><strong>sit</strong></span> <span class='ocrx_word' id='word_1_154' title='bbox 1489 2101 1703 2156; x_wconf 88' lang='lat' dir='ltr'><strong>veritati</strong></span> 
     </span>
    </p>
   </div>
   <div class='ocr_carea' id='block_1_23' title="bbox 144 2179 1704 2251">
    <p class='ocr_par' dir='ltr' id='par_1_23' title="bbox 144 2179 1704 2251">
     <span class='ocr_line' id='line_1_23' title="bbox 144 2179 1704 2251; baseline 0.013 -23"><span class='ocrx_word' id='word_1_155' title='bbox 144 2184 581 2242; x_wconf 84' lang='lat' dir='ltr'><strong>consentaneum;</strong></span> <span class='ocrx_word' id='word_1_156' title='bbox 626 2179 764 2232; x_wconf 89' lang='lat' dir='ltr'><strong>nihil</strong></span> <span class='ocrx_word' id='word_1_157' title='bbox 803 2181 948 2250; x_wconf 92' lang='lat' dir='ltr'><strong>quod</strong></span> <span class='ocrx_word' id='word_1_158' title='bbox 979 2182 1227 2251; x_wconf 89' lang='lat' dir='ltr'><strong>ejusdem</strong></span> <span class='ocrx_word' id='word_1_159' title='bbox 1264 2190 1548 2244; x_wconf 70' lang='lat' dir='ltr'><strong>sententia:</strong></span> <span class='ocrx_word' id='word_1_160' title='bbox 1583 2193 1704 2250; x_wconf 88' lang='lat' dir='ltr'><strong>aliis</strong></span> 
     </span>
    </p>
   </div>
   <div class='ocr_carea' id='block_1_24' title="bbox 145 2263 1704 2343">
    <p class='ocr_par' dir='ltr' id='par_1_24' title="bbox 145 2263 1704 2343">
     <span class='ocr_line' id='line_1_24' title="bbox 145 2263 1704 2343; baseline 0.013 -24"><span class='ocrx_word' id='word_1_161' title='bbox 145 2263 259 2321; x_wconf 88' lang='lat' dir='ltr'><strong>locis</strong></span> <span class='ocrx_word' id='word_1_162' title='bbox 290 2269 575 2336; x_wconf 65' lang='lat' dir='ltr'><strong>patefactae</strong></span> <span class='ocrx_word' id='word_1_163' title='bbox 609 2273 950 2328; x_wconf 91' lang='lat' dir='ltr'><strong>contrarium</strong></span> <span class='ocrx_word' id='word_1_164' title='bbox 977 2276 1069 2330; x_wconf 89' lang='lat' dir='ltr'><strong>sit.</strong></span> <span class='ocrx_word' id='word_1_165' title='bbox 1111 2277 1266 2343; x_wconf 85' lang='lat' dir='ltr'><strong>Quod</strong></span> <span class='ocrx_word' id='word_1_166' title='bbox 1296 2281 1340 2335; x_wconf 89' lang='lat' dir='ltr'><strong>si</strong></span> <span class='ocrx_word' id='word_1_167' title='bbox 1376 2282 1490 2338; x_wconf 67' lang='lat' dir='ltr'><strong>haec</strong></span> <span class='ocrx_word' id='word_1_168' title='bbox 1516 2285 1704 2341; x_wconf 88' lang='lat' dir='ltr'><strong>obser-</strong></span> 
     </span>
    </p>
   </div>
   <div class='ocr_carea' id='block_1_25' title="bbox 145 2359 1699 2442">
    <p class='ocr_par' dir='ltr' id='par_1_25' title="bbox 145 2359 1699 2442">
     <span class='ocr_line' id='line_1_25' title="bbox 145 2359 1699 2442; baseline 0.015 -34"><span class='ocrx_word' id='word_1_169' title='bbox 145 2360 266 2411; x_wconf 81' lang='lat' dir='ltr'><strong>vatio</strong></span> <span class='ocrx_word' id='word_1_170' title='bbox 307 2359 371 2413; x_wconf 91' lang='lat' dir='ltr'><strong>de</strong></span> <span class='ocrx_word' id='word_1_171' title='bbox 416 2361 765 2417; x_wconf 81' lang='lat' dir='ltr'><strong>vehementia</strong></span> <span class='ocrx_word' id='word_1_172' title='bbox 801 2364 1004 2436; x_wconf 83' lang='lat' dir='ltr'><strong>ingenii</strong></span> <span class='ocrx_word' id='word_1_173' title='bbox 1045 2367 1457 2442; x_wconf 87' lang='lat' dir='ltr'><strong>Hieronymiani</strong></span> <span class='ocrx_word' id='word_1_174' title='bbox 1485 2377 1699 2432; x_wconf 86' lang='lat' dir='ltr'><strong>admitti</strong></span> 
     </span>
    </p>
   </div>
   <div class='ocr_carea' id='block_1_26' title="bbox 143 2449 1696 2537">
    <p class='ocr_par' dir='ltr' id='par_1_26' title="bbox 143 2449 1696 2537">
     <span class='ocr_line' id='line_1_26' title="bbox 143 2449 1696 2537; baseline 0.015 -36"><span class='ocrx_word' id='word_1_175' title='bbox 143 2449 408 2520; x_wconf 83' lang='lat' dir='ltr'><strong>aliquando</strong></span> <span class='ocrx_word' id='word_1_176' title='bbox 431 2452 650 2518; x_wconf 88' lang='lat' dir='ltr'><strong>debeat,</strong></span> <span class='ocrx_word' id='word_1_177' title='bbox 673 2463 804 2511; x_wconf 88' lang='lat' dir='ltr'><strong>tunc</strong></span> <span class='ocrx_word' id='word_1_178' title='bbox 834 2458 1047 2526; x_wconf 90' lang='lat' dir='ltr'><strong>potiore</strong></span> <span class='ocrx_word' id='word_1_179' title='bbox 1062 2459 1186 2529; x_wconf 85' lang='lat' dir='ltr'><strong>jure</strong></span> <span class='ocrx_word' id='word_1_180' title='bbox 1215 2467 1470 2534; x_wconf 89' lang='lat' dir='ltr'><strong>usurpari</strong></span> <span class='ocrx_word' id='word_1_181' title='bbox 1499 2477 1696 2537; x_wconf 87' lang='lat' dir='ltr'><strong>potest,</strong></span> 
     </span>
    </p>
   </div>
   <div class='ocr_carea' id='block_1_27' title="bbox 143 2544 1701 2630">
    <p class='ocr_par' dir='ltr' id='par_1_27' title="bbox 143 2544 1701 2630">
     <span class='ocr_line' id='line_1_27' title="bbox 143 2544 1701 2630; baseline 0.013 -37"><span class='ocrx_word' id='word_1_182' title='bbox 143 2556 246 2595; x_wconf 87' lang='lat' dir='ltr'><strong>cum</strong></span> <span class='ocrx_word' id='word_1_183' title='bbox 283 2544 544 2600; x_wconf 86' lang='lat' dir='ltr'><strong>adversus</strong></span> <span class='ocrx_word' id='word_1_184' title='bbox 576 2545 840 2604; x_wconf 88' lang='lat' dir='ltr'><strong>diaconos</strong></span> <span class='ocrx_word' id='word_1_185' title='bbox 882 2547 1141 2605; x_wconf 73' lang='lat' dir='ltr'><strong>Ecclesia:</strong></span> <span class='ocrx_word' id='word_1_186' title='bbox 1175 2551 1435 2630; x_wconf 67' lang='lat' dir='ltr'><strong>Romanae</strong></span> <span class='ocrx_word' id='word_1_187' title='bbox 1477 2558 1701 2616; x_wconf 87' lang='lat' dir='ltr'><strong>lacessi-</strong></span> 
     </span>
    </p>
   </div>
   <div class='ocr_carea' id='block_1_28' title="bbox 142 2636 1694 2712">
    <p class='ocr_par' dir='ltr' id='par_1_28' title="bbox 142 2636 1694 2712">
     <span class='ocr_line' id='line_1_28' title="bbox 142 2636 1694 2712; baseline 0.014 -26"><span class='ocrx_word' id='word_1_188' title='bbox 142 2642 215 2688; x_wconf 88' lang='lat' dir='ltr'><strong>tus</strong></span> <span class='ocrx_word' id='word_1_189' title='bbox 239 2636 439 2702; x_wconf 85' lang='lat' dir='ltr'><strong>scribit,</strong></span> <span class='ocrx_word' id='word_1_190' title='bbox 458 2653 586 2692; x_wconf 90' lang='lat' dir='ltr'><strong>cum</strong></span> <span class='ocrx_word' id='word_1_191' title='bbox 615 2648 674 2693; x_wconf 90' lang='lat' dir='ltr'><strong>ut</strong></span> <span class='ocrx_word' id='word_1_192' title='bbox 698 2648 887 2694; x_wconf 87' lang='lat' dir='ltr'><strong>eorum</strong></span> <span class='ocrx_word' id='word_1_193' title='bbox 912 2640 1233 2712; x_wconf 90' lang='lat' dir='ltr'><strong>dignitatem</strong></span> <span class='ocrx_word' id='word_1_194' title='bbox 1274 2645 1564 2705; x_wconf 90' lang='lat' dir='ltr'><strong>imminuat</strong></span> <span class='ocrx_word' id='word_1_195' title='bbox 1587 2661 1694 2707; x_wconf 91' lang='lat' dir='ltr'><strong>tam</strong></span> 
     </span>
    </p>
   </div>
   <div class='ocr_carea' id='block_1_29' title="bbox 141 2727 1697 2810">
    <p class='ocr_par' dir='ltr' id='par_1_29' title="bbox 141 2727 1697 2810">
     <span class='ocr_line' id='line_1_29' title="bbox 141 2727 1697 2810; baseline 0.012 -30"><span class='ocrx_word' id='word_1_196' title='bbox 141 2727 284 2781; x_wconf 89' lang='lat' dir='ltr'><strong>multa</strong></span> <span class='ocrx_word' id='word_1_197' title='bbox 303 2728 364 2782; x_wconf 79' lang='lat' dir='ltr'><strong>de</strong></span> <span class='ocrx_word' id='word_1_198' title='bbox 383 2730 795 2800; x_wconf 85' lang='lat' dir='ltr'><strong>presbyteratus</strong></span> <span class='ocrx_word' id='word_1_199' title='bbox 819 2734 1145 2791; x_wconf 89' lang='lat' dir='ltr'><strong>auctoritate</strong></span> <span class='ocrx_word' id='word_1_200' title='bbox 1173 2741 1440 2808; x_wconf 85' lang='lat' dir='ltr'><strong>congerit,</strong></span> <span class='ocrx_word' id='word_1_201' title='bbox 1465 2757 1618 2810; x_wconf 85' lang='lat' dir='ltr'><strong>cum,</strong></span> <span class='ocrx_word' id='word_1_202' title='bbox 1635 2753 1697 2799; x_wconf 93' lang='lat' dir='ltr'><strong>ut</strong></span> 
     </span>
    </p>
   </div>
   <div class='ocr_carea' id='block_1_30' title="bbox 139 2821 1698 2905">
    <p class='ocr_par' dir='ltr' id='par_1_30' title="bbox 139 2821 1698 2905">
     <span class='ocr_line' id='line_1_30' title="bbox 139 2821 1698 2905; baseline 0.013 -35"><span class='ocrx_word' id='word_1_203' title='bbox 139 2832 236 2872; x_wconf 85' lang='lat' dir='ltr'><strong>eam</strong></span> <span class='ocrx_word' id='word_1_204' title='bbox 265 2821 534 2888; x_wconf 86' lang='lat' dir='ltr'><strong>stabiliat,</strong></span> <span class='ocrx_word' id='word_1_205' title='bbox 576 2824 842 2893; x_wconf 64' lang='lat' dir='ltr'><strong>aequalem</strong></span> <span class='ocrx_word' id='word_1_206' title='bbox 883 2840 1022 2894; x_wconf 92' lang='lat' dir='ltr'><strong>pene</strong></span> <span class='ocrx_word' id='word_1_207' title='bbox 1071 2828 1174 2897; x_wconf 89' lang='lat' dir='ltr'><strong>ipsi</strong></span> <span class='ocrx_word' id='word_1_208' title='bbox 1207 2831 1503 2902; x_wconf 81' lang='lat' dir='ltr'><strong>episcOpali</strong></span> <span class='ocrx_word' id='word_1_209' title='bbox 1543 2848 1698 2905; x_wconf 83' lang='lat' dir='ltr'><strong>pote-</strong></span> 
     </span>
    </p>
   </div>
   <div class='ocr_carea' id='block_1_31' title="bbox 139 2911 1694 2988">
    <p class='ocr_par' dir='ltr' id='par_1_31' title="bbox 139 2911 1694 2988">
     <span class='ocr_line' id='line_1_31' title="bbox 139 2911 1694 2988; baseline 0.013 -26"><span class='ocrx_word' id='word_1_210' title='bbox 139 2911 243 2965; x_wconf 78' lang='lat' dir='ltr'><strong>stati</strong></span> <span class='ocrx_word' id='word_1_211' title='bbox 278 2920 517 2966; x_wconf 85' lang='lat' dir='ltr'><strong>statuere</strong></span> <span class='ocrx_word' id='word_1_212' title='bbox 557 2924 814 2970; x_wconf 87' lang='lat' dir='ltr'><strong>censetur</strong></span> <span class='ocrx_word' id='word_1_213' title='bbox 844 2933 857 2970; x_wconf 94' lang='lat'>:</span> <span class='ocrx_word' id='word_1_214' title='bbox 889 2933 1010 2985; x_wconf 65' lang='lat' dir='ltr'><strong>quae</strong></span> <span class='ocrx_word' id='word_1_215' title='bbox 1039 2917 1416 2988; x_wconf 87' lang='lat' dir='ltr'><strong>interpretatio</strong></span> <span class='ocrx_word' id='word_1_216' title='bbox 1467 2937 1694 2982; x_wconf 87' lang='lat' dir='ltr'><strong>sentcn-</strong></span> 
     </span>
    </p>
   </div>
   <div class='ocr_carea' id='block_1_32' title="bbox 139 3001 1694 3081">
    <p class='ocr_par' dir='ltr' id='par_1_32' title="bbox 139 3001 1694 3081">
     <span class='ocr_line' id='line_1_32' title="bbox 139 3001 1694 3081; baseline 0.013 -27"><span class='ocrx_word' id='word_1_217' title='bbox 139 3002 209 3056; x_wconf 63' lang='lat' dir='ltr'><strong>tiae</strong></span> <span class='ocrx_word' id='word_1_218' title='bbox 246 3001 679 3076; x_wconf 71' lang='lat' dir='ltr'><strong>ilierouymiana:</strong></span> <span class='ocrx_word' id='word_1_219' title='bbox 716 3021 840 3060; x_wconf 91' lang='lat' dir='ltr'><strong>eum</strong></span> <span class='ocrx_word' id='word_1_220' title='bbox 884 3011 1123 3065; x_wconf 80' lang='lat' dir='ltr'><strong>maxime</strong></span> <span class='ocrx_word' id='word_1_221' title='bbox 1169 3011 1603 3081; x_wconf 86' lang='lat' dir='ltr'><strong>inconstantem.</strong></span> <span class='ocrx_word' id='word_1_222' title='bbox 1639 3028 1694 3075; x_wconf 92' lang='lat' dir='ltr'><strong>et</strong></span> 
     </span>
    </p>
   </div>
   <div class='ocr_carea' id='block_1_33' title="bbox 137 3094 1760 3181">
    <p class='ocr_par' dir='ltr' id='par_1_33' title="bbox 137 3094 1760 3181">
     <span class='ocr_line' id='line_1_33' title="bbox 137 3094 1760 3181; baseline 0.014 -35"><span class='ocrx_word' id='word_1_223' title='bbox 137 3094 233 3150; x_wconf 83' lang='lat' dir='ltr'><strong>suis</strong></span> <span class='ocrx_word' id='word_1_224' title='bbox 267 3097 482 3166; x_wconf 88' lang='lat' dir='ltr'><strong>scriptis</strong></span> <span class='ocrx_word' id='word_1_225' title='bbox 513 3098 788 3152; x_wconf 77' lang='lat' dir='ltr'><strong>contraria</strong></span> <span class='ocrx_word' id='word_1_226' title='bbox 824 3099 1189 3158; x_wconf 72' lang='lat' dir='ltr'><strong>eﬂ‘undentem</strong></span> <span class='ocrx_word' id='word_1_227' title='bbox 1230 3119 1602 3175; x_wconf 77' lang='lat' dir='ltr'><strong>repraesentat.</strong></span> <span class='ocrx_word' id='word_1_228' title='bbox 1633 3111 1688 3168; x_wconf 90' lang='lat' dir='ltr'><strong>Si</strong></span> <span class='ocrx_word' id='word_1_229' title='bbox 1718 3124 1760 3181; x_wconf 69' lang='grc' dir='ltr'><strong>(ζ</strong></span> 
     </span>
    </p>
   </div>
   <div class='ocr_carea' id='block_1_34' title="bbox 140 3188 1689 3261">
    <p class='ocr_par' dir='ltr' id='par_1_34' title="bbox 140 3188 1689 3261">
     <span class='ocr_line' id='line_1_34' title="bbox 140 3188 1689 3261; baseline 0.012 -23"><span class='ocrx_word' id='word_1_230' title='bbox 140 3199 344 3254; x_wconf 88' lang='lat' dir='ltr'><strong>unquam</strong></span> <span class='ocrx_word' id='word_1_231' title='bbox 379 3188 587 3258; x_wconf 85' lang='lat' dir='ltr'><strong>igitur,</strong></span> <span class='ocrx_word' id='word_1_232' title='bbox 623 3191 676 3244; x_wconf 89' lang='lat' dir='ltr'><strong>in</strong></span> <span class='ocrx_word' id='word_1_233' title='bbox 711 3190 812 3246; x_wconf 89' lang='lat' dir='ltr'><strong>hac</strong></span> <span class='ocrx_word' id='word_1_234' title='bbox 845 3193 960 3261; x_wconf 90' lang='lat' dir='ltr'><strong>ipsa</strong></span> <span class='ocrx_word' id='word_1_235' title='bbox 990 3199 1367 3254; x_wconf 90' lang='lat' dir='ltr'><strong>controversia</strong></span> <span class='ocrx_word' id='word_1_236' title='bbox 1397 3202 1465 3255; x_wconf 91' lang='lat' dir='ltr'><strong>de</strong></span> <span class='ocrx_word' id='word_1_237' title='bbox 1491 3203 1689 3258; x_wconf 88' lang='lat' dir='ltr'><strong>distin-</strong></span> 
     </span>
    </p>
   </div>
   <div class='ocr_carea' id='block_1_35' title="bbox 136 3278 1691 3364">
    <p class='ocr_par' dir='ltr' id='par_1_35' title="bbox 136 3278 1691 3364">
     <span class='ocr_line' id='line_1_35' title="bbox 136 3278 1691 3364; baseline 0.012 -35"><span class='ocrx_word' id='word_1_238' title='bbox 136 3278 287 3333; x_wconf 84' lang='lat' dir='ltr'><strong>ctione</strong></span> <span class='ocrx_word' id='word_1_239' title='bbox 320 3296 604 3335; x_wconf 88' lang='lat' dir='ltr'><strong>sacrorum</strong></span> <span class='ocrx_word' id='word_1_240' title='bbox 648 3283 937 3346; x_wconf 91' lang='lat' dir='ltr'><strong>ordinum,</strong></span> <span class='ocrx_word' id='word_1_241' title='bbox 983 3285 1169 3341; x_wconf 89' lang='lat' dir='ltr'><strong>liceret</strong></span> <span class='ocrx_word' id='word_1_242' title='bbox 1209 3288 1395 3344; x_wconf 91' lang='lat' dir='ltr'><strong>dicere</strong></span> <span class='ocrx_word' id='word_1_243' title='bbox 1426 3290 1691 3364; x_wconf 87' lang='lat' dir='ltr'><strong>Hierony-</strong></span> 
     </span>
    </p>
   </div>
   <div class='ocr_carea' id='block_1_36' title="bbox 137 3371 1686 3452">
    <p class='ocr_par' dir='ltr' id='par_1_36' title="bbox 137 3371 1686 3452">
     <span class='ocr_line' id='line_1_36' title="bbox 137 3371 1686 3452; baseline 0.012 -34"><span class='ocrx_word' id='word_1_244' title='bbox 137 3383 258 3422; x_wconf 88' lang='lat' dir='ltr'><strong>mum</strong></span> <span class='ocrx_word' id='word_1_245' title='bbox 292 3371 530 3425; x_wconf 83' lang='lat' dir='ltr'><strong>naturali</strong></span> <span class='ocrx_word' id='word_1_246' title='bbox 563 3372 801 3442; x_wconf 90' lang='lat' dir='ltr'><strong>quadam</strong></span> <span class='ocrx_word' id='word_1_247' title='bbox 840 3373 1045 3442; x_wconf 84' lang='lat' dir='ltr'><strong>ingenii</strong></span> <span class='ocrx_word' id='word_1_248' title='bbox 1093 3377 1435 3434; x_wconf 85' lang='lat' dir='ltr'><strong>vehementia</strong></span> <span class='ocrx_word' id='word_1_249' title='bbox 1487 3381 1686 3452; x_wconf 86' lang='lat' dir='ltr'><strong>abripi,</strong></span> 
     </span>
    </p>
   </div>
   <div class='ocr_carea' id='block_1_37' title="bbox 135 3463 1682 3540">
    <p class='ocr_par' dir='ltr' id='par_1_37' title="bbox 135 3463 1682 3540">
     <span class='ocr_line' id='line_1_37' title="bbox 135 3463 1682 3540; baseline 0.013 -29"><span class='ocrx_word' id='word_1_250' title='bbox 135 3467 177 3511; x_wconf 82' lang='lat' dir='ltr'><strong>et</strong></span> <span class='ocrx_word' id='word_1_251' title='bbox 198 3463 424 3529; x_wconf 60' lang='lat' dir='ltr'><strong>quadam</strong></span> <span class='ocrx_word' id='word_1_252' title='bbox 469 3479 584 3518; x_wconf 89' lang='lat' dir='ltr'><strong>non</strong></span> <span class='ocrx_word' id='word_1_253' title='bbox 627 3466 765 3520; x_wconf 88' lang='lat' dir='ltr'><strong>satis</strong></span> <span class='ocrx_word' id='word_1_254' title='bbox 792 3476 1050 3522; x_wconf 87' lang='lat' dir='ltr'><strong>accurate</strong></span> <span class='ocrx_word' id='word_1_255' title='bbox 1078 3484 1318 3540; x_wconf 89' lang='lat' dir='ltr'><strong>expensa</strong></span> <span class='ocrx_word' id='word_1_256' title='bbox 1357 3473 1636 3531; x_wconf 79' lang='lat' dir='ltr'><strong>eﬂundere</strong></span> <span class='ocrx_word' id='word_1_257' title='bbox 1668 3495 1682 3530; x_wconf 89' lang='lat'><strong>:</strong></span> 
     </span>
    </p>
   </div>
   <div class='ocr_carea' id='block_1_38' title="bbox 137 3557 1682 3636">
    <p class='ocr_par' dir='ltr' id='par_1_38' title="bbox 137 3557 1682 3636">
     <span class='ocr_line' id='line_1_38' title="bbox 137 3557 1682 3636; baseline 0.014 -35"><span class='ocrx_word' id='word_1_258' title='bbox 137 3564 234 3617; x_wconf 75' lang='lat' dir='ltr'><strong>quae</strong></span> <span class='ocrx_word' id='word_1_259' title='bbox 256 3557 538 3623; x_wconf 89' lang='lat' dir='ltr'><strong>responsio</strong></span> <span class='ocrx_word' id='word_1_260' title='bbox 573 3558 618 3610; x_wconf 91' lang='lat' dir='ltr'><strong>si</strong></span> <span class='ocrx_word' id='word_1_261' title='bbox 651 3567 705 3612; x_wconf 84' lang='lat' dir='ltr'><strong>et</strong></span> <span class='ocrx_word' id='word_1_262' title='bbox 737 3561 872 3614; x_wconf 86' lang='lat' dir='ltr'><strong>satis</strong></span> <span class='ocrx_word' id='word_1_263' title='bbox 902 3576 1146 3631; x_wconf 88' lang='lat' dir='ltr'><strong>congrua</strong></span> <span class='ocrx_word' id='word_1_264' title='bbox 1171 3572 1227 3617; x_wconf 91' lang='lat' dir='ltr'><strong>et</strong></span> <span class='ocrx_word' id='word_1_265' title='bbox 1256 3565 1434 3620; x_wconf 87' lang='lat' dir='ltr'><strong>valida</strong></span> <span class='ocrx_word' id='word_1_266' title='bbox 1463 3579 1682 3636; x_wconf 84' lang='lat' dir='ltr'><strong>repute—</strong></span> 
     </span>
    </p>
   </div>
   <div class='ocr_carea' id='block_1_39' title="bbox 137 3647 1686 3720">
    <p class='ocr_par' dir='ltr' id='par_1_39' title="bbox 137 3647 1686 3720">
     <span class='ocr_line' id='line_1_39' title="bbox 137 3647 1686 3720; baseline 0.014 -28"><span class='ocrx_word' id='word_1_267' title='bbox 137 3648 230 3706; x_wconf 90' lang='lat' dir='ltr'><strong>tur;</strong></span> <span class='ocrx_word' id='word_1_268' title='bbox 256 3658 357 3698; x_wconf 92' lang='lat' dir='ltr'><strong>non</strong></span> <span class='ocrx_word' id='word_1_269' title='bbox 387 3647 492 3700; x_wconf 87' lang='lat' dir='ltr'><strong>erit</strong></span> <span class='ocrx_word' id='word_1_270' title='bbox 524 3663 666 3716; x_wconf 89' lang='lat' dir='ltr'><strong>opus</strong></span> <span class='ocrx_word' id='word_1_271' title='bbox 698 3649 998 3720; x_wconf 86' lang='lat' dir='ltr'><strong>quidquam</strong></span> <span class='ocrx_word' id='word_1_272' title='bbox 1038 3652 1237 3707; x_wconf 88' lang='lat' dir='ltr'><strong>addere</strong></span> <span class='ocrx_word' id='word_1_273' title='bbox 1278 3654 1344 3708; x_wconf 88' lang='lat' dir='ltr'><strong>ad</strong></span> <span class='ocrx_word' id='word_1_274' title='bbox 1377 3658 1686 3713; x_wconf 84' lang='lat' dir='ltr'><strong>convellen-</strong></span> 
     </span>
    </p>
   </div>
   <div class='ocr_carea' id='block_1_40' title="bbox 135 3731 1682 3804">
    <p class='ocr_par' dir='ltr' id='par_1_40' title="bbox 135 3731 1682 3804">
     <span class='ocr_line' id='line_1_40' title="bbox 135 3731 1682 3804; baseline 0.016 -23"><span class='ocrx_word' id='word_1_275' title='bbox 135 3731 239 3786; x_wconf 89' lang='lat' dir='ltr'><strong>dum</strong></span> <span class='ocrx_word' id='word_1_276' title='bbox 257 3739 531 3792; x_wconf 66' lang='lat' dir='ltr'><strong>sententiae</strong></span> <span class='ocrx_word' id='word_1_277' title='bbox 555 3738 941 3796; x_wconf 72' lang='lat' dir='ltr'><strong>Blondellianae</strong></span> <span class='ocrx_word' id='word_1_278' title='bbox 963 3742 1402 3801; x_wconf 77' lang='lat' dir='ltr'><strong>fundamentum.</strong></span> <span class='ocrx_word' id='word_1_279' title='bbox 1421 3746 1557 3802; x_wconf 90' lang='lat' dir='ltr'><strong>Cum</strong></span> <span class='ocrx_word' id='word_1_280' title='bbox 1580 3765 1682 3804; x_wconf 89' lang='lat' dir='ltr'><strong>au-</strong></span> 
     </span>
    </p>
   </div>
   <div class='ocr_carea' id='block_1_41' title="bbox 137 3825 1684 3908">
    <p class='ocr_par' dir='ltr' id='par_1_41' title="bbox 137 3825 1684 3908">
     <span class='ocr_line' id='line_1_41' title="bbox 137 3825 1684 3908; baseline 0.014 -35"><span class='ocrx_word' id='word_1_281' title='bbox 137 3831 222 3877; x_wconf 88' lang='lat' dir='ltr'><strong>tem</strong></span> <span class='ocrx_word' id='word_1_282' title='bbox 274 3825 405 3881; x_wconf 90' lang='lat' dir='ltr'><strong>hanc</strong></span> <span class='ocrx_word' id='word_1_283' title='bbox 444 3829 863 3885; x_wconf 84' lang='lat' dir='ltr'><strong>acerbissimam</strong></span> <span class='ocrx_word' id='word_1_284' title='bbox 897 3847 1190 3887; x_wconf 87' lang='lat' dir='ltr'><strong>censuram</strong></span> <span class='ocrx_word' id='word_1_285' title='bbox 1250 3835 1317 3890; x_wconf 92' lang='lat' dir='ltr'><strong>de</strong></span> <span class='ocrx_word' id='word_1_286' title='bbox 1365 3837 1684 3908; x_wconf 89' lang='lat' dir='ltr'><strong>abreptione</strong></span> 
     </span>
    </p>
   </div>
   <div class='ocr_carea' id='block_1_42' title="bbox 137 3910 1680 3998">
    <p class='ocr_par' dir='ltr' id='par_1_42' title="bbox 137 3910 1680 3998">
     <span class='ocr_line' id='line_1_42' title="bbox 137 3910 1680 3998; baseline 0.016 -35"><span class='ocrx_word' id='word_1_287' title='bbox 137 3910 406 3989; x_wconf 79' lang='lat' dir='ltr'><strong>Hieronymi</strong></span> <span class='ocrx_word' id='word_1_288' title='bbox 441 3936 630 3976; x_wconf 87' lang='lat' dir='ltr'><strong>veram</strong></span> <span class='ocrx_word' id='word_1_289' title='bbox 656 3936 781 3978; x_wconf 88' lang='lat' dir='ltr'><strong>esse</strong></span> <span class='ocrx_word' id='word_1_290' title='bbox 807 3926 1119 3991; x_wconf 85' lang='lat' dir='ltr'><strong>contendit,</strong></span> <span class='ocrx_word' id='word_1_291' title='bbox 1152 3928 1298 3996; x_wconf 90' lang='lat' dir='ltr'><strong>quod</strong></span> <span class='ocrx_word' id='word_1_292' title='bbox 1335 3929 1422 3984; x_wconf 91' lang='lat' dir='ltr'><strong>hic</strong></span> <span class='ocrx_word' id='word_1_293' title='bbox 1455 3932 1680 3998; x_wconf 87' lang='lat' dir='ltr'><strong>scribat,</strong></span> 
     </span>
    </p>
   </div>
   <div class='ocr_carea' id='block_1_43' title="bbox 137 4007 1681 4094">
    <p class='ocr_par' dir='ltr' id='par_1_43' title="bbox 137 4007 1681 4094">
     <span class='ocr_line' id='line_1_43' title="bbox 137 4007 1681 4094; baseline 0.014 -38"><span class='ocrx_word' id='word_1_294' title='bbox 137 4007 302 4064; x_wconf 89' lang='lat' dir='ltr'><strong>multos</strong></span> <span class='ocrx_word' id='word_1_295' title='bbox 328 4013 663 4080; x_wconf 87' lang='lat' dir='ltr'><strong>apostolicos</strong></span> <span class='ocrx_word' id='word_1_296' title='bbox 699 4015 850 4070; x_wconf 85' lang='lat' dir='ltr'><strong>viros</strong></span> <span class='ocrx_word' id='word_1_297' title='bbox 898 4018 1165 4072; x_wconf 84' lang='lat' dir='ltr'><strong>adversus</strong></span> <span class='ocrx_word' id='word_1_298' title='bbox 1206 4017 1542 4076; x_wconf 88' lang='lat' dir='ltr'><strong>Theodotum</strong></span> <span class='ocrx_word' id='word_1_299' title='bbox 1577 4023 1681 4094; x_wconf 72' lang='lat' dir='ltr'><strong>By-</strong></span> 
     </span>
    </p>
   </div>
   <div class='ocr_carea' id='block_1_44' title="bbox 138 4101 1682 4179">
    <p class='ocr_par' dir='ltr' id='par_1_44' title="bbox 138 4101 1682 4179">
     <span class='ocr_line' id='line_1_44' title="bbox 138 4101 1682 4179; baseline 0.014 -29"><span class='ocrx_word' id='word_1_300' title='bbox 138 4101 374 4157; x_wconf 74' lang='lat' dir='ltr'><strong>tantinum</strong></span> <span class='ocrx_word' id='word_1_301' title='bbox 401 4106 730 4175; x_wconf 87' lang='lat' dir='ltr'><strong>scripsisse,</strong></span> <span class='ocrx_word' id='word_1_302' title='bbox 775 4123 900 4164; x_wconf 91' lang='lat' dir='ltr'><strong>cum</strong></span> <span class='ocrx_word' id='word_1_303' title='bbox 936 4117 1244 4179; x_wconf 88' lang='lat' dir='ltr'><strong>temporum</strong></span> <span class='ocrx_word' id='word_1_304' title='bbox 1297 4115 1439 4167; x_wconf 89' lang='lat' dir='ltr'><strong>ratio</strong></span> <span class='ocrx_word' id='word_1_305' title='bbox 1466 4116 1682 4171; x_wconf 84' lang='lat' dir='ltr'><strong>evincat</strong></span> 
     </span>
    </p>
   </div>
   <div class='ocr_carea' id='block_1_45' title="bbox 138 4189 1676 4268">
    <p class='ocr_par' dir='ltr' id='par_1_45' title="bbox 138 4189 1676 4268">
     <span class='ocr_line' id='line_1_45' title="bbox 138 4189 1676 4268; baseline 0.013 -28"><span class='ocrx_word' id='word_1_306' title='bbox 138 4189 243 4244; x_wconf 90' lang='lat' dir='ltr'><strong>nulli</strong></span> <span class='ocrx_word' id='word_1_307' title='bbox 268 4196 567 4263; x_wconf 88' lang='lat' dir='ltr'><strong>apostolico</strong></span> <span class='ocrx_word' id='word_1_308' title='bbox 611 4207 800 4251; x_wconf 90' lang='lat' dir='ltr'><strong>uotum</strong></span> <span class='ocrx_word' id='word_1_309' title='bbox 846 4214 968 4252; x_wconf 89' lang='lat' dir='ltr'><strong>esse</strong></span> <span class='ocrx_word' id='word_1_310' title='bbox 1019 4199 1268 4268; x_wconf 90' lang='lat' dir='ltr'><strong>potuisse</strong></span> <span class='ocrx_word' id='word_1_311' title='bbox 1311 4201 1676 4268; x_wconf 87' lang='lat' dir='ltr'><strong>Theodotum,</strong></span> 
     </span>
    </p>
   </div>
   <div class='ocr_carea' id='block_1_46' title="bbox 138 4277 1676 4349">
    <p class='ocr_par' dir='ltr' id='par_1_46' title="bbox 138 4277 1676 4349">
     <span class='ocr_line' id='line_1_46' title="bbox 138 4277 1676 4349; baseline 0.011 -18"><span class='ocrx_word' id='word_1_312' title='bbox 138 4277 246 4348; x_wconf 72' lang='lat' dir='ltr'><strong>fugit</strong></span> <span class='ocrx_word' id='word_1_313' title='bbox 272 4298 386 4338; x_wconf 88' lang='lat' dir='ltr'><strong>eum</strong></span> <span class='ocrx_word' id='word_1_314' title='bbox 417 4288 648 4339; x_wconf 90' lang='lat' dir='ltr'><strong>omnino</strong></span> <span class='ocrx_word' id='word_1_315' title='bbox 680 4288 843 4341; x_wconf 86' lang='lat' dir='ltr'><strong>ratio.</strong></span> <span class='ocrx_word' id='word_1_316' title='bbox 895 4286 1013 4341; x_wconf 85' lang='lat' dir='ltr'><strong>Non</strong></span> <span class='ocrx_word' id='word_1_317' title='bbox 1045 4289 1193 4343; x_wconf 90' lang='lat' dir='ltr'><strong>enim</strong></span> <span class='ocrx_word' id='word_1_318' title='bbox 1227 4291 1431 4347; x_wconf 89' lang='lat' dir='ltr'><strong>multos</strong></span> <span class='ocrx_word' id='word_1_319' title='bbox 1467 4302 1676 4349; x_wconf 88' lang='lat' dir='ltr'><strong>tantum</strong></span> 
     </span>
    </p>
   </div>
   <div class='ocr_carea' id='block_1_47' title="bbox 136 4375 1680 4458">
    <p class='ocr_par' dir='ltr' id='par_1_47' title="bbox 136 4375 1680 4458">
     <span class='ocr_line' id='line_1_47' title="bbox 136 4375 1680 4458; baseline 0.008 -31"><span class='ocrx_word' id='word_1_320' title='bbox 136 4375 419 4438; x_wconf 82' lang='lat' dir='ltr'><strong>apostolicos</strong></span> <span class='ocrx_word' id='word_1_321' title='bbox 446 4378 632 4444; x_wconf 90' lang='lat' dir='ltr'><strong>viros,</strong></span> <span class='ocrx_word' id='word_1_322' title='bbox 661 4379 756 4433; x_wconf 92' lang='lat' dir='ltr'><strong>sed</strong></span> <span class='ocrx_word' id='word_1_323' title='bbox 796 4388 850 4433; x_wconf 91' lang='lat' dir='ltr'><strong>et</strong></span> <span class='ocrx_word' id='word_1_324' title='bbox 884 4381 1208 4450; x_wconf 90' lang='lat' dir='ltr'><strong>eloquentes</strong></span> <span class='ocrx_word' id='word_1_325' title='bbox 1233 4383 1372 4438; x_wconf 78' lang='lat' dir='ltr'><strong>dixit</strong></span> <span class='ocrx_word' id='word_1_326' title='bbox 1414 4383 1680 4458; x_wconf 87' lang='lat' dir='ltr'><strong>Hierony-</strong></span> 
     </span>
    </p>
   </div>
   <div class='ocr_carea' id='block_1_48' title="bbox 137 4469 1750 4534">
    <p class='ocr_par' dir='ltr' id='par_1_48' title="bbox 137 4469 1750 4534">
     <span class='ocr_line' id='line_1_48' title="bbox 137 4469 1750 4534; baseline 0.014 -22"><span class='ocrx_word' id='word_1_327' title='bbox 137 4479 251 4531; x_wconf 86' lang='lat' dir='ltr'><strong>mus,</strong></span> <span class='ocrx_word' id='word_1_328' title='bbox 276 4477 331 4522; x_wconf 84' lang='lat' dir='ltr'><strong>ut</strong></span> <span class='ocrx_word' id='word_1_329' title='bbox 359 4469 488 4524; x_wconf 86' lang='lat' dir='ltr'><strong>lib.t</strong></span> <span class='ocrx_word' id='word_1_330' title='bbox 520 4471 779 4527; x_wconf 83' lang='lat' dir='ltr'><strong>adversus</strong></span> <span class='ocrx_word' id='word_1_331' title='bbox 799 4471 1166 4533; x_wconf 73' lang='lat' dir='ltr'><strong>Iovinianum:</strong></span> <span class='ocrx_word' id='word_1_332' title='bbox 1195 4493 1214 4527; x_wconf 72' lang='grc' dir='ltr'>ι</span> <span class='ocrx_word' id='word_1_333' title='bbox 1243 4475 1321 4529; x_wconf 86' lang='lat' dir='ltr'><strong>Ad</strong></span> <span class='ocrx_word' id='word_1_334' title='bbox 1347 4477 1448 4531; x_wconf 85' lang='lat' dir='ltr'><strong>hos</strong></span> <span class='ocrx_word' id='word_1_335' title='bbox 1475 4490 1528 4532; x_wconf 80' lang='lat' dir='ltr'><strong>et</strong></span> <span class='ocrx_word' id='word_1_336' title='bbox 1549 4477 1674 4534; x_wconf 66' lang='lat' dir='ltr'><strong>Cleo</strong></span> <span class='ocrx_word' id='word_1_337' title='bbox 1706 4479 1750 4533; x_wconf 89' lang='lat' dir='ltr'><strong>D</strong></span> 
     </span>
    </p>
   </div>
   <div class='ocr_carea' id='block_1_49' title="bbox 139 4564 1678 4638">
    <p class='ocr_par' dir='ltr' id='par_1_49' title="bbox 139 4564 1678 4638">
     <span class='ocr_line' id='line_1_49' title="bbox 139 4564 1678 4638; baseline 0.014 -33"><span class='ocrx_word' id='word_1_338' title='bbox 139 4571 258 4612; x_wconf 84' lang='lat' dir='ltr'><strong>mens</strong></span> <span class='ocrx_word' id='word_1_339' title='bbox 289 4577 571 4617; x_wconf 86' lang='lat' dir='ltr'><strong>successor</strong></span> <span class='ocrx_word' id='word_1_340' title='bbox 615 4564 886 4632; x_wconf 87' lang='lat' dir='ltr'><strong>apostoli,</strong></span> <span class='ocrx_word' id='word_1_341' title='bbox 933 4565 1092 4635; x_wconf 87' lang='lat' dir='ltr'><strong>cujus</strong></span> <span class='ocrx_word' id='word_1_342' title='bbox 1141 4564 1344 4623; x_wconf 90' lang='lat' dir='ltr'><strong>Paulus</strong></span> <span class='ocrx_word' id='word_1_343' title='bbox 1393 4571 1678 4638; x_wconf 87' lang='lat' dir='ltr'><strong>apostolus</strong></span> 
     </span>
    </p>
   </div>
   <div class='ocr_carea' id='block_1_50' title="bbox 139 4653 1677 4729">
    <p class='ocr_par' dir='ltr' id='par_1_50' title="bbox 139 4653 1677 4729">
     <span class='ocr_line' id='line_1_50' title="bbox 139 4653 1677 4729; baseline 0.014 -32"><span class='ocrx_word' id='word_1_344' title='bbox 139 4653 360 4719; x_wconf 85' lang='lat' dir='ltr'><strong>meminit,</strong></span> <span class='ocrx_word' id='word_1_345' title='bbox 399 4657 591 4711; x_wconf 87' lang='lat' dir='ltr'><strong>scribit</strong></span> <span class='ocrx_word' id='word_1_346' title='bbox 613 4657 899 4726; x_wconf 89' lang='lat' dir='ltr'><strong>epistolas,</strong></span> <span class='ocrx_word' id='word_1_347' title='bbox 936 4673 1270 4729; x_wconf 90' lang='lat' dir='ltr'><strong>omnemque</strong></span> <span class='ocrx_word' id='word_1_348' title='bbox 1301 4675 1438 4729; x_wconf 86' lang='lat' dir='ltr'><strong>pene</strong></span> <span class='ocrx_word' id='word_1_349' title='bbox 1465 4677 1677 4718; x_wconf 87' lang='lat' dir='ltr'><strong>sermo-</strong></span> 
     </span>
    </p>
   </div>
   <div class='ocr_carea' id='block_1_51' title="bbox 137 4754 1676 4829">
    <p class='ocr_par' dir='ltr' id='par_1_51' title="bbox 137 4754 1676 4829">
     <span class='ocr_line' id='line_1_51' title="bbox 137 4754 1676 4829; baseline 0.01 -28"><span class='ocrx_word' id='word_1_350' title='bbox 137 4758 231 4798; x_wconf 81' lang='lat' dir='ltr'><strong>nem</strong></span> <span class='ocrx_word' id='word_1_351' title='bbox 275 4765 425 4806; x_wconf 90' lang='lat' dir='ltr'><strong>suum</strong></span> <span class='ocrx_word' id='word_1_352' title='bbox 476 4755 544 4807; x_wconf 90' lang='lat' dir='ltr'><strong>de</strong></span> <span class='ocrx_word' id='word_1_353' title='bbox 599 4754 927 4825; x_wconf 86' lang='lat' dir='ltr'><strong>virginitatis</strong></span> <span class='ocrx_word' id='word_1_354' title='bbox 971 4757 1209 4826; x_wconf 87' lang='lat' dir='ltr'><strong>puritate</strong></span> <span class='ocrx_word' id='word_1_355' title='bbox 1259 4761 1572 4829; x_wconf 76' lang='lat' dir='ltr'><strong>contexuit;</strong></span> <span class='ocrx_word' id='word_1_356' title='bbox 1619 4771 1676 4818; x_wconf 91' lang='lat' dir='ltr'><strong>et</strong></span> 
     </span>
    </p>
   </div>
   <div class='ocr_carea' id='block_1_52' title="bbox 136 4833 1675 4923">
    <p class='ocr_par' dir='ltr' id='par_1_52' title="bbox 136 4833 1675 4923">
     <span class='ocr_line' id='line_1_52' title="bbox 136 4833 1675 4923; baseline 0.015 -37"><span class='ocrx_word' id='word_1_357' title='bbox 136 4833 347 4910; x_wconf 81' lang='lat' dir='ltr'><strong>deinceps</strong></span> <span class='ocrx_word' id='word_1_358' title='bbox 390 4845 546 4899; x_wconf 91' lang='lat' dir='ltr'><strong>multi</strong></span> <span class='ocrx_word' id='word_1_359' title='bbox 584 4848 869 4916; x_wconf 87' lang='lat' dir='ltr'><strong>apostolici</strong></span> <span class='ocrx_word' id='word_1_360' title='bbox 917 4858 970 4903; x_wconf 91' lang='lat' dir='ltr'><strong>et</strong></span> <span class='ocrx_word' id='word_1_361' title='bbox 1008 4860 1278 4923; x_wconf 87' lang='lat' dir='ltr'><strong>martyres</strong></span> <span class='ocrx_word' id='word_1_362' title='bbox 1328 4859 1383 4906; x_wconf 88' lang='lat' dir='ltr'><strong>et</strong></span> <span class='ocrx_word' id='word_1_363' title='bbox 1431 4851 1675 4910; x_wconf 87' lang='lat' dir='ltr'><strong>illustres</strong></span> 
     </span>
    </p>
   </div>
   <div class='ocr_carea' id='block_1_53' title="bbox 137 4932 1673 5014">
    <p class='ocr_par' dir='ltr' id='par_1_53' title="bbox 137 4932 1673 5014">
     <span class='ocr_line' id='line_1_53' title="bbox 137 4932 1673 5014; baseline 0.012 -35"><span class='ocrx_word' id='word_1_364' title='bbox 137 4932 220 4979; x_wconf 76' lang='lat' dir='ltr'><strong>tam</strong></span> <span class='ocrx_word' id='word_1_365' title='bbox 245 4935 517 4990; x_wconf 87' lang='lat' dir='ltr'><strong>sanctitate</strong></span> <span class='ocrx_word' id='word_1_366' title='bbox 550 4953 714 5006; x_wconf 88' lang='lat' dir='ltr'><strong>quam</strong></span> <span class='ocrx_word' id='word_1_367' title='bbox 743 4939 1058 5009; x_wconf 88' lang='lat' dir='ltr'><strong>eloquentia</strong></span> <span class='ocrx_word' id='word_1_368' title='bbox 1098 4941 1223 5008; x_wconf 86' lang='lat' dir='ltr'><strong>viri,</strong></span> <span class='ocrx_word' id='word_1_369' title='bbox 1258 4956 1399 5012; x_wconf 84' lang='lat' dir='ltr'><strong>quos</strong></span> <span class='ocrx_word' id='word_1_370' title='bbox 1445 4958 1512 4998; x_wconf 89' lang='lat' dir='ltr'><strong>ex</strong></span> <span class='ocrx_word' id='word_1_371' title='bbox 1544 4959 1673 5014; x_wconf 77' lang='lat' dir='ltr'><strong>pro-</strong></span> 
     </span>
    </p>
   </div>
   <div class='ocr_carea' id='block_1_54' title="bbox 137 5019 1670 5104">
    <p class='ocr_par' dir='ltr' id='par_1_54' title="bbox 137 5019 1670 5104">
     <span class='ocr_line' id='line_1_54' title="bbox 137 5019 1670 5104; baseline 0.015 -35"><span class='ocrx_word' id='word_1_372' title='bbox 137 5019 240 5083; x_wconf 85' lang='lat' dir='ltr'><strong>priis</strong></span> <span class='ocrx_word' id='word_1_373' title='bbox 284 5027 495 5096; x_wconf 88' lang='lat' dir='ltr'><strong>scriptis</strong></span> <span class='ocrx_word' id='word_1_374' title='bbox 537 5045 700 5085; x_wconf 89' lang='lat' dir='ltr'><strong>nosse</strong></span> <span class='ocrx_word' id='word_1_375' title='bbox 746 5031 1006 5100; x_wconf 83' lang='lat' dir='ltr'><strong>perfacile</strong></span> <span class='ocrx_word' id='word_1_376' title='bbox 1049 5044 1162 5100; x_wconf 86' lang='lat' dir='ltr'><strong>est;</strong></span> <span class='ocrx_word' id='word_1_377' title='bbox 1203 5052 1222 5087; x_wconf 73' lang='grc' dir='ltr'><strong><em>ι</em></strong></span> <span class='ocrx_word' id='word_1_378' title='bbox 1274 5051 1449 5104; x_wconf 88' lang='lat' dir='ltr'><strong>neque</strong></span> <span class='ocrx_word' id='word_1_379' title='bbox 1480 5047 1670 5092; x_wconf 85' lang='lat' dir='ltr'><strong>contra</strong></span> 
     </span>
    </p>
   </div>
   <div class='ocr_carea' id='block_1_55' title="bbox 137 5103 1670 5191">
    <p class='ocr_par' dir='ltr' id='par_1_55' title="bbox 137 5103 1670 5191">
     <span class='ocr_line' id='line_1_55' title="bbox 137 5103 1670 5191; baseline 0.014 -33"><span class='ocrx_word' id='word_1_380' title='bbox 137 5103 428 5169; x_wconf 84' lang='lat' dir='ltr'><strong>Theodotum</strong></span> <span class='ocrx_word' id='word_1_381' title='bbox 473 5118 824 5174; x_wconf 84' lang='lat' dir='ltr'><strong>solummodo</strong></span> <span class='ocrx_word' id='word_1_382' title='bbox 861 5122 1154 5191; x_wconf 85' lang='lat' dir='ltr'><strong>scripsisse</strong></span> <span class='ocrx_word' id='word_1_383' title='bbox 1195 5123 1307 5187; x_wconf 87' lang='lat' dir='ltr'><strong>ait,</strong></span> <span class='ocrx_word' id='word_1_384' title='bbox 1350 5103 1444 5179; x_wconf 73' lang='lat' dir='ltr'><strong>sed</strong></span> <span class='ocrx_word' id='word_1_385' title='bbox 1477 5135 1670 5180; x_wconf 87' lang='lat' dir='ltr'><strong>contra</strong></span> 
     </span>
    </p>
   </div>
   <div class='ocr_carea' id='block_1_56' title="bbox 138 5195 1670 5286">
    <p class='ocr_par' dir='ltr' id='par_1_56' title="bbox 138 5195 1670 5286">
     <span class='ocr_line' id='line_1_56' title="bbox 138 5195 1670 5286; baseline 0.012 -35"><span class='ocrx_word' id='word_1_386' title='bbox 138 5195 348 5260; x_wconf 79' lang='lat' dir='ltr'><strong>Eliioncm</strong></span> <span class='ocrx_word' id='word_1_387' title='bbox 377 5209 522 5280; x_wconf 91' lang='lat' dir='ltr'><strong>(nam</strong></span> <span class='ocrx_word' id='word_1_388' title='bbox 541 5213 608 5266; x_wconf 91' lang='lat' dir='ltr'><strong>de</strong></span> <span class='ocrx_word' id='word_1_389' title='bbox 625 5209 920 5267; x_wconf 82' lang='lat' dir='ltr'><strong>Valentino</strong></span> <span class='ocrx_word' id='word_1_390' title='bbox 943 5214 1106 5268; x_wconf 85' lang='lat' dir='ltr'><strong>silent</strong></span> <span class='ocrx_word' id='word_1_391' title='bbox 1122 5229 1257 5270; x_wconf 86' lang='lat' dir='ltr'><strong>mss.</strong></span> <span class='ocrx_word' id='word_1_392' title='bbox 1277 5216 1670 5286; x_wconf 87' lang='lat' dir='ltr'><strong>quamplurimi</strong></span> 
     </span>
    </p>
   </div>
   <div class='ocr_carea' id='block_1_57' title="bbox 138 5297 1668 5376">
    <p class='ocr_par' dir='ltr' id='par_1_57' title="bbox 138 5297 1668 5376">
     <span class='ocr_line' id='line_1_57' title="bbox 138 5297 1668 5376; baseline 0.011 -30"><span class='ocrx_word' id='word_1_393' title='bbox 138 5299 264 5362; x_wconf 74' lang='lat' dir='ltr'><strong>atque</strong></span> <span class='ocrx_word' id='word_1_394' title='bbox 298 5297 429 5354; x_wconf 89' lang='lat' dir='ltr'><strong>inter</strong></span> <span class='ocrx_word' id='word_1_395' title='bbox 466 5317 562 5358; x_wconf 90' lang='lat' dir='ltr'><strong>eos</strong></span> <span class='ocrx_word' id='word_1_396' title='bbox 613 5302 1099 5374; x_wconf 88' lang='lat' dir='ltr'><strong>Cantabrigienses</strong></span> <span class='ocrx_word' id='word_1_397' title='bbox 1145 5306 1288 5376; x_wconf 90' lang='lat' dir='ltr'><strong>duo)</strong></span> <span class='ocrx_word' id='word_1_398' title='bbox 1331 5323 1439 5360; x_wconf 93' lang='lat' dir='ltr'><strong>non</strong></span> <span class='ocrx_word' id='word_1_399' title='bbox 1483 5307 1668 5363; x_wconf 90' lang='lat' dir='ltr'><strong>minus</strong></span> 
     </span>
    </p>
   </div>
   <div class='ocr_carea' id='block_1_58' title="bbox 138 5387 1666 5465">
    <p class='ocr_par' dir='ltr' id='par_1_58' title="bbox 138 5387 1666 5465">
     <span class='ocr_line' id='line_1_58' title="bbox 138 5387 1666 5465; baseline 0.002 -18"><span class='ocrx_word' id='word_1_400' title='bbox 138 5394 265 5447; x_wconf 85' lang='lat' dir='ltr'><strong>‘luam</strong></span> <span class='ocrx_word' id='word_1_401' title='bbox 284 5387 639 5459; x_wconf 85' lang='lat' dir='ltr'><strong>Theodotum;</strong></span> <span class='ocrx_word' id='word_1_402' title='bbox 668 5410 849 5463; x_wconf 91' lang='lat' dir='ltr'><strong>neque</strong></span> <span class='ocrx_word' id='word_1_403' title='bbox 875 5404 985 5449; x_wconf 88' lang='lat' dir='ltr'><strong>tam</strong></span> <span class='ocrx_word' id='word_1_404' title='bbox 1008 5410 1198 5449; x_wconf 89' lang='lat' dir='ltr'><strong>eorum</strong></span> <span class='ocrx_word' id='word_1_405' title='bbox 1219 5410 1483 5465; x_wconf 86' lang='lat' dir='ltr'><strong>personas</strong></span> <span class='ocrx_word' id='word_1_406' title='bbox 1500 5412 1666 5465; x_wconf 89' lang='lat' dir='ltr'><strong>quant</strong></span> 
     </span>
    </p>
   </div>
   <div class='ocr_carea' id='block_1_59' title="bbox 139 5481 1666 5557">
    <p class='ocr_par' dir='ltr' id='par_1_59' title="bbox 139 5481 1666 5557">
     <span class='ocr_line' id='line_1_59' title="bbox 139 5481 1666 5557; baseline 0.012 -35"><span class='ocrx_word' id='word_1_407' title='bbox 139 5481 411 5537; x_wconf 83' lang='lat' dir='ltr'><strong>sententiam</strong></span> <span class='ocrx_word' id='word_1_408' title='bbox 457 5487 767 5555; x_wconf 82' lang='lat' dir='ltr'><strong>respexisse</strong></span> <span class='ocrx_word' id='word_1_409' title='bbox 808 5487 1119 5542; x_wconf 87' lang='lat' dir='ltr'><strong>censendus</strong></span> <span class='ocrx_word' id='word_1_410' title='bbox 1147 5496 1249 5550; x_wconf 86' lang='lat' dir='ltr'><strong>est.</strong></span> <span class='ocrx_word' id='word_1_411' title='bbox 1269 5487 1363 5557; x_wconf 88' lang='lat' dir='ltr'><strong>qui</strong></span> <span class='ocrx_word' id='word_1_412' title='bbox 1397 5487 1450 5540; x_wconf 90' lang='lat' dir='ltr'><strong>in</strong></span> <span class='ocrx_word' id='word_1_413' title='bbox 1476 5487 1666 5542; x_wconf 88' lang='lat' dir='ltr'><strong>eadem</strong></span> 
     </span>
    </p>
   </div>
   <div class='ocr_carea' id='block_1_60' title="bbox 136 5576 1666 5649">
    <p class='ocr_par' dir='ltr' id='par_1_60' title="bbox 136 5576 1666 5649">
     <span class='ocr_line' id='line_1_60' title="bbox 136 5576 1666 5649; baseline 0.008 -25"><span class='ocrx_word' id='word_1_414' title='bbox 136 5576 530 5645; x_wconf 73' lang='lat' dir='ltr'><strong>mnsentiebant;</strong></span> <span class='ocrx_word' id='word_1_415' title='bbox 587 5594 764 5649; x_wconf 79' lang='lat' dir='ltr'><strong>neque</strong></span> <span class='ocrx_word' id='word_1_416' title='bbox 820 5579 1056 5649; x_wconf 83' lang='lat' dir='ltr'><strong>denique</strong></span> <span class='ocrx_word' id='word_1_417' title='bbox 1110 5596 1300 5635; x_wconf 88' lang='lat' dir='ltr'><strong>verum</strong></span> <span class='ocrx_word' id='word_1_418' title='bbox 1357 5592 1470 5644; x_wconf 90' lang='lat' dir='ltr'><strong>est,</strong></span> <span class='ocrx_word' id='word_1_419' title='bbox 1531 5582 1666 5636; x_wconf 91' lang='lat' dir='ltr'><strong>nulli</strong></span> 
     </span>
    </p>
   </div>
   <div class='ocr_carea' id='block_1_61' title="bbox 138 5667 1664 5743">
    <p class='ocr_par' dir='ltr' id='par_1_61' title="bbox 138 5667 1664 5743">
     <span class='ocr_line' id='line_1_61' title="bbox 138 5667 1664 5743; baseline 0.007 -26"><span class='ocrx_word' id='word_1_420' title='bbox 138 5667 385 5726; x_wconf 67' lang='lat' dir='ltr'><strong>apostolico</strong></span> <span class='ocrx_word' id='word_1_421' title='bbox 420 5681 607 5727; x_wconf 91' lang='lat' dir='ltr'><strong>notum</strong></span> <span class='ocrx_word' id='word_1_422' title='bbox 648 5689 770 5728; x_wconf 90' lang='lat' dir='ltr'><strong>esse</strong></span> <span class='ocrx_word' id='word_1_423' title='bbox 804 5674 1052 5743; x_wconf 90' lang='lat' dir='ltr'><strong>potuisse</strong></span> <span class='ocrx_word' id='word_1_424' title='bbox 1087 5671 1452 5728; x_wconf 88' lang='lat' dir='ltr'><strong>Theodotum.</strong></span> <span class='ocrx_word' id='word_1_425' title='bbox 1487 5671 1664 5739; x_wconf 87' lang='lat' dir='ltr'><strong>Quam</strong></span> 
     </span>
    </p>
   </div>
   <div class='ocr_carea' id='block_1_62' title="bbox 138 5749 1661 5831">
    <p class='ocr_par' dir='ltr' id='par_1_62' title="bbox 138 5749 1661 5831">
     <span class='ocr_line' id='line_1_62' title="bbox 138 5749 1661 5831; baseline 0.011 -30"><span class='ocrx_word' id='word_1_426' title='bbox 138 5749 206 5805; x_wconf 79' lang='lat' dir='ltr'><strong>diu</strong></span> <span class='ocrx_word' id='word_1_427' title='bbox 249 5759 375 5814; x_wconf 86' lang='lat' dir='ltr'><strong>enim</strong></span> <span class='ocrx_word' id='word_1_428' title='bbox 425 5771 554 5823; x_wconf 79' lang='lat' dir='ltr'><strong>ante</strong></span> <span class='ocrx_word' id='word_1_429' title='bbox 584 5762 860 5820; x_wconf 80' lang='lat' dir='ltr'><strong>Victorem</strong></span> <span class='ocrx_word' id='word_1_430' title='bbox 919 5763 1152 5819; x_wconf 68' lang='lat' dir='ltr'><strong>Imrcsin</strong></span> <span class='ocrx_word' id='word_1_431' title='bbox 1217 5777 1374 5817; x_wconf 89' lang='lat' dir='ltr'><strong>suam</strong></span> <span class='ocrx_word' id='word_1_432' title='bbox 1422 5761 1661 5831; x_wconf 87' lang='lat' dir='ltr'><strong>prodidit</strong></span> 
     </span>
    </p>
   </div>
   <div class='ocr_carea' id='block_1_63' title="bbox 1826 519 3417 608">
    <p class='ocr_par' dir='ltr' id='par_1_63' title="bbox 1826 519 3417 608">
     <span class='ocr_line' id='line_1_63' title="bbox 1826 519 3417 608; baseline 0.017 -35"><span class='ocrx_word' id='word_1_433' title='bbox 1826 519 2043 578; x_wconf 79' lang='lat' dir='ltr'><strong>Victore</strong></span> <span class='ocrx_word' id='word_1_434' title='bbox 2065 531 2578 586; x_wconf 82' lang='lat' dir='ltr'><strong>excommunicatus</strong></span> <span class='ocrx_word' id='word_1_435' title='bbox 2604 545 2708 601; x_wconf 86' lang='lat' dir='ltr'><strong>est,</strong></span> <span class='ocrx_word' id='word_1_436' title='bbox 2737 537 2872 592; x_wconf 87' lang='lat' dir='ltr'><strong>viris</strong></span> <span class='ocrx_word' id='word_1_437' title='bbox 2897 541 3221 608; x_wconf 85' lang='lat' dir='ltr'><strong>apostolicis</strong></span> <span class='ocrx_word' id='word_1_438' title='bbox 3250 553 3417 601; x_wconf 89' lang='lat' dir='ltr'><strong>notus</strong></span> 
     </span>
    </p>
   </div>
   <div class='ocr_carea' id='block_1_64' title="bbox 1819 618 3418 704">
    <p class='ocr_par' dir='ltr' id='par_1_64' title="bbox 1819 618 3418 704">
     <span class='ocr_line' id='line_1_64' title="bbox 1819 618 3418 704; baseline 0.014 -34"><span class='ocrx_word' id='word_1_439' title='bbox 1819 629 1944 670; x_wconf 90' lang='lat' dir='ltr'><strong>esse</strong></span> <span class='ocrx_word' id='word_1_440' title='bbox 1975 618 2182 686; x_wconf 89' lang='lat' dir='ltr'><strong>potuit;</strong></span> <span class='ocrx_word' id='word_1_441' title='bbox 2230 624 2515 690; x_wconf 87' lang='lat' dir='ltr'><strong>apostolici</strong></span> <span class='ocrx_word' id='word_1_442' title='bbox 2567 626 2713 681; x_wconf 91' lang='lat' dir='ltr'><strong>enim</strong></span> <span class='ocrx_word' id='word_1_443' title='bbox 2764 629 3112 700; x_wconf 87' lang='lat' dir='ltr'><strong>dicebantur,</strong></span> <span class='ocrx_word' id='word_1_444' title='bbox 3145 636 3241 704; x_wconf 90' lang='lat' dir='ltr'><strong>qui</strong></span> <span class='ocrx_word' id='word_1_445' title='bbox 3284 651 3418 704; x_wconf 84' lang='lat' dir='ltr'><strong>apo-</strong></span> 
     </span>
    </p>
   </div>
   <div class='ocr_carea' id='block_1_65' title="bbox 1820 707 3414 793">
    <p class='ocr_par' dir='ltr' id='par_1_65' title="bbox 1820 707 3414 793">
     <span class='ocr_line' id='line_1_65' title="bbox 1820 707 3414 793; baseline 0.012 -32"><span class='ocrx_word' id='word_1_446' title='bbox 1820 707 2013 762; x_wconf 77' lang='lat' dir='ltr'><strong>stolica</strong></span> <span class='ocrx_word' id='word_1_447' title='bbox 2051 708 2302 765; x_wconf 89' lang='lat' dir='ltr'><strong>doctrina</strong></span> <span class='ocrx_word' id='word_1_448' title='bbox 2341 712 2533 769; x_wconf 86' lang='lat' dir='ltr'><strong>imbuti</strong></span> <span class='ocrx_word' id='word_1_449' title='bbox 2580 726 2755 783; x_wconf 89' lang='lat' dir='ltr'><strong>sunt,</strong></span> <span class='ocrx_word' id='word_1_450' title='bbox 2809 720 2974 774; x_wconf 92' lang='lat' dir='ltr'><strong>etiam</strong></span> <span class='ocrx_word' id='word_1_451' title='bbox 3021 723 3116 792; x_wconf 89' lang='lat' dir='ltr'><strong>qui</strong></span> <span class='ocrx_word' id='word_1_452' title='bbox 3159 725 3414 793; x_wconf 86' lang='lat' dir='ltr'><strong>proxima</strong></span> 
     </span>
    </p>
   </div>
   <div class='ocr_carea' id='block_1_66' title="bbox 1819 802 3410 870">
    <p class='ocr_par' dir='ltr' id='par_1_66' title="bbox 1819 802 3410 870">
     <span class='ocr_line' id='line_1_66' title="bbox 1819 802 3410 870; baseline 0.012 -19"><span class='ocrx_word' id='word_1_453' title='bbox 1819 807 1943 867; x_wconf 85' lang='lat' dir='ltr'><strong>post</strong></span> <span class='ocrx_word' id='word_1_454' title='bbox 1965 802 2246 869; x_wconf 91' lang='lat' dir='ltr'><strong>apostolos</strong></span> <span class='ocrx_word' id='word_1_455' title='bbox 2270 813 2427 860; x_wconf 67' lang='lat' dir='ltr'><strong>aetate</strong></span> <span class='ocrx_word' id='word_1_456' title='bbox 2467 808 2577 860; x_wconf 89' lang='lat' dir='ltr'><strong>nati</strong></span> <span class='ocrx_word' id='word_1_457' title='bbox 2610 819 2759 864; x_wconf 88' lang='lat' dir='ltr'><strong>sunt.</strong></span> <span class='ocrx_word' id='word_1_458' title='bbox 2807 809 2970 866; x_wconf 85' lang='lat' dir='ltr'><strong>Certe</strong></span> <span class='ocrx_word' id='word_1_459' title='bbox 3006 811 3213 868; x_wconf 72' lang='lat' dir='ltr'><strong>Irenaeo</strong></span> <span class='ocrx_word' id='word_1_460' title='bbox 3243 827 3410 870; x_wconf 85' lang='lat' dir='ltr'><strong>notus</strong></span> 
     </span>
    </p>
   </div>
   <div class='ocr_carea' id='block_1_67' title="bbox 1817 893 3411 976">
    <p class='ocr_par' dir='ltr' id='par_1_67' title="bbox 1817 893 3411 976">
     <span class='ocr_line' id='line_1_67' title="bbox 1817 893 3411 976; baseline 0.012 -32"><span class='ocrx_word' id='word_1_461' title='bbox 1817 905 1942 945; x_wconf 90' lang='lat' dir='ltr'><strong>esse</strong></span> <span class='ocrx_word' id='word_1_462' title='bbox 1972 893 2167 961; x_wconf 91' lang='lat' dir='ltr'><strong>potuit,</strong></span> <span class='ocrx_word' id='word_1_463' title='bbox 2198 894 2308 947; x_wconf 90' lang='lat' dir='ltr'><strong>imo</strong></span> <span class='ocrx_word' id='word_1_464' title='bbox 2334 895 2554 964; x_wconf 86' lang='lat' dir='ltr'><strong>ignotus</strong></span> <span class='ocrx_word' id='word_1_465' title='bbox 2579 900 2626 952; x_wconf 91' lang='lat' dir='ltr'><strong>ei</strong></span> <span class='ocrx_word' id='word_1_466' title='bbox 2657 916 2780 955; x_wconf 90' lang='lat' dir='ltr'><strong>esse</strong></span> <span class='ocrx_word' id='word_1_467' title='bbox 2814 918 2924 956; x_wconf 91' lang='lat' dir='ltr'><strong>non</strong></span> <span class='ocrx_word' id='word_1_468' title='bbox 2961 906 3162 973; x_wconf 89' lang='lat' dir='ltr'><strong>potuit,</strong></span> <span class='ocrx_word' id='word_1_469' title='bbox 3191 909 3284 976; x_wconf 89' lang='lat' dir='ltr'><strong>qui</strong></span> <span class='ocrx_word' id='word_1_470' title='bbox 3306 910 3411 963; x_wconf 87' lang='lat' dir='ltr'><strong>sub</strong></span> 
     </span>
    </p>
   </div>
   <div class='ocr_carea' id='block_1_68' title="bbox 1819 977 3411 1059">
    <p class='ocr_par' dir='ltr' id='par_1_68' title="bbox 1819 977 3411 1059">
     <span class='ocr_line' id='line_1_68' title="bbox 1819 977 3411 1059; baseline 0.014 -28"><span class='ocrx_word' id='word_1_471' title='bbox 1819 977 2038 1035; x_wconf 74' lang='lat' dir='ltr'><strong>Victore</strong></span> <span class='ocrx_word' id='word_1_472' title='bbox 2067 984 2304 1038; x_wconf 82' lang='lat' dir='ltr'><strong>maxime</strong></span> <span class='ocrx_word' id='word_1_473' title='bbox 2353 983 2568 1054; x_wconf 83' lang='lat' dir='ltr'><strong>ﬂoruit,</strong></span> <span class='ocrx_word' id='word_1_474' title='bbox 2597 999 2652 1044; x_wconf 91' lang='lat' dir='ltr'><strong>et</strong></span> <span class='ocrx_word' id='word_1_475' title='bbox 2684 1001 2806 1059; x_wconf 92' lang='lat' dir='ltr'><strong>post</strong></span> <span class='ocrx_word' id='word_1_476' title='bbox 2845 991 3120 1050; x_wconf 75' lang='lat' dir='ltr'><strong>Victorem</strong></span> <span class='ocrx_word' id='word_1_477' title='bbox 3157 1008 3411 1054; x_wconf 88' lang='lat' dir='ltr'><strong>mortuus</strong></span> 
     </span>
    </p>
   </div>
   <div class='ocr_carea' id='block_1_69' title="bbox 1815 1076 3406 1155">
    <p class='ocr_par' dir='ltr' id='par_1_69' title="bbox 1815 1076 3406 1155">
     <span class='ocr_line' id='line_1_69' title="bbox 1815 1076 3406 1155; baseline 0.013 -29"><span class='ocrx_word' id='word_1_478' title='bbox 1815 1082 1920 1139; x_wconf 91' lang='lat' dir='ltr'><strong>est,</strong></span> <span class='ocrx_word' id='word_1_479' title='bbox 1945 1082 1999 1128; x_wconf 89' lang='lat' dir='ltr'><strong>et</strong></span> <span class='ocrx_word' id='word_1_480' title='bbox 2030 1083 2208 1130; x_wconf 88' lang='lat' dir='ltr'><strong>tamen</strong></span> <span class='ocrx_word' id='word_1_481' title='bbox 2241 1093 2271 1131; x_wconf 93' lang='lat' dir='ltr'><strong>a</strong></span> <span class='ocrx_word' id='word_1_482' title='bbox 2310 1076 2412 1133; x_wconf 88' lang='lat' dir='ltr'><strong>SS.</strong></span> <span class='ocrx_word' id='word_1_483' title='bbox 2442 1077 2698 1138; x_wconf 90' lang='lat' dir='ltr'><strong>Patribus</strong></span> <span class='ocrx_word' id='word_1_484' title='bbox 2735 1084 2818 1137; x_wconf 90' lang='lat' dir='ltr'><strong>vir</strong></span> <span class='ocrx_word' id='word_1_485' title='bbox 2849 1088 3186 1155; x_wconf 90' lang='lat' dir='ltr'><strong>apostolicus</strong></span> <span class='ocrx_word' id='word_1_486' title='bbox 3225 1089 3406 1147; x_wconf 86' lang='lat' dir='ltr'><strong>dictus</strong></span> 
     </span>
    </p>
   </div>
   <div class='ocr_carea' id='block_1_70' title="bbox 1814 1165 3389 1250">
    <p class='ocr_par' dir='ltr' id='par_1_70' title="bbox 1814 1165 3389 1250">
     <span class='ocr_line' id='line_1_70' title="bbox 1814 1165 3389 1250; baseline 0.014 -34"><span class='ocrx_word' id='word_1_487' title='bbox 1814 1173 1921 1226; x_wconf 88' lang='lat' dir='ltr'><strong>est,</strong></span> <span class='ocrx_word' id='word_1_488' title='bbox 1951 1165 2246 1235; x_wconf 88' lang='lat' dir='ltr'><strong>etquidem</strong></span> <span class='ocrx_word' id='word_1_489' title='bbox 2272 1169 2342 1223; x_wconf 90' lang='lat' dir='ltr'><strong>ab</strong></span> <span class='ocrx_word' id='word_1_490' title='bbox 2370 1170 2489 1239; x_wconf 91' lang='lat' dir='ltr'><strong>ipso</strong></span> <span class='ocrx_word' id='word_1_491' title='bbox 2515 1169 2870 1244; x_wconf 84' lang='lat' dir='ltr'><strong>Hieronymo.</strong></span> <span class='ocrx_word' id='word_1_492' title='bbox 2905 1175 2982 1231; x_wconf 91' lang='lat' dir='ltr'><strong>lta</strong></span> <span class='ocrx_word' id='word_1_493' title='bbox 3008 1179 3154 1234; x_wconf 89' lang='lat' dir='ltr'><strong>enim</strong></span> <span class='ocrx_word' id='word_1_494' title='bbox 3182 1181 3295 1250; x_wconf 88' lang='lat' dir='ltr'><strong>ille,</strong></span> <span class='ocrx_word' id='word_1_495' title='bbox 3321 1185 3389 1238; x_wconf 88' lang='lat' dir='ltr'><strong>ad</strong></span> 
     </span>
    </p>
   </div>
   <div class='ocr_carea' id='block_1_71' title="bbox 1816 1254 3405 1344">
    <p class='ocr_par' dir='ltr' id='par_1_71' title="bbox 1816 1254 3405 1344">
     <span class='ocr_line' id='line_1_71' title="bbox 1816 1254 3405 1344; baseline 0.013 -36"><span class='ocrx_word' id='word_1_496' title='bbox 1816 1254 1973 1309; x_wconf 71' lang='lat' dir='ltr'><strong>lsaize</strong></span> <span class='ocrx_word' id='word_1_497' title='bbox 2007 1273 2128 1328; x_wconf 88' lang='lat' dir='ltr'><strong>cap.</strong></span> <span class='ocrx_word' id='word_1_498' title='bbox 2162 1259 2263 1313; x_wconf 64' lang='grc' dir='ltr'><strong>διε</strong></span> <span class='ocrx_word' id='word_1_499' title='bbox 2310 1279 2327 1312; x_wconf 75' lang='grc' dir='ltr'>ι</span> <span class='ocrx_word' id='word_1_500' title='bbox 2373 1260 2680 1337; x_wconf 69' lang='lat' dir='ltr'><strong>Dequibus</strong></span> <span class='ocrx_word' id='word_1_501' title='bbox 2703 1266 3124 1336; x_wconf 83' lang='lat' dir='ltr'><strong>diligentissime</strong></span> <span class='ocrx_word' id='word_1_502' title='bbox 3159 1273 3242 1326; x_wconf 90' lang='lat' dir='ltr'><strong>vir</strong></span> <span class='ocrx_word' id='word_1_503' title='bbox 3274 1289 3405 1344; x_wconf 89' lang='lat' dir='ltr'><strong>apo-</strong></span> 
     </span>
    </p>
   </div>
   <div class='ocr_carea' id='block_1_72' title="bbox 1812 1348 3404 1433">
    <p class='ocr_par' dir='ltr' id='par_1_72' title="bbox 1812 1348 3404 1433">
     <span class='ocr_line' id='line_1_72' title="bbox 1812 1348 3404 1433; baseline 0.013 -31"><span class='ocrx_word' id='word_1_504' title='bbox 1812 1348 2042 1404; x_wconf 90' lang='lat' dir='ltr'><strong>stolicus</strong></span> <span class='ocrx_word' id='word_1_505' title='bbox 2068 1350 2260 1406; x_wconf 88' lang='lat' dir='ltr'><strong>scribit</strong></span> <span class='ocrx_word' id='word_1_506' title='bbox 2291 1350 2551 1422; x_wconf 70' lang='lat' dir='ltr'><strong>Irenaaus,</strong></span> <span class='ocrx_word' id='word_1_507' title='bbox 2586 1357 2879 1428; x_wconf 89' lang='lat' dir='ltr'><strong>episcopus</strong></span> <span class='ocrx_word' id='word_1_508' title='bbox 2908 1358 3316 1433; x_wconf 84' lang='lat' dir='ltr'><strong>Lugdunensis,</strong></span> <span class='ocrx_word' id='word_1_509' title='bbox 3348 1376 3404 1422; x_wconf 90' lang='lat' dir='ltr'><strong>et</strong></span> 
     </span>
    </p>
   </div>
   <div class='ocr_carea' id='block_1_73' title="bbox 1813 1450 2098 1510">
    <p class='ocr_par' dir='ltr' id='par_1_73' title="bbox 1813 1450 2098 1510">
     <span class='ocr_line' id='line_1_73' title="bbox 1813 1450 2098 1510; baseline 0 -18"><span class='ocrx_word' id='word_1_510' title='bbox 1813 1450 2038 1510; x_wconf 86' lang='lat' dir='ltr'><strong>martyr.</strong></span> <span class='ocrx_word' id='word_1_511' title='bbox 2077 1459 2098 1492; x_wconf 73' lang='grc' dir='ltr'><strong><em>ι</em></strong></span> 
     </span>
    </p>
   </div>
   <div class='ocr_carea' id='block_1_74' title="bbox 1879 1531 3399 1606">
    <p class='ocr_par' dir='ltr' id='par_1_74' title="bbox 1879 1531 3399 1606">
     <span class='ocr_line' id='line_1_74' title="bbox 1879 1531 3399 1606; baseline 0.014 -22"><span class='ocrx_word' id='word_1_512' title='bbox 1879 1531 2072 1600; x_wconf 81' lang='lat' dir='ltr'><strong>Capite</strong></span> <span class='ocrx_word' id='word_1_513' title='bbox 2117 1533 2176 1588; x_wconf 82' lang='lat' dir='ltr'><strong>H</strong></span> <span class='ocrx_word' id='word_1_514' title='bbox 2226 1535 2294 1589; x_wconf 91' lang='lat' dir='ltr'><strong>ad</strong></span> <span class='ocrx_word' id='word_1_515' title='bbox 2361 1539 2664 1594; x_wconf 90' lang='lat' dir='ltr'><strong>secundum</strong></span> <span class='ocrx_word' id='word_1_516' title='bbox 2718 1542 2966 1599; x_wconf 90' lang='lat' dir='ltr'><strong>ordinem</strong></span> <span class='ocrx_word' id='word_1_517' title='bbox 3018 1544 3399 1606; x_wconf 76' lang='lat' dir='ltr'><strong>lizereticorum</strong></span> 
     </span>
    </p>
   </div>
   <div class='ocr_carea' id='block_1_75' title="bbox 1810 1622 3402 1702">
    <p class='ocr_par' dir='ltr' id='par_1_75' title="bbox 1810 1622 3402 1702">
     <span class='ocr_line' id='line_1_75' title="bbox 1810 1622 3402 1702; baseline 0.016 -29"><span class='ocrx_word' id='word_1_518' title='bbox 1810 1622 2187 1692; x_wconf 88' lang='lat' dir='ltr'><strong>progreditur,</strong></span> <span class='ocrx_word' id='word_1_519' title='bbox 2254 1628 2564 1698; x_wconf 90' lang='lat' dir='ltr'><strong>asseritque</strong></span> <span class='ocrx_word' id='word_1_520' title='bbox 2618 1630 2886 1702; x_wconf 87' lang='lat' dir='ltr'><strong>lgnatium</strong></span> <span class='ocrx_word' id='word_1_521' title='bbox 2954 1647 3207 1692; x_wconf 89' lang='lat' dir='ltr'><strong>nostrum</strong></span> <span class='ocrx_word' id='word_1_522' title='bbox 3264 1641 3402 1698; x_wconf 87' lang='lat' dir='ltr'><strong>alios</strong></span> 
     </span>
    </p>
   </div>
   <div class='ocr_carea' id='block_1_76' title="bbox 1810 1712 3401 1790">
    <p class='ocr_par' dir='ltr' id='par_1_76' title="bbox 1810 1712 3401 1790">
     <span class='ocr_line' id='line_1_76' title="bbox 1810 1712 3401 1790; baseline 0.014 -25"><span class='ocrx_word' id='word_1_523' title='bbox 1810 1712 1974 1766; x_wconf 90' lang='lat' dir='ltr'><strong>etiam</strong></span> <span class='ocrx_word' id='word_1_524' title='bbox 2020 1725 2145 1783; x_wconf 91' lang='lat' dir='ltr'><strong>post</strong></span> <span class='ocrx_word' id='word_1_525' title='bbox 2176 1718 2291 1772; x_wconf 89' lang='lat' dir='ltr'><strong>veri</strong></span> <span class='ocrx_word' id='word_1_526' title='bbox 2328 1718 2522 1790; x_wconf 86' lang='lat' dir='ltr'><strong>lgnatii</strong></span> <span class='ocrx_word' id='word_1_527' title='bbox 2565 1733 2795 1778; x_wconf 86' lang='lat' dir='ltr'><strong>mortem</strong></span> <span class='ocrx_word' id='word_1_528' title='bbox 2843 1737 3065 1783; x_wconf 91' lang='lat' dir='ltr'><strong>exortos</strong></span> <span class='ocrx_word' id='word_1_529' title='bbox 3114 1729 3401 1787; x_wconf 64' lang='lat' dir='ltr'><strong>haereticos</strong></span> 
     </span>
    </p>
   </div>
   <div class='ocr_carea' id='block_1_77' title="bbox 1812 1804 3398 1892">
    <p class='ocr_par' dir='ltr' id='par_1_77' title="bbox 1812 1804 3398 1892">
     <span class='ocr_line' id='line_1_77' title="bbox 1812 1804 3398 1892; baseline 0.013 -34"><span class='ocrx_word' id='word_1_530' title='bbox 1812 1804 2092 1874; x_wconf 85' lang='lat' dir='ltr'><strong>tetigisse,</strong></span> <span class='ocrx_word' id='word_1_531' title='bbox 2129 1809 2257 1865; x_wconf 90' lang='lat' dir='ltr'><strong>licet</strong></span> <span class='ocrx_word' id='word_1_532' title='bbox 2290 1827 2401 1866; x_wconf 91' lang='lat' dir='ltr'><strong>non</strong></span> <span class='ocrx_word' id='word_1_533' title='bbox 2452 1814 2788 1872; x_wconf 89' lang='lat' dir='ltr'><strong>nominatos.</strong></span> <span class='ocrx_word' id='word_1_534' title='bbox 2836 1817 3160 1889; x_wconf 83' lang='lat' dir='ltr'><strong>Respondeo</strong></span> <span class='ocrx_word' id='word_1_535' title='bbox 3218 1823 3398 1892; x_wconf 87' lang='lat' dir='ltr'><strong>primo</strong></span> 
     </span>
    </p>
   </div>
   <div class='ocr_carea' id='block_1_78' title="bbox 1810 1901 3402 1979">
    <p class='ocr_par' dir='ltr' id='par_1_78' title="bbox 1810 1901 3402 1979">
     <span class='ocr_line' id='line_1_78' title="bbox 1810 1901 3402 1979; baseline 0.014 -30"><span class='ocrx_word' id='word_1_536' title='bbox 1810 1901 2112 1965; x_wconf 85' lang='lat' dir='ltr'><strong>generatim</strong></span> <span class='ocrx_word' id='word_1_537' title='bbox 2154 1903 2442 1972; x_wconf 89' lang='lat' dir='ltr'><strong>scripsisse</strong></span> <span class='ocrx_word' id='word_1_538' title='bbox 2485 1905 2754 1975; x_wconf 85' lang='lat' dir='ltr'><strong>lgnatium</strong></span> <span class='ocrx_word' id='word_1_539' title='bbox 2785 1911 2963 1979; x_wconf 89' lang='lat' dir='ltr'><strong>(quod</strong></span> <span class='ocrx_word' id='word_1_540' title='bbox 3007 1913 3264 1970; x_wconf 89' lang='lat' dir='ltr'><strong>observat</strong></span> <span class='ocrx_word' id='word_1_541' title='bbox 3313 1932 3402 1972; x_wconf 84' lang='lat' dir='ltr'><strong>ve-</strong></span> 
     </span>
    </p>
   </div>
   <div class='ocr_carea' id='block_1_79' title="bbox 1809 1989 3397 2078">
    <p class='ocr_par' dir='ltr' id='par_1_79' title="bbox 1809 1989 3397 2078">
     <span class='ocr_line' id='line_1_79' title="bbox 1809 1989 3397 2078; baseline 0.014 -36"><span class='ocrx_word' id='word_1_542' title='bbox 1809 1989 2030 2046; x_wconf 90' lang='lat' dir='ltr'><strong>rissime</strong></span> <span class='ocrx_word' id='word_1_543' title='bbox 2075 1991 2369 2065; x_wconf 87' lang='lat' dir='ltr'><strong>Eusebius)</strong></span> <span class='ocrx_word' id='word_1_544' title='bbox 2420 1999 2686 2055; x_wconf 87' lang='lat' dir='ltr'><strong>adversus</strong></span> <span class='ocrx_word' id='word_1_545' title='bbox 2739 2003 2977 2060; x_wconf 81' lang='lat' dir='ltr'><strong>haereses</strong></span> <span class='ocrx_word' id='word_1_546' title='bbox 3023 2021 3125 2062; x_wconf 85' lang='lat' dir='ltr'><strong>sue</strong></span> <span class='ocrx_word' id='word_1_547' title='bbox 3151 2017 3397 2078; x_wconf 88' lang='lat' dir='ltr'><strong>tempore</strong></span> 
     </span>
    </p>
   </div>
   <div class='ocr_carea' id='block_1_80' title="bbox 1807 2089 3392 2167">
    <p class='ocr_par' dir='ltr' id='par_1_80' title="bbox 1807 2089 3392 2167">
     <span class='ocr_line' id='line_1_80' title="bbox 1807 2089 3392 2167; baseline 0.014 -33"><span class='ocrx_word' id='word_1_548' title='bbox 1807 2094 2146 2150; x_wconf 85' lang='lat' dir='ltr'><strong>grassantes,</strong></span> <span class='ocrx_word' id='word_1_549' title='bbox 2179 2095 2234 2139; x_wconf 88' lang='lat' dir='ltr'><strong>et</strong></span> <span class='ocrx_word' id='word_1_550' title='bbox 2275 2096 2335 2141; x_wconf 91' lang='lat' dir='ltr'><strong>ut</strong></span> <span class='ocrx_word' id='word_1_551' title='bbox 2371 2089 2441 2142; x_wconf 89' lang='lat' dir='ltr'><strong>ab</strong></span> <span class='ocrx_word' id='word_1_552' title='bbox 2471 2090 2538 2143; x_wconf 89' lang='lat' dir='ltr'><strong>iis</strong></span> <span class='ocrx_word' id='word_1_553' title='bbox 2566 2102 2851 2161; x_wconf 88' lang='lat' dir='ltr'><strong>caverent,</strong></span> <span class='ocrx_word' id='word_1_554' title='bbox 2889 2097 3153 2152; x_wconf 89' lang='lat' dir='ltr'><strong>ecclesias</strong></span> <span class='ocrx_word' id='word_1_555' title='bbox 3177 2113 3392 2167; x_wconf 88' lang='lat' dir='ltr'><strong>omnes,</strong></span> 
     </span>
    </p>
   </div>
   <div class='ocr_carea' id='block_1_81' title="bbox 1805 2171 3395 2263">
    <p class='ocr_par' dir='ltr' id='par_1_81' title="bbox 1805 2171 3395 2263">
     <span class='ocr_line' id='line_1_81' title="bbox 1805 2171 3395 2263; baseline 0.013 -37"><span class='ocrx_word' id='word_1_556' title='bbox 1805 2171 1874 2226; x_wconf 89' lang='lat' dir='ltr'><strong>ad</strong></span> <span class='ocrx_word' id='word_1_557' title='bbox 1907 2189 2045 2242; x_wconf 90' lang='lat' dir='ltr'><strong>quas</strong></span> <span class='ocrx_word' id='word_1_558' title='bbox 2075 2179 2341 2248; x_wconf 85' lang='lat' dir='ltr'><strong>martyrio</strong></span> <span class='ocrx_word' id='word_1_559' title='bbox 2381 2182 2666 2250; x_wconf 83' lang='lat' dir='ltr'><strong>proximus</strong></span> <span class='ocrx_word' id='word_1_560' title='bbox 2693 2185 2956 2255; x_wconf 88' lang='lat' dir='ltr'><strong>epistolas</strong></span> <span class='ocrx_word' id='word_1_561' title='bbox 2992 2191 3258 2253; x_wconf 72' lang='lat' dir='ltr'><strong>exaravit,</strong></span> <span class='ocrx_word' id='word_1_562' title='bbox 3295 2209 3395 2263; x_wconf 88' lang='lat' dir='ltr'><strong>op-</strong></span> 
     </span>
    </p>
   </div>
   <div class='ocr_carea' id='block_1_82' title="bbox 1804 2268 3388 2348">
    <p class='ocr_par' dir='ltr' id='par_1_82' title="bbox 1804 2268 3388 2348">
     <span class='ocr_line' id='line_1_82' title="bbox 1804 2268 3388 2348; baseline 0.014 -30"><span class='ocrx_word' id='word_1_563' title='bbox 1804 2276 2037 2334; x_wconf 90' lang='lat' dir='ltr'><strong>portune</strong></span> <span class='ocrx_word' id='word_1_564' title='bbox 2054 2268 2348 2325; x_wconf 87' lang='lat' dir='ltr'><strong>admodum</strong></span> <span class='ocrx_word' id='word_1_565' title='bbox 2382 2275 2736 2332; x_wconf 86' lang='lat' dir='ltr'><strong>admonuisse</strong></span> <span class='ocrx_word' id='word_1_566' title='bbox 2759 2287 2922 2348; x_wconf 90' lang='lat' dir='ltr'><strong>atque</strong></span> <span class='ocrx_word' id='word_1_567' title='bbox 2947 2283 3388 2348; x_wconf 66' lang='lat' dir='ltr'><strong>praemunivisse.</strong></span> 
     </span>
    </p>
   </div>
   <div class='ocr_carea' id='block_1_83' title="bbox 1804 2356 3390 2446">
    <p class='ocr_par' dir='ltr' id='par_1_83' title="bbox 1804 2356 3390 2446">
     <span class='ocr_line' id='line_1_83' title="bbox 1804 2356 3390 2446; baseline 0.013 -35"><span class='ocrx_word' id='word_1_568' title='bbox 1804 2356 2018 2413; x_wconf 64' lang='lat' dir='ltr'><strong>Eadem</strong></span> <span class='ocrx_word' id='word_1_569' title='bbox 2058 2371 2238 2416; x_wconf 86' lang='lat' dir='ltr'><strong>autem</strong></span> <span class='ocrx_word' id='word_1_570' title='bbox 2281 2365 2540 2432; x_wconf 67' lang='lat' dir='ltr'><strong>haereses,</strong></span> <span class='ocrx_word' id='word_1_571' title='bbox 2583 2383 2704 2437; x_wconf 73' lang='lat' dir='ltr'><strong>qua:</strong></span> <span class='ocrx_word' id='word_1_572' title='bbox 2752 2370 2899 2427; x_wconf 90' lang='lat' dir='ltr'><strong>illius</strong></span> <span class='ocrx_word' id='word_1_573' title='bbox 2939 2382 3097 2428; x_wconf 73' lang='lat' dir='ltr'><strong>aetate</strong></span> <span class='ocrx_word' id='word_1_574' title='bbox 3143 2375 3196 2428; x_wconf 91' lang='lat' dir='ltr'><strong>in</strong></span> <span class='ocrx_word' id='word_1_575' title='bbox 3233 2376 3390 2446; x_wconf 86' lang='lat' dir='ltr'><strong>Syria</strong></span> 
     </span>
    </p>
   </div>
   <div class='ocr_carea' id='block_1_84' title="bbox 1803 2454 3388 2528">
    <p class='ocr_par' dir='ltr' id='par_1_84' title="bbox 1803 2454 3388 2528">
     <span class='ocr_line' id='line_1_84' title="bbox 1803 2454 3388 2528; baseline 0.012 -22"><span class='ocrx_word' id='word_1_576' title='bbox 1803 2454 1888 2506; x_wconf 90' lang='lat' dir='ltr'><strong>vel</strong></span> <span class='ocrx_word' id='word_1_577' title='bbox 1920 2456 2170 2511; x_wconf 90' lang='lat' dir='ltr'><strong>ecclesiis</strong></span> <span class='ocrx_word' id='word_1_578' title='bbox 2198 2458 2445 2514; x_wconf 76' lang='lat' dir='ltr'><strong>finitimis</strong></span> <span class='ocrx_word' id='word_1_579' title='bbox 2469 2472 2675 2515; x_wconf 68' lang='lat' dir='ltr'><strong>exorta:</strong></span> <span class='ocrx_word' id='word_1_580' title='bbox 2705 2472 2858 2528; x_wconf 90' lang='lat' dir='ltr'><strong>sunt,</strong></span> <span class='ocrx_word' id='word_1_581' title='bbox 2887 2466 2990 2520; x_wconf 90' lang='lat' dir='ltr'><strong>sub</strong></span> <span class='ocrx_word' id='word_1_582' title='bbox 3013 2468 3247 2522; x_wconf 89' lang='lat' dir='ltr'><strong>aliorum</strong></span> <span class='ocrx_word' id='word_1_583' title='bbox 3285 2486 3388 2525; x_wconf 92' lang='lat' dir='ltr'><strong>no-</strong></span> 
     </span>
    </p>
   </div>
   <div class='ocr_carea' id='block_1_85' title="bbox 1801 2543 3390 2625">
    <p class='ocr_par' dir='ltr' id='par_1_85' title="bbox 1801 2543 3390 2625">
     <span class='ocr_line' id='line_1_85' title="bbox 1801 2543 3390 2625; baseline 0.013 -29"><span class='ocrx_word' id='word_1_584' title='bbox 1801 2543 2040 2600; x_wconf 91' lang='lat' dir='ltr'><strong>minibus</strong></span> <span class='ocrx_word' id='word_1_585' title='bbox 2073 2545 2126 2599; x_wconf 90' lang='lat' dir='ltr'><strong>in</strong></span> <span class='ocrx_word' id='word_1_586' title='bbox 2169 2547 2360 2602; x_wconf 87' lang='lat' dir='ltr'><strong>iisdem</strong></span> <span class='ocrx_word' id='word_1_587' title='bbox 2395 2551 2476 2603; x_wconf 89' lang='lat' dir='ltr'><strong>vel</strong></span> <span class='ocrx_word' id='word_1_588' title='bbox 2519 2551 2642 2606; x_wconf 92' lang='lat' dir='ltr'><strong>aliis</strong></span> <span class='ocrx_word' id='word_1_589' title='bbox 2675 2561 2949 2610; x_wconf 90' lang='lat' dir='ltr'><strong>terrarum</strong></span> <span class='ocrx_word' id='word_1_590' title='bbox 2986 2559 3120 2625; x_wconf 90' lang='lat' dir='ltr'><strong>oris,</strong></span> <span class='ocrx_word' id='word_1_591' title='bbox 3170 2562 3390 2616; x_wconf 69' lang='lat' dir='ltr'><strong>saeculis</strong></span> 
     </span>
    </p>
   </div>
   <div class='ocr_carea' id='block_1_86' title="bbox 1799 2638 3388 2721">
    <p class='ocr_par' dir='ltr' id='par_1_86' title="bbox 1799 2638 3388 2721">
     <span class='ocr_line' id='line_1_86' title="bbox 1799 2638 3388 2721; baseline 0.013 -33"><span class='ocrx_word' id='word_1_592' title='bbox 1799 2638 2180 2705; x_wconf 88' lang='lat' dir='ltr'><strong>sequentibus,</strong></span> <span class='ocrx_word' id='word_1_593' title='bbox 2219 2641 2641 2709; x_wconf 83' lang='lat' dir='ltr'><strong>repullularunt.</strong></span> <span class='ocrx_word' id='word_1_594' title='bbox 2680 2643 2754 2699; x_wconf 88' lang='lat' dir='ltr'><strong>Ea</strong></span> <span class='ocrx_word' id='word_1_595' title='bbox 2790 2646 2956 2716; x_wconf 85' lang='lat' dir='ltr'><strong>igitur</strong></span> <span class='ocrx_word' id='word_1_596' title='bbox 2983 2665 3106 2719; x_wconf 56' lang='lat' dir='ltr'><strong>quae</strong></span> <span class='ocrx_word' id='word_1_597' title='bbox 3129 2651 3199 2706; x_wconf 91' lang='lat' dir='ltr'><strong>ab</strong></span> <span class='ocrx_word' id='word_1_598' title='bbox 3227 2651 3388 2721; x_wconf 88' lang='lat' dir='ltr'><strong>lgna-</strong></span> 
     </span>
    </p>
   </div>
   <div class='ocr_carea' id='block_1_87' title="bbox 1799 2726 3385 2815">
    <p class='ocr_par' dir='ltr' id='par_1_87' title="bbox 1799 2726 3385 2815">
     <span class='ocr_line' id='line_1_87' title="bbox 1799 2726 3385 2815; baseline 0.012 -34"><span class='ocrx_word' id='word_1_599' title='bbox 1799 2726 1877 2781; x_wconf 90' lang='lat' dir='ltr'><strong>tio</strong></span> <span class='ocrx_word' id='word_1_600' title='bbox 1930 2739 2122 2784; x_wconf 89' lang='lat' dir='ltr'><strong>contra</strong></span> <span class='ocrx_word' id='word_1_601' title='bbox 2171 2732 2256 2786; x_wconf 91' lang='lat' dir='ltr'><strong>sui</strong></span> <span class='ocrx_word' id='word_1_602' title='bbox 2307 2735 2568 2803; x_wconf 88' lang='lat' dir='ltr'><strong>temporis</strong></span> <span class='ocrx_word' id='word_1_603' title='bbox 2614 2736 3128 2798; x_wconf 84' lang='lat' dir='ltr'><strong>lleterodidasealos</strong></span> <span class='ocrx_word' id='word_1_604' title='bbox 3180 2746 3385 2815; x_wconf 83' lang='lat' dir='ltr'><strong>scriptu</strong></span> 
     </span>
    </p>
   </div>
   <div class='ocr_carea' id='block_1_88' title="bbox 1797 2823 3454 2906">
    <p class='ocr_par' dir='ltr' id='par_1_88' title="bbox 1797 2823 3454 2906">
     <span class='ocr_line' id='line_1_88' title="bbox 1797 2823 3454 2906; baseline 0.013 -33"><span class='ocrx_word' id='word_1_605' title='bbox 1797 2828 1952 2883; x_wconf 91' lang='lat' dir='ltr'><strong>sunt,</strong></span> <span class='ocrx_word' id='word_1_606' title='bbox 1992 2823 2059 2875; x_wconf 87' lang='lat' dir='ltr'><strong>ad</strong></span> <span class='ocrx_word' id='word_1_607' title='bbox 2091 2826 2418 2879; x_wconf 88' lang='lat' dir='ltr'><strong>sententiam</strong></span> <span class='ocrx_word' id='word_1_608' title='bbox 2451 2828 2689 2896; x_wconf 85' lang='lat' dir='ltr'><strong>alicujus</strong></span> <span class='ocrx_word' id='word_1_609' title='bbox 2720 2831 2963 2885; x_wconf 77' lang='lat' dir='ltr'><strong>lueretici</strong></span> <span class='ocrx_word' id='word_1_610' title='bbox 2997 2835 3092 2901; x_wconf 85' lang='lat' dir='ltr'><strong>qui</strong></span> <span class='ocrx_word' id='word_1_611' title='bbox 3126 2834 3220 2889; x_wconf 92' lang='lat' dir='ltr'><strong>diu</strong></span> <span class='ocrx_word' id='word_1_612' title='bbox 3262 2847 3387 2906; x_wconf 84' lang='lat' dir='ltr'><strong>post</strong></span> <span class='ocrx_word' id='word_1_613' title='bbox 3444 2841 3454 2850; x_wconf 83' lang='lat'><strong>&#39;</strong></span> 
     </span>
    </p>
   </div>
   <div class='ocr_carea' id='block_1_89' title="bbox 1796 2913 3382 2995">
    <p class='ocr_par' dir='ltr' id='par_1_89' title="bbox 1796 2913 3382 2995">
     <span class='ocr_line' id='line_1_89' title="bbox 1796 2913 3382 2995; baseline 0.01 -29"><span class='ocrx_word' id='word_1_614' title='bbox 1796 2913 2053 2983; x_wconf 86' lang='lat' dir='ltr'><strong>martyris</strong></span> <span class='ocrx_word' id='word_1_615' title='bbox 2077 2915 2386 2983; x_wconf 87' lang='lat' dir='ltr'><strong>passionem</strong></span> <span class='ocrx_word' id='word_1_616' title='bbox 2414 2928 2575 2973; x_wconf 91' lang='lat' dir='ltr'><strong>natus</strong></span> <span class='ocrx_word' id='word_1_617' title='bbox 2615 2920 2707 2986; x_wconf 92' lang='lat' dir='ltr'><strong>sit,</strong></span> <span class='ocrx_word' id='word_1_618' title='bbox 2735 2921 3082 2978; x_wconf 77' lang='lat' dir='ltr'><strong>reintandam</strong></span> <span class='ocrx_word' id='word_1_619' title='bbox 3116 2937 3382 2995; x_wconf 81' lang='lat' dir='ltr'><strong>opportu-</strong></span> 
     </span>
    </p>
   </div>
   <div class='ocr_carea' id='block_1_90' title="bbox 1795 3003 3384 3086">
    <p class='ocr_par' dir='ltr' id='par_1_90' title="bbox 1795 3003 3384 3086">
     <span class='ocr_line' id='line_1_90' title="bbox 1795 3003 3384 3086; baseline 0.011 -30"><span class='ocrx_word' id='word_1_620' title='bbox 1795 3003 2024 3058; x_wconf 90' lang='lat' dir='ltr'><strong>nissima</strong></span> <span class='ocrx_word' id='word_1_621' title='bbox 2055 3021 2177 3060; x_wconf 90' lang='lat' dir='ltr'><strong>esse</strong></span> <span class='ocrx_word' id='word_1_622' title='bbox 2205 3017 2538 3077; x_wconf 89' lang='lat' dir='ltr'><strong>potuerunt;</strong></span> <span class='ocrx_word' id='word_1_623' title='bbox 2578 3027 2685 3065; x_wconf 90' lang='lat' dir='ltr'><strong>non</strong></span> <span class='ocrx_word' id='word_1_624' title='bbox 2717 3013 2865 3082; x_wconf 87' lang='lat' dir='ltr'><strong>quod</strong></span> <span class='ocrx_word' id='word_1_625' title='bbox 2909 3024 3101 3070; x_wconf 85' lang='lat' dir='ltr'><strong>auctor</strong></span> <span class='ocrx_word' id='word_1_626' title='bbox 3129 3018 3384 3086; x_wconf 87' lang='lat' dir='ltr'><strong>epistola-</strong></span> 
     </span>
    </p>
   </div>
   <div class='ocr_carea' id='block_1_91' title="bbox 1795 3096 3382 3173">
    <p class='ocr_par' dir='ltr' id='par_1_91' title="bbox 1795 3096 3382 3173">
     <span class='ocr_line' id='line_1_91' title="bbox 1795 3096 3382 3173; baseline 0.009 -25"><span class='ocrx_word' id='word_1_627' title='bbox 1795 3110 1919 3149; x_wconf 91' lang='lat' dir='ltr'><strong>rum</strong></span> <span class='ocrx_word' id='word_1_628' title='bbox 1963 3096 2140 3165; x_wconf 89' lang='lat' dir='ltr'><strong>ipsum</strong></span> <span class='ocrx_word' id='word_1_629' title='bbox 2193 3099 2506 3154; x_wconf 62' lang='lat' dir='ltr'><strong>haereticum</strong></span> <span class='ocrx_word' id='word_1_630' title='bbox 2560 3105 2922 3171; x_wconf 88' lang='lat' dir='ltr'><strong>posteriorem</strong></span> <span class='ocrx_word' id='word_1_631' title='bbox 2977 3108 3229 3173; x_wconf 90' lang='lat' dir='ltr'><strong>noverit,</strong></span> <span class='ocrx_word' id='word_1_632' title='bbox 3284 3111 3382 3162; x_wconf 90' lang='lat' dir='ltr'><strong>sed</strong></span> 
     </span>
    </p>
   </div>
   <div class='ocr_carea' id='block_1_92' title="bbox 1792 3187 3381 3267">
    <p class='ocr_par' dir='ltr' id='par_1_92' title="bbox 1792 3187 3381 3267">
     <span class='ocr_line' id='line_1_92' title="bbox 1792 3187 3381 3267; baseline 0.009 -26"><span class='ocrx_word' id='word_1_633' title='bbox 1792 3187 1936 3257; x_wconf 85' lang='lat' dir='ltr'><strong>quod</strong></span> <span class='ocrx_word' id='word_1_634' title='bbox 1966 3188 2216 3242; x_wconf 90' lang='lat' dir='ltr'><strong>eumdem</strong></span> <span class='ocrx_word' id='word_1_635' title='bbox 2244 3205 2512 3259; x_wconf 89' lang='lat' dir='ltr'><strong>errorem,</strong></span> <span class='ocrx_word' id='word_1_636' title='bbox 2539 3208 2696 3262; x_wconf 88' lang='lat' dir='ltr'><strong>quem</strong></span> <span class='ocrx_word' id='word_1_637' title='bbox 2729 3197 3002 3264; x_wconf 91' lang='lat' dir='ltr'><strong>posterior</strong></span> <span class='ocrx_word' id='word_1_638' title='bbox 3031 3207 3255 3254; x_wconf 90' lang='lat' dir='ltr'><strong>secutus</strong></span> <span class='ocrx_word' id='word_1_639' title='bbox 3276 3211 3381 3267; x_wconf 92' lang='lat' dir='ltr'><strong>est,</strong></span> 
     </span>
    </p>
   </div>
   <div class='ocr_carea' id='block_1_93' title="bbox 1793 3277 3385 3351">
    <p class='ocr_par' dir='ltr' id='par_1_93' title="bbox 1793 3277 3385 3351">
     <span class='ocr_line' id='line_1_93' title="bbox 1793 3277 3385 3351; baseline 0.01 -19"><span class='ocrx_word' id='word_1_640' title='bbox 1793 3277 1847 3333; x_wconf 88' lang='lat' dir='ltr'><strong>in</strong></span> <span class='ocrx_word' id='word_1_641' title='bbox 1899 3279 2074 3348; x_wconf 90' lang='lat' dir='ltr'><strong>priori</strong></span> <span class='ocrx_word' id='word_1_642' title='bbox 2118 3281 2584 3338; x_wconf 88' lang='lat' dir='ltr'><strong>eondemnaverit.</strong></span> <span class='ocrx_word' id='word_1_643' title='bbox 2631 3285 2747 3351; x_wconf 87' lang='lat' dir='ltr'><strong>Qua</strong></span> <span class='ocrx_word' id='word_1_644' title='bbox 2795 3290 2956 3343; x_wconf 91' lang='lat' dir='ltr'><strong>unica</strong></span> <span class='ocrx_word' id='word_1_645' title='bbox 3001 3290 3385 3350; x_wconf 84' lang='lat' dir='ltr'><strong>observatione</strong></span> 
     </span>
    </p>
   </div>
   <div class='ocr_carea' id='block_1_94' title="bbox 1785 3371 3300 3446">
    <p class='ocr_par' dir='ltr' id='par_1_94' title="bbox 1785 3371 3300 3446">
     <span class='ocr_line' id='line_1_94' title="bbox 1785 3371 3300 3446; baseline 0.01 -24"><span class='ocrx_word' id='word_1_646' title='bbox 1785 3371 2092 3436; x_wconf 68' lang='lat' dir='ltr'><strong>praemissa,</strong></span> <span class='ocrx_word' id='word_1_647' title='bbox 2122 3371 2282 3427; x_wconf 81' lang='lat' dir='ltr'><strong>facile</strong></span> <span class='ocrx_word' id='word_1_648' title='bbox 2311 3374 2663 3442; x_wconf 89' lang='lat' dir='ltr'><strong>particularia</strong></span> <span class='ocrx_word' id='word_1_649' title='bbox 2696 3376 2908 3446; x_wconf 89' lang='lat' dir='ltr'><strong>objecta</strong></span> <span class='ocrx_word' id='word_1_650' title='bbox 2951 3379 3300 3438; x_wconf 85' lang='lat' dir='ltr'><strong>refelluntur.</strong></span> 
     </span>
    </p>
   </div>
   <div class='ocr_carea' id='block_1_95' title="bbox 1859 3460 3377 3543">
    <p class='ocr_par' dir='ltr' id='par_1_95' title="bbox 1859 3460 3377 3543">
     <span class='ocr_line' id='line_1_95' title="bbox 1859 3460 3377 3543; baseline 0.011 -29"><span class='ocrx_word' id='word_1_651' title='bbox 1859 3460 1979 3516; x_wconf 91' lang='lat' dir='ltr'><strong>Duo</strong></span> <span class='ocrx_word' id='word_1_652' title='bbox 2007 3461 2290 3518; x_wconf 89' lang='lat' dir='ltr'><strong>Saturnini</strong></span> <span class='ocrx_word' id='word_1_653' title='bbox 2323 3467 2580 3537; x_wconf 89' lang='lat' dir='ltr'><strong>dogmata</strong></span> <span class='ocrx_word' id='word_1_654' title='bbox 2607 3470 2917 3538; x_wconf 79' lang='lat' dir='ltr'><strong>respexisse</strong></span> <span class='ocrx_word' id='word_1_655' title='bbox 2954 3470 3224 3541; x_wconf 84' lang='lat' dir='ltr'><strong>lgnatium</strong></span> <span class='ocrx_word' id='word_1_656' title='bbox 3253 3475 3377 3543; x_wconf 90' lang='lat' dir='ltr'><strong>epi-</strong></span> 
     </span>
    </p>
   </div>
   <div class='ocr_carea' id='block_1_96' title="bbox 1788 3553 3381 3624">
    <p class='ocr_par' dir='ltr' id='par_1_96' title="bbox 1788 3553 3381 3624">
     <span class='ocr_line' id='line_1_96' title="bbox 1788 3553 3381 3624; baseline 0.008 -17"><span class='ocrx_word' id='word_1_657' title='bbox 1788 3553 2038 3607; x_wconf 77' lang='lat' dir='ltr'><strong>stolicuni</strong></span> <span class='ocrx_word' id='word_1_658' title='bbox 2063 3556 2197 3618; x_wconf 88' lang='lat' dir='ltr'><strong>vult,</strong></span> <span class='ocrx_word' id='word_1_659' title='bbox 2218 3573 2388 3611; x_wconf 91' lang='lat' dir='ltr'><strong>unum</strong></span> <span class='ocrx_word' id='word_1_660' title='bbox 2411 3559 2477 3612; x_wconf 87' lang='lat' dir='ltr'><strong>de</strong></span> <span class='ocrx_word' id='word_1_661' title='bbox 2501 3561 2873 3624; x_wconf 89' lang='lat' dir='ltr'><strong>matrimonio,</strong></span> <span class='ocrx_word' id='word_1_662' title='bbox 2898 3562 3129 3616; x_wconf 83' lang='lat' dir='ltr'><strong>alterunt</strong></span> <span class='ocrx_word' id='word_1_663' title='bbox 3155 3564 3222 3618; x_wconf 90' lang='lat' dir='ltr'><strong>de</strong></span> <span class='ocrx_word' id='word_1_664' title='bbox 3249 3563 3381 3622; x_wconf 80' lang='lat' dir='ltr'><strong>Jesu</strong></span> 
     </span>
    </p>
   </div>
   <div class='ocr_carea' id='block_1_97' title="bbox 1789 3647 3380 3724">
    <p class='ocr_par' dir='ltr' id='par_1_97' title="bbox 1789 3647 3380 3724">
     <span class='ocr_line' id='line_1_97' title="bbox 1789 3647 3380 3724; baseline 0.011 -27"><span class='ocrx_word' id='word_1_665' title='bbox 1789 3647 2064 3714; x_wconf 84' lang='lat' dir='ltr'><strong>putativo,</strong></span> <span class='ocrx_word' id='word_1_666' title='bbox 2113 3647 2344 3719; x_wconf 90' lang='lat' dir='ltr'><strong>ideoque</strong></span> <span class='ocrx_word' id='word_1_667' title='bbox 2379 3660 2504 3719; x_wconf 88' lang='lat' dir='ltr'><strong>post</strong></span> <span class='ocrx_word' id='word_1_668' title='bbox 2540 3667 2602 3706; x_wconf 92' lang='lat' dir='ltr'><strong>ea</strong></span> <span class='ocrx_word' id='word_1_669' title='bbox 2665 3668 2697 3706; x_wconf 88' lang='lat' dir='ltr'><strong>a</strong></span> <span class='ocrx_word' id='word_1_670' title='bbox 2771 3653 3069 3709; x_wconf 90' lang='lat' dir='ltr'><strong>Saturnino</strong></span> <span class='ocrx_word' id='word_1_671' title='bbox 3106 3656 3380 3724; x_wconf 79' lang='lat' dir='ltr'><strong>publicata</strong></span> 
     </span>
    </p>
   </div>
   <div class='ocr_carea' id='block_1_98' title="bbox 1789 3735 3379 3816">
    <p class='ocr_par' dir='ltr' id='par_1_98' title="bbox 1789 3735 3379 3816">
     <span class='ocr_line' id='line_1_98' title="bbox 1789 3735 3379 3816; baseline 0.01 -27"><span class='ocrx_word' id='word_1_672' title='bbox 1789 3735 2009 3803; x_wconf 79' lang='lat' dir='ltr'><strong>vixisse,</strong></span> <span class='ocrx_word' id='word_1_673' title='bbox 2041 3748 2096 3792; x_wconf 90' lang='lat' dir='ltr'><strong>et</strong></span> <span class='ocrx_word' id='word_1_674' title='bbox 2122 3741 2388 3810; x_wconf 89' lang='lat' dir='ltr'><strong>lgnatium</strong></span> <span class='ocrx_word' id='word_1_675' title='bbox 2421 3751 2714 3814; x_wconf 89' lang='lat' dir='ltr'><strong>martyrem</strong></span> <span class='ocrx_word' id='word_1_676' title='bbox 2745 3760 2866 3800; x_wconf 92' lang='lat' dir='ltr'><strong>esse</strong></span> <span class='ocrx_word' id='word_1_677' title='bbox 2909 3762 3016 3800; x_wconf 91' lang='lat' dir='ltr'><strong>non</strong></span> <span class='ocrx_word' id='word_1_678' title='bbox 3050 3762 3232 3816; x_wconf 73' lang='lat' dir='ltr'><strong>posse.</strong></span> <span class='ocrx_word' id='word_1_679' title='bbox 3272 3751 3379 3806; x_wconf 85' lang='lat' dir='ltr'><strong>Sed</strong></span> 
     </span>
    </p>
   </div>
   <div class='ocr_carea' id='block_1_99' title="bbox 1788 3827 3378 3912">
    <p class='ocr_par' dir='ltr' id='par_1_99' title="bbox 1788 3827 3378 3912">
     <span class='ocr_line' id='line_1_99' title="bbox 1788 3827 3378 3912; baseline 0.012 -30"><span class='ocrx_word' id='word_1_680' title='bbox 1788 3827 2072 3886; x_wconf 90' lang='lat' dir='ltr'><strong>Saturnini</strong></span> <span class='ocrx_word' id='word_1_681' title='bbox 2100 3833 2298 3904; x_wconf 88' lang='lat' dir='ltr'><strong>dogma</strong></span> <span class='ocrx_word' id='word_1_682' title='bbox 2321 3835 2389 3889; x_wconf 92' lang='lat' dir='ltr'><strong>de</strong></span> <span class='ocrx_word' id='word_1_683' title='bbox 2417 3837 2774 3892; x_wconf 90' lang='lat' dir='ltr'><strong>matrimonio</strong></span> <span class='ocrx_word' id='word_1_684' title='bbox 2803 3839 2858 3893; x_wconf 92' lang='lat' dir='ltr'><strong>in</strong></span> <span class='ocrx_word' id='word_1_685' title='bbox 2892 3841 3146 3911; x_wconf 88' lang='lat' dir='ltr'><strong>genuinis</strong></span> <span class='ocrx_word' id='word_1_686' title='bbox 3166 3845 3378 3912; x_wconf 87' lang='lat' dir='ltr'><strong>episto--</strong></span> 
     </span>
    </p>
   </div>
   <div class='ocr_carea' id='block_1_100' title="bbox 1788 3921 3372 4002">
    <p class='ocr_par' dir='ltr' id='par_1_100' title="bbox 1788 3921 3372 4002">
     <span class='ocr_line' id='line_1_100' title="bbox 1788 3921 3372 4002; baseline 0.011 -28"><span class='ocrx_word' id='word_1_687' title='bbox 1788 3921 1852 3976; x_wconf 92' lang='lat' dir='ltr'><strong>lis</strong></span> <span class='ocrx_word' id='word_1_688' title='bbox 1885 3938 1995 3977; x_wconf 91' lang='lat' dir='ltr'><strong>non</strong></span> <span class='ocrx_word' id='word_1_689' title='bbox 2039 3922 2302 3991; x_wconf 89' lang='lat' dir='ltr'><strong>habetur;</strong></span> <span class='ocrx_word' id='word_1_690' title='bbox 2348 3941 2414 3980; x_wconf 86' lang='lat' dir='ltr'><strong>ex</strong></span> <span class='ocrx_word' id='word_1_691' title='bbox 2442 3929 2807 3994; x_wconf 90' lang='lat' dir='ltr'><strong>assumentis,</strong></span> <span class='ocrx_word' id='word_1_692' title='bbox 2836 3946 2958 4001; x_wconf 63' lang='lat' dir='ltr'><strong>quae</strong></span> <span class='ocrx_word' id='word_1_693' title='bbox 2991 3934 3372 4002; x_wconf 84' lang='lat' dir='ltr'><strong>repudiamus.</strong></span> 
     </span>
    </p>
   </div>
   <div class='ocr_carea' id='block_1_101' title="bbox 1782 4013 3374 4090">
    <p class='ocr_par' dir='ltr' id='par_1_101' title="bbox 1782 4013 3374 4090">
     <span class='ocr_line' id='line_1_101' title="bbox 1782 4013 3374 4090; baseline 0.009 -24"><span class='ocrx_word' id='word_1_694' title='bbox 1782 4013 2138 4082; x_wconf 88' lang='lat' dir='ltr'><strong>depromitur.</strong></span> <span class='ocrx_word' id='word_1_695' title='bbox 2174 4016 2420 4071; x_wconf 87' lang='lat' dir='ltr'><strong>Alterum</strong></span> <span class='ocrx_word' id='word_1_696' title='bbox 2453 4019 2521 4073; x_wconf 93' lang='lat' dir='ltr'><strong>de</strong></span> <span class='ocrx_word' id='word_1_697' title='bbox 2552 4018 2685 4074; x_wconf 81' lang='lat' dir='ltr'><strong>Jesu</strong></span> <span class='ocrx_word' id='word_1_698' title='bbox 2717 4023 2983 4090; x_wconf 90' lang='lat' dir='ltr'><strong>putativo,</strong></span> <span class='ocrx_word' id='word_1_699' title='bbox 3007 4039 3040 4079; x_wconf 89' lang='lat' dir='ltr'><strong>a</strong></span> <span class='ocrx_word' id='word_1_700' title='bbox 3071 4024 3374 4081; x_wconf 90' lang='lat' dir='ltr'><strong>Saturnino</strong></span> 
     </span>
    </p>
   </div>
   <div class='ocr_carea' id='block_1_102' title="bbox 1780 4106 3373 4188">
    <p class='ocr_par' dir='ltr' id='par_1_102' title="bbox 1780 4106 3373 4188">
     <span class='ocr_line' id='line_1_102' title="bbox 1780 4106 3373 4188; baseline 0.01 -31"><span class='ocrx_word' id='word_1_701' title='bbox 1780 4106 1960 4174; x_wconf 89' lang='lat' dir='ltr'><strong>primo</strong></span> <span class='ocrx_word' id='word_1_702' title='bbox 1987 4107 2266 4176; x_wconf 91' lang='lat' dir='ltr'><strong>proditum</strong></span> <span class='ocrx_word' id='word_1_703' title='bbox 2293 4124 2402 4164; x_wconf 89' lang='lat' dir='ltr'><strong>non</strong></span> <span class='ocrx_word' id='word_1_704' title='bbox 2434 4119 2540 4165; x_wconf 90' lang='lat' dir='ltr'><strong>est.</strong></span> <span class='ocrx_word' id='word_1_705' title='bbox 2573 4110 2800 4167; x_wconf 81' lang='lat' dir='ltr'><strong>Etiamsi</strong></span> <span class='ocrx_word' id='word_1_706' title='bbox 2831 4113 2996 4184; x_wconf 87' lang='lat' dir='ltr'><strong>igitur</strong></span> <span class='ocrx_word' id='word_1_707' title='bbox 3029 4125 3225 4172; x_wconf 86' lang='lat' dir='ltr'><strong>auctor</strong></span> <span class='ocrx_word' id='word_1_708' title='bbox 3251 4119 3373 4188; x_wconf 85' lang='lat' dir='ltr'><strong>epi-</strong></span> 
     </span>
    </p>
   </div>
   <div class='ocr_carea' id='block_1_103' title="bbox 1781 4199 3376 4276">
    <p class='ocr_par' dir='ltr' id='par_1_103' title="bbox 1781 4199 3376 4276">
     <span class='ocr_line' id='line_1_103' title="bbox 1781 4199 3376 4276; baseline 0.009 -24"><span class='ocrx_word' id='word_1_709' title='bbox 1781 4199 2044 4253; x_wconf 90' lang='lat' dir='ltr'><strong>stolarum</strong></span> <span class='ocrx_word' id='word_1_710' title='bbox 2075 4212 2268 4256; x_wconf 90' lang='lat' dir='ltr'><strong>contra</strong></span> <span class='ocrx_word' id='word_1_711' title='bbox 2302 4202 2444 4258; x_wconf 89' lang='lat' dir='ltr'><strong>hanc</strong></span> <span class='ocrx_word' id='word_1_712' title='bbox 2486 4203 2762 4270; x_wconf 60' lang='lat' dir='ltr'><strong>haeresim,</strong></span> <span class='ocrx_word' id='word_1_713' title='bbox 2800 4221 2962 4276; x_wconf 89' lang='lat' dir='ltr'><strong>quam</strong></span> <span class='ocrx_word' id='word_1_714' title='bbox 2993 4210 3249 4264; x_wconf 89' lang='lat' dir='ltr'><strong>tuebatur</strong></span> <span class='ocrx_word' id='word_1_715' title='bbox 3280 4209 3376 4266; x_wconf 82' lang='lat' dir='ltr'><strong>Sa-</strong></span> 
     </span>
    </p>
   </div>
   <div class='ocr_carea' id='block_1_104' title="bbox 1781 4291 3370 4368">
    <p class='ocr_par' dir='ltr' id='par_1_104' title="bbox 1781 4291 3370 4368">
     <span class='ocr_line' id='line_1_104' title="bbox 1781 4291 3370 4368; baseline 0.009 -26"><span class='ocrx_word' id='word_1_716' title='bbox 1781 4291 2058 4356; x_wconf 90' lang='lat' dir='ltr'><strong>turninus,</strong></span> <span class='ocrx_word' id='word_1_717' title='bbox 2085 4293 2388 4362; x_wconf 86' lang='lat' dir='ltr'><strong>scripserit,</strong></span> <span class='ocrx_word' id='word_1_718' title='bbox 2423 4309 2531 4347; x_wconf 91' lang='lat' dir='ltr'><strong>non</strong></span> <span class='ocrx_word' id='word_1_719' title='bbox 2561 4293 2687 4349; x_wconf 90' lang='lat' dir='ltr'><strong>inde</strong></span> <span class='ocrx_word' id='word_1_720' title='bbox 2731 4305 2909 4352; x_wconf 90' lang='lat' dir='ltr'><strong>tamen</strong></span> <span class='ocrx_word' id='word_1_721' title='bbox 2947 4299 3200 4368; x_wconf 86' lang='lat' dir='ltr'><strong>sequitur</strong></span> <span class='ocrx_word' id='word_1_722' title='bbox 3242 4318 3370 4357; x_wconf 73' lang='lat' dir='ltr'><strong>eum</strong></span> 
     </span>
    </p>
   </div>
   <div class='ocr_carea' id='block_1_105' title="bbox 1781 4381 3367 4460">
    <p class='ocr_par' dir='ltr' id='par_1_105' title="bbox 1781 4381 3367 4460">
     <span class='ocr_line' id='line_1_105' title="bbox 1781 4381 3367 4460; baseline 0.008 -25"><span class='ocrx_word' id='word_1_723' title='bbox 1781 4382 1863 4436; x_wconf 91' lang='lat' dir='ltr'><strong>vel</strong></span> <span class='ocrx_word' id='word_1_724' title='bbox 1913 4381 2274 4438; x_wconf 89' lang='lat' dir='ltr'><strong>Saturninum</strong></span> <span class='ocrx_word' id='word_1_725' title='bbox 2309 4385 2550 4450; x_wconf 88' lang='lat' dir='ltr'><strong>novisse,</strong></span> <span class='ocrx_word' id='word_1_726' title='bbox 2585 4387 2668 4440; x_wconf 90' lang='lat' dir='ltr'><strong>vel</strong></span> <span class='ocrx_word' id='word_1_727' title='bbox 2702 4396 2896 4442; x_wconf 86' lang='lat' dir='ltr'><strong>contra</strong></span> <span class='ocrx_word' id='word_1_728' title='bbox 2922 4428 2936 4453; x_wconf 96' lang='lat'><strong>,</strong></span> <span class='ocrx_word' id='word_1_729' title='bbox 2971 4391 3055 4442; x_wconf 86' lang='lat' dir='ltr'><strong>vel</strong></span> <span class='ocrx_word' id='word_1_730' title='bbox 3089 4401 3213 4460; x_wconf 91' lang='lat' dir='ltr'><strong>post</strong></span> <span class='ocrx_word' id='word_1_731' title='bbox 3241 4409 3367 4448; x_wconf 90' lang='lat' dir='ltr'><strong>eum</strong></span> 
     </span>
    </p>
   </div>
   <div class='ocr_carea' id='block_1_106' title="bbox 1777 4473 3371 4543">
    <p class='ocr_par' dir='ltr' id='par_1_106' title="bbox 1777 4473 3371 4543">
     <span class='ocr_line' id='line_1_106' title="bbox 1777 4473 3371 4543; baseline 0.004 -15"><span class='ocrx_word' id='word_1_732' title='bbox 1777 4474 2102 4543; x_wconf 85' lang='lat' dir='ltr'><strong>scripsisse;</strong></span> <span class='ocrx_word' id='word_1_733' title='bbox 2137 4474 2265 4543; x_wconf 92' lang='lat' dir='ltr'><strong>quia</strong></span> <span class='ocrx_word' id='word_1_734' title='bbox 2295 4475 2486 4529; x_wconf 90' lang='lat' dir='ltr'><strong>eadem</strong></span> <span class='ocrx_word' id='word_1_735' title='bbox 2537 4473 2640 4529; x_wconf 82' lang='lat' dir='ltr'><strong>fuit</strong></span> <span class='ocrx_word' id='word_1_736' title='bbox 2670 4477 2894 4532; x_wconf 59' lang='lat' dir='ltr'><strong>haeresis</strong></span> <span class='ocrx_word' id='word_1_737' title='bbox 2945 4477 3371 4535; x_wconf 84' lang='lat' dir='ltr'><strong>Menandriano-</strong></span> 
     </span>
    </p>
   </div>
   <div class='ocr_carea' id='block_1_107' title="bbox 1779 4566 3368 4636">
    <p class='ocr_par' dir='ltr' id='par_1_107' title="bbox 1779 4566 3368 4636">
     <span class='ocr_line' id='line_1_107' title="bbox 1779 4566 3368 4636; baseline 0.008 -18"><span class='ocrx_word' id='word_1_738' title='bbox 1779 4579 1943 4630; x_wconf 90' lang='lat' dir='ltr'><strong>rum,</strong></span> <span class='ocrx_word' id='word_1_739' title='bbox 1992 4580 2226 4634; x_wconf 87' lang='lat' dir='ltr'><strong>quorum</strong></span> <span class='ocrx_word' id='word_1_740' title='bbox 2285 4566 2676 4636; x_wconf 90' lang='lat' dir='ltr'><strong>quamplurimi</strong></span> <span class='ocrx_word' id='word_1_741' title='bbox 2751 4567 3052 4624; x_wconf 87' lang='lat' dir='ltr'><strong>Saturnino</strong></span> <span class='ocrx_word' id='word_1_742' title='bbox 3121 4573 3368 4630; x_wconf 81' lang='lat' dir='ltr'><strong>seniores</strong></span> 
     </span>
    </p>
   </div>
   <div class='ocr_carea' id='block_1_108' title="bbox 1776 4655 3367 4734">
    <p class='ocr_par' dir='ltr' id='par_1_108' title="bbox 1776 4655 3367 4734">
     <span class='ocr_line' id='line_1_108' title="bbox 1776 4655 3367 4734; baseline 0.006 -23"><span class='ocrx_word' id='word_1_743' title='bbox 1776 4666 1954 4711; x_wconf 89' lang='lat' dir='ltr'><strong>erant.</strong></span> <span class='ocrx_word' id='word_1_744' title='bbox 1987 4655 2100 4710; x_wconf 89' lang='lat' dir='ltr'><strong>lmo</strong></span> <span class='ocrx_word' id='word_1_745' title='bbox 2124 4657 2239 4726; x_wconf 90' lang='lat' dir='ltr'><strong>ipse</strong></span> <span class='ocrx_word' id='word_1_746' title='bbox 2264 4655 2598 4712; x_wconf 88' lang='lat' dir='ltr'><strong>Saturninus</strong></span> <span class='ocrx_word' id='word_1_747' title='bbox 2628 4675 2657 4712; x_wconf 93' lang='lat' dir='ltr'><strong>a</strong></span> <span class='ocrx_word' id='word_1_748' title='bbox 2692 4658 2990 4716; x_wconf 84' lang='lat' dir='ltr'><strong>Menandro</strong></span> <span class='ocrx_word' id='word_1_749' title='bbox 3027 4662 3228 4718; x_wconf 90' lang='lat' dir='ltr'><strong>hausit.</strong></span> <span class='ocrx_word' id='word_1_750' title='bbox 3256 4663 3367 4734; x_wconf 63' lang='lat' dir='ltr'><strong>lge-</strong></span> 
     </span>
    </p>
   </div>
   <div class='ocr_carea' id='block_1_109' title="bbox 1780 4748 3367 4822">
    <p class='ocr_par' dir='ltr' id='par_1_109' title="bbox 1780 4748 3367 4822">
     <span class='ocr_line' id='line_1_109' title="bbox 1780 4748 3367 4822; baseline 0.007 -21"><span class='ocrx_word' id='word_1_751' title='bbox 1780 4764 1927 4801; x_wconf 68' lang='lat' dir='ltr'><strong>nzeus</strong></span> <span class='ocrx_word' id='word_1_752' title='bbox 1965 4748 2060 4802; x_wconf 91' lang='lat' dir='ltr'><strong>lib.</strong></span> <span class='ocrx_word' id='word_1_753' title='bbox 2095 4764 2132 4810; x_wconf 90' lang='lat' dir='ltr'><strong>I,</strong></span> <span class='ocrx_word' id='word_1_754' title='bbox 2165 4764 2216 4802; x_wconf 92' lang='lat' dir='ltr'><strong>c.</strong></span> <span class='ocrx_word' id='word_1_755' title='bbox 2257 4749 2328 4801; x_wconf 72' lang='lat'><strong>22</strong></span> <span class='ocrx_word' id='word_1_756' title='bbox 2359 4764 2374 4800; x_wconf 88' lang='lat'><strong>:</strong></span> <span class='ocrx_word' id='word_1_757' title='bbox 2413 4767 2431 4799; x_wconf 71' lang='grc' dir='ltr'><strong>ε</strong></span> <span class='ocrx_word' id='word_1_758' title='bbox 2469 4748 2804 4807; x_wconf 88' lang='lat' dir='ltr'><strong>Saturninus</strong></span> <span class='ocrx_word' id='word_1_759' title='bbox 2850 4754 3073 4822; x_wconf 86' lang='lat' dir='ltr'><strong>quidem</strong></span> <span class='ocrx_word' id='word_1_760' title='bbox 3108 4755 3367 4812; x_wconf 86' lang='lat' dir='ltr'><strong>similiter</strong></span> 
     </span>
    </p>
   </div>
   <div class='ocr_carea' id='block_1_110' title="bbox 1778 4837 3362 4908">
    <p class='ocr_par' dir='ltr' id='par_1_110' title="bbox 1778 4837 3362 4908">
     <span class='ocr_line' id='line_1_110' title="bbox 1778 4837 3362 4908; baseline 0.004 -16"><span class='ocrx_word' id='word_1_761' title='bbox 1778 4848 1836 4892; x_wconf 92' lang='lat' dir='ltr'><strong>ut</strong></span> <span class='ocrx_word' id='word_1_762' title='bbox 1866 4837 2182 4904; x_wconf 79' lang='lat' dir='ltr'><strong>Menander,</strong></span> <span class='ocrx_word' id='word_1_763' title='bbox 2210 4848 2316 4892; x_wconf 93' lang='lat' dir='ltr'><strong>etc.</strong></span> <span class='ocrx_word' id='word_1_764' title='bbox 2352 4857 2371 4890; x_wconf 84' lang='grc'><strong>›</strong></span> <span class='ocrx_word' id='word_1_765' title='bbox 2403 4837 2749 4908; x_wconf 87' lang='lat' dir='ltr'><strong>Epiphanius</strong></span> <span class='ocrx_word' id='word_1_766' title='bbox 2784 4842 2987 4898; x_wconf 88' lang='lat' dir='ltr'><strong>diserte</strong></span> <span class='ocrx_word' id='word_1_767' title='bbox 3018 4863 3030 4899; x_wconf 89' lang='lat'>:</span> <span class='ocrx_word' id='word_1_768' title='bbox 3062 4845 3217 4899; x_wconf 78' lang='grc' dir='ltr'>Μετὰ</span> <span class='ocrx_word' id='word_1_769' title='bbox 3237 4845 3362 4899; x_wconf 83' lang='grc' dir='ltr'><strong>τοῦ-</strong></span> 
     </span>
    </p>
   </div>
   <div class='ocr_carea' id='block_1_111' title="bbox 1769 4930 3365 5003">
    <p class='ocr_par' dir='ltr' id='par_1_111' title="bbox 1769 4930 3365 5003">
     <span class='ocr_line' id='line_1_111' title="bbox 1769 4930 3365 5003; baseline 0.003 -17"><span class='ocrx_word' id='word_1_770' title='bbox 1769 4948 1863 4986; x_wconf 78' lang='grc' dir='ltr'><strong>τον</strong></span> <span class='ocrx_word' id='word_1_771' title='bbox 1892 4930 2207 5001; x_wconf 83' lang='grc' dir='ltr'><strong>Σατορνῖλός</strong></span> <span class='ocrx_word' id='word_1_772' title='bbox 2249 4948 2333 4995; x_wconf 85' lang='grc' dir='ltr'><strong>τις</strong></span> <span class='ocrx_word' id='word_1_773' title='bbox 2389 4932 2620 5003; x_wconf 82' lang='grc' dir='ltr'><strong>ἀνέστη,</strong></span> <span class='ocrx_word' id='word_1_774' title='bbox 2659 4933 2755 4987; x_wconf 80' lang='grc' dir='ltr'><strong>καὶ</strong></span> <span class='ocrx_word' id='word_1_775' title='bbox 2795 4934 2958 4999; x_wconf 77' lang='grc' dir='ltr'><strong>αὐτὸς</strong></span> <span class='ocrx_word' id='word_1_776' title='bbox 3005 4938 3213 4991; x_wconf 79' lang='grc' dir='ltr'>ἐκεῖθεν</span> <span class='ocrx_word' id='word_1_777' title='bbox 3264 4939 3365 5002; x_wconf 80' lang='grc' dir='ltr'><strong>τὰς</strong></span> 
     </span>
    </p>
   </div>
   <div class='ocr_carea' id='block_1_112' title="bbox 1772 5021 3362 5102">
    <p class='ocr_par' dir='ltr' id='par_1_112' title="bbox 1772 5021 3362 5102">
     <span class='ocr_line' id='line_1_112' title="bbox 1772 5021 3362 5102; baseline 0.006 -26"><span class='ocrx_word' id='word_1_778' title='bbox 1772 5021 2055 5094; x_wconf 75' lang='grc' dir='ltr'><strong>ἀφορμὰς,</strong></span> <span class='ocrx_word' id='word_1_779' title='bbox 2098 5022 2205 5074; x_wconf 82' lang='grc' dir='ltr'><strong>ἀπὸ</strong></span> <span class='ocrx_word' id='word_1_780' title='bbox 2232 5023 2545 5097; x_wconf 84' lang='grc' dir='ltr'>Μενάνδρου</span> <span class='ocrx_word' id='word_1_781' title='bbox 2581 5027 2746 5096; x_wconf 73' lang='grc' dir='ltr'><strong>φημὶ,</strong></span> <span class='ocrx_word' id='word_1_782' title='bbox 2778 5029 2870 5082; x_wconf 77' lang='grc' dir='ltr'><strong>καὶ</strong></span> <span class='ocrx_word' id='word_1_783' title='bbox 2896 5030 3006 5083; x_wconf 81' lang='grc' dir='ltr'><strong>τῶν</strong></span> <span class='ocrx_word' id='word_1_784' title='bbox 3035 5030 3227 5102; x_wconf 84' lang='grc' dir='ltr'>πρώην</span> <span class='ocrx_word' id='word_1_785' title='bbox 3263 5031 3362 5085; x_wconf 77' lang='grc' dir='ltr'><strong>λα-</strong></span> 
     </span>
    </p>
   </div>
   <div class='ocr_carea' id='block_1_113' title="bbox 1774 5113 3362 5179">
    <p class='ocr_par' dir='ltr' id='par_1_113' title="bbox 1774 5113 3362 5179">
     <span class='ocr_line' id='line_1_113' title="bbox 1774 5113 3362 5179; baseline 0.007 -13"><span class='ocrx_word' id='word_1_786' title='bbox 1774 5113 1900 5169; x_wconf 78' lang='grc' dir='ltr'><strong>ϐών.</strong></span> <span class='ocrx_word' id='word_1_787' title='bbox 1931 5113 2305 5170; x_wconf 81' lang='lat' dir='ltr'><strong>Menandriani</strong></span> <span class='ocrx_word' id='word_1_788' title='bbox 2337 5127 2520 5172; x_wconf 88' lang='lat' dir='ltr'><strong>autem</strong></span> <span class='ocrx_word' id='word_1_789' title='bbox 2552 5127 2605 5172; x_wconf 91' lang='lat' dir='ltr'><strong>et</strong></span> <span class='ocrx_word' id='word_1_790' title='bbox 2636 5117 2944 5176; x_wconf 88' lang='lat' dir='ltr'><strong>Simoniani</strong></span> <span class='ocrx_word' id='word_1_791' title='bbox 2977 5137 3168 5176; x_wconf 92' lang='lat' dir='ltr'><strong>omnes</strong></span> <span class='ocrx_word' id='word_1_792' title='bbox 3200 5123 3362 5179; x_wconf 85' lang='lat' dir='ltr'><strong>Cliri-.</strong></span> 
     </span>
    </p>
   </div>
   <div class='ocr_carea' id='block_1_114' title="bbox 1772 5208 3358 5282">
    <p class='ocr_par' dir='ltr' id='par_1_114' title="bbox 1772 5208 3358 5282">
     <span class='ocr_line' id='line_1_114' title="bbox 1772 5208 3358 5282; baseline 0.007 -23"><span class='ocrx_word' id='word_1_793' title='bbox 1772 5215 1916 5260; x_wconf 90' lang='lat' dir='ltr'><strong>stum</strong></span> <span class='ocrx_word' id='word_1_794' title='bbox 1951 5209 2193 5276; x_wconf 86' lang='lat' dir='ltr'><strong>putative</strong></span> <span class='ocrx_word' id='word_1_795' title='bbox 2237 5208 2517 5263; x_wconf 87' lang='lat' dir='ltr'><strong>hominem</strong></span> <span class='ocrx_word' id='word_1_796' title='bbox 2551 5210 2723 5265; x_wconf 79' lang='lat' dir='ltr'><strong>fuisse</strong></span> <span class='ocrx_word' id='word_1_797' title='bbox 2746 5252 2765 5277; x_wconf 90' lang='lat'><strong>,</strong></span> <span class='ocrx_word' id='word_1_798' title='bbox 2793 5223 2844 5267; x_wconf 91' lang='lat' dir='ltr'><strong>et</strong></span> <span class='ocrx_word' id='word_1_799' title='bbox 2876 5214 3116 5282; x_wconf 76' lang='lat' dir='ltr'><strong>putat—ive</strong></span> <span class='ocrx_word' id='word_1_800' title='bbox 3143 5222 3358 5270; x_wconf 87' lang='lat' dir='ltr'><strong>tantum</strong></span> 
     </span>
    </p>
   </div>
   <div class='ocr_carea' id='block_1_115' title="bbox 1771 5299 3356 5370">
    <p class='ocr_par' dir='ltr' id='par_1_115' title="bbox 1771 5299 3356 5370">
     <span class='ocr_line' id='line_1_115' title="bbox 1771 5299 3356 5370; baseline 0.003 -19"><span class='ocrx_word' id='word_1_801' title='bbox 1771 5315 1994 5368; x_wconf 86' lang='lat' dir='ltr'><strong>passum</strong></span> <span class='ocrx_word' id='word_1_802' title='bbox 2049 5299 2369 5367; x_wconf 88' lang='lat' dir='ltr'><strong>docebant;</strong></span> <span class='ocrx_word' id='word_1_803' title='bbox 2436 5315 2466 5354; x_wconf 92' lang='lat' dir='ltr'><strong>a</strong></span> <span class='ocrx_word' id='word_1_804' title='bbox 2550 5301 2795 5370; x_wconf 89' lang='lat' dir='ltr'><strong>Simone,</strong></span> <span class='ocrx_word' id='word_1_805' title='bbox 2859 5304 3101 5368; x_wconf 81' lang='lat' dir='ltr'><strong>scilicet,</strong></span> <span class='ocrx_word' id='word_1_806' title='bbox 3157 5304 3356 5368; x_wconf 90' lang='lat' dir='ltr'><strong>cdocti,</strong></span> 
     </span>
    </p>
   </div>
   <div class='ocr_carea' id='block_1_116' title="bbox 1770 5385 3359 5459">
    <p class='ocr_par' dir='ltr' id='par_1_116' title="bbox 1770 5385 3359 5459">
     <span class='ocr_line' id='line_1_116' title="bbox 1770 5385 3359 5459; baseline 0.004 -17"><span class='ocrx_word' id='word_1_807' title='bbox 1770 5390 1865 5459; x_wconf 91' lang='lat' dir='ltr'><strong>qui</strong></span> <span class='ocrx_word' id='word_1_808' title='bbox 1899 5387 2134 5456; x_wconf 71' lang='lat' dir='ltr'><strong>Judaeis,</strong></span> <span class='ocrx_word' id='word_1_809' title='bbox 2171 5385 2411 5459; x_wconf 85' lang='lat' dir='ltr'><strong>scipsum</strong></span> <span class='ocrx_word' id='word_1_810' title='bbox 2442 5389 2642 5445; x_wconf 88' lang='lat' dir='ltr'><strong>Filium</strong></span> <span class='ocrx_word' id='word_1_811' title='bbox 2675 5408 2797 5446; x_wconf 88' lang='lat' dir='ltr'><strong>esse</strong></span> <span class='ocrx_word' id='word_1_812' title='bbox 2833 5393 2988 5457; x_wconf 86' lang='lat' dir='ltr'><strong>dixit,</strong></span> <span class='ocrx_word' id='word_1_813' title='bbox 3026 5391 3268 5446; x_wconf 82' lang='grc' dir='ltr'><strong>παθόντα</strong></span> <span class='ocrx_word' id='word_1_814' title='bbox 3300 5393 3359 5449; x_wconf 68' lang='grc' dir='ltr'><strong>δὲ</strong></span> 
     </span>
    </p>
   </div>
   <div class='ocr_carea' id='block_1_117' title="bbox 1773 5482 3357 5554">
    <p class='ocr_par' dir='ltr' id='par_1_117' title="bbox 1773 5482 3357 5554">
     <span class='ocr_line' id='line_1_117' title="bbox 1773 5482 3357 5554; baseline 0.004 -19"><span class='ocrx_word' id='word_1_815' title='bbox 1773 5482 1848 5554; x_wconf 78' lang='grc' dir='ltr'><strong>μὴ</strong></span> <span class='ocrx_word' id='word_1_816' title='bbox 1877 5483 2223 5549; x_wconf 79' lang='grc' dir='ltr'><strong>πεπονθέναι,</strong></span> <span class='ocrx_word' id='word_1_817' title='bbox 2255 5483 2391 5537; x_wconf 79' lang='grc' dir='ltr'><strong>ἀλλὰ</strong></span> <span class='ocrx_word' id='word_1_818' title='bbox 2425 5484 2642 5554; x_wconf 76' lang='grc' dir='ltr'><strong>δοκήσει</strong></span> <span class='ocrx_word' id='word_1_819' title='bbox 2682 5484 2865 5554; x_wconf 83' lang='grc' dir='ltr'>μόνον,</span> <span class='ocrx_word' id='word_1_820' title='bbox 2899 5495 2957 5538; x_wconf 90' lang='lat' dir='ltr'><strong>ut</strong></span> <span class='ocrx_word' id='word_1_821' title='bbox 3003 5484 3146 5540; x_wconf 87' lang='lat' dir='ltr'><strong>idem</strong></span> <span class='ocrx_word' id='word_1_822' title='bbox 3188 5485 3357 5541; x_wconf 76' lang='lat' dir='ltr'><strong>refert</strong></span> 
     </span>
    </p>
   </div>
   <div class='ocr_carea' id='block_1_118' title="bbox 1769 5573 3356 5646">
    <p class='ocr_par' dir='ltr' id='par_1_118' title="bbox 1769 5573 3356 5646">
     <span class='ocr_line' id='line_1_118' title="bbox 1769 5573 3356 5646; baseline 0.003 -18"><span class='ocrx_word' id='word_1_823' title='bbox 1769 5575 2129 5646; x_wconf 84' lang='lat' dir='ltr'><strong>Epiphanius.</strong></span> <span class='ocrx_word' id='word_1_824' title='bbox 2165 5574 2463 5629; x_wconf 85' lang='lat' dir='ltr'><strong>Menander</strong></span> <span class='ocrx_word' id='word_1_825' title='bbox 2488 5584 2670 5628; x_wconf 87' lang='lat' dir='ltr'><strong>autem</strong></span> <span class='ocrx_word' id='word_1_826' title='bbox 2707 5575 2932 5640; x_wconf 90' lang='lat' dir='ltr'><strong>multos,</strong></span> <span class='ocrx_word' id='word_1_827' title='bbox 2961 5585 3098 5632; x_wconf 84' lang='lat' dir='ltr'><strong>teste</strong></span> <span class='ocrx_word' id='word_1_828' title='bbox 3136 5573 3356 5632; x_wconf 83' lang='lat' dir='ltr'><strong>Justino</strong></span> 
     </span>
    </p>
   </div>
   <div class='ocr_carea' id='block_1_119' title="bbox 1768 5666 3354 5740">
    <p class='ocr_par' dir='ltr' id='par_1_119' title="bbox 1768 5666 3354 5740">
     <span class='ocr_line' id='line_1_119' title="bbox 1768 5666 3354 5740; baseline -0.001 -17"><span class='ocrx_word' id='word_1_829' title='bbox 1768 5677 2010 5740; x_wconf 87' lang='lat' dir='ltr'><strong>martyre</strong></span> <span class='ocrx_word' id='word_1_830' title='bbox 2035 5708 2051 5733; x_wconf 92' lang='lat'><strong>,</strong></span> <span class='ocrx_word' id='word_1_831' title='bbox 2099 5668 2406 5723; x_wconf 71' lang='lat' dir='ltr'><strong>Antiochiae</strong></span> <span class='ocrx_word' id='word_1_832' title='bbox 2437 5666 2676 5734; x_wconf 88' lang='lat' dir='ltr'><strong>seduxit,</strong></span> <span class='ocrx_word' id='word_1_833' title='bbox 2708 5681 2850 5738; x_wconf 90' lang='lat' dir='ltr'><strong>quos</strong></span> <span class='ocrx_word' id='word_1_834' title='bbox 2899 5668 3154 5738; x_wconf 81' lang='lat' dir='ltr'><strong>ignorare</strong></span> <span class='ocrx_word' id='word_1_835' title='bbox 3189 5669 3354 5739; x_wconf 88' lang='lat' dir='ltr'><strong>Igna-</strong></span> 
     </span>
    </p>
   </div>
   <div class='ocr_carea' id='block_1_120' title="bbox 1768 5759 3353 5832">
    <p class='ocr_par' dir='ltr' id='par_1_120' title="bbox 1768 5759 3353 5832">
     <span class='ocr_line' id='line_1_120' title="bbox 1768 5759 3353 5832; baseline -0.001 -15"><span class='ocrx_word' id='word_1_836' title='bbox 1768 5762 1879 5818; x_wconf 91' lang='lat' dir='ltr'><strong>tius</strong></span> <span class='ocrx_word' id='word_1_837' title='bbox 1905 5769 2092 5816; x_wconf 88' lang='lat' dir='ltr'><strong>noster</strong></span> <span class='ocrx_word' id='word_1_838' title='bbox 2134 5776 2242 5817; x_wconf 91' lang='lat' dir='ltr'><strong>non</strong></span> <span class='ocrx_word' id='word_1_839' title='bbox 2281 5760 2479 5830; x_wconf 89' lang='lat' dir='ltr'><strong>potuit.</strong></span> <span class='ocrx_word' id='word_1_840' title='bbox 2515 5759 2630 5816; x_wconf 82' lang='lat' dir='ltr'><strong>lino</strong></span> <span class='ocrx_word' id='word_1_841' title='bbox 2673 5775 2739 5818; x_wconf 88' lang='lat' dir='ltr'><strong>ex</strong></span> <span class='ocrx_word' id='word_1_842' title='bbox 2775 5760 3066 5819; x_wconf 82' lang='lat' dir='ltr'><strong>Antiochia</strong></span> <span class='ocrx_word' id='word_1_843' title='bbox 3091 5761 3194 5819; x_wconf 78' lang='lat' dir='ltr'><strong>fuit</strong></span> <span class='ocrx_word' id='word_1_844' title='bbox 3239 5761 3353 5832; x_wconf 85' lang='lat' dir='ltr'><strong>ipse</strong></span> 
     </span>
    </p>
   </div>
  </div>
