3824 6198
371 237 471 295 ενι
1441 236 1501 291 s.
1543 234 1894 303 lGNATIUS.
1937 267 2007 278 —
2044 238 2590 302 ruomconmus.
3553 263 3673 323 292.

376 355 731 414 Saturninus.
765 364 904 413 teste
940 355 1166 421 Irenaeo,
1189 355 1258 411 de
1293 353 1456 426 cujus
1498 363 1681 421 aetate.
1708 356 1800 411 ubi
1830 372 1970 428 opus
1999 363 2046 419 Α
2072 359 2481 431 vindicandam,
2523 365 2670 435 quod
2694 379 2818 437 qua:
2849 366 3031 437 primo
3085 372 3415 443 scripserat,
3457 370 3668 427 directe

376 448 565 516 fuerit,
596 449 762 504 latius
793 449 1152 504 disseremus.
2071 452 2326 511 haeresim
2346 454 2571 512 ferirent
2591 455 2817 515 Ebionis
2847 469 2900 516 et
2919 460 3559 537 Cerinthi,alioruuique
3583 482 3665 522 se-

448 542 575 598 Mox
605 544 747 599 duos
771 558 839 597 ex
881 542 1117 611 epistola
1152 541 1221 595 ad
1264 539 1648 610 Philippenses
1676 540 1831 596 locos
1871 542 1969 596 ιιι-
2071 546 2189 619 ipso
2211 552 2610 622 antiquiorum,
2641 563 2740 609 aut
2761 570 2860 610 sua
2890 565 3074 625 aetate,
3104 570 3229 630 post
3256 561 3513 616 omnium
3538 576 3663 632 apo—

375 637 550 702 ducit.
583 634 895 701 manifeste,
926 644 987 689 ut
1015 633 1116 697 ait.
1142 633 1425 704 pnisanles
1451 632 1744 700 Praxeam.
1772 641 1970 704 Ρτωιθτ
2069 641 2342 698 stolarum
2386 653 2654 714 mortem,
2716 647 2967 704 eamdem
3022 651 3251 709 liberius
3292 653 3666 709 disseminan-

373 744 473 785 eos
496 744 639 799 quos
672 737 829 783 antea
861 727 1172 782 adduxerat
1199 745 1213 781 :
1238 734 1396 780 erant
1424 734 1609 781 autem
1635 726 1801 780 etiam
1835 726 1873 779 ii
1899 732 1991 783 ex'
2069 734 2231 791 tium.

374 819 563 874 eadem
595 818 854 888 epistola,
890 828 987 872 aut
1036 818 1124 872 illa
1167 818 1236 872 ad
1285 815 1608 911 Tarsenses.
1640 815 1752 872 Nos
1782 828 1965 872 autem
2684 851 2914 909 CAPUT
2954 852 3043 911 ηι,

372 916 622 963 neutram
643 907 1794 979 defendimus,utramquemanil’estissime
1816 924 1970 967 com-
2068 964 2110 1018 Α
2698 907 2739 909 “⁷
2778 972 2791 985 .
2835 971 2847 983 _
3538 977 3551 991 .

372 999 682 1046 mentitiam
715 999 1062 1046 nrnﬁtemur-
2120 975 2450 1046 '9“""”2‘“m
2496 986 2533 1046 .a
2580 966 2846 1046 νέίίῖἶωῖη
2886 970 3009 1046 8³9⁸
3046 973 3268 1029 ducmm
3317 987 3643 1046 Ρνοροηηντ

533 1000 544 1011 ,
578 999 589 1010 ,
2068 999 2133 1018 nl
2183 999 2450 1019 urllcuuwu
2499 999 2533 1022 ιι
2588 999 2846 1024 γαιωιιυη
2886 999 2944 1026 οῖ
2982 999 3009 1025 σ
3046 999 3149 1027 ιιαο
3180 999 3268 1028 um
3358 999 3384 1028 T
3646 1018 3661 1033 ι

372 999 1078 1115 ‘“‘31‘.‘1‘.'f‘.'.‘l":f?'.‘f‘i'1‘.‘.‘:
2140 999 2799 1115 Ϊηιτοίέαεερνίω,υαιιωί
2833 999 3666 1115 ερηίὲεεηνωινείειῖηεξεΐέυὲςε

443 1090 689 1161 Denique
734 1090 1083 1146 Theodotum
1132 1090 1451 1147 Coriarium
1497 1092 1692 1148 iterum
1723 1093 1953 1160 adducit.

2155 1108 2289 1188 tario
2312 1090 2546 1163 lectione
2556 1090 2770 1188 {rid};
3106 1090 3665 1188 ῖηίὲέῆἆὲἶᾶῗέίρᾶζ

371 1198 438 1237 ac
461 1182 509 1237 si
541 1182 904 1254 epistularum
940 1191 1136 1237 auctor
1161 1197 1286 1236 eum
1320 1183 1486 1238 etiam
1519 1182 1787 1249 novisset,
1817 1185 1967 1255 quod
2139 1180 2319 1256 demit!
2341 1195 2614 1256 ρενρεῃᾳιη
2636 1180 2947 1256 aduocatum
2981 1183 3130 1256 Mala
3154 1180 3286 1256 ﬁdes
3312 1180 3550 1243 Petavio'
3571 1190 3666 1242 im-

368 1275 537 1329 ctiam
575 1249 644 1328 in
680 1271 998 1329 Usseriauis
1043 1273 1189 1329 illius
1236 1274 1579 1343 blasphemia
1608 1249 1878 1331 refutata-s

2156 1249 2327 1329 tuerito
2365 1250 2674 1332 ascribitur.
2709 1251 2906 1309 Irenwt'
2940 1249 3211 1311 silentium
3244 1257 3469 1313 Eusebii
3502 1260 3666 1314 silen-

370 1328 439 1423 Et
462 1369 685 1439 quidem
716 1368 1136 1438 blasphemiam,
1160 1328 1963 1437 quamV'II‘heodotus‘
2140 1328 2215 1371 uo
2249 1328 2592 1390 “pungunt

372 1461 646 1530 lgnatium
688 1459 1049 1517 Usserianum
1082 1458 1354 1515 reiutasse
1402 1461 1681 1529 concedo;
1716 1460 1968 1517 Theodo-
2138 1453 2367 1512 Leviora
2409 1458 2523 1513 haec
2569 1457 2792 1528 quidem
2837 1471 2998 1529 sunt,
3028 1473 3083 1519 et
3111 1464 3398 1533 omnibus,
3437 1467 3662 1537 opinor,

371 1565 488 1607 tum
522 1552 745 1608 novisse
775 1568 970 1607 rursus
1002 1566 1263 1622 pernego.
1298 1551 1535 1607 Dallaaus
1569 1554 1685 1623 ipse
1708 1553 1967 1609 dubitan-
2066 1548 2359 1616 videntur;
2393 1550 2488 1605 sed
2521 1552 2697 1622 major
2721 1552 2881 1609 nobis
2909 1555 3089 1625 capite
3131 1555 3199 1610 l2
3226 1557 3527 1615 diﬂicultas
3550 1561 3666 1615 ori-

369 1655 453 1700 ter
518 1646 634 1699 hrec
695 1645 999 1714 proponit:
1059 1644 1157 1699 «Si
1211 1660 1337 1698 vera
1374 1652 1543 1711 sunt,
1598 1644 1795 1715 inquit,
1844 1660 1966 1716 quae
2068 1650 2157 1695 tur
2188 1656 2257 1697 ex
2290 1642 2448 1709 loco,
2484 1658 2647 1713 quem
2697 1643 2764 1699 ad
2805 1643 3155 1702 Valentinum
3204 1658 3478 1719 spectare,
3506 1661 3561 1706 et
3600 1653 3667 1707 li-

369 1738 559 1802 (Zaius,
589 1739 703 1792 sive
725 1738 866 1792 alius
892 1736 1037 1806 apud
1062 1736 1359 1791 Eusebium
1391 1736 1627 1806 scriptor
1648 1737 1964 1793 vetustissi-
1994 1731 2038 1787 Β
2066 1732 2189 1787 dem
2232 1741 2543 1805 temporum
2584 1735 2793 1791 violare
2840 1738 3131 1795 manifeste
3174 1742 3400 1809 volunt;
3447 1742 3504 1797 in
3548 1759 3667 1814 quo

368 1846 495 1886 ntus
541 1830 694 1893 dicit,
731 1847 749 1880 ι
811 1827 1158 1882 Theodotum
1180 1868 1193 1883 .
1231 1828 1476 1894 scilicet,
1534 1828 1774 1897 primum
1807 1844 1955 1883 asse.
2066 1823 2373 1881 Salmasius
2395 1834 2449 1881 et
2469 1825 2806 1894 Blondellus,
2828 1837 2955 1903 ante
2975 1828 3260 1899 Dallaeum,
3284 1832 3661 1890 desudarunt.

366 1923 548 1978 ruisse
574 1922 857 1976 Christum
884 1920 1057 1976 fuisse
1084 1919 1290 1973 nudum
1325 1920 1635 1988 hominem;
1660 1913 1789 1991 ipse
1810 1921 1957 1976 enim
2063 1915 2255 1972 Exstat
2286 1918 2375 1974 ille
2404 1919 2625 1989 quidem
2678 1920 2730 1975 iu
2767 1922 2997 1992 epistola
3042 1924 3109 1978 ad
3141 1923 3533 1996 Magnesianos
3556 1968 3573 1991 ,
3608 1938 3667 1983 et

365 2016 570 2084 optime
617 2015 767 2069 novit
794 2014 910 2068 haec
935 2053 950 2078 ,
997 2013 1043 2067 si
1080 2014 1271 2067 stricte
1312 2022 1625 2080 sumantur,
1668 2029 1794 2069 vera
1846 2028 1960 2069 non
2063 2011 2116 2065 in
2143 2010 2334 2067 codice
2369 2010 2609 2068 Mcdiceo
2641 2013 2696 2067 in
2738 2014 2885 2068 hunc
2922 2015 3145 2069 modum
3178 2018 3533 2089 concipitur:
3560 2015 3666 2084 Εἷς

364 2123 523 2172 esse;
570 2106 723 2160 novit
765 2104 903 2160 alios
933 2104 1376 2174 quamplurimos
1412 2103 1506 2157 diu
1550 2113 1677 2158 ante
1703 2102 1874 2159 TheOt

2154 2104 2192 2167 ἱς
2222 2104 2368 2158 ἐστιν
2407 2107 2436 2158 ὁ
2474 2104 2798 2177 φανερώσας
2836 2106 3027 2160 ἑαυτὸν
3053 2107 3145 2161 διὰ
3193 2110 3371 2180 Ἰησοῦ
3413 2112 3664 2183 Χριστοῦ

365 2209 507 2264 ιυιιι,
537 2215 647 2254 non
675 2214 883 2269 paucos
914 2199 1078 2251 etiam
1104 2205 1232 2251 ante
1256 2195 1551 2267 lgnatium,
1576 2197 1826 2253 eamdem
1849 2197 1875 2250 h

2157 2195 2193 2248 ὦ
2225 2196 2415 2263 αὐτοῦ,
2440 2198 2498 2260 ὃς
2527 2199 2675 2250 ἐστιν
2694 2198 2858 2251 αὑτοῦ
2886 2198 3058 2267 Λόγος
3085 2199 3275 2265 ἀΐδιος,
3294 2201 3398 2255 οὐκ
3436 2203 3548 2279 uno
3580 2221 3667 2257 σι-

366 2294 533 2348 resim
567 2292 977 2369 promulgasse,
1013 2304 1250 2360 quorum
1322 2290 1606 2360 catalogus
1649 2292 1793 2361 apud
1825 2290 1957 2361 Epi-
2059 2287 2162 2358 γῆς
2190 2288 2488 2359 προελθών.
2519 2289 2790 2361 lnterpres
2820 2290 3153 2348 Usserianus
3190 2311 3205 2348 :
3248 2312 3267 2345 ι
3300 2291 3461 2350 Unus
3512 2295 3667 2354 Deus

364 2386 628 2456 phauium
663 2384 883 2454 legitur.
924 2381 1030 2437 Sed
1082 2382 1408 2450 scriptorem
1451 2380 1602 2435 illum
1635 2383 1958 2452 antiquissi-
2058 2390 2166 2447 est,
2197 2381 2293 2451 qui
2321 2381 2694 2449 manifestavit
2728 2383 2970 2453 seipsum
3014 2400 3114 2454 per
3142 2383 3330 2441 Jesum
3364 2386 3666 2443 Christum

365 2495 518 2533 tuum
550 2486 744 2541 vocat;
791 2476 1049 2531 dabimus
1087 2474 1254 2545 igitur
1285 2473 1365 2527 illi
1416 2473 1711 2545 σύγχρονον
1742 2474 1957 2531 Tertul-
2058 2472 2259 2528 Filium
2291 2472 2486 2543 ipsius,
2511 2475 2604 2544 qui
2633 2482 2718 2530 est
2747 2473 2920 2545 ipsius
2948 2472 3187 2531 Verbum
3213 2486 3515 2545 aeternum,
3545 2495 3666 2534 non

364 2572 598 2635 lianum,
629 2588 647 2622 t
671 2568 969 2624 Corinthus
994 2566 1270 2622 Christum
1303 2564 1582 2619 hominem
1613 2574 1947 2622 tantummo-
2057 2584 2087 2623 a
2118 2567 2338 2624 silentio
2360 2568 2731 2639 progrediens.
2758 2587 2778 2619 ι
2816 2567 3223 2639 lnterpolatoris
3254 2580 3441 2626 autem
3491 2589 3668 2642 para-

363 2665 438 2719 do
468 2664 588 2719 sine
635 2662 841 2717 deitate
893 2659 1194 2715 contendit.
1230 2676 1248 2710 ι
1306 2657 1374 2713 Et
1421 2674 1659 2715 rursus:
1696 2676 1716 2710 α
1748 2659 1873 2714 Ροιε

2154 2659 2279 2715 'asis
2312 2660 2386 2715 ita
2417 2675 2475 2715 se
2502 2659 2665 2714 habet
2693 2676 2705 2713 :
2742 2655 2836 2724 Εἷς
2857 2661 2986 2725 Θεός
3013 2664 3162 2716 ἐστιν
3181 2664 3210 2716 ὁ
3228 2665 3664 2739 παντοκράτωρ,

366 2758 483 2811 haec
506 2755 692 2826 opinio
724 2752 918 2807 Ebioni
952 2751 1269 2817 convenire,
1302 2750 1396 2822 qui
1426 2751 1633 2806 nudum
1676 2752 1876 2807 homim

2160 2751 2438 2825 πνερώσας
2467 2752 2658 2806 ἑαυτὸν
2686 2752 2774 2806 διὰ
2816 2752 2989 2824 Ἰησοῦ
3010 2754 3247 2825 Χριστοῦ
3274 2755 3372 2808 τοῦ
3405 2757 3540 2811 Υἱοῦ
3562 2759 3670 2813 αὑ-

363 2847 652 2902 coustituit
676 2843 885 2901 Jesum.
915 2862 934 2896 ι
984 2842 1111 2899 Haec
1143 2844 1233 2899 ille
1273 2843 1411 2898 libro
1439 2842 1517 2897 De
1545 2861 1701 2899 carne
1729 2844 1873 2901 Chria

2155 2843 2240 2909 ,ὅς
2260 2844 2407 2897 ἐστιν
2436 2843 2602 2898 αὑτοῦ
2633 2844 2807 2913 Λόγος
2828 2845 2889 2898 οὐ
2911 2847 3093 2917 ρητὸς,
3132 2847 3244 2901 ἀλλ’
3262 2848 3561 2922 οὒσιώδηςο
3598 2853 3665 2905 οὐ

367 2938 629 2992 Dabimus
654 2936 790 2992 Caio
824 2936 1190 3006 antiquiorem
1223 2935 1487 2989 Irenaeum
1515 2978 1529 3001 ,
1564 2938 1659 3007 qui
1692 2938 1786 2993 lib.
1822 2955 1864 3001 ι.

2159 2957 2162 2977 ι
2203 2936 2319 2988 ἐστι
2358 2934 2545 2999 λαλιᾶς
2604 2936 2868 3009 ἐνάρθρου
2906 2936 3170 3010 φώνημα,
3214 2940 3330 2993 ἀλλ’
3370 2942 3669 3014 ἐνεργείας

364 3029 456 3095 25,
485 3030 551 3085 de
584 3028 850 3084 Cerintho
877 3029 994 3083 hazc
1040 3028 1242 3082 habet:
1281 3046 1300 3079 t
1330 3028 1516 3083 Jesum
1552 3038 1732 3084 autem
1765 3031 1874 3100 sub;

2159 3027 2241 3098 τῆς
2262 3027 2419 3081 οὐσία
2440 3032 2695 3101 γεννητή.
2721 3028 2993 3100 lnterpres
3016 3032 3272 3102 vulgatus
3296 3047 3311 3084 :
3342 3053 3361 3082 ι
3389 3031 3553 3090 Unus
3576 3044 3669 3091 est

363 3124 434 3178 cit
462 3138 568 3176 non
598 3138 665 3176 ex
696 3120 921 3193 Virgine
953 3130 1141 3175 natum
1174 3122 1540 3192 (impossibile
1584 3122 1731 3177 enim
1768 3123 1873 3179 hoc
1901 3125 1950 3178 ci
1981 3117 2021 3128 ’⁸
2055 3117 2199 3175 Deus
2232 3120 2605 3190 omnipotens,
2637 3121 2730 3192 qui
2760 3120 3131 3178 manifestavit
3154 3123 3403 3192 seipsum
3434 3141 3534 3195 per
3563 3124 3668 3181 Je-

361 3217 543 3271 visum
574 3221 701 3283 est),
736 3216 908 3272 fuisse
943 3225 1127 3271 autem
1175 3233 1302 3274 eum
1346 3216 1550 3288 Joseph
1592 3228 1647 3274 et
1684 3217 1868 3274 Maria;
1899 3221 1955 3274 ﬁ.
2054 3223 2176 3266 sum
2207 3210 2488 3267 Christum
2517 3213 2718 3267 Filium
2738 3229 2922 3279 suum,
2954 3215 3048 3284 qui
3074 3224 3158 3269 est
3179 3213 3424 3270 Verbum
3452 3208 3664 3287 ipsius,

362 3310 529 3373 lium,
567 3310 822 3365 similiter
860 3318 921 3365 ut
958 3309 1153 3379 reliqui
1199 3325 1390 3365 omnes
1431 3310 1699 3366 homines.
1734 3328 1753 3363 ι
1804 3309 1949 3366 Idem
2055 3318 2169 3358 non
2209 3303 2568 3375 prolativum,
2599 3307 2832 3374 scilicet,
2867 3306 2963 3363 sed
2993 3308 3400 3377 substantiale;
3432 3328 3549 3366 non
3572 3312 3667 3367 lo-

360 3403 540 3473 capite
584 3403 834 3473 sequenti
880 3419 894 3455 :
943 3420 962 3454 t
1011 3403 1115 3469 Qui
1146 3415 1329 3457 autem
1381 3402 1639 3457 dicuntur
1682 3401 1948 3469 Ebionaai,
2053 3397 2203 3453 cutio
2233 3397 2538 3454 articulatm
2568 3398 2757 3467 vocis,
2787 3399 2882 3455 sed
2927 3400 3176 3469 operatio
3207 3398 3484 3471 Deitatis,
3519 3404 3670 3460 sub.

360 3491 715 3549 Consentium
748 3491 970 3561 quidem
1007 3492 1270 3546 mundum
1306 3506 1336 3547 a
1364 3491 1473 3547 Deo
1498 3491 1702 3547 factum
1725 3510 1741 3559 ;
1765 3507 1828 3546 ea
1853 3507 1952 3547 au-
2051 3478 2279 3555 stantia,
2311 3491 2541 3557 scilicet,
2572 3490 2775 3563 genita.
2816 3509 2835 3542 ι

359 3594 469 3640 tem
506 3600 628 3654 quae
658 3593 789 3638 sunt
818 3599 943 3653 erga
970 3583 1287 3647 Dominum,
1322 3598 1430 3638 non
1480 3584 1737 3639 similiter
1797 3583 1950 3655 [lego
2124 3582 2201 3639 De
2244 3584 2331 3641 his
2372 3584 2557 3639 verbis
2587 3583 2719 3654 quid
2746 3581 2957 3652 judicet
2992 3582 3175 3638 dicere
3208 3584 3390 3640 voluit
3421 3586 3508 3641 vir
3551 3589 3668 3645 do-

361 3675 755 3747 consimiliter]
799 3684 860 3729 ut
896 3675 1191 3730 Corinthus
1216 3686 1269 3729 et
1309 3674 1671 3744 Carpocrates
1715 3676 1950 3745 opinan-
2050 3676 2329 3731 ctissimus
2374 3685 2665 3743 antequam
2716 3680 3097 3744 argumentum
3138 3674 3319 3742 ipsum
3359 3678 3662 3747 explicare

361 3776 471 3821 tur.
508 3787 527 3819 ι
561 3765 639 3821 Ne
661 3777 845 3821 autem
890 3768 1260 3821 emendationi
1290 3778 1489 3823 nostra:
1521 3768 1677 3822 inniti
1716 3768 1948 3824 nimium
2050 3784 2116 3824 ac
2138 3769 2277 3824 tueri
2322 3768 2738 3839 aggrederetur;
2769 3766 2865 3821 sed
2888 3781 2985 3835 pro
3012 3765 3221 3834 judicio
3248 3783 3354 3823 suo
3378 3769 3665 3828 inanissiv

360 3859 666 3925 videamur,
700 3859 842 3913 idem
892 3859 988 3913 lib.
1030 3876 1105 3924 tv,
1148 3874 1200 3913 c.
1252 3859 1322 3913 58
1363 3878 1376 3914 :
1426 3858 1732 3931 Ἀνακρινεῖ
1761 3860 1820 3914 δὲ
1854 3862 1949 3915 καὶ
2051 3874 2198 3916 mam
2235 3860 2607 3929 conjecturam
2640 3858 2883 3928 protulit.
2927 3876 2945 3908 t
2972 3854 3163 3923 Nemo,
3200 3859 3402 3928 inquit,
3438 3868 3664 3918 tantam

358 3952 488 4015 τοὺς
523 3951 889 4015 Ἑὸιωναίους,
938 3950 1065 4015 Πῶς
1092 3951 1345 4005 δύνανται
1402 3952 1659 4024 σωθῆναι,
1703 3956 1751 4007 εἰ
1810 3952 1868 4025 μὶ

2159 3970 2190 4007 ει·
2217 3951 2528 4021 lgnatianos
2556 3950 2776 4006 codices
2801 3949 3175 4004 diversitatem
3204 3968 3340 4007 casu
3371 3956 3669 4013 accidisse

361 4042 495 4107 Θεὸς
523 4039 590 4116 ἦν
617 4046 645 4097 ὁ
666 4043 765 4115 τὴν
790 4042 1062 4114 σωτηρίαν
1091 4042 1269 4097 αὐτῶν
1298 4044 1391 4096 ἐπὶ
1420 4044 1525 4115 γῆς
1553 4047 1871 4119 ἐργασάμενι

2156 4045 2323 4101 sehit:
2346 4062 2364 4097 ι
2394 4044 2513 4099 sine
2542 4043 2713 4097 dubio
2737 4057 2920 4097 nemo.
2951 4040 3332 4112 Quisquamne
3368 4054 3482 4100 tam
3513 4046 3666 4103 futt-

359 4132 395 4205 ἢ
424 4133 543 4197 πῶς
571 4133 857 4206 ἄνθρωπος
886 4135 1126 4205 χωρήσει
1146 4134 1226 4197 εἰς
1248 4132 1400 4199 Θεὸν,
1435 4136 1483 4187 εἰ
1515 4134 1589 4207 μὴ
1615 4137 1644 4189 ὁ
1671 4137 1805 4201 Θεὸς
1821 4140 1869 4209 ὲ)

2200 4147 2305 4203 est,
2336 4145 2398 4191 ut
2448 4142 2625 4205 putet,
2663 4133 2735 4187 ab
2792 4152 2811 4184 ι
2848 4133 3311 4202 antiquariorum,
3347 4138 3492 4193 alias
3549 4156 3665 4209 pro

363 4227 502 4301 ρήθη
532 4229 611 4291 εἰς
628 4228 936 4299 ἄνθρωπον.
963 4226 1133 4283 Vetus
1163 4228 1434 4297 interpres
1460 4246 1474 4282 :
1510 4248 1528 4281 ι
1555 4228 1827 4287 Judicabit
1847 4248 1873 4287 a

2156 4243 2170 4283 ι
2205 4226 2414 4282 litteras
2456 4232 2552 4279 aut
2585 4238 2749 4278 voces
2768 4223 3149 4287 scribentium,
3182 4225 3526 4296 negligentia
3572 4234 3666 4287 vel

360 4326 468 4369 tem
516 4324 569 4370 et
616 4314 933 4382 Ebionitas,
983 4316 1262 4386 quomodo
1310 4328 1543 4387 possunt
1570 4320 1793 4387 salvari,
1836 4322 1945 4379 nisi
2047 4334 2232 4375 errore
2255 4317 2513 4389 simplici,
2546 4333 2565 4369 ι
2612 4317 2880 4372 extribus
2914 4316 3196 4372 vocabulis
3227 4318 3370 4375 duas
3397 4321 3669 4394 integras

364 4408 506 4463 Deus
539 4417 642 4474 est,
667 4408 761 4479 qui
786 4410 1020 4464 salutem
1056 4424 1243 4463 eorum
1271 4425 1436 4480 super
1460 4423 1659 4466 terram
1692 4423 1951 4483 operatus
1982 4418 2029 4479 ι)
2054 4412 2227 4467 lineas
2263 4420 2318 4467 et
2348 4410 2529 4466 verbis
2558 4419 2612 4465 et
2661 4409 2885 4480 syllabis
2930 4418 2983 4464 et
3012 4410 3229 4477 litteris,
3264 4414 3518 4470 maxime
3573 4419 3673 4475 di-

359 4500 487 4552 est?
521 4497 588 4553 Et
614 4500 1082 4569 quemadmodum
1112 4500 1282 4554 homo
1314 4502 1544 4557 transiet
1578 4504 1632 4557 in
1668 4503 1862 4571 Deum,
1897 4507 1945 4562 si
2050 4517 2240 4557 versas
2283 4510 2442 4556 natas
2486 4500 2647 4555 esse?
2681 4497 3067 4571 Quisquamne
3101 4510 3209 4555 tatu
3248 4500 3465 4572 fatuus,
3498 4519 3567 4563 ut
3603 4511 3669 4565 in

360 4605 469 4644 non
499 4590 643 4645 Deus
674 4592 728 4645 in
754 4592 1071 4646 hominem?
1103 4611 1121 4644 ι
1156 4591 1276 4648 Νοη
1307 4602 1488 4648 autem
1518 4593 1693 4649 Ebiou
1730 4606 1944 4653 tantum
2050 4592 2136 4647 his
2168 4592 2470 4662 praesertim
2513 4589 2760 4660 epistolis
2782 4631 2798 4654 ,
2847 4591 3050 4660 quibus
3102 4591 3492 4663 interpolator,
3545 4617 3669 4657 non

359 4682 452 4736 diu
484 4691 610 4736 ante
644 4681 836 4753 lgnatii
863 4684 1190 4757 martyrium
1224 4685 1381 4749 vixit,
1418 4686 1510 4741 sed
1541 4696 1597 4741 et
1624 4686 1944 4759 Cerinthus,
2050 4691 2261 4736 lanlum
2286 4680 2588 4736 sententias
2615 4681 2848 4752 aliQuot,
2865 4683 2958 4737 sed
2983 4692 3037 4736 et
3067 4683 3313 4755 integras
3341 4687 3674 4758 aliquando

359 4775 454 4844 qui
489 4772 547 4827 S.
580 4773 780 4828 Joanni
814 4785 978 4831 notus
1010 4776 1133 4831 fuit.
1162 4776 1321 4843 Quod
1355 4777 1399 4833 si
1438 4778 1799 4848 interpolator
1823 4781 1947 4836 illu-
2049 4774 2276 4844 paginas
2316 4772 2570 4838 inseruit.
2603 4789 2726 4827 eum
2760 4773 3029 4844 insignem
3069 4775 3313 4845 aliquam
3342 4779 3676 4838 diversita-

359 4876 538 4923 strare
589 4877 644 4922 et
698 4869 1035 4939 ampliﬁcare
1093 4871 1320 4925 studens
1374 4886 1438 4925 ea
1498 4887 1621 4940 quae
1681 4874 1945 4929 adversus
2048 4876 2159 4921 lem
2202 4865 2678 4930 animadverterit.
2712 4864 2779 4919 de
2819 4866 3264 4935 antiquariorum
3306 4872 3677 4943 negligentia

357 4959 645 5015 Ebionitas
667 4971 720 5015 et
765 4959 1010 5016 Cerinthi
1060 4962 1365 5033 discipulos
1413 4963 1617 5033 scripta
1664 4974 1827 5032 sunt,
1876 4967 1944 5021 ad
2048 4966 2142 5013 aut
2174 4974 2364 5013 errore
2404 4957 2641 5029 cogitet?
2672 4955 3210 5029 Quorsumrqumso,
3254 4961 3377 5017 huic
3417 4969 3681 5025 cautio?

355 5052 705 5108 Theodotum
730 5053 978 5109 eamdem
998 5055 1247 5110 haeresim
1267 5057 1686 5111 resuscitantem
1702 5056 1947 5112 refcren-
2046 5048 2271 5117 Νιειηβθ,
2305 5050 2351 5105 Si
2400 5050 2506 5104 hoc
2551 5066 2685 5105 casu
2737 5066 2844 5104 ηοη
2900 5051 3121 5117 θεοίάὶιν
3159 5070 3178 5103 ί
3212 5068 3381 5109 nemo
3423 5062 3684 5129 negabit.

355 5145 423 5201 da
454 5146 704 5214 censuit;
737 5162 807 5200 an
833 5146 1002 5216 igitur
1021 5147 1231 5216 putavit
1251 5146 1597 5201 Theodotum
1623 5148 1801 5216 primo
1824 5148 1942 5216 epi-
2046 5142 2321 5206 consulto,
2354 5150 2407 5194 et
2433 5140 2504 5193 ob
2530 5141 2771 5210 aliquam
2822 5142 3097 5196 rationem
3126 5142 3195 5195 ab
3236 5142 3684 5214 interpolatum

356 5237 621 5291 stolarum
655 5237 911 5307 scriptori
944 5247 1135 5292 notum
1172 5236 1383 5292 fuisse?
1410 5236 1545 5290 Illud
1576 5236 1803 5290 omnino
1830 5251 1942 5291 non
2046 5241 2316 5287 mutatum
2346 5231 2521 5285 fuisse
2560 5230 2710 5285 hunc
2758 5232 3045 5301 scriptoris
3086 5248 3429 5290 sermonem.
3467 5255 3488 5290 ι
3539 5237 3685 5297 lmo

358 5330 638 5397 sequitur;
676 5330 847 5384 multa
879 5330 1025 5384 enim
1055 5330 1172 5398 ipse
1199 5327 1455 5389 inseruit,
1480 5343 1603 5397 quae
1633 5327 1701 5381 ad
1726 5334 1941 5382 aetatem
2046 5341 2175 5378 vero
2208 5325 2334 5379 licet
2377 5338 2508 5379 casu
2552 5339 2664 5377 non
2712 5322 2998 5392 acciderit,
3025 5325 3099 5379 ita
3153 5335 3342 5381 tamen
3385 5333 3685 5390 consulto

356 5419 519 5487 primi
574 5420 859 5490 scriptoris
905 5421 1115 5476 referre
1152 5421 1307 5474 nullo
1339 5421 1504 5477 modo
1553 5420 1750 5490 potuit.
1784 5419 1943 5486 Quod
2046 5417 2249 5473 factum
2279 5431 2422 5480 esse,
2456 5424 2517 5470 ut
2549 5416 2690 5471 ratio
2715 5416 2898 5486 aliqua
2945 5417 3243 5487 peculiaris
3272 5419 3687 5491 interpolato-

358 5511 405 5564 si
438 5513 514 5565 ita
540 5513 915 5570 existimasset
944 5515 1142 5583 planus
1180 5513 1291 5577 ille,
1337 5514 1404 5566 ad
1456 5529 1558 5569 nos
1599 5512 1773 5578 nihil;
1808 5513 1943 5568 satis
2049 5525 2158 5565 rem
2202 5508 2270 5563 ad
2320 5524 2385 5564 ea
2424 5509 2778 5579 potissimum
2809 5510 2977 5571 verba
3010 5510 3277 5566 mutanda
3333 5513 3687 5584 impulerit,

357 5601 502 5654 enim
535 5610 620 5655 cst
653 5603 719 5657 ad
747 5605 1001 5659 tuendam
1038 5602 1197 5672 primi
1231 5601 1518 5670 scriptoris
1561 5601 1941 5672 antiquitatem
2045 5616 2154 5654 non
2186 5604 2465 5670 sequitur:
2499 5601 2616 5669 ipsa
2640 5601 2915 5670 generalis
2940 5601 3310 5671 interpolandi
3338 5608 3695 5677 paraphra-

360 5696 414 5743 ct
445 5689 515 5744 ab
562 5692 880 5763 impostoris
924 5693 1075 5747 illius
1107 5691 1476 5762 jametandcm
1526 5692 1651 5749 [icta
1682 5690 1944 5762 opinione
2045 5689 2289 5763 sticeque
2310 5691 2495 5748 omnia
2520 5705 2660 5761 pene
2680 5692 2991 5759 exponendi
3015 5692 3182 5771 ratio,
3209 5702 3270 5749 ut
3295 5696 3457 5766 alibi,
3484 5701 3696 5763 etiam
