3770 6320
180 324 287 381 “295

190 453 237 500 et
263 444 348 499 hic
384 444 597 501 sufficit.
638 446 713 502 Ex
746 450 1005 507 omnibus
1042 454 1557 524 interpolationibus
1598 459 1747 515 nulla

189 553 306 593 casu
348 536 484 593 facta
530 549 653 595 est:
690 541 785 596 sed
812 542 905 612 qui
950 544 1292 615 singularum
1327 548 1601 605 rationem
1644 551 1749 605 ali-

185 647 335 702 quam
367 632 693 701 peculiarem
747 634 1049 690 reddiderit
1105 653 1339 707 magnus
1369 651 1516 696 certe
1553 643 1749 712 Apollo

186 725 295 780 crit.
326 724 493 779 Mutat
543 726 807 796 impostor
852 727 941 782 ille
988 728 1268 799 prolibitu
1316 733 1504 788 omnia
1542 752 1556 788 :
1600 751 1748 791 nunc

183 817 391 886 phrases
409 817 759 875 obscuriores
786 820 943 890 plane
963 822 1185 889 omittit,
1208 840 1355 880 nunc
1380 826 1503 880 aliis
1533 827 1745 896 planio-

184 908 319 964 ribus
343 910 617 979 exprimit,
647 927 793 966 nunc
816 914 1171 982 planissimas
1194 917 1354 971 aliter
1381 918 1570 984 refert,
1598 936 1746 979 nunc

183 1000 462 1072 Scriptura:
512 1002 631 1058 loca
679 1004 977 1073 interserit,
1011 1022 1160 1063 nunc
1195 1009 1278 1063 sui
1322 1012 1583 1080 temporis
1611 1027 1744 1067 con-

181 1094 480 1149 suetudines
503 1090 743 1159 infercit,
770 1113 915 1153 nunc
946 1114 1077 1156 suas
1109 1101 1416 1158 sententias
1443 1102 1742 1174 aliquando

179 1184 433 1253 longiores
492 1186 682 1256 ῥήσεις
733 1185 937 1257 lgnatio
992 1194 1284 1261 supponit;
1335 1195 1409 1248 ita
1461 1193 1740 1266 lgnatiana

177 1277 342 1331 omnia
387 1276 665 1334 illustrare
707 1288 762 1333 et
811 1282 1147 1351 ampliﬁcare
1182 1287 1409 1345 studens
1448 1306 1550 1346 sua
1587 1289 1736 1347 fecit.

177 1367 224 1423 In
267 1369 363 1424 bac
412 1368 531 1439 ipsa
580 1371 813 1440 epismla
856 1374 923 1428 ad
951 1374 1339 1447 Magnesianos
1378 1382 1594 1439 libidini
1625 1401 1740 1441 sua:

175 1468 436 1530 tantopere
486 1462 734 1528 indulsit,
763 1474 823 1518 ut
867 1466 958 1520 vix
1009 1474 1120 1523 tres
1148 1478 1245 1523 aut
1277 1480 1516 1541 quatuor
1543 1489 1736 1532 versus

175 1552 421 1619 invenias,
453 1552 507 1608 in
532 1555 734 1624 quibus
762 1557 900 1611 nihil
925 1558 1273 1617 immutavit;
1309 1574 1369 1619 ut
1394 1566 1595 1622 mirum
1626 1584 1733 1623 non

172 1644 251 1709 sit,
279 1645 321 1700 si
337 1646 563 1702 omnino
587 1646 788 1702 frustra
814 1665 996 1705 causa:
1035 1652 1234 1723 aliquae
1271 1659 1573 1725 praesertim
1601 1661 1736 1716 sub-

183 1736 291 1791 tiles
336 1737 531 1792 barum
585 1738 1030 1797 immutationum
1076 1757 1414 1815 quaerantur.
1468 1749 1577 1807 Pro
1612 1752 1731 1806 θεο-

169 1827 528 1899 πρεπεστάτου
563 1832 753 1886 scribit
787 1833 932 1885 θείου
968 1835 1061 1888 καὶ
1084 1838 1358 1904 ποθεινοῦ,
1393 1857 1520 1898 cum
1550 1852 1727 1900 tamen

166 1938 271 1977 eam
303 1937 488 1978 vocem
527 1924 657 1979 alibi
685 1925 1011 1995 retinuerit;
1061 1944 1162 1999 pro
1193 1930 1549 2003 διαφυγόντες
1593 1936 1729 1990 Θεοῦ

166 2012 465 2085 τευξόμεθα,
502 2015 668 2069 habet
696 2025 907 2071 tantum
933 2019 1322 2090 διαφεύξεσθε;
1359 2040 1462 2096 pro
1487 2030 1730 2100 συγχρᾶ-

166 2106 291 2169 σθαι,
324 2110 715 2179 καταφρονεῖνς
744 2125 843 2179 pro
872 2112 1015 2165 κατὰ
1042 2113 1293 2187 δύναμιν,
1313 2119 1452 2190 μετὰ
1471 2119 1726 2194 γνώμηνς

163 2214 247 2268 pro
268 2200 499 2272 οὺιπρὸς
529 2202 710 2273 σάρκα
742 2204 770 2256 ὀ
804 2204 997 2274 Λόγος,
1018 2206 1155 2263 ἀλλὰ
1188 2210 1328 2282 πρὸς
1361 2212 1515 2279 Θεόν,
1538 2214 1730 2270 scribit

161 2291 213 2342 οὐ
243 2292 369 2364 πρὸς
400 2292 713 2365 ἄνθρωπον,
750 2295 885 2350 ἀλλὰ
920 2297 1058 2369 πρὸς
1090 2298 1224 2353 Θεὸν
1258 2300 1371 2373 ἔχει
1403 2305 1501 2375 τὴν
1533 2305 1730 2375 ἀναφο-

164 2381 286 2452 ράν;
320 2399 417 2453 pro
474 2386 617 2439 κατὰ
669 2386 940 2459 μηδεμίαν
988 2389 1311 2462 ὑπόκρισιν,
1374 2394 1515 2449 κατὰ
1560 2397 1727 2468 μηδὲν

161 2474 290 2546 αὐτῷ
321 2477 659 2546 ἁντιλέγεινς
696 2494 796 2549 pro
829 2479 1063 2547 ἕκαστος
1110 2486 1191 2549 εἰς
1234 2485 1325 2539 τὸν
1361 2486 1492 2541 ἴδιον
1537 2490 1722 2556 τόπον,

159 2564 363 2631 Exacto;
396 2567 507 2621 τῶν
540 2568 834 2640 ᾑρημένων
876 2573 956 2634 εἰς
990 2572 1082 2626 τὸν
1114 2574 1280 2628 τόπον
1326 2575 1421 2629 τοῦ
1469 2578 1724 2650 εὑρεθέν-

159 2674 267 2724 τος;
302 2667 473 2715 totum
520 2662 757 2732 denique
790 2663 972 2719 locum
1008 2666 1076 2721 de
1097 2665 1313 2723 duobus
1359 2673 1598 2729 nummis
1650 2674 1724 2730 ita

160 2748 505 2820 interpolavit,
559 2762 620 2807 ut
668 2771 736 2810 ne
785 2755 898 2811 duo
943 2757 1164 2827 quidem
1200 2759 1392 2831 lgnatii
1452 2764 1721 2822 voeabula

159 2844 279 2912 apud
295 2859 413 2897 eum
446 2845 613 2899 simul
634 2849 995 2917 reperiantur.
1020 2849 1283 2917 Qutenam
1312 2855 1495 2909 autem
1522 2855 1720 2913 borum

158 2933 480 3005 aliorumque
512 2936 757 3006 ejusdem
794 2938 985 2996 farina":
1011 2944 1548 3014 quamplurimorum
1576 2949 1719 3005 ratio

157 3026 285 3079 reddi
308 3037 507 3096 potest,
547 3028 652 3083 nisi
678 3032 822 3099 quod
859 3031 1054 3087 melius
1082 3049 1140 3088 se
1192 3034 1435 3091 scribere
1471 3038 1719 3103 potuisse

156 3118 341 3184 putavit
360 3120 563 3188 planus
590 3121 700 3185 ille,
729 3138 894 3191 quam
924 3124 1224 3194 scripserat
1246 3124 1514 3197 Ignatius.

214 3209 307 3266 Sed
348 3230 446 3268 cur
486 3214 601 3270 haec
629 3216 974 3285 potissimum
1006 3218 1267 3273 mutanda
1305 3220 1713 3277 existimaverit

156 3302 510 3374 interpolator,
542 3308 596 3361 in
646 3318 906 3379 promptu
949 3320 1034 3364 est
1078 3310 1198 3363 viro
1224 3310 1546 3367 doctissimo
1573 3312 1714 3366 ratio

156 3408 244 3448 non
280 3397 535 3452 obscura.
586 3418 604 3450 ε
633 3396 685 3454 ls
716 3400 863 3453 enim
891 3400 1099 3455 veritus
1138 3411 1223 3456 est
1252 3416 1320 3456 ne
1356 3402 1458 3457 ista
1490 3404 1535 3458 si
1569 3403 1713 3473 lege-

153 3498 338 3556 rentur,
364 3490 631 3560 epistolas
662 3506 770 3545 non
797 3490 1011 3562 lgnatii.
1049 3492 1143 3547 sed
1183 3493 1411 3548 alterius
1441 3496 1712 3552 recentio-

154 3577 219 3631 ris
256 3594 369 3634 esse
417 3582 736 3649 proderent.
772 3600 789 3633 ι
852 3581 897 3636 0
944 3583 1267 3652 praeclarum
1304 3583 1713 3655 interpolatoris

155 3666 436 3739 ingenium!
466 3690 499 3725 ο
526 3682 840 3729 emunctam
891 3677 1114 3729 narem!
1172 3691 1205 3729 0
1234 3676 1522 3731 subactum
1561 3676 1712 3746 judi-

155 3761 307 3817 cium!
357 3764 514 3830 Quod
548 3764 844 3835 Origenes,
878 3768 1023 3838 quod
1067 3766 1360 3834 Eusebius,
1387 3768 1534 3840 quod
1582 3768 1712 3824 Dio-

152 3853 317 3922 nysius
332 3864 383 3909 et
407 3857 522 3926 ipse
542 3857 758 3926 planus,
779 3858 925 3927 quod
942 3858 1301 3925 Athanasius,
1320 3858 1706 3931 Hieronymus,

152 3940 540 4013 Thcodoretus,
573 3949 825 4005 Gelasius
872 3951 1057 4005 videre
1103 3966 1213 4005 non
1266 3961 1581 4021 potuerunt,
1618 3952 1709 4007 ille

152 4037 308 4091 statim
340 4041 603 4095 odoratus
648 4051 763 4108 est,
796 4042 896 4096 has
946 4042 1159 4097 scilicet
1207 4043 1468 4112 epistolas
1515 4042 1707 4113 lgnatii

151 4131 378 4200 martyris
407 4148 531 4188 esse
568 4149 676 4187 non
707 4128 891 4204 posse,
918 4150 948 4189 a
977 4135 1289 4190 recentiore
1315 4136 1505 4207 aliquo
1530 4136 1708 4206 impo-

152 4228 273 4276 store
320 4224 469 4280 ﬁctas
518 4242 662 4291 esse,
700 4244 799 4283 sua
852 4244 957 4298 ope
1011 4229 1278 4300 indigere,
1328 4239 1389 4284 ut
1432 4246 1533 4301 pro
1580 4247 1708 4287 vere

152 4308 414 4380 lgnatianis
452 4317 782 4372 habeantur.
816 4317 1105 4385 Quomodo
1138 4329 1319 4374 autem
1363 4321 1478 4376 haec
1509 4321 1705 4391 depre-

152 4396 375 4458 hendisse
424 4407 685 4476 putatur?
735 4427 755 4460 ‹
782 4407 928 4463 Vidit
959 4411 1120 4464 istam
1154 4408 1341 4474 Verbi,
1394 4411 1635 4479 scilicet,
1670 4427 1701 4466 a

153 4488 255 4561 Sige
288 4498 684 4552 emanationem
716 4498 1065 4556 Valentinum
1103 4501 1312 4574 lgnatio
1342 4505 1699 4559 recentiorem

150 4582 389 4653 olerc;eo
439 4590 728 4646 delendam
774 4596 1018 4664 putavit,
1070 4612 1137 4650 ne
1184 4597 1461 4665 personati
1506 4596 1700 4667 lgnatii

151 4672 310 4732 drania
344 4683 617 4749 proderet.
649 4702 665 4735 ι
702 4683 973 4739 Callidum
1004 4703 1136 4742 sane
1161 4697 1216 4743 et
1240 4688 1548 4758 importune
1568 4705 1702 4760 pru-

152 4763 332 4824 dentem
360 4772 539 4827 virum
569 4774 685 4830 bzec
710 4786 987 4847 arguunt;
1020 4779 1114 4833 sed
1148 4780 1443 4835 videndum
1473 4783 1701 4839 omnino

153 4869 287 4915 aueo
325 4863 701 4936 interpolatori
747 4877 1081 4938 competant.
1113 4868 1253 4936 Quid
1281 4871 1465 4925 enim?
1503 4889 1570 4927 an
1610 4874 1701 4928 ille

152 4952 269 5005 cavit
309 4970 372 5010 ne
421 4958 628 5028 aliquid
670 4959 725 5014 in
760 4960 849 5015 illa
884 4962 1113 5030 epistola
1153 4962 1511 5031 reperiretur,
1549 4967 1699 5034 quod

150 5051 329 5101 atatem
360 5047 635 5106 Valentini
666 5068 860 5123 sapere
895 5056 1196 5121 videretur,
1235 5056 1327 5125 qui
1360 5069 1554 5111 omnes
1587 5057 1699 5113 fere

151 5134 377 5202 epistolas
426 5143 499 5197 ita
536 5146 949 5213 transmutavit,
1004 5155 1063 5200 ut
1109 5147 1193 5201 sui
1240 5148 1499 5217 temporis
1546 5164 1699 5204 more

152 5228 388 5300 modoque
416 5233 794 5303 loquerentur,
826 5246 880 5291 et
920 5237 1025 5291 tria
1060 5246 1185 5307 post
1210 5235 1558 5293 Valentinum
1591 5255 1696 5295 sae-

151 5316 249 5372 cula
291 5327 577 5392 saperent?
628 5327 712 5380 An
765 5327 856 5382 ille
906 5328 1102 5382 metuit
1141 5342 1206 5382 ne
1237 5336 1454 5382 aetatem
1502 5328 1696 5400 lgnatii

151 5409 381 5475 epistolici
407 5418 681 5487 proderet,
711 5420 806 5490 qui
834 5420 941 5474 ista
975 5435 1101 5473 eum
1136 5419 1202 5473 ad
1237 5418 1696 5491 Philadelphenos

152 5503 442 5565 scribentem
493 5523 848 5583 repraesentat
885 5531 900 5568 :
942 5531 961 5564 ‹
994 5512 1327 5585 Presbyteri,
1379 5515 1594 5574 diaconi
1642 5522 1696 5569 et

151 5591 360 5663 rﬁliquus
375 5601 574 5670 clerus,
601 5619 710 5659 una
727 5620 852 5661 cum
880 5606 1083 5676 populo
1105 5606 1386 5671 universo,
1405 5606 1692 5674 militibus,

150 5686 531 5755 magistratibus
569 5705 625 5751 et
661 5698 900 5762 Caesare,
937 5698 1041 5768 ipsi
1068 5699 1328 5769 episcopo
1356 5698 1637 5764 obediant,
1668 5718 1687 5752 ι

150 5787 250 5841 ηυξ
277 5794 465 5856 scripta
498 5804 604 5844 non
642 5789 813 5847 fuisse
842 5798 1140 5862 antequam
1172 5790 1408 5848 Romani
1440 5790 1691 5849 Caesares

939 329 985 387 1.
1026 330 1400 390 PEARSONII
1440 335 1767 395 VINDICIAE
1803 339 2233 400 IGNATIANIE.
2274 376 2344 388 -—-
2386 346 2566 405 PARS
2603 348 2667 407 li.

3339 359 3446 418 29‘

1776 464 1821 519 A
1847 460 2145 518 Christiani
2188 463 2317 521 facti
2348 476 2500 535 sunt,
2524 470 2782 526 viderunt
2808 469 3116 528 Turrianus
3142 485 3196 532 et
3221 473 3442 532 Leibins

1854 550 2133 620 Vedelins,
2177 552 2438 614 Usserius
2473 569 2527 615 et
2572 559 2846 617 Dallaeus?
2881 562 2963 617 An
2995 563 3086 619 ille
3116 566 3327 621 veritus
3353 577 3440 623 est

1852 661 1922 699 ne
1959 645 2184 716 obliqua
2233 648 2418 718 aliqua
2467 652 2657 719 verba,
2689 654 2755 708 ad
2802 652 3153 711 Valentinum
3194 656 3334 713 forte
3368 673 3437 715 ex
3478 678 3487 683 ί

1849 737 1971 806 ejns
2017 740 2292 795 sententia
2342 745 2671 812 spectantia,
2703 745 2892 817 lgnatii
2942 763 3135 805 omnes
3173 751 3437 820 epistolas

1848 839 2135 901 suspectas
2173 834 2497 900 redderent;
2549 839 2643 907 qui
2678 837 2947 895 Theodoti
2988 857 3186 897 nomen
3222 843 3277 897 in
3314 844 3436 905 epi-

1848 924 1989 978 stola
2012 924 2076 978 ad
2106 923 2415 981 Trallianos
2437 929 2851 998 exprimendum
2879 932 3111 1001 putavit,
3134 951 3296 1005 quem
3321 947 3433 990 tam

1844 1016 1939 1071 diu
1972 1024 2098 1086 post
2134 1015 2487 1074 Valentinum
2520 1021 2725 1077 vixisse
2755 1037 2950 1080 omnes
2984 1028 3227 1081 norunt?
3259 1026 3428 1084 Reco-

1843 1106 2029 1161 lantur
2057 1108 2221 1163 verba
2245 1124 2368 1179 qua:
2398 1109 2631 1167 Dallzeus
2659 1113 2772 1184 ipse
2797 1116 2959 1184 paulo
2985 1126 3132 1183 ante,
3162 1118 3229 1173 ad
3266 1121 3431 1175 ﬁnem

1843 1214 1985 1268 pene
2008 1198 2210 1269 prioris
2232 1200 2448 1271 capitis,
2469 1219 2534 1257 ex
2560 1219 2660 1257 sua
2682 1207 2953 1261 sententia
2982 1210 3222 1278 scripsit.
3257 1229 3278 1261 ι
3305 1208 3431 1266 Haec

1841 1299 1896 1345 et
1924 1291 2030 1347 alia
2066 1293 2213 1349 velut
2260 1294 2313 1348 in
2345 1293 2692 1352 Theodotum
2744 1297 2892 1353 dicta
2921 1300 3039 1369 ipse
3068 1302 3427 1373 epistolarum

1841 1380 2202 1453 interpolator
2240 1386 2520 1456 accepisse
2551 1403 2619 1442 eo
2650 1390 2932 1458 noscitur,
2962 1394 3107 1462 quod
3143 1394 3323 1448 locum
3358 1395 3425 1449 ad

1840 1470 2140 1529 Trallesios
2171 1476 2355 1531 hunc:
2405 1496 2424 1529 ι
2454 1477 2645 1548 Fugite
2670 1481 2846 1535 malas
2891 1484 3219 1555 propagines
3262 1502 3427 1557 gene-

1838 1573 2021 1621 rantes
2065 1564 2302 1621 fructum
2355 1569 2725 1638 mortiferum,
2753 1590 2771 1624 ›
2813 1573 3092 1630 illustrare
3116 1585 3171 1632 et
3192 1579 3427 1649 ampliﬁ-

1838 1670 1965 1711 care
2012 1657 2080 1712 de
2106 1674 2259 1713 more
2307 1660 2567 1725 studens,
2600 1677 2778 1733 eoque
2806 1664 2899 1720 hic
2939 1666 3145 1723 addens
3173 1668 3422 1739 ipsorum

1838 1747 2223 1805 hatreticorum
2274 1753 2499 1808 nomina
2551 1770 2691 1824 quos
2722 1756 2775 1810 in
2802 1758 3050 1828 epistolis
3079 1776 3220 1830 quas
3251 1762 3424 1819 inter-

1761 1811 1805 1868 Β
1835 1840 2054 1910 polabat
2092 1851 2313 1898 notatos
2348 1852 2402 1899 et
2426 1811 2694 1919 refutatos
2725 1811 2852 1904 esse
2883 1811 3130 1920 putabai,
3170 1852 3425 1911 Theodo-

1837 1940 1952 1986 tum
1983 1933 2125 1988 inter
2153 1934 2258 1989 hos
2306 1936 2511 1991 diserte
2549 1938 2801 1994 ediderit.
2852 1940 3210 2013 lnterpolator
3232 1946 3420 2017 igitur,

1833 2024 1879 2078 si
1908 2025 2024 2080 haec
2059 2026 2127 2081 ad
2161 2024 2512 2083 Valentinum
2545 2041 2825 2099 spectasse
2859 2034 3178 2105 cogitasset,
3215 2053 3323 2092 non
3352 2055 3415 2094 ea

1832 2116 2125 2173 delevisset
2174 2134 2243 2173 ne
2294 2130 2572 2176 auctorem
2624 2124 2939 2193 proderent,
2986 2128 3081 2183 sed
3126 2145 3229 2199 pro
3264 2146 3421 2188 more

1830 2221 1957 2270 suo,
1987 2207 2071 2261 vel
2122 2208 2244 2277 ipso
2269 2209 2456 2278 judice
2506 2210 2728 2278 Dallaeo,
2759 2212 3031 2270 Valentini
3072 2232 3272 2274 nomen
3297 2219 3420 2275 edi-

1782 2342 1789 2348 .
1830 2296 2023 2352 disset.
2084 2297 2189 2365 Qui
2242 2300 2389 2354 enim
2455 2301 2841 2359 haereticorum
2883 2307 3129 2373 nomine,
3178 2324 3319 2379 quos
3359 2310 3416 2366 in

1828 2390 2078 2459 epistolis
2108 2407 2247 2461 quas
2292 2391 2659 2463 interpolabat
2692 2406 2915 2454 notatos
2953 2398 3127 2457 fuisse
3160 2404 3414 2472 putabat,

1828 2482 2030 2538 addere
2060 2483 2342 2551 voluerat;
2374 2502 2546 2557 quare
2584 2486 2927 2545 Theodotum
2976 2492 3275 2561 insereret,
3307 2495 3417 2551 Va-

1826 2574 2096 2629 lentinum
2117 2575 2417 2643 omitteret,
2439 2593 2562 2632 cum
2592 2577 2913 2639 Theodotus
2932 2580 3222 2639 Valentino
3243 2587 3416 2643 multo

1822 2666 2013 2737 jnnior
2047 2675 2214 2734 esset,
2242 2668 2525 2739 multoque
2546 2671 2899 2729 manifestius
2930 2684 3145 2731 aetatem
3178 2678 3415 2748 scripto-

1824 2759 1903 2813 ris
1929 2759 2226 2829 proderet?
2256 2758 2359 2815 Sed
2389 2761 2523 2816 nihil
2554 2763 2644 2819 ille
2671 2764 2780 2819 tale
2804 2766 3071 2835 cogitasse
3102 2771 3412 2828 censendus

1824 2861 1949 2919 est;
2006 2868 2185 2922 neque
2235 2855 2478 2911 rationes
2511 2857 2904 2928 excogitandaz,
2937 2869 3031 2914 aut
3071 2862 3411 2931 providentia

1822 2942 1941 3010 Dei,
1972 2945 2158 3000 nescio
2186 2957 2549 3019 quapropter,
2588 2948 2697 3004 huc
2726 2950 3082 3019 advocanda;
3126 2969 3225 3023 pro
3256 2970 3411 3012 more

1823 3052 1926 3091 suo
1977 3037 2360 3107 interpolator,
2418 3041 2604 3095 omnia
2657 3041 2935 3098 illustrare
2979 3054 3032 3098 et
3072 3046 3410 3115 ampliﬁcare

1740 3152 1783 3211 (ς
1823 3127 2071 3192 studens,
2100 3127 2217 3183 haec
2249 3128 2596 3196 immutavit;
2633 3129 2793 3201 plane
2823 3141 2881 3187 ut
2919 3131 2973 3186 in
3012 3133 3114 3189 hac
3142 3135 3260 3206 ipsa
3291 3138 3408 3208 epi-

1818 3220 1955 3274 stola
2007 3221 2173 3289 paulo
2214 3229 2340 3275 ante
2385 3237 2486 3291 pro
2538 3222 2622 3277 his
2658 3223 2874 3278 verbis:
2919 3226 3016 3289 Ὃς
3053 3225 3159 3298 πρὸ
3194 3226 3405 3282 αἰώνων

1818 3310 1966 3383 παρὰ
1998 3313 2174 3384 Πατρὶ
2205 3309 2295 3384 ἦν,
2331 3314 2425 3367 καὶ
2458 3314 2515 3366 ὲν
2550 3313 2692 3368 τέλει
2739 3315 2936 3386 ἐφάνη,
2979 3335 2997 3369 i
3030 3318 3276 3388 quiante
3298 3336 3404 3376 ste-

1815 3403 1939 3456 cula
1984 3402 2129 3472 apud
2162 3402 2377 3458 Patrem
2416 3414 2563 3467 erat,
2613 3415 2667 3460 et
2701 3406 2754 3459 in
2792 3405 2899 3461 ﬁne
2926 3411 3201 3477 apparuit,
3233 3429 3252 3462 ι
3287 3411 3404 3467 inec

1814 3496 2226 3566 paraphrastice
2258 3499 2574 3553 substituit:
2623 3500 2719 3564 Ὃς
2754 3499 2859 3572 πρὸ
2888 3500 3282 3576 αἰώνωνπαρὰ
3323 3504 3404 3577 τῷ

1811 3588 1991 3661 Πατρὶ
2024 3589 2309 3662 γεννηθεὶς
2331 3633 2346 3657 ,
2380 3587 2450 3663 ἦν
2492 3593 2663 3661 Λόγος
2697 3593 2860 3661 Θεὸς,
2900 3597 3195 3667 μονογενὴς
3232 3598 3360 3663 Υἱός
3383 3616 3399 3631 ·

1816 3685 1911 3739 καὶ
1938 3684 2032 3738 ἐπὶ
2062 3685 2340 3759 συντελείᾳ
2365 3687 2472 3741 τῶν
2494 3686 2704 3741 αἰώνων
2735 3688 2765 3742 ὁ
2794 3689 2957 3754 αὐτὸς
2982 3691 3245 3763 διαμένει.
3280 3695 3401 3769 Τῆς

1812 3775 1923 3848 γὰρ
1942 3778 2267 3845 βασιλείας
2293 3778 2479 3833 αὑτοῦ
2510 3781 2623 3833 οὐκ
2652 3780 2786 3834 ἐστι
2814 3780 3007 3848 τέλος,
3035 3785 3168 3855 φησὶ
3196 3788 3391 3861 Δανιὴ)

1811 3869 1841 3920 ό
1869 3869 2175 3940 προφήτης.
2214 3888 2232 3921 ι
2263 3868 2367 3936 Qui
2400 3880 2525 3926 ante
2562 3872 2757 3926 sateula
2786 3874 2999 3943 genitus
3029 3885 3114 3930 est
3144 3893 3172 3931 a
3214 3876 3395 3944 Patre,

1811 3955 1956 4011 Deus
1994 3957 2229 4011 Verbum
2252 3996 2270 4024 ,
2292 3956 2607 4027 unigenitus
2636 3956 2843 4013 Filius:
2875 3966 2930 4012 et
2960 3958 3015 4011 in
3049 3974 3401 4013 consumma-

1817 4048 1968 4103 tione
2024 4048 2351 4103 smculorum
2399 4047 2517 4117 ipse
2549 4058 2862 4118 permanet:
2912 4050 3063 4119 regni
3103 4050 3249 4104 enim
3282 4044 3398 4120 ejus

1810 4153 1914 4190 non
1951 4139 2052 4192 erit
2098 4139 2245 4208 ﬁnis,
2289 4138 2467 4209 inquit
2514 4138 2702 4194 Daniel
2747 4141 3030 4209 propheta.
3065 4159 3084 4193 ι
3127 4138 3199 4194 Ut
3230 4140 3399 4212 igitur

1808 4228 1864 4281 in
1898 4227 2006 4294 his,
2040 4228 2114 4281 ita
2148 4228 2203 4281 in
2241 4229 2350 4283 illis
2392 4228 2539 4283 nulla
2589 4229 2840 4284 lectionis
2875 4230 3189 4297 diversitas,
3220 4247 3397 4300 neque
3441 4279 3448 4285 .

1808 4329 1995 4374 tamen
2021 4320 2129 4374 ulla
2149 4320 2555 4376 immutationis
2573 4320 2861 4377 manifesta
2877 4338 3074 4377 causa:
3101 4324 3192 4379 sed
3212 4324 3394 4394 priora

1807 4414 2050 4467 auctoris
2085 4414 2250 4467 verba
2303 4426 2472 4478 sunt,
2506 4414 2814 4483 posteriora
2873 4416 3265 4484 paraphrastze,
3300 4417 3394 4486 qui

1735 4516 1779 4571 1)
1809 4523 1908 4578 pro
1961 4522 2114 4561 more
2162 4522 2265 4562 suo
2314 4506 2556 4561 breviter
2602 4520 2632 4559 a
2688 4515 2926 4576 martyre
2970 4506 3115 4562 dicta
3154 4506 3393 4577 longiori

1807 4602 1964 4673 ῥήσει
2004 4600 2332 4670 explicatius
2382 4608 2439 4654 et
2468 4600 2720 4653 ornatius
2770 4599 2984 4653 tradere
3036 4614 3096 4653 se
3146 4599 3395 4669 potuisse

1799 4691 2090 4762 judicavit.
2113 4690 2384 4761 lgnatium
2402 4705 2511 4745 non
2536 4689 2902 4755 admittimus,
2922 4690 3393 4760 interpolatorem,

1803 4785 1920 4840 sive
1945 4784 2183 4839 Arianus
2228 4783 2413 4849 fuerit,
2444 4782 2559 4838 sive
2596 4797 2729 4849 non,
2758 4785 2983 4838 omnino
3012 4784 3392 4854 repudiamus,

1802 4879 2117 4949 pariterque
2141 4877 2521 4932 inanissimam
2548 4892 2671 4933 esse
2697 4878 2839 4932 hanc
2861 4876 3236 4947 conjecturam
3262 4892 3392 4950 pro-

1801 4970 2145 5025 nuntiamus.

1871 5063 2010 5118 Aliis
2058 5064 2225 5117 etiam
2277 5060 2453 5116 utitur
2501 5060 2835 5132 conjecturis
2865 5060 2931 5115 ad
2963 5060 3068 5116 hoc
3094 5074 3391 5130 argumen-

1800 5162 1916 5209 tum
1972 5153 2416 5217 introductoriis,
2449 5153 2626 5224 iisque
2662 5153 2835 5208 nihilo
2882 5152 3224 5207 melioribus.
3260 5148 3390 5206 Vult

1798 5245 1945 5300 enim
1993 5243 2275 5300 Petavium
2334 5263 2353 5297 ι
2384 5245 2515 5299 novi
2561 5244 2768 5315 aliquid
2817 5259 2940 5299 esse
2986 5243 3041 5296 in
3085 5240 3389 5297 Usseriana

1788 5336 2039 5392 editione
2093 5352 2280 5391 secum
2337 5339 2619 5405 sensisse,
2672 5337 2818 5407 quod
2859 5342 3140 5389 auctorem
3177 5332 3391 5404 lgnatio

1786 5428 2165 5483 recentiorem
2205 5436 2429 5498 arguat;
2486 5429 2651 5498 idque
2696 5437 2882 5498 patere
2914 5442 2983 5481 ex
3023 5427 3146 5496 ejus
3180 5427 3387 5498 effugio

1795 5534 1909 5589 quo
1945 5519 2036 5573 illa
2080 5519 2148 5574 de
2194 5517 2318 5589 Sige
2351 5519 2512 5574 verba
2542 5533 2570 5572 a
2608 5517 2883 5572 Valentini
2913 5531 3080 5574 sensu
3114 5520 3389 5575 abducere

1797 5619 2030 5666 conatus
2054 5619 2159 5666 est.
2194 5630 2213 5663 ι
2248 5610 2485 5665 Talesne
2519 5624 2648 5664 vero
2672 5609 2777 5664 sibi
2806 5618 2975 5667 testes
3001 5612 3290 5682 adiungit?
3318 5627 3387 5668 ex

1796 5702 2254 5772 tali'argumento
2293 5716 2482 5757 secum
2519 5700 2966 5769 consentientes,
2999 5712 3054 5759 et
3081 5720 3149 5759 ex
3182 5703 3387 5760 nostris

1798 5807 1928 5850 suos
1960 5790 2128 5848 facit!
2166 5791 2393 5867 Si_idem
2419 5807 2545 5850 cum
2574 5791 2775 5850 Dallaeo
2801 5809 2991 5852 revera
3025 5797 3198 5853 sensit
3226 5796 3385 5853 Peta-
