3824 6198
256 296 283 351 ’ν
319 290 429 348 195

1316 286 1377 342 S.
1415 278 1761 341 IGNATIUS.
1803 309 1873 322 —
1906 270 2445 334 PROLEGOMENA.

3477 263 3588 319 296

318 422 467 485 vius,
499 427 559 473 ut
610 416 701 472 ille
749 413 1083 485 suspicatur,
1133 420 1189 467 et
1232 408 1401 480 Sigen
1450 405 1893 463 Valentinianam
1924 404 1971 462 Α
1997 411 2056 457 ut
2082 401 2277 472 probet
2307 406 2497 454 contra
2526 394 2811 450 immotam
2845 399 3154 461 temporum
3188 388 3351 444 ﬁdem
3392 394 3588 440 aucto-

322 511 511 568 auimo
536 508 807 581 probavit,
835 506 1017 562 verbis
1054 504 1306 575 negavit;
1343 503 1391 559 is
1421 511 1570 557 certe
1596 515 1760 571 quem
1792 497 1899 554 sibi

321 605 592 675 adiungit,
620 618 780 673 quem
804 600 931 655 alibi
965 613 1123 653 «vere
1151 605 1205 651 et
1232 609 1496 667 generose
1514 593 1579 648 de
1599 590 1899 663 Ignatiam‘a

325 698 561 752 locutum
594 698 803 756 asserit.
837 710 988 765 quem
1029 700 1322 763 postquam
1355 687 1680 743 Vossianam
1712 694 1766 739 et
1792 683 1902 739 Uso

327 790 603 847 serianam
639 787 830 858 lgnatii
856 787 1150 843 editionem
1179 783 1337 847 vidit,
1367 796 1465 852 pro
1505 796 1604 836 sua
1636 778 1906 850 singulari

325 882 574 938 doctrinm
614 896 822 952 proque
862 879 1095 935 solemni
1145 877 1383 949 quadam
1414 891 1512 931 sua
1540 872 1904 946 generositate

325 990 512 1031 veram
545 974 732 1029 statim
785 982 839 1028 et
880 971 1333 1028 animadvertisse
1362 980 1417 1025 et
1444 969 1754 1041 professum
1782 981 1905 1022 esse

326 1068 482 1131 dicit,
507 1086 527 1120 ι
555 1078 609 1123 et
631 1067 863 1123 mendax
888 1074 943 1121 et
962 1066 1252 1130 subdolus,
1278 1073 1333 1119 et
1359 1063 1584 1119 minime
1606 1075 1908 1135 generosus

329 1177 423 1217 aut
450 1177 613 1217 verax
644 1171 702 1216 ut
730 1160 900 1216 fuerit
926 1174 1147 1216 necesse
1175 1169 1279 1215 est.
1311 1157 1369 1213 Si
1400 1159 1509 1213 ulla
1540 1157 1749 1212 homini
1778 1155 1911 1212 ﬁdes

329 1265 438 1315 est.
471 1255 525 1310 in
554 1256 657 1310 hac
692 1271 861 1311 causa
898 1263 1086 1310 noster
1123 1262 1207 1308 est
1232 1252 1526 1318 Petavius;
1562 1251 1607 1307 si
1639 1250 1809 1317 nulla,
1841 1249 1912 1305 il-

334 1349 511 1402 lorum
537 1358 640 1403 est.
674 1346 780 1403 Sed
812 1364 912 1415 ego
938 1348 1006 1402 de
1036 1346 1140 1401 ﬁde
1161 1344 1367 1400 Petavii
1398 1344 1758 1399 dubitandum
1790 1358 1913 1399 esse

335 1443 564 1496 minimc.
582 1456 806 1497 censeo.
834 1440 891 1495 Si
919 1441 1009 1495 ille
1036 1438 1262 1494 Medicei
1286 1437 1493 1494 codicis
1521 1437 1781 1508 epistolas
1807 1451 1915 1490 non

336 1536 522 1591 minus
558 1534 711 1590 ﬁctas
745 1533 956 1604 putavit
981 1549 1144 1604 quam
1168 1533 1443 1605 vulgares,
1470 1548 1571 1588 cur
1603 1532 1703 1586 bas
1729 1538 1919 1601 postea

338 1642 558 1697 semper
583 1626 905 1697 repudiavit,
933 1627 1057 1683 illas
1072 1625 1329 1691 admisit,
1349 1640 1652 1696 earumque
1673 1623 1920 1678 auctori-

340 1729 452 1773 tate
476 1734 620 1790 saape
634 1736 771 1775 usus
784 1730 868 1776 est
883 1721 905 1774 τ
919 1736 1018 1775 cur
1031 1736 1088 1776 se
1102 1720 1155 1774 in
1171 1710 1259 1774 his
1276 1717 1585 1789 rejiciendis
1599 1716 1919 1787 ingenuum,
1954 1760 1997 1815 Β

343 1809 399 1863 in
425 1809 531 1865 illis
561 1810 891 1880 recipiendis
922 1810 1240 1866 mendacem
1270 1809 1562 1879 praastitit?
1588 1807 1745 1862 Certe
1767 1805 1922 1873 illud,

344 1902 491 1973 quod
520 1903 821 1961 miriﬁcum
870 1902 1130 1974 effugium
1177 1902 1413 1973 appellat
1462 1901 1717 1964 Dallaeus,
1745 1899 1925 1954 virum

342 1998 859 2068 praestantissimum
878 2008 987 2053 tam
1007 1996 1164 2052 foedae
1180 1995 1651 2069 tergiversationis
1668 2012 1775 2049 non
1793 2009 1932 2049 con-

346 2091 537 2147 vincit.
584 2090 720 2146 Nam
762 2100 817 2146 et
845 2105 946 2162 ego
990 2089 1197 2146 Petavii
1227 2106 1450 2145 sensum
1478 2090 1543 2143 de
1575 2087 1811 2158 simplici
1848 2086 1930 2142 si-

346 2184 517 2240 lentio
545 2200 736 2240 verum
763 2199 886 2240 esse
918 2193 1088 2255 puto;
1116 2191 1171 2237 et
1206 2182 1422 2238 tametsi
1453 2184 1519 2237 ad
1553 2182 1716 2252 Sigen
1751 2182 1931 2236 haere-

347 2278 586 2333 ticorum
618 2279 783 2333 verba
830 2276 1071 2332 auctoris
1113 2274 1445 2339 referantur,
1477 2284 1541 2330 ut
1587 2274 1679 2329 alii
1719 2273 1931 2339 volunt,

348 2370 485 2425 nihil
517 2369 646 2426 inde
670 2370 797 2424 novi
843 2370 898 2424 in
927 2368 1174 2438 epistolis
1208 2383 1352 2434 esse,
1384 2367 1519 2421 nihil
1550 2366 1694 2437 quod
1736 2376 1933 2421 aucto-

354 2476 467 2515 rem
509 2458 719 2530 lgnatio
756 2458 1033 2529 iuniorem
1078 2465 1292 2529 arguat,
1334 2474 1461 2513 eum
1494 2458 1697 2511 nostris
1735 2456 1933 2525 sentio,

353 2552 520 2621 idque
549 2568 637 2606 me
669 2552 982 2608 ﬁrmissime
1012 2552 1519 2607 demonstraturum
1552 2549 1789 2605 conﬁdo.

426 2642 537 2699 Nec
560 2654 738 2700 tamen
772 2644 952 2700 adhuc
990 2646 1055 2699 ad
1088 2652 1470 2716 argumentum
1511 2643 1688 2713 ipsum
1728 2640 1940 2697 accedit

355 2740 677 2810 priusquam
707 2738 841 2793 illud
865 2747 1086 2793 annotet
1107 2781 1122 2802 ,
1154 2737 1301 2808 quod
1347 2736 1522 2806 ipsius
1554 2744 1936 2806 argumentum

358 2847 829 2902 supervacaneum
872 2848 994 2886 esse
1032 2839 1086 2886 et
1128 2832 1333 2886 nullius
1365 2847 1498 2886 usus
1540 2830 1802 2885 ostendit.
1829 2828 1941 2884 Ob-

369 2932 554 2979 servat
612 2924 758 2978 enim
817 2943 836 2976 (
867 2923 985 2979 hazc
1034 2923 1281 2994 epistola:
1340 2924 1504 2979 verba
1552 2924 1618 2978 ad
1666 2921 1943 2977 Valentini

360 3015 562 3087 dogma
614 3017 751 3072 adeo
797 3026 920 3087 apta
952 3026 1116 3088 atque
1158 3018 1407 3088 apposita
1445 3033 1588 3082 esse,
1621 3026 1702 3084 ut,
1727 3016 1943 3073 etiamsi

2003 511 2116 550 rem
2152 494 2348 563 dogma
2389 490 2704 545 haereticum
2738 493 2864 557 post
2902 492 3139 539 mortem
3168 480 3365 553 lgnatii
3405 488 3590 533 ortum

2004 586 2358 657 exposuisse:
2395 590 2458 637 ut
2487 582 2596 647 ille,
2636 582 2886 649 inquam,
2913 575 3141 647 perinde
3164 590 3289 630 esse
3321 572 3595 628 scriberet

2004 680 2121 736 sive
2169 687 2363 734 auctor
2389 673 2741 731 Valentinum
2776 671 3110 742 respexerit,
3144 668 3259 724 sive
3290 683 3427 729 non,
3460 664 3596 720 mihi

2007 773 2226 844 quidem
2254 770 2455 825 mirum
2481 769 2713 824 videtur.
2733 765 2905 820 Nemo
2932 778 3175 834 unquam
3210 762 3315 815 hoc
3340 756 3599 822 dixisset,

2007 865 2103 937 qui
2139 865 2410 935 putaverit
2454 878 2514 918 se
2560 860 2737 916 valide
2776 859 3010 930 probare
3040 855 3287 928 potuisse
3323 861 3379 907 et
3408 865 3600 919 respe-

2010 960 2159 1014 xisse
2203 967 2480 1013 auctorem
2524 954 2591 1010 ad
2626 953 2971 1008 Valentinum
3011 959 3066 1004 et
3088 948 3357 1020 lgnatium
3391 951 3602 1015 marty-

2012 1068 2126 1109 rem
2158 1065 2269 1122 prce
2297 1056 2455 1104 :etate
2486 1065 2595 1103 non
2625 1046 2887 1118 potuisse
2907 1041 3148 1101 scribere
3176 1047 3370 1095 contra
3399 1035 3601 1091 Valen-

2011 1144 2212 1201 tinum.
2246 1139 2404 1196 Unde
2449 1154 2550 1210 ego
2594 1138 2793 1207 colligo
2820 1136 2999 1191 virum
3040 1130 3427 1187 doctissimum
3469 1127 3601 1182 huic

2016 1244 2340 1305 argumento
2371 1232 2485 1289 sive
2516 1229 2895 1294 Salmasiano,
2922 1228 3038 1282 sive
3070 1223 3454 1278 Blondelliano
3480 1235 3597 1274 ma-

2017 1333 2163 1389 xime
2204 1329 2467 1391 difﬁdere,
2507 1341 2722 1397 suoque
2768 1324 3018 1393 negativo
3065 1318 3419 1391 potissimum
3476 1314 3603 1370 niti.

2018 1425 2144 1481 Haec
2168 1433 2347 1479 autem
2370 1420 2654 1475 ﬂuctuatio
2682 1427 2980 1487 utrumque
3004 1413 3169 1472 simul
3185 1411 3443 1468 destruit.
3467 1407 3606 1463 Nam

2020 1520 2065 1576 si
2097 1527 2291 1574 auctor
2324 1514 2665 1570 Valentinum
2701 1527 2807 1567 non
2836 1509 3101 1580 respexit,
3128 1507 3223 1564 sed
3259 1504 3412 1562 aliud
3445 1502 3610 1575 plane

2022 1612 2076 1666 in
2100 1610 2286 1666 animo
2314 1608 2527 1667 habuit.
2551 1613 2606 1661 et
2633 1604 2771 1660 nihil
2802 1601 2948 1658 aliud
2977 1616 3142 1672 quam
3170 1599 3405 1669 simplex
3441 1598 3611 1652 silen-

2023 1702 2160 1758 tium
2207 1699 2399 1763 voluit,
2428 1696 2567 1768 perit
2612 1702 2997 1766 argumentum
3043 1691 3342 1754 internum,
3372 1703 3441 1743 ex
3492 1686 3613 1756 ipsa

2026 1793 2255 1866 epistola
2288 1793 2545 1848 ductum:
2594 1796 2650 1845 et
2673 1786 2719 1843 si
2765 1795 2959 1842 auctor
3004 1784 3110 1839 hoc
3142 1789 3355 1837 tantum
3406 1779 3612 1843 voluit.

2027 1897 2175 1944 certe.
2207 1902 2330 1941 eum
2362 1883 2602 1938 Irenazus
2628 1889 2776 1936 recte
2806 1878 3107 1948 intelligere
3139 1876 3350 1947 potuit;
3382 1872 3531 1945 quod
3568 1872 3616 1928 si

2029 1984 2105 2039 ita
2138 1977 2426 2043 intellexit,
2456 1990 2738 2046 nunquam
2774 1972 2939 2027 verba
2972 1969 3168 2042 lgnatii
3202 1976 3400 2024 contra
3438 1966 3617 2037 ipsius

2031 2083 2269 2131 mentem
2323 2070 2588 2126 adversus
2632 2064 2981 2121 Valentinum
3056 2075 3254 2131 urgere
3309 2057 3616 2123 voluisset,

2032 2167 2278 2233 adeoque
2306 2163 2454 2220 cadit
2488 2170 2868 2233 argumentum
2913 2164 3200 2211 externum
3228 2168 3258 2207 a
3290 2150 3509 2207 defectu
3538 2160 3623 2205 tc-

2035 2255 2281 2313 stimonii
2325 2255 2729 2324 depromptum.
2772 2246 2960 2317 Neque
2989 2259 3121 2300 vero
3151 2243 3328 2314 magis
3353 2242 3626 2312 probatur

2034 2350 2323 2423 epistolam
2364 2348 2506 2402 hanc
2538 2344 2723 2399 Irenaai
2773 2351 2931 2398 :etate
2973 2356 3084 2395 non
3119 2338 3420 2405 exstitisse,
3451 2352 3522 2392 ex
3559 2352 3627 2393 eo

2038 2443 2184 2514 quod
2224 2440 2464 2496 lrenams
2507 2438 2672 2494 verba
2718 2435 2833 2491 haec
2880 2434 3103 2490 minime
3131 2432 3323 2488 citavit
3354 2434 3629 2486 adversus

2039 2534 2413 2597 Valentinum,
2457 2546 2623 2601 quam
2676 2544 2776 2583 nec
2815 2534 3012 2597 quarto
3040 2523 3243 2581 saaculo
3280 2523 3537 2578 eamdem
3572 2520 3630 2576 in

2040 2627 2325 2685 hominum
2356 2625 2611 2680 manibus
2653 2623 2846 2687 fuisse,
2874 2620 3020 2690 quod
3061 2635 3124 2673 ea
3161 2617 3329 2671 verba
3362 2630 3476 2669 non
3508 2614 3634 2669 lau-

2041 2720 2293 2779 daverint
2338 2718 2642 2782 Eusebius,
2672 2713 3007 2771 Athanasius
3027 2755 3042 2778 ,
3072 2711 3313 2767 Basilius
3359 2709 3634 2764 adversus

2042 2811 2463 2875 Ilarcellum,ad
2498 2810 2656 2879 cujus
2682 2808 2937 2864 hmresim
2969 2804 3311 2861 refutandam
3344 2801 3517 2858 verba
3541 2802 3633 2857 illa

2041 2908 2102 2973 ὃς
2135 2909 2283 2962 ἐστιν
2309 2903 2474 2958 αὐτοῦ
2509 2901 2680 2971 Λόγος
2713 2901 2903 2963 ἀΐδιος,
2937 2906 3095 2954 erant
3129 2893 3634 2965 opportunissima.

2043 2997 2339 3053 Marcellus
2366 2994 2512 3050 enim
2545 2992 2731 3049 docuit
2749 2991 3030 3046 Christum
3062 2988 3233 3043 fuisse
3254 2984 3416 3057 ψιλὸν
3438 2985 3638 3055 Λόγον,

363 3125 521 3164 mens
561 3110 803 3165 auctoris
840 3109 968 3174 alio,
1000 3110 1130 3164 dum
1169 3126 1233 3165 ea
1264 3111 1549 3177 scriberet,
1584 3110 1941 3181 respexisset,
1970 3106 2017 3170 ρ
2049 3092 2393 3159 minimeque
2417 3098 2705 3151 aeternum,
2729 3095 2789 3141 ut
2814 3082 3111 3139 orientales
3143 3079 3384 3151 episcopi
3422 3094 3645 3134 assere-

365 3201 481 3257 ﬁeri
500 3210 679 3256 tamen
712 3218 820 3256 non
849 3204 1086 3273 potuerit
1112 3204 1243 3273 quin
1275 3219 1337 3258 ea
1371 3202 1629 3269 lrenaeus,
1655 3203 1701 3258 si
1735 3212 1942 3271 nosset,

365 3297 651 3367 arriperet,
687 3306 740 3352 et
791 3306 981 3353 contra
1024 3296 1298 3353 Valentini
1343 3299 1652 3369 expositum
1694 3314 1725 3353 a
1765 3314 1826 3354 se
1855 3314 1947 3354 so-

366 3390 578 3445 mnium
615 3390 814 3445 alicubi
849 3398 1164 3459 usurparet.
1200 3390 1271 3445 At
1303 3399 1521 3445 constat
1551 3389 1815 3445 Irenaeum
1848 3407 1946 3446 eo-

2046 3185 2216 3240 hant:
2270 3181 2588 3253 aliquando,
2638 3179 2866 3239 scilicet,
2908 3176 3148 3230 Verbum
3200 3189 3311 3229 non
3363 3172 3561 3236 fuisse,
3588 3181 3646 3227 et

2045 3294 2115 3334 ne
2146 3295 2293 3334 nunc
2323 3276 2541 3346 quidem
2584 3290 2705 3330 esse
2736 3272 2991 3327 asseruit.
3040 3267 3116 3323 lta
3152 3267 3489 3323 sententiam
3518 3266 3647 3335 eius

2046 3367 2272 3439 exponit
2300 3366 2357 3421 S.
2386 3363 2623 3419 Basilius
2651 3361 2881 3425 epistola
2900 3360 2968 3417 52
2993 3378 3006 3415 :
3027 3362 3123 3423 ’ος
3147 3358 3321 3427 Λόγον
3349 3357 3452 3430 μὲν
3489 3357 3649 3430 εἰρῆ-

2051 3458 2175 3515 σθαι
2228 3456 2322 3513 τὸν
2374 3453 2637 3529 μονογενῆ
2689 3453 2903 3516 δίδωσι,
2961 3449 3102 3505 κατὰ
3154 3449 3345 3523 χρείαν
3396 3449 3493 3503 καὶ
3550 3448 3651 3503 ἐπὶ

2048 3552 2245 3627 καιροῦ
2293 3549 2658 3624 προελθόντα,
2694 3545 2857 3601 πάλιν
2904 3545 2961 3599 δὲ
3010 3546 3090 3608 εἰς
3131 3544 3221 3598 τὸν
3252 3544 3377 3598 ὅθεν
3421 3543 3654 3615 ἐξῆλθεν

2052 3643 2569 3718 ὲπαναστρέψαντα,
2611 3639 2734 3693 οὔτε
2786 3638 2893 3708 πρὸ
2941 3638 3039 3709 τῆς
3092 3636 3271 3692 ὲεὸδου
3307 3632 3487 3697 εἶναι,
3521 3633 3655 3691 οὔτε

2058 3739 2197 3811 μετὰ
2216 3736 2315 3809 τὴν
2341 3732 2600 3789 ἐπάνοδον
2623 3731 2941 3800 ὑφεστάναι.
2970 3747 2991 3782 ι
3016 3729 3119 3796 Qui
3145 3729 3493 3799 unigenitum
3524 3726 3655 3798 qui-

2057 3833 2179 3888 dem
2214 3827 2456 3885 Verbum
2492 3827 2599 3882 dici
2640 3825 2916 3889 concedit,
2947 3823 3249 3880 secundum
3282 3841 3448 3879 usum
3508 3835 3565 3879 et
3596 3824 3656 3879 in

2058 3935 2304 3994 tempore
2332 3918 2711 4010 progrediens,
2746 3932 2969 3973 rursum
2994 3926 3176 3971 autem
3202 3914 3269 3970 ad
3302 3916 3461 3969 illum
3487 3931 3518 3969 a
3541 3932 3661 3987 quo

377 4041 661 4099 novisset.
701 4040 747 4094 si
781 4038 849 4094 ad
885 4053 1132 4100 manum,
1161 4053 1287 4094 cum
1337 4038 1618 4098 scriberet.
1651 4009 1934 4092 habuisset

2058 4017 2227 4074 exivit
2277 4009 2586 4079 revertens,
2620 4026 2799 4081 neque
2850 4018 2977 4065 ante
3023 4009 3231 4064 exitum
3288 4024 3438 4072 esse,
3472 4024 3662 4079 neque

378 4148 572 4189 contra
609 4131 956 4187 Valentinum
1003 4146 1272 4196 usurpare
1310 4130 1572 4185 voluisse.
1615 4129 1754 4184 Cum
1792 4129 1936 4196 igitul

2060 4120 2186 4184 post
2213 4109 2451 4165 reditum
2479 4106 2804 4162 subsistere.
2842 4123 2861 4156 ι
2899 4102 3015 4158 lmo
3043 4118 3177 4158 vero
3209 4100 3508 4157 Marcellus
3538 4103 3666 4173 ipse

379 4229 465 4284 vir
495 4229 851 4283 doctissimus
884 4225 1011 4279 inde
1033 4193 1345 4279 concludit:
1382 4241 1401 4275 ι
1425 4221 1568 4294 Ergo
1596 4193 1961 4293 undecunque
2062 4204 2137 4260 ita
2164 4218 2223 4259 δε
2263 4199 2523 4271 exprimit
2558 4197 2699 4294 θβυξι
2749 4196 3072 4294 Eusebium:
3106 4196 3263 4294 (ιηῆεί
3308 4193 3480 4249 fuerit
3531 4205 3668 4251 3MB

379 4320 498 4376 haec
520 4317 683 4372 verba
717 4326 932 4386 sumpta
961 4313 1096 4380 sint,
1127 4323 1182 4370 et
1226 4314 1543 4384 quicunque
1574 4314 1648 4368 sit
1671 4328 1863 4368 eorum
1893 4313 1936 4368 (ιε

2064 4307 2284 4349 omnem
2334 4304 2519 4342 rerum
2556 4284 2994 4355 productionem,
3048 4283 3251 4353 ἡσυχία
3301 4300 3423 4347 τις,
3482 4285 3543 4337 ὲν
3585 4283 3667 4356 τῷ

381 4421 581 4468 caetero
611 4426 831 4476 sensus,
859 4409 949 4463 illa
996 4416 1179 4463 tamen
1224 4406 1449 4462 evidens
1480 4405 1641 4461 nobis
1670 4420 1933 4476 argumen

2022 4466 2036 4476 λ
2065 4383 2186 4455 Θεῷ
2220 4382 2313 4437 τοῦ
2348 4380 2521 4449 Λόγου
2555 4377 2728 4442 ὄντος,
2775 4395 2794 4429 ι
2824 4377 3102 4432 silentium
3136 4375 3439 4445 quoddam,
3480 4374 3671 4431 Verbo

308 4510 312 4514 ν
380 4513 500 4562 tum
541 4504 855 4560 ministram
897 4502 965 4558 ad
998 4499 1480 4557 demmslmndam
1528 4463 1964 4567 harum‘gpism,
1997 4463 2124 4530 Din
2171 4473 2283 4527 Deo
2312 4472 2636 4534 exsistente,
2670 4488 2688 4521 ι
2733 4483 2856 4523 cum
2886 4475 3070 4521 autem
3115 4467 3356 4521 mundus
3382 4472 3669 4527 creandas

382 4601 562 4658 larum
603 4603 900 4655 novitatem
950 4612 1019 4652 ac
1050 4586 1520 4666 suppositionem:
1554 4613 1573 4646 ι
1610 4593 1663 4648 id
1694 4591 1843 4663 quod
1882 4604 1936 4644 es

2068 4574 2233 4623 esset.
2269 4563 2389 4618 τότε
2423 4565 2452 4617 ὁ
2484 4561 2656 4631 Λόγος
2710 4559 2989 4633 προελθὼν
3041 4560 3251 4629 ἐγίνετο
3301 4559 3397 4613 τοῦ
3451 4561 3675 4632 κόσμου

386 4693 797 4765 iniquissimum
831 4690 1091 4762 postulat.
1144 4688 1297 4744 ltane
1345 4702 1497 4750 vero,
1529 4686 1848 4756 quicunque
1897 4681 1936 4737 si

2069 4660 2322 4731 ποιητὴς,
2366 4677 2384 4708 ‹
2412 4665 2542 4712 tunc
2579 4653 2820 4710 Verbum
2857 4653 3213 4724 progrediens
3261 4653 3428 4709 ﬁebat
3469 4658 3677 4712 mundi

2196 4752 2249 4765 *δέ
2432 4746 2535 4765 πνιο
2604 4748 2701 4765 1".
2732 4764 2737 4765 γ
2775 4760 2965 4765 ουρ-,Α
3008 4745 3167 4765 ,η-ι.-
3209 4761 3320 4765 ---μ
3359 4746 3505 4765 Α-.-Ι
3554 4747 3600 4765 π’

388 4788 586 4844 borum
635 4784 930 4839 verborum
980 4796 1209 4848 sensus,
1258 4778 1375 4835 sive
1422 4786 1618 4832 auctor
1664 4773 1936 4844 respexeri

2072 4752 2343 4808 conditor.
2379 4770 2397 4802 ι
2432 4746 2536 4803 Ubi
2570 4748 2745 4802 obiter
2773 4760 2973 4801 moneo
3008 4745 3173 4799 verba
3202 4761 3326 4813 qua!
3355 4746 3507 4815 apud
3554 4747 3681 4802 Eu-

364 3500 489 3540 rum
526 3500 806 3554 nunquam
834 3484 1174 3540 meminisse.
1203 3504 1222 3537 ι
1252 3483 1371 3538 Νοη
1403 3485 1476 3537 ita
1503 3483 1803 3555 disputavit
1828 3483 1949 3538 Sal-

368 3576 612 3645 masius,
665 3592 772 3632 non
821 3575 1173 3641 Albcrtiuus,
1225 3577 1318 3647 qui
1372 3577 1607 3647 scriptas
1648 3576 1817 3633 fuisse
1849 3577 1951 3633 bas

369 3672 631 3743 epistolas
658 3682 784 3727 ante
811 3669 999 3725 lrenari
1044 3670 1215 3725 libros
1240 3671 1385 3724 ultro
1415 3670 1749 3737 fatebantur,
1776 3687 1953 3742 neque

371 3781 467 3820 eas
496 3764 700 3819 [remeo
742 3764 1048 3837 incognitas
1090 3763 1260 3817 fuisse
1288 3778 1371 3815 vc.
1399 3762 1770 3821 somniabant.
1806 3762 1953 3817 Satis

374 3857 451 3912 illi
482 3865 701 3922 norunt,
729 3866 784 3911 et
817 3871 918 3909 nos
941 3854 1157 3907 abunde
1191 3852 1572 3922 probavimus,
1605 3851 1755 3905 nullo
1786 3851 1954 3906 modo

379 3948 732 4004 sentiendum
788 3962 913 4001 esse
969 3944 1235 3999 Irenaeum
1287 3944 1405 3998 haec
1452 3943 1638 4009 verba,
1673 3943 1718 3999 si
1752 3943 1957 4013 optime

388 4876 738 4933 Valentinum
780 4875 894 4929 sive
938 4888 1071 4937 non,
1102 4886 1257 4940 aeque
1283 4869 1509 4924 evidens
1545 4864 1651 4921 erit
1677 4879 1974 4935 argumen-

388 4979 505 5025 tum
533 4982 633 5037 pro
661 4964 904 5019 novitate
932 4961 1312 5031 epistolarum,
1342 4958 1505 5027 idque
1538 4970 1705 5011 sensu
1744 4952 1975 5007 Dallaea-

390 5059 502 5116 no?
528 5055 725 5113 Nostro
748 5052 984 5109 fortasse
1006 5066 1169 5106 sensu
1195 5064 1349 5119 :eque
1375 5048 1603 5103 evidens
1626 5059 1750 5100 esse
1772 5051 1971 5113 potest,

390 5153 446 5208 id
471 5160 556 5208 est
595 5149 747 5205 nullo
770 5147 933 5202 modo
968 5144 1211 5200 evidens.
1238 5140 1351 5197 Nos
1379 5140 1521 5194 forte
1550 5147 1698 5194 recte
1725 5150 1976 5193 asserere

390 5256 708 5313 possumus,
725 5240 840 5295 sive
863 5235 1166 5306 respexerit
1188 5241 1381 5289 auctor
1400 5229 1675 5286 Valentini
1697 5227 1974 5294 haeresim,

394 5336 509 5390 sive
556 5349 697 5399 non,
725 5331 953 5402 perinde
978 5345 1141 5395 esse;
1176 5337 1434 5383 neutrum
1472 5324 1617 5379 enim
1661 5322 1728 5377 ad
1756 5319 1979 5377 convel-

394 5425 611 5481 lendatn
666 5425 1025 5495 epistolarum
1078 5422 1502 5493 antiquitatem,
1535 5417 1682 5488 quod
1731 5419 1978 5481 scimus,

396 5516 695 5586 quidquam
731 5518 893 5571 valet.
918 5514 988 5570 At
1013 5524 1073 5569 ut
1099 5515 1212 5577 ille,
1244 5514 1339 5583 qui
1367 5510 1531 5564 verba
1568 5510 1683 5563 haec
1715 5508 1980 5560 adversus

398 5602 751 5658 Valentinum
799 5604 1003 5674 scripta
1058 5602 1231 5658 fuisse
1283 5598 1588 5661 contendit,
1620 5596 1713 5667 qui
1753 5595 1876 5649 ideo
1911 5592 1979 5647 ab

400 5694 609 5765 lgnalio
638 5695 802 5750 scribi
830 5711 939 5750 non
966 5694 1214 5765 potuisse
1240 5689 1461 5755 asserit,
1494 5688 1625 5759 quia
1659 5683 1981 5741 Valentinus

401 5788 609 5861 lgnatio
627 5788 812 5859 junior
840 5788 961 5852 fuit,
985 5787 1079 5855 qui
1111 5790 1497 5851 argumentum
1526 5781 1705 5843 ipsum
1731 5777 1981 5838 producit

2074 4844 2285 4900 sebium
2319 4849 2644 4911 sequuntur,
2668 4839 2697 4892 ὃ
2729 4838 3111 4910 καὶπρότερον
3133 4837 3283 4893 ἔνδον
3304 4838 3521 4909 νοητῶς
3554 4841 3683 4895 ὀνο⁸

2079 4936 2265 5009 μάζων
2298 4934 2495 4997 αὐτόνς
2548 4943 2600 4988 et
2626 4934 2701 4988 ita
2729 4931 3065 4995 redduntur,
3099 4948 3120 4983 r
3149 4931 3297 5002 quod
3327 4932 3489 5001 prius
3522 4933 3684 4990 intus

2076 5028 2515 5084 intellectualiter
2544 5026 2793 5080 residens
2816 5026 2836 5046 ⁶
2878 5024 2995 5093 ipse
3028 5023 3153 5089 fuit,
3186 5044 3205 5077 ι
3240 5026 3448 5094 duplici
3481 5041 3688 5083 emen-

2077 5121 2296 5178 datione
2333 5135 2472 5188 opus
2513 5119 2739 5183 habere,
2764 5128 2818 5174 et
2848 5117 2928 5173 sic.
2967 5119 3147 5188 primo
3178 5118 3305 5189 legi,
3336 5120 3366 5172 ὁ
3400 5099 3509 5174 καί
3536 5123 3690 5193 πρό.

2077 5233 2234 5289 τερον
2272 5214 2420 5268 ἔνδον
2469 5211 2676 5285 νοητῶς
2710 5210 3014 5283 ἐτοιμάζων
3047 5211 3210 5265 αὐτόν
3267 5212 3353 5280 (ut
3387 5211 3443 5265 in
3483 5211 3587 5268 lib.
3650 5229 3687 5267 tt

2089 5309 2162 5364 De
2195 5308 2324 5364 εδει.
2366 5307 2592 5375 tlieolog.
2626 5322 2676 5363 c.
2701 5306 2755 5369 8,
2785 5313 2838 5359 et
2871 5305 2966 5359 lib.
3009 5319 3094 5369 Ill,
3127 5319 3177 5359 c.
3203 5303 3258 5367 '5,
3286 5302 3605 5371 leguntur),
3636 5314 3693 5360 et

2082 5400 2138 5455 in
2172 5399 2319 5453 hunc.
2349 5396 2572 5451 modum
2604 5397 2742 5451 verti
2771 5396 2993 5458 debere,
3049 5414 3067 5446 ι
3099 5394 3197 5464 qui
3229 5394 3397 5449 etiam
3430 5405 3565 5450 ante
3597 5397 3693 5452 in-

2083 5502 2174 5548 tus
2208 5491 2649 5546 intellectualiter
2678 5490 3008 5562 praeparavit
3039 5507 3189 5546 eum.
3225 5511 3245 5544 ι
3287 5489 3433 5558 Quid
3460 5493 3530 5548 ad
3564 5492 3694 5550 haec

2084 5585 2323 5640 Marcelli
2364 5584 2661 5639 refellenda
2694 5583 2899 5650 aptius,
2936 5599 3101 5653 quam
3143 5581 3338 5653 lgnatii
3372 5582 3538 5649 illud,
3586 5585 3697 5639 οὐκ

2086 5677 2195 5735 ἀπὸ
2230 5676 2387 5747 σιγῆς
2422 5674 2739 5749 προελθώνς
2773 5676 2919 5745 quod
2968 5685 3151 5730 tamen
3204 5683 3426 5731 veteres
3460 5674 3539 5730 illi
3580 5674 3697 5731 Eu-

2096 5766 2300 5836 sebius,
2323 5764 2673 5827 Athanasius.
2695 5766 2956 5829 Basilius.
2981 5766 3186 5830 quibus
3211 5764 3466 5828 lgnatius
3486 5777 3691 5826 noster
