3770 6320
140 319 236 376 297

136 530 347 600 quidem
374 531 638 590 Eusebius
665 535 806 592 hanc
831 537 1069 596 Marcelli
1100 548 1428 602 sententiam
1450 565 1577 605 cum
1606 551 1698 616 illa

136 623 294 676 veteri
329 622 710 682 Gnosticorum
741 643 1043 701 comparat,
1075 652 1175 692 nec
1204 648 1383 695 tamen
1415 642 1697 713 lgnatiana

136 713 239 776 illa,
271 729 396 783 qua:
427 717 540 784 ipse
567 719 772 787 optime
803 735 1048 787 noverat,
1085 727 1340 784 Marcello
1371 734 1580 803 objicit.
1619 738 1696 791 ita

133 800 267 853 enim
285 801 528 870 loquitur
545 805 640 860 lib.
672 823 733 872 ιι,
750 826 799 863 c.
835 811 932 866 19:
960 815 1026 866 ’Ἀ
1051 815 1108 867 δὲ
1142 800 1461 890 Μάρκελλορ
1493 826 1694 896 ἐτόλμα

133 891 493 958 ὑποτίθεσθαι,
531 898 698 953 πάλαι
746 902 846 972 μὲν
895 905 1066 973 λέγων
1099 905 1239 964 εἶναι
1273 912 1363 965 τὸν
1402 914 1562 982 Θεὸν,
1600 920 1694 974 καὶ

131 985 242 1038 τινὰ
272 987 505 1056 ἡσυχίαν
541 990 656 1060 ἅμα
688 991 764 1062 τῷ
798 993 916 1064 Θεῷ
950 996 1284 1070 ὑπογράφων
1326 1005 1537 1076 ἐαυτῷ,
1574 1011 1692 1063 κατ’

129 1075 279 1126 αὐτὸν
311 1078 516 1131 ἐκεῖνον
547 1080 639 1133 τὸν
673 1083 781 1136 τῶν
827 1085 1000 1140 ἀθέων
1046 1091 1378 1161 αἰρεσιωτῶν
1427 1098 1688 1170 ἀρχηγὸν,

127 1164 180 1227 ὃς
201 1166 263 1219 τὰ
278 1166 414 1220 ἄθεα
437 1169 777 1240 δογματίζων
810 1176 1140 1246 ἀπεφαίνετο
1173 1182 1366 1252 λέγων,
1386 1164 1532 1242 «Ἦν

128 1254 210 1306 καὶ
242 1258 364 1329 σιγή
386 1276 401 1289 ο
416 1278 434 1310 ι
459 1262 597 1329 μετὰ
613 1262 670 1316 δὲ
687 1264 785 1335 τὴν
819 1268 976 1338 σιγὴν
997 1271 1090 1324 καὶ
1107 1272 1204 1343 τὴν
1221 1277 1451 1347 ἡσυχίαν
1487 1254 1685 1352 προελξ

126 1345 227 1398 θεῖν
257 1346 345 1399 τὸν
392 1350 566 1418 Λόγον
605 1354 698 1408 τοῦ
731 1355 866 1409 Θεοῦ
900 1361 959 1412 ἐν
1005 1363 1145 1434 ἀρχῇ
1195 1366 1293 1436 τῆς
1331 1345 1687 1440 nostros-toria;

123 1437 370 1510 δραστικῇ
409 1444 678 1516 ἐνεργείᾳ.
721 1467 740 1498 ‹
765 1447 898 1514 Quae
937 1461 1121 1508 autem
1165 1437 1472 1528 supponere
1515 1437 1684 1521 ausus

125 1540 200 1583 est
228 1531 542 1602 Marcellus,
579 1539 768 1595 dicens
795 1543 924 1598 olim
958 1547 1176 1615 quidem
1210 1550 1378 1607 fuisse
1407 1553 1600 1620 Deum,
1630 1569 1686 1614 et

124 1623 342 1690 quietem
370 1630 666 1696 quamdam
699 1633 863 1690 simul
895 1651 1019 1691 cum
1049 1638 1160 1694 Deo
1188 1642 1506 1703 describens
1551 1648 1682 1718 (se-

123 1717 348 1771 cundum
373 1719 555 1788 ipsum
580 1723 732 1778 illum
749 1726 1041 1796 impiorum
1069 1732 1446 1796 haereticorum
1461 1740 1678 1808 ducem,

124 1807 205 1874 qui
258 1809 424 1878 impia
475 1812 855 1884 dogmatizans
909 1821 1155 1879 definivit
1206 1827 1494 1896 inquiens.
1547 1807 1683 1890 Erat
1715 1836 1760 1891 B

127 1896 245 1952 Deus
266 1913 314 1953 ει
339 1901 671 1974 silentium),
696 1898 818 1977 post
843 1911 1117 1968 silentium
1147 1928 1327 1973 autem
1358 1931 1413 1977 et
1441 1924 1681 1991 quietem

121 1995 442 2058 processisse
484 1997 723 2055 Verbum
782 2003 874 2058 Dei
932 2006 988 2060 in
1044 2010 1314 2081 principio
1382 2017 1680 2075 creationis

120 2084 286 2136 mundi
335 2086 546 2144 emeaei
594 2093 931 2160 Operatione.
965 2115 984 2148 ι
1040 2098 1178 2153 Cum
1211 2103 1380 2172 igitur
1407 2103 1679 2167 Eusebius

120 2169 416 2230 Marcellum
466 2181 872 2248 perstrinxerit,
904 2187 1050 2254 quod
1081 2169 1317 2246 Verbum
1349 2206 1472 2263 post
1510 2198 1679 2253 silen-

120 2265 234 2318 tium
263 2269 536 2336 prodiisse
573 2272 792 2340 dixerit,
820 2285 875 2331 et
904 2279 1068 2334 simul
1106 2283 1272 2338 etiam
1301 2286 1679 2348 observaverit

119 2358 217 2412 lucc
234 2374 263 2411 a
290 2358 574 2418 Gnosticis
596 2365 792 2423 hausta
818 2385 959 2438 esse,
986 2375 1130 2442 apud
1152 2391 1294 2444 quos
1320 2379 1496 2448 primo
1519 2395 1676 2440 erant

119 2449 241 2506 Deus
268 2463 322 2508 et
350 2456 635 2514 silentium
660 2479 673 2526 ;
709 2478 836 2518 cum
864 2465 1006 2520 idem
1039 2469 1348 2527 certissime
1376 2475 1542 2530 etiam
1574 2492 1675 2532 no-

118 2544 238 2598 verit
272 2547 384 2602 haec
431 2565 560 2619 quae
607 2570 754 2609 nunc
786 2558 929 2625 apud
970 2556 1238 2629 lgnatium
1286 2564 1540 2635 legimus,
1572 2583 1674 2625 nec

118 2644 275 2690 tamen
325 2641 595 2700 adversus
640 2644 878 2702 Marcelli
918 2651 1171 2707 haeresim
1221 2659 1502 2728 usurparit
1547 2660 1672 2717 loco

117 2731 230 2784 satis
276 2748 608 2803 opportuno,
635 2739 760 2808 quis
813 2758 922 2797 non
976 2743 1124 2799 videt
1168 2747 1292 2804 sine
1322 2749 1434 2806 ullo
1472 2750 1672 2809 funda-

117 2833 275 2877 mento
323 2827 500 2881 asseri
537 2829 816 2898 lgnatiana
872 2833 1056 2890 lremei
1096 2841 1298 2896 saeculo
1351 2858 1460 2898 non
1500 2846 1672 2902 casti-

117 2912 247 2974 tisse,
276 2917 420 2984 quod
468 2933 535 2972 ea
574 2920 663 2974 ille
692 2923 957 2980 adversus
991 2925 1264 2984 Valentini
1309 2935 1524 2990 somnia
1557 2952 1669 2993 non

116 3007 366 3073 usurparit
387 3008 411 3060 ?
1161 3039 1168 3046 '

173 3097 422 3162 Quocirca
452 3101 562 3156 levi
590 3105 1028 3162 antecedentium
1062 3113 1504 3182 conjecturarum
1530 3118 1667 3173 veli-

117 3189 293 3244 tatione
323 3192 555 3261 difﬂata,
589 3196 658 3250 ad
688 3209 1072 3268 argumentum
1105 3204 1282 3273 ipsum
1314 3221 1346 3261 a
1377 3206 1666 3266 Valentino

115 3281 308 3337 ductum
336 3287 574 3355 accedo;
604 3299 774 3360 utque
815 3291 946 3346 illud
979 3295 1184 3350 nullam
1218 3298 1324 3353 vim
1353 3300 1422 3355 ad
1447 3301 1666 3357 elevan-

113 3372 218 3428 dam
261 3375 449 3447 lgnatii
484 3382 862 3438 auctoritatem
882 3426 897 3451 ,
929 3386 1042 3441 imo
1075 3404 1144 3443 ne
1172 3390 1407 3458 speciem
1439 3393 1664 3462 quidem

117 3466 255 3522 ullam
297 3480 392 3526 aut
438 3474 979 3533 verisimilitudinem
1030 3481 1312 3538 continere
1348 3486 1660 3553 ostendam,

115 3570 322 3624 quatuor
363 3567 840 3633 propositionibus
882 3586 996 3625 rem
1031 3589 1250 3629 omnem
1303 3577 1660 3648 complectar,

115 3652 286 3718 quibus
309 3664 362 3710 et
384 3659 672 3713 veritatem
691 3660 996 3719 luculenter
1021 3678 1380 3737 exponam,et
1405 3671 1662 3727 omnibus

115 3741 523 3803 adversariorum
555 3750 956 3820 objectionibus
982 3757 1432 3817 manifestissime
1463 3777 1660 3818 occur-

117 3848 225 3887 ram.
254 3839 452 3896 Assero
484 3842 653 3910 igitur
687 3845 864 3914 primo
892 3848 1198 3906 clarissime
1233 3863 1422 3922 patere
1465 3866 1660 3911 aucto-

114 3939 205 3980 rem
231 3933 467 4000 epistola:
504 3935 574 3988 ad
620 3934 928 4006 Magnesios
971 3941 1175 3996 nullam
1211 3943 1376 3998 aliam
1405 3947 1657 4003 bieresim

115 4020 262 4075 Verbis
281 4041 342 4078 ex
367 4041 428 4080 ea
453 4027 686 4096 prolatis
712 4032 1042 4099 respexisse,
1065 4051 1231 4104 quam
1261 4053 1378 4092 eam
1407 4055 1530 4109 qua:
1553 4041 1658 4096 fuit

115 4107 273 4178 lgnatii
314 4134 429 4172 aevo
465 4121 845 4190 cognitissima
873 4165 886 4188 ,
937 4124 1315 4184 Ebionitarum
1353 4135 1562 4190 scilicet
1604 4147 1657 4192 et

114 4199 482 4265 Nazareni-nm.
521 4211 660 4267 Cum
697 4225 879 4270 autem
925 4219 1225 4276 adversarii
1269 4223 1406 4280 adeo
1436 4242 1656 4284 asseve-

115 4307 266 4352 ranter
286 4304 642 4369 contendant,
676 4307 790 4361 haec
813 4310 1059 4378 cpistola:
1095 4316 1257 4370 verba
1287 4317 1354 4372 ad
1380 4317 1650 4378 Valentini

115 4400 445 4450 commentum
488 4397 780 4465 respicere.
808 4400 1037 4472 ejusque
1086 4407 1362 4475 peculiare
1395 4412 1649 4470 delirium

117 4489 270 4549 reapse
299 4485 460 4542 ferire
495 4509 508 4542 :
539 4506 730 4545 assero
759 4494 999 4550 secundo
1038 4499 1201 4554 verba
1249 4501 1386 4571 ipsa,
1422 4514 1482 4559 ut
1518 4517 1646 4562 sunt
1684 4537 1727 4591 ο

117 4570 164 4591 -1.
191 4587 242 4591 ..μ
265 4586 293 4591 ν-
488 4581 500 4591 ²
600 4583 610 4591 ·
796 4585 806 4591 ⁵
1004 4589 1012 4591 “
1047 4587 1091 4591 ’³

115 4570 166 4622 ab
189 4586 389 4632 auctore
413 4581 661 4650 epistola:
691 4585 922 4654 prolata,
948 4589 1016 4643 ad
1047 4570 1394 4650 Valentinum
1422 4601 1646 4656 omnino

115 4677 200 4718 non
223 4683 477 4740 spectare,
508 4690 612 4729 nec
637 4676 754 4731 sine
791 4679 1024 4734 violenta
1076 4682 1390 4744 detorsione
1419 4690 1484 4744 ad
1524 4692 1645 4761 ejus

116 4759 318 4816 haeresim
332 4768 706 4835 exponendam
724 4769 1170 4844 refutandamque
1185 4779 1444 4854 applicari
1462 4799 1640 4851 posse.

116 4844 159 4899 Si
183 4853 290 4918 quis
314 4863 496 4912 tamen
535 4859 715 4915 adhuc
743 4862 862 4916 sine
897 4866 1110 4921 ratione
1144 4844 1410 4927 Valentini
1443 4875 1640 4946 dogma

116 4943 341 5011 respicere
389 4950 506 5004 haec
560 4954 722 5008 verba
760 4957 1003 5024 potuisse
1038 4961 1200 5028 velit,
1242 4980 1310 5018 ne
1338 4968 1639 5038 quidquam

115 5044 266 5090 contra
293 5042 673 5112 antiquitatem
701 5047 947 5115 epistolm
976 5050 1091 5107 hzec
1118 5051 1304 5124 iniqua
1325 5060 1638 5129 conjectura

115 5124 258 5182 valere
281 5131 526 5187 videatur
551 5151 564 5185 :
588 5152 776 5192 assero
803 5141 966 5195 tertio
985 5142 1130 5196 illam
1160 5145 1332 5213 ipsam
1363 5149 1636 5220 haeresim,

116 5228 340 5280 quatenus
370 5225 454 5281 his
478 5229 660 5284 verbis
691 5229 841 5287 feriri
871 5243 1114 5306 putatur,
1146 5238 1434 5301 Valentino
1463 5247 1638 5306 fuisse

115 5307 455 5383 antiquiorem,
485 5327 540 5372 et
571 5335 602 5372 a
632 5324 1023 5384 vetustioribus
1061 5333 1324 5398 gnosticis
1351 5338 1451 5406 ipsi
1483 5338 1639 5410 lgna-

116 5394 172 5447 tio
189 5406 362 5461 coazvis
384 5409 689 5465 certissime
714 5414 825 5469 deri
837 5428 1030 5475 valam.
1059 5420 1213 5486 Quod
1245 5427 1290 5481 si
1315 5429 1438 5497 quis
1468 5433 1634 5488 etiam

109 5485 247 5546 adhuc
274 5499 605 5564 praifractius
629 5510 768 5566 tueri
790 5513 937 5578 velit,
966 5529 1242 5576 auctorem
1275 5525 1518 5594 epistolae
1547 5529 1631 5586 his

108 5579 248 5638 verbis
294 5586 628 5652 Valentinum
683 5603 859 5672 ipsum
911 5614 1256 5681 respexisse.
1309 5634 1410 5674 "DC
1465 5621 1628 5693 δίεθη

108 5668 329 5733 prioribus
365 5682 632 5744 haereticis
674 5668 947 5763 cognitam
991 5668 1162 5762 fuisse
1199 5718 1321 5777 post
1362 5721 1441 5766 tot
1477 5668 1629 5768 vele-

109 5770 200 5817 τιιιιι
225 5782 390 5837 aperta
420 5780 723 5837 testimonia
749 5791 1007 5848 com-edat
1034 5813 1044 5847 :
1081 5815 1176 5854 nec
1201 5801 1279 5857 sic
1301 5803 1516 5872 quidem
1543 5820 1630 5861 res

376 5868 644 5938 ΡΑΤιιοι..
697 5876 812 5940 Gn.
862 5883 938 5947 ν.

1692 3180 1735 3238 C

861 328 913 384 J.
955 329 1321 390 PEARSONII
1365 337 1686 398 VlNDlCl/E
1717 345 2148 405 ιοΝΑτιΑΝΑς.
2187 382 2260 395 -
2296 350 2475 414 PARS
2516 360 2582 415 11.

137 449 238 494 tam
295 441 463 509 probe
505 444 758 513 cognitus
807 456 932 514 est,
963 450 1188 506 minime
1241 469 1598 526 usurparunt.
1632 459 1698 516 Et
1726 477 1772 534 Α
1800 476 1868 516 ex
1923 465 2367 526 adversariorum
2417 477 2688 531 sententia
2718 479 2967 538 confecta

3280 377 3386 434 298

3011 484 3116 540 erit
3145 505 3159 541 :
3194 503 3386 546 assero

1801 555 1950 608 enim
1996 568 2216 626 quarto,
2249 563 2401 616 nullo
2431 581 2760 636 argumento
2789 575 2924 629 satis
2956 576 3115 632 firmo
3157 582 3381 649 probari

1799 660 1960 713 posse
1988 646 2136 716 ipsos
2154 648 2418 708 Valentini
2443 659 2747 738 peculiares
2769 679 2988 723 errores
3014 646 3190 729 fuisse
3218 672 3382 745 lgna-

1798 737 1876 792 tio
1905 739 2128 808 martyri
2155 758 2384 812 prorsus
2409 747 2739 813 incognitas.

2413 883 2643 942 CAPUT
2688 886 2772 950 ιν.

1795 986 1982 1087 Pr'ima
2021 995 2266 1087 (isseme,
2300 999 2454 1077 uerba
2494 1000 2589 1087 ξιιμ
2618 1003 2717 1082 οὐκ
2751 1005 3049 1087 ἁπδὶσιγῆς
3095 1019 3375 1087 προελθὼν

1863 1057 2086 1144 Ιιατνεξίη
2132 1057 2511 1120 Ebibnitarum
2530 1071 2732 1144 ferire,
2759 1057 3046 1139 probati"?
3062 1101 3128 1138 ea:
3142 1057 3372 1144 2555::

1863 1129 2106 1215 dezttibus.
2119 1143 2190 1215 ﬁt.
2207 1129 2658 1215 consequentibus.
2697 1129 3002 1215 Εέριίεᾶέῖο
3021 1129 3371 1214 ιᾶἶιιιῖῗέἇῆξ

1862 1198 2040 1298 Λόγον
2082 1198 2584 1298 ᾁῖδίου.“ρρροξίιίο

1861 1263 2227 1362 quéptissimq.
2264 1263 2473 1356 Petavii
2498 1263 2754 1362 estpositio
2778 1263 3366 1362 ἐξὲἆὶῖίινῗὸίήεᾎῖο

1863 1338 1927 1391 de
1956 1339 2448 1422 frigidahlocntione
2477 1338 2735 1422 reﬁcitur.
2776 1338 2986 1412 Similes
3015 1338 3367 1422 veterim’tvPa-

1863 1412 2422 1508 trnrrt'explicqtmnes
2448 1412 2765 1508 aﬂéruntz‘tr.
2803 1425 3052 1508 Geminus
3176 1439 3362 1508 Augu-

1863 1489 1985 1508 ......
2041 1496 2275 1508 μ..-
2323 1497 2493 1508 ---μω
2567 1502 2599 1508 γ-
2714 1504 2722 1508 .

1856 1478 1988 1574 stini
2009 1478 2513 1574 'locus‘eindicqtur,
2550 1502 2600 1544 et
2645 1478 2826 1548 altera

1857 1555 1963 1646 tgr.
1999 1547 2343 1608 Locutionem
2379 1547 2591 1613 inanem
2634 1578 2738 1617 non
2765 1582 2893 1621 esse.
2956 1547 3063 1626 Vox
3088 1547 3368 1646 πρέελθεῑν

1913 1621 2152 1646 ωσι-..ἒηιυι
2187 1625 2359 1646 ----____‘
2394 1644 2417 1646 η
2467 1645 2470 1646 ,
2764 1645 2767 1646 ,
2835 1637 2888 1646 ..-
3053 1645 3065 1646 γ

1856 1615 2153 1700 Ρειέιυὶαηο
2182 1625 2359 1714 «insui
2390 1644 2790 1714 nonrepugnrrt,
2835 1637 2927 1714 ᾚκ
2958 1645 3113 1714 σιγῆς
3132 1615 3224 1700 rire!
3259 1649 3367 1702 ἀπὸ

1856 1688 2014 1759 σιγῆς
2041 1706 2146 1746 non
2181 1696 2320 1748 male
2358 1698 2506 1751 reddi
2537 1688 2669 1769 post
2691 1688 2992 1763 silentium.

1855 1797 1991 1854 lllud
2017 1812 2198 1858 autem
2227 1807 2374 1876 quod
2407 1811 2584 1879 primo
2615 1815 2733 1870 loco
2757 1825 3116 1881 asserendum
3155 1833 3362 1898 putavi,

1786 1902 2067 1949 auctorem
2099 1898 2345 1967 epistol-ae
2392 1905 2460 1958 ad
2495 1905 2806 1978 Magnesios
2840 1918 3018 1974 verbis
3043 1936 3107 1976 ex
3142 1938 3203 1978 ea
3236 1941 3366 1996 pro-

1783 1981 1909 2039 latis
1941 1987 2172 2043 haaresin
2202 1990 2606 2064 Ebionitarum,
2651 2017 2829 2074 neque
2863 2010 3028 2066 ullam
3061 2015 3226 2072 aliam
3271 2037 3361 2076 re-

1781 2077 2046 2146 spexisse,
2084 2081 2518 2146 luculentissime
2550 2095 2833 2162 probatur.
2879 2100 3010 2158 Dum
3051 2109 3197 2164 enim
3229 2127 3364 2168 con-

1774 2165 2035 2235 junctivaa
2077 2175 2382 2242 particulae,
2430 2196 2537 2237 una
2569 2184 2728 2242 initio
2759 2188 2988 2260 hujusce
3035 2204 3359 2269 sententi-a2,

1779 2259 1949 2316 altera
1993 2265 2263 2338 principio
2295 2276 2578 2342 sequentis
2625 2259 2854 2343 inserta.
2905 2289 3040 2344 satis
3069 2295 3360 2354 manifeste

1778 2355 2075 2412 ostendunt
2119 2375 2231 2429 quo
2279 2372 2391 2418 tota
2436 2371 2707 2426 sententia
2752 2375 3035 2435 referenda
3067 2384 3248 2451 sit,et
3286 2389 3359 2446 ad

1775 2443 1907 2511 quid
1939 2458 2134 2503 auctor
2167 2452 2435 2524 epistola),
2468 2473 2594 2514 cum
2618 2477 2681 2516 ca
2715 2467 2999 2537 scriberet,
3026 2476 3354 2537 collinearit.

1775 2530 2052 2592 Particula
2083 2536 2202 2612 γάρ’
2220 2547 2460 2603 ostendit
2483 2549 2625 2607 hanc
2653 2554 2830 2624 ipsam
2857 2566 3182 2622 sententiam
3208 2572 3357 2639 prio-

1773 2625 1851 2679 ris
1887 2628 2158 2685 rationem
2201 2636 2519 2706 continere;
2557 2654 2610 2696 et
2656 2651 2934 2716 sequentis
2965 2657 3231 2722 particula
3260 2657 3355 2719 οὖν

1772 2717 2013 2772 ostendit
2039 2734 2159 2774 eam
2189 2738 2256 2777 ex
2281 2724 2386 2780 hac
2413 2732 2567 2799 sequi
2593 2733 2812 2792 debere.
2846 2741 2916 2795 At
2945 2717 3000 2798 et
3027 2753 3354 2809 antecedens

1771 2810 2043 2864 sententia
2093 2823 2146 2868 et
2193 2829 2488 2886 sequentes
2534 2821 2799 2883 Ebionein
2853 2833 3055 2891 diserte
3111 2837 3349 2909 feriunt;

1771 2914 1904 2968 cego
1925 2910 1979 2956 et
1999 2902 2114 2959 hate
2132 2921 2255 2977 qua:
2276 2910 2478 2978 prioris
2493 2916 2762 2974 rationem
2793 2926 3050 2992 explicat,
3082 2942 3136 2985 et
3164 2944 3352 3000 postc-

1771 2989 2015 3049 rioribus
2044 2999 2402 3056 occasionem
2441 3007 2666 3074 praebet.
2706 3013 3049 3074 Antecedcns
3083 3022 3198 3079 haec
3221 3037 3348 3082 est:

1773 3100 1795 3134 ι
1827 3080 1887 3136 Si
1919 3086 2066 3140 enim
2100 3104 2277 3159 usque
2305 3109 2454 3150 nunc
2502 3102 2806 3157 secundum
2835 3104 3182 3169 Judaismum
3211 3117 3350 3172 vivi-

1770 3188 1916 3239 mus,
1946 3179 2276 3236 eonlitemur
2293 3187 2524 3254 gratiam
2556 3207 2666 3246 non
2693 3199 2984 3266 recepisse.
3020 3223 3038 3255 ι
3079 3204 3154 3261 De
3181 3209 3347 3264 Ebio-

1767 3266 1901 3322 meis
1931 3265 2167 3326 iremeus
2189 3273 2281 3328 lib.
2315 3291 2354 3340 ι,
2376 3293 2426 3332 c.
2455 3279 2525 3332 26
2552 3300 2564 3336 :
2596 3302 2614 3334 ι
2646 3284 3130 3350 Circumciduntur
3151 3308 3204 3353 et
3226 3316 3348 3370 pero

1765 3370 2019 3414 severant
2070 3363 2124 3416 in
2172 3365 2258 3420 his
2295 3375 2809 3446 consuetudinibus,
2841 3398 2962 3451 qua:
2986 3400 3113 3442 sunt
3149 3405 3346 3448 secun-

1764 3446 1894 3501 dum
1949 3449 2145 3522 legem,
2182 3466 2236 3509 et
2281 3455 2512 3516 Judaico
2541 3446 2993 3528 charactere-uti.
3031 3497 3049 3527 ι
3087 3480 3230 3536 idem
3271 3497 3343 3540 te-

1763 3547 1976 3594 stantur
2007 3553 2134 3611 post
2183 3545 2444 3604 Irenaeum
2499 3569 2736 3612 omnes:
2791 3567 3121 3624 antecedens
3175 3573 3342 3643 igitur

1764 3632 2041 3686 sententia
2065 3633 2329 3693 Ebioncm
2353 3641 2556 3697 diserte
2574 3645 2715 3701 ferit.
2737 3648 2869 3715 Qua:
2890 3669 3068 3710 autem
3096 3632 3340 3733 sequun-

1765 3727 1852 3772 tur
1882 3737 1894 3772 :
1924 3721 1986 3774 Εἰ
2011 3719 2103 3796 οὖν
2132 3729 2179 3778 οἱ
2218 3729 2276 3780 ἐν
2319 3731 2568 3798 παλαιοῖς
2610 3740 2927 3812 πράγμασιν
2967 3719 3339 3826 ἀναστραφένο

1760 3825 1871 3872 τες,
1899 3813 1978 3874 εἰς
2010 3816 2298 3888 καινότητα
2327 3821 2538 3888 ἐλπίδος
2569 3826 2783 3897 ῆλυοον.
2814 3851 2833 3883 ‹
2877 3833 2931 3888 Si
2969 3813 3339 3908 igitur-in've-

1762 3903 1972 3958 teribus
2003 3906 2170 3963 rebus
2212 3917 2525 3970 conversati
2569 3918 2626 3973 in
2677 3925 2972 3982 novitatem
3018 3935 3132 4001 spei
3171 3953 3335 3995 vene-

1761 4002 1911 4061 runt,
1948 4014 1968 4048 ›
2014 4007 2069 4052 et
2109 4009 2304 4056 caetera
2346 4006 2538 4063 eodem
2573 4011 2734 4080 plane
2778 4019 3028 4087 tendunt,
3066 4037 3124 4083 ut
3170 4047 3200 4086 a
3237 4031 3336 4089 Ju-

1757 4084 1989 4154 daismo,
2020 4107 2234 4162 nempe,
2264 4099 2526 4154 recedant
2554 4104 2649 4172 qui
2676 4105 3165 4174 Christianismum
3211 4137 3333 4179 am-

1757 4175 2106 4244 plectuntur:
2146 4200 2268 4254 quae
2299 4189 2484 4244 omnia
2519 4191 2722 4250 directe
2752 4198 3019 4260 adversus
3063 4206 3332 4270 Ebionem

1755 4274 1807 4318 et
1855 4282 2122 4338 sequaces
2163 4275 2422 4333 militant.
2467 4279 2592 4338 Haec
2621 4284 2736 4355 ipsa
2769 4297 3042 4350 sententia
3070 4301 3140 4356 ab
3167 4319 3330 4375 argu-

1754 4368 1940 4414 mento
1974 4362 2184 4434 incipit,
2229 4382 2340 4438 quo
2382 4373 2460 4426 uti
2495 4384 2705 4434 veteres
2737 4383 3003 4443 adversus
3045 4362 3330 4454 Ebionivtas

1755 4448 2072 4522 similesque
2116 4456 2402 4517 haereticos
2454 4467 2704 4524 solebant
2746 4491 2758 4526 :
2813 4477 2876 4528 Οἱ
2920 4478 3029 4550 γὰρ
3063 4482 3328 4543 Θειὸτατοι

1753 4543 2028 4612 προφῆται
2071 4549 2210 4602 κατὰ
2254 4552 2490 4624 Χριστὸν
2537 4559 2741 4631 Ἰησοῦν
2775 4565 2990 4637 ἔζησαν.
3046 4592 3065 4624 ι
3099 4574 3332 4636 Divinis-

1748 4633 1874 4687 simi
1926 4639 2070 4691 enim
2129 4645 2405 4712 prophch
2455 4653 2758 4709 secundum
2805 4659 3084 4720 Christum
3136 4666 3326 4729 Jesuni

1746 4725 2036 4793 vixerunt;
2063 4749 2080 4780 ι
2121 4743 2175 4786 et
2206 4747 2265 4788 ut
2297 4737 2638 4798 demonstret
2664 4761 2760 4803 eos
2783 4754 2958 4819 gratia
2994 4757 3197 4817 Christi
3240 4765 3328 4820 in-

1746 4816 1984 4885 spiratos
2016 4822 2120 4876 hoc
2165 4823 2382 4895 fecisse,
2414 4834 2667 4890 eumdem
2702 4837 2894 4910 Deum,
2930 4863 3090 4916 quem
3121 4853 3195 4908 illi
3229 4873 3323 4910 co-

1743 4906 1949 4974 lebant,
1978 4914 2363 4974 manifestassc
2389 4939 2446 4977 se
2471 4940 2565 4994 per
2589 4927 2787 4986 Filium
2815 4950 2976 4992 suum
3006 4942 3158 5011 dicit,

1743 5009 1826 5051 est
1855 5010 2119 5058 aeternum
2153 5007 2273 5076 ejus
2309 5009 2570 5082 Verbum,
2598 5037 2616 5070 ι
2652 5035 2843 5079 contra
2874 5033 3125 5088 eumdem
3145 5007 3320 5092 'Ebio-

1745 5101 1889 5154 nem,
1921 5091 2014 5159 qui
2059 5109 2184 5148 cum
2233 5100 2438 5154 nudum
2489 5105 2764 5164 hominem
2821 5129 2945 5169 esse
2993 5123 3316 5186 asserebat,

1742 5188 2004 5236 :eternum
2041 5188 2289 5256 negabat.
2328 5191 2444 5248 Non
2479 5206 2689 5253 tantum
2718 5203 2860 5257 enim
2889 5207 2964 5260 illi
2990 5210 3082 5277 qui
3107 5226 3173 5264 ex
3197 5214 3316 5268 viro

1741 5277 1795 5320 et
1844 5268 2048 5328 femina
2082 5276 2366 5336 Christum
2411 5289 2802 5356 praidicabant,
2847 5297 2939 5349 sed
2985 5268 3039 5352 et
3073 5299 3108 5352 ii
3147 5303 3314 5358 etiam

1740 5361 1834 5426 qui
1887 5378 2010 5417 eum
2052 5382 2117 5421 ex
2169 5369 2392 5441 Virgine
2442 5387 2632 5432 natum
2682 5386 3166 5451 agnoscebant,o:3
3205 5395 3315 5464 μὴν

1739 5449 1854 5502 οὐδ’
1885 5454 2085 5522 ὁμοίως
2114 5461 2205 5512 καὶ
2248 5456 2392 5517 οὗτοι
2432 5470 2804 5542 προῦπὰρχειν
2846 5477 3008 5532 αὑτὸν
3047 5481 3179 5536 Θεὸν
3211 5486 3298 5538 Λό-

1736 5555 1830 5606 γον
1851 5542 1977 5596 ὄντα
2003 5548 2094 5600 καὶ
2118 5552 2306 5620 σοφίαν
2328 5556 2694 5628 ὁμολογοῦσιν,
2723 5581 2740 5614 ε
2772 5570 3158 5632 prmcxstttissc
3185 5589 3311 5630 cum

1737 5639 1796 5682 ut
1831 5629 1998 5687 Deum
2023 5634 2256 5694 Verbum
2282 5654 2333 5697 et
2354 5645 2688 5714 Sapientiam
2720 5629 2941 5712 minimc
2969 5661 3306 5718 confiteban-

1737 5731 1845 5786 tur,
1884 5744 1902 5776 ι
1945 5737 2002 5780 ιιι
2025 5737 2254 5786 testatur
2283 5735 2558 5794 Eusebius
2583 5742 2679 5796 lib.
2708 5759 2792 5812 ιιι,
2825 5764 2876 5804 c.
2904 5750 3099 5809 27.1ta
3123 5759 3306 5812 omnia

1734 5815 2102 5874 tenvellenda:
2148 5820 2373 5881 Ebionis
2408 5827 2601 5886 hmrcsi
2631 5839 2898 5907 Lapprime
2927 5847 3304 5918 conveniunt,

3186 4967 3203 4998 ι
3225 4951 3318 5018 qui

2916 5937 2992 5995 10
