3770 6306
389 311 497 370 999

1373 306 1433 361 S.
1471 303 1823 362 lGNATlUS.
1865 334 1935 344 »-
1965 299 2497 358 PROLECOMENA.

3552 298 3654 353 500

391 441 568 497 neque
595 426 703 481 alio
742 434 976 497 possunt
1007 435 1276 497 spectare,
1309 427 1419 482 nis'.
1444 427 1554 481 vim
1588 426 1770 482 verbis
1802 426 1970 480 mani-
1999 430 2044 487 Α
2073 431 2159 476 est
2192 436 2254 475 ea
2285 436 2406 477 esse
2445 435 2512 474 ex
2542 430 2668 488 tota
2705 417 2989 488 lgnatiana
3022 418 3281 489 perioche
3307 416 3654 476 certissima:

391 515 588 572 festam
621 516 945 571 inferamus.

460 605 598 661 Cum
631 618 809 662 autem
844 607 1121 661 Christum
1153 607 1367 662 dixerat
1392 606 1633 662 Verbum
1667 614 1967 669 aeternum,

388 698 449 762 ὃς
476 700 623 752 ἐστιν
648 699 811 753 αὐτοῦ
848 700 1019 769 Λόγος
1049 700 1238 765 ἀΐδιος,
1278 700 1331 755 id
1362 701 1601 755 breviter
1636 701 1872 770 explicat
1902 699 1970 755 iis

389 791 592 857 verbis,
615 792 713 844 οὐκ
735 793 841 845 ἀπὸ
871 794 1029 864 σιγῆς
1057 792 1356 865 προελθὼν,
1389 813 1406 843 ι
1440 792 1701 859 Verbum,
1721 792 1969 863 inquam,

388 893 677 947 aeternum,
708 899 817 938 non
863 900 893 938 a
927 885 1146 939 silentio
1193 886 1543 955 proveniens,
1584 904 1604 936 ι
1640 893 1703 939 ιιι
1743 885 1969 940 verbum

390 989 484 1029 seu
505 990 698 1031 sermo
742 976 925 1031 omnis
954 977 1049 1047 qui
1095 987 1335 1033 aeternus
1370 990 1481 1031 non
1519 983 1623 1031 est.
1670 974 1796 1032 Haec
1822 976 1969 1030 enim

388 1066 623 1136 adjectio
657 1068 793 1122 nihil
820 1068 968 1122 aliud
996 1077 1079 1123 est
1109 1085 1274 1138 quam
1302 1069 1550 1138 exegesis
1582 1069 1699 1123 sive
1725 1070 1969 1138 explica-

388 1160 465 1213 tio
498 1161 818 1214 aeternitatis
866 1159 1060 1225 Verbi,
1092 1174 1269 1230 caque
1294 1160 1455 1229 plane
1492 1159 1759 1215 naturalis
1786 1168 1840 1213 et
1873 1160 1976 1213 ob-

385 1255 497 1317 via,
527 1263 581 1309 et
619 1255 739 1308 sine
763 1254 885 1308 ullo
919 1262 1171 1322 respectu
1216 1253 1285 1307 ad
1316 1252 1481 1306 aliam
1516 1252 1757 1322 aliquam
1800 1266 1969 1322 pecu-

386 1347 576 1399 liarem
608 1345 839 1399 hieresin
870 1344 1108 1397 maxime
1132 1342 1376 1413 pr0pria,
1411 1343 1643 1399 reddens
1668 1357 1857 1397 veram
1882 1357 1975 1396 no-

385 1440 591 1493 tionem
628 1437 828 1493 aeterni
877 1435 1062 1499 Verbi,
1098 1448 1149 1490 et
1178 1437 1247 1491 ab
1278 1436 1385 1490 alio
1417 1435 1583 1491 verbo
1628 1450 1741 1489 non
1769 1443 1975 1488 aeterno

389 1540 538 1583 recte
570 1529 935 1598 distinguens.
990 1526 1088 1582 Hic
1130 1536 1215 1581 est
1245 1528 1493 1581 omnium
1532 1526 1818 1581 hominum
1855 1524 1974 1580 vul-

387 1623 534 1693 garis
580 1623 648 1677 de
678 1624 844 1678 verbo
888 1624 1220 1692 conceptus,
1273 1631 1335 1677 ut
1365 1620 1837 1692 quod.silentium
1885 1635 1977 1676 re-

387 1716 602 1787 spiciat.
640 1715 715 1771 Ita
752 1716 896 1785 apud
932 1715 1219 1787 Virgilium
1252 1713 1399 1769 Juno
1418 1716 1463 1747 ’⁸
1490 1716 1521 1769 ε’

718 1850 732 1863 .
764 1849 778 1863 .
814 1849 826 1861 .
871 1808 1013 1873 Quid
1047 1825 1126 1862 me
1154 1805 1268 1862 alta
1298 1806 1514 1861 silentia
1549 1806 1692 1877 cogis

459 1877 735 1948 Rumpere,
766 1890 817 1933 et
839 1881 1123 1933 obductum
1152 1878 1320 1932 verbis
1336 1878 1553 1948 vulgare
1571 1876 1807 1931 datorem
1826 1876 1851 1929 .’

386 1966 490 2025 Ubi
509 1970 997 2035 Servius,'Silentia
1027 1980 1207 2023 autem
1238 1984 1513 2038 rumpere,
1546 1988 1564 2021 ι
1586 1970 1736 2039 loqui
1756 1967 1975 2039 proprie

386 2064 619 2119 dictum.
654 2082 671 2115 ›
698 2063 773 2116 Ex
802 2063 1021 2117 silentio
1049 2077 1181 2132 ergo
1207 2062 1343 2126 exit,
1377 2077 1473 2116 seu
1504 2061 1816 2131 prorumpit
1847 2075 1974 2114 ver-

384 2156 538 2212 bum.
568 2155 704 2225 liuic
727 2164 909 2233 autem
939 2154 1019 2225 τῷ
1041 2169 1299 2225 rumpere
1326 2154 1604 2210 silentium
1633 2153 1974 2210 contrarium

384 2249 530 2319 apud
570 2249 791 2306 Graecos
815 2257 899 2303 est
926 2248 986 2301 τὸ
1011 2249 1319 2319 ἐχεμυθεῖν.
1361 2245 1672 2319 Hesychius
1701 2264 1714 2300 :
1742 2244 1973 2317 Ἐχέμυ-

387 2340 499 2405 οος,
532 2339 670 2411 ἔχων
697 2342 757 2393 ὲν
787 2338 965 2411 ἑαυτῷ
1008 2339 1098 2393 τὸν
1140 2340 1327 2408 λόγον,
1362 2341 1481 2412 ἦτοι
1512 2337 1729 2410 κρατῶν
1767 2337 1859 2390 τὸν
1898 2336 1978 2390 λό-

388 2450 485 2502 γον
520 2436 720 2505 σιωπῇ.
768 2432 834 2487 Ει
863 2449 1056 2488 rursus
1084 2450 1097 2486 :
1143 2432 1481 2505 Ἐχεμυϐεἶν,
1519 2433 1753 2503 σιωπᾷν,
1782 2431 1977 2500 λόγους

388 2525 627 2593 στέγειν.
663 2524 818 2581 Unde
850 2524 1142 2579 Ammonio
1163 2524 1368 2579 dicitur
1390 2526 1517 2597 σιγὴ
1550 2525 1766 2596 στέρξις
1790 2524 1973 2593 λόγου,

390 2616 486 2671 ubi
539 2617 723 2671 sentio
758 2616 943 2687 potius
993 2617 1284 2687 legendum
1317 2617 1526 2683 στέξις,
1576 2618 1788 2687 στέγειν
1828 2616 1975 2671 enim

392 2710 550 2779 λόγον
577 2725 642 2766 eo
670 2726 836 2765 sensu
867 2710 1059 2765 dicunt
1086 2712 1282 2778 01·ωοί,
1319 2726 1427 2765 non
1463 2710 1730 2783 στέργειν,
1752 2717 1812 2764 ut
1853 2708 1977 2778 opi-

392 2817 515 2858 nor.
549 2802 677 2860 lnde
706 2804 869 2876 σιγῆς
902 2816 956 2862 et
992 2805 1152 2876 λόγου
1183 2806 1474 2861 antithesis
1520 2804 1778 2859 omnibus
1811 2801 1977 2857 fami-

390 2895 567 2959 liaris.
602 2908 663 2954 ut
686 2896 1066 2955 Nazianzenus
1095 2900 1343 2955 carmine
1372 2898 1441 2953 12
1475 2899 1543 2953 ad
1575 2898 1907 2968 episcopos:

536 2992 709 3046 Θύσω
731 2993 830 3047 καὶ
858 2994 1062 3064 σιγὴν,
1093 2994 1173 3059 ὡς
1194 2992 1505 3061 τοπὰροιθε
1532 2992 1738 3061 λόγον.

392 3080 460 3138 Et
481 3094 603 3137 orat
634 3085 701 3140 14
729 3104 755 3141 τ.
778 3088 840 3139 Οἱ
860 3087 956 3140 τοῦ
990 3086 1149 3156 λόγου
1172 3084 1442 3156 τοσαύτης
1470 3084 1636 3155 ἐσμὲν
1679 3080 1835 3152 σιγῆς
1879 3096 1979 3151 με·-

394 3177 531 3229 στοί.
566 3178 703 3232 Cum
752 3179 918 3249 igitur
954 3180 1178 3234 verbum
1227 3180 1346 3235 sive
1380 3194 1692 3233 sermonem
1724 3192 1978 3232 Commu-

393 3268 537 3323 niter
565 3279 844 3339 sumptum
876 3270 949 3325 ita
981 3270 1273 3341 concipere
1306 3269 1606 3334 soleamus,
1638 3276 1699 3323 ut
1735 3283 1861 3322 eum
1906 3266 1982 3321 si-

395 3356 625 3412 lentium
664 3374 881 3429 semper
922 3362 1224 3431 praecedat;
1281 3370 1475 3415 auctor
1518 3370 1701 3414 autem
1737 3358 1984 3428 epistolae

389 3450 506 3519 jam
535 3450 767 3507 dixisset
800 3450 1037 3507 Verbum
1073 3455 1222 3524 quod
1252 3454 1506 3510 Christus
1534 3464 1636 3519 est,
1668 3467 1791 3507 esse
1820 3460 1982 3506 aeter-

395 3560 561 3612 num;
591 3553 860 3599 aeternum
890 3555 1074 3600 autem
1106 3563 1229 3602 esse
1253 3563 1362 3601 non
1396 3554 1575 3617 potest
1604 3546 1751 3615 quod
1787 3545 1856 3599 ab
1878 3545 1982 3599 ali-

395 3652 506 3707 quo
537 3638 644 3692 alio
675 3638 1038 3708 praeceditur:
1078 3654 1205 3694 vere
1238 3646 1291 3694 et
1318 3640 1629 3708 opportune
1654 3652 1780 3692 cum
1827 3636 1984 3691 Chri-

396 3732 541 3783 stum
575 3728 814 3783 Verbum
839 3732 1097 3801 appellat,
1130 3746 1238 3785 non
1273 3732 1379 3786 tale
1412 3732 1637 3801 intelligi
1667 3731 1865 3787 debere
1887 3730 1986 3783 ad-

398 3831 608 3887 monet,
658 3822 824 3891 quale
861 3842 880 3873 ί
920 3838 986 3877 ex
1030 3823 1251 3879 silentio
1280 3825 1584 3894 proveniat.
1618 3843 1636 3875 ι
1692 3822 1983 3878 Silentium

399 3924 581 3968 autem
624 3915 738 3970 sive
780 3916 928 3983 σιγή,
964 3914 1080 3969 sive
1123 3916 1301 3985 σιωπή
1336 3914 1572 3979 dicatur,
1623 3914 1847 3983 perinde
1878 3924 1983 3969 est.

401 4001 473 4059 Ut
502 4004 755 4061 Clemens
785 4005 1192 4061 Alexandrinus
1215 4045 1231 4071 ,
1252 4006 1629 4059 Admonitione
1655 4007 1724 4059 ad
1751 4005 1938 4060 Gentes
1966 4022 1984 4058 :

399 4096 571 4151 Τοῦτο
596 4094 663 4170 ἦν
691 4099 719 4152 ὃ
760 4098 1002 4170 ᾐνίττετο
1036 4101 1069 4170 ὴ
1100 4099 1369 4170 Ζαχαρίου
1418 4100 1597 4171 σιωπὴ
1640 4098 1985 4171 ἁναμένουσα

398 4190 491 4245 τὸν
509 4192 812 4266 πρόδρομον
834 4192 927 4245 τοῦ
955 4191 1191 4263 Χριστοῦ
1228 4191 1458 4262 καρπὸν,
1495 4188 1581 4243 ἵνα
1609 4190 1708 4261 τῆς
1731 4189 1987 4261 ἀληθείας

397 4287 460 4339 τὸ
487 4287 601 4355 φῶς
626 4290 653 4340 ὁ
678 4288 849 4355 Λόγος
879 4286 987 4338 τῶν
1022 4285 1373 4357 προφητικῶν
1398 4285 1735 4357 αἰνιγμάτων
1758 4284 1859 4357 τὴν
1888 4302 1988 4356 μυ-

402 4379 595 4449 στικὴν
643 4377 979 4450 ἁπολύσηται
1035 4378 1245 4449 σιωπὴν
1292 4377 1623 4445 Εὑαγγὲλιον
1673 4377 1984 4447 γενόμενος.

2008 3141 2055 3204 C

2070 522 2125 570 et
2154 513 2387 568 Dallaaus
2418 513 2537 583 ipse
2568 512 2660 567 illa
2698 496 2898 579 verba,
2928 512 2989 575 ὃς
3013 513 3162 565 ἐστιν
3182 511 3350 565 αὑτοῦ
3377 510 3555 579 Λόγος
3580 511 3652 563 ἀι.

2069 610 2200 674 διος,
2242 608 2398 664 all‘ert
2426 617 2689 677 tanquam
2716 606 2983 663 adversus
3012 608 3362 663 Anemonem
3394 616 3451 662 et
3474 606 3652 662 Theo-

2070 707 2258 757 dotum
2287 700 2685 766 disertissima,
2718 700 2814 771 qui
2840 698 3071 755 Ebionis
3100 700 3332 755 heresin
3356 699 3652 770 amplecte-

2077 795 2318 849 bantur:
2352 795 2421 848 de
2468 792 2920 863 interpretatione
2959 792 3194 862 simplici
3225 806 3419 846 eorum
3465 793 3639 846 verbo

2072 903 2219 952 rum,
2242 886 2343 939 οὐκ
2362 884 2472 938 ἀπὸ
2496 885 2655 955 σιγῆς
2676 882 2976 955 προελθών,
2994 883 3125 953 quid
3149 884 3381 938 senserit
3401 881 3654 946 Danaus,

2075 979 2251 1050 probe
2277 978 2394 1033 scio
2425 994 2490 1033 ex
2540 976 2609 1031 iis
2637 992 2758 1045 quae
2789 986 2978 1030 contra
3011 974 3290 1030 Petaxium
3337 976 3654 1044 disputavit.

2074 1074 2168 1129 Ille
2200 1073 2348 1128 enim
2397 1071 2862 1142 perspicacissimi
2895 1070 3098 1140 ingenii
3139 1069 3349 1125 Jesuita
3398 1073 3554 1125 hunc
3586 1071 3656 1123 uti

2074 1163 2221 1219 haud
2251 1163 2416 1234 paulo
2444 1161 2876 1217 commodiorem
2905 1171 2961 1217 et
2990 1160 3294 1218 faciliorem
3324 1178 3555 1217 sensum
3577 1177 3658 1217 se-

2074 1263 2235 1311 cutus
2278 1264 2382 1310 est.
2432 1274 2451 1306 ι
2485 1252 2749 1319 Verbum,
2780 1253 2979 1324 inquit,
3016 1254 3132 1310 sive
3159 1270 3476 1309 sermonem
3507 1254 3657 1325 lgna-

2074 1347 2184 1402 tius
2213 1347 2413 1402 asserit
2439 1360 2565 1401 esse
2610 1344 2797 1400 Iesum
2826 1346 3111 1402 Christum
3151 1344 3247 1400 Dei
3279 1346 3507 1412 Filium,
3553 1361 3654 1401 non

2075 1438 2256 1506 qualis
2300 1446 2386 1493 est
2415 1446 2635 1493 creatus
2661 1449 2715 1493 et
2746 1438 3025 1493 humanus
3056 1453 3260 1503 sermo,
3296 1439 3396 1508 qui
3426 1439 3483 1493 in
3530 1447 3656 1492 tem-

2077 1546 2209 1601 pore
2254 1531 2448 1602 incipit
2484 1541 2539 1586 et
2583 1533 2636 1585 in
2678 1543 2922 1600 tempore
2971 1531 3207 1596 desinit;
3248 1547 3357 1585 non
3393 1531 3547 1585 enim
3582 1539 3656 1586 est

2075 1632 2334 1678 aeternus.
2388 1622 2508 1678 Hoc
2557 1638 2753 1687 unum,
2806 1638 2907 1677 nec
2955 1621 3104 1677 aliud
3146 1622 3453 1692 quidquam
3496 1622 3657 1675 voluit

2077 1716 2341 1789 Ignatius.
2379 1736 2398 1763 ι
2433 1715 2587 1772 Hanc
2615 1725 2797 1771 autem
2838 1716 3047 1772 Petavii
3077 1716 3507 1786 explicationem
3541 1714 3654 1769 Dal-

2002 1790 2046 1849 Β
2074 1810 2208 1865 lacus
2234 1808 2487 1879 frigidam
2524 1818 2580 1863 et
2614 1809 2832 1863 inanem
2864 1808 3135 1886 argutiam
3164 1816 3340 1861 vocat.
3374 1805 3495 1876 Ego
3528 1807 3581 1860 in
3602 1822 3657 1859 ea

2075 1903 2215 1957 nihil
2260 1901 2545 1971 frigidum,
2582 1901 2717 1955 nihil
2765 1900 2959 1963 inane,
2991 1916 3059 1955 ne
3102 1900 3407 1969 quidquam
3446 1898 3656 1968 quidem

2076 2000 2330 2060 argutum
2359 1990 2558 2057 video;
2591 1991 2774 2045 omnia
2800 1990 2984 2059 potius
3011 1990 3196 2060 plana,
3222 1990 3544 2060 perspicua,
3568 2004 3658 2057 apo

2075 2084 2277 2154 posita,
2329 2092 2384 2137 et
2438 2082 2717 2137 communi
2768 2081 3085 2136 Grmcorum
3142 2081 3386 2136 sermoni
3433 2082 3657 2135 maxime

2077 2174 2383 2230 conformia
2416 2174 2691 2228 videntur.
2711 2174 2816 2229 Sed
2833 2175 3033 2244 primo,
3066 2175 3262 2244 inquit,
3284 2190 3490 2244 «quam
3518 2173 3657 2243 frigi-

2076 2268 2205 2323 dum
2240 2275 2345 2330 est,
2374 2266 2756 2336 Maguesianos
2790 2282 3037 2333 monere,
3070 2265 3266 2321 Filium
3306 2268 3404 2321 Dei
3441 2268 3655 2321 verbum

2077 2375 2199 2415 esse
2241 2359 2435 2429 ipsius,
2470 2374 2577 2413 non
2613 2368 2795 2414 tamen
2825 2359 3095 2429 ejusmodi
3127 2368 3187 2413 ut
3217 2368 3343 2429 post
3386 2357 3656 2414 silentium

2078 2452 2364 2523 prodierit.
2396 2472 2415 2504 ι
2437 2451 2557 2506 Jam
2585 2451 2840 2506 criticum
2875 2451 2985 2520 agit
3017 2450 3268 2516 Dallzeus,
3307 2451 3407 2505 sed
3441 2450 3658 2505 infelici-

2080 2552 2182 2599 ter.
2199 2542 2341 2610 Quid
2364 2544 2535 2610 enim,
2562 2544 2607 2598 si
2629 2544 2738 2597 hoc
2756 2542 3016 2613 frigidum
3045 2542 3137 2606 sit,
3163 2556 3292 2612 ergo
3318 2540 3655 2611 Ignatianum

2078 2650 2200 2691 esse
2252 2650 2360 2693 non
2396 2637 2610 2705 potest?
2654 2636 2735 2688 An
2785 2649 3011 2689 necesse
3058 2642 3143 2689 est
3188 2644 3247 2688 ut
3278 2635 3659 2696 sanctissimus

2080 2736 2288 2799 martyr
2324 2728 2525 2783 melius
2556 2729 2860 2798 scripserit,
2890 2743 3055 2798 quam
3088 2728 3226 2783 clari
3256 2727 3407 2782 inter
3451 2727 3657 2781 (ἕτερος

2079 2827 2353 2887 oratores,
2380 2820 2435 2874 in
2459 2835 2695 2890 quorum
2726 2820 3077 2875 orationibus
3100 2820 3270 2874 multa
3301 2818 3508 2886 frigide
3529 2819 3659 2874 dicta

2080 2921 2345 2967 n0tarunt
2388 2912 2564 2968 critici
2610 2914 2856 2968 veteres?
2885 2912 2961 2967 De
3000 2912 3240 2967 Isocrate
3288 2928 3513 2968 summo
3553 2914 3660 2966 viro

2083 3001 2380 3074 Dionysius
2405 3002 2872 3073 Halycarnasseus
2894 3024 2907 3057 ε
2932 3003 3260 3073 Σχηματίζει
3282 3002 3340 3055 δὲ
3373 3002 3659 3074 φορτικῶς,

2084 3095 2179 3149 καὶ
2206 3094 2276 3149 τὰ
2306 3094 2477 3149 πολλά
2504 3096 2713 3164 γίνεται
2745 3096 2973 3167 ψυχρός.
3004 3097 3121 3173 [tuo
3154 3094 3414 3150 Isocratis
3438 3096 3663 3149 imitato-

2086 3202 2175 3241 res
2212 3186 2442 3258 frigidos
2472 3203 2594 3242 esse
2629 3188 2902 3254 observat,
2937 3203 3001 3242 ex
3035 3187 3237 3257 quibus
3283 3187 3542 3241 nominat
3581 3184 3662 3238 Τίο

2086 3294 2309 3343 maaum,
2338 3278 2617 3333 Platonem
2661 3291 2715 3335 et
2744 3279 3392 3350 Sosigencm.Longinus
3406 3280 3657 3335 Timarum

2087 3374 2294 3445 pariter
2324 3383 2378 3429 et
2415 3374 2698 3429 Platonem
2740 3377 3019 3441 nominat,
3050 3376 3249 3445 quibus
3285 3375 3459 3431 etiam
3498 3376 3661 3430 Xeno~

2087 3466 2348 3535 phontem
2410 3466 2678 3535 adiungit.
2730 3464 2848 3519 Non
2896 3467 3060 3536 igitur
3109 3468 3367 3539 martyris
3430 3467 3659 3523 auctori-

2088 3566 2254 3611 tatem
2286 3556 2584 3623 imminuit,
2612 3558 2657 3611 si
2693 3556 2834 3612 forte
2863 3558 3072 3627 aliquid
3101 3558 3297 3629 frigide
3317 3559 3554 3626 dixerit;
3577 3560 3657 3613 diu

2088 3657 2215 3703 ante
2237 3664 2363 3704 eum
2396 3650 2598 3704 summi
2627 3650 2681 3703 in
2712 3649 2920 3705 Grzecia
2951 3649 3055 3704 viri
3100 3650 3298 3720 frigide
3328 3644 3509 3707 multa
3540 3652 3659 3707 scri-

2086 3744 2265 3813 psisse
2295 3744 2466 3799 notati
2501 3753 2647 3799 sunt.
2690 3743 2794 3798 Sed
2847 3744 3090 3798 nondum
3123 3744 3300 3809 video,
3333 3760 3517 3813 quare
3560 3745 3658 3797 hac

2088 3835 2295 3890 locutio
2354 3836 2492 3891 adeo
2523 3836 2718 3906 lrigida
2753 3838 3147 3891 existimetur:
3201 3836 3316 3890 lmo
3361 3853 3539 3903 vero,
3584 3838 3655 3890 in—

2088 3928 2228 3998 quit,
2274 3947 2292 3979 ι
2326 3930 2487 3999 quasi
2554 3929 2623 3984 sit
2660 3930 2954 3999 quisquam
3001 3930 3138 3983 adeo
3168 3927 3376 3992 fatuus,
3419 3941 3479 3985 ut
3515 3944 3657 4000 quem

2090 4021 2243 4075 audit
2273 4035 2393 4076 esse
2442 4020 2629 4075 Jesum
2679 4023 2959 4076 Christum
3009 4021 3105 4076 Dei
3153 4021 3377 4085 Filium,
3421 4022 3656 4078 eumdem

2090 4123 2283 4182 putare
2329 4114 2502 4183 possit
2532 4128 2561 4166 a
2603 4115 2820 4169 silentio
2845 4130 2968 4170 esse
3016 4117 3235 4170 ortum?
3266 4135 3285 4167 ι
3318 4116 3524 4171 Astute
3561 4118 3657 4171 hac

2089 4206 2342 4275 quidem;
2373 4207 2576 4260 omittit
2604 4207 2751 4260 enim
2798 4207 2850 4261 id
2880 4208 3027 4278 quod
3060 4208 3113 4262 in
3148 4209 3251 4263 hac
3278 4224 3337 4263 re
3364 4218 3457 4265 est
3486 4209 3659 4280 praci-

2090 4313 2259 4367 puum
2319 4295 2557 4353 Verbum
2618 4300 3002 4366 scilicet,sive
3032 4316 3365 4357 sermonem.
3412 4301 3658 4369 Quamvis
3726 4318 3727 4327 η

2093 4389 2186 4445 Dei
2211 4392 2385 4448 Filius
2409 4393 2646 4458 dicatur,
2683 4394 2814 4449 dum
2860 4405 3042 4450 tamen
3075 4396 3302 4451 verbum
3346 4396 3522 4459 idem,
3561 4396 3658 4451 sive
3724 4414 3725 4455 ξ

411 4492 429 4521 ι
465 4470 579 4525 lioc
606 4480 725 4525 erat
756 4471 901 4540 quod
935 4470 1319 4525 subindicabat
1350 4469 1629 4524 Zachariae
1671 4470 1947 4525 silentium
1970 4510 1985 4534 ,
2019 4487 2063 4543 ι)
2095 4499 2279 4539 sermo
2328 4486 2552 4553 dicitur,
2582 4486 2741 4542 facile
2766 4489 2892 4544 talis
2918 4498 3219 4559 conceptus
3246 4490 3299 4542 in
3344 4494 3537 4546 animo
3575 4505 3657 4543 au-
3722 4510 3723 4559 ἡ

404 4558 645 4615 fructum
671 4560 879 4616 Christi
906 4576 1300 4631 praecursorem
1330 4561 1673 4630 prazstolans,
1698 4570 1758 4615 ut
1778 4560 1872 4614 lux
1892 4575 1987 4614 ve-

405 4653 588 4708 ritatis
633 4653 873 4707 Verbum
908 4654 1353 4722 propheticorum
1399 4654 1750 4725 muigmatum
1794 4654 1989 4724 mysti—

406 4766 534 4805 cum
567 4750 802 4804 solveret
834 4750 1116 4805 silentium
1167 4748 1525 4820 Evangelium
1576 4747 1992 4817 factumaSpe-

408 4850 589 4895 ctatur
618 4841 782 4911 igitur
803 4840 958 4909 λόγος
985 4842 1354 4895 communiter
1378 4850 1638 4910 tanquam
1666 4841 1843 4911 σιγῆς,
1874 4838 1991 4893 sive

411 4933 623 5003 σιωπῆς
643 4931 1322 5003 ἁπόλυσις,ι)ιίεοο(1οηιίε,
1351 4934 1578 4999 scilicet,
1605 4934 1805 4989 silentii
1843 4934 1992 4987 solu-

410 5024 506 5077 tio.
554 5020 719 5075 Recte
761 5021 927 5091 igitur
984 5022 1240 5076 admonet
1270 5022 1512 5093 lgnatius
1582 5034 1789 5089 noster,
1833 5023 1993 5076 Chri-

408 5124 577 5178 stum,
593 5128 715 5167 cum
740 5111 909 5180 Λόγος
929 5112 1147 5177 dicitur,
1175 5122 1439 5167 aeternum
1462 5122 1641 5167 tamen
1662 5128 1802 5179 esse,
1832 5113 1996 5166 adeo-

409 5222 518 5276 que
545 5206 707 5261 talem
722 5220 831 5259 non
845 5219 987 5270 esse,
1001 5205 1179 5274 qualis
1201 5222 1265 5260 ex
1280 5207 1617 5276 pracedcnte
1630 5207 1851 5261 silentio
1869 5222 1997 5276 pro-

406 5300 632 5368 rumpit.
671 5296 795 5352 llaec
837 5305 921 5353 est
951 5298 1275 5353 asscrtionis
1318 5310 1520 5353 nostra:
1580 5299 1726 5354 ratio
1758 5299 1995 5356 breviter

413 5394 705 5461 explicata.

485 5484 625 5549 Quid
655 5486 721 5541 de
751 5485 819 5542 iis
848 5502 971 5557 qua:
994 5480 1062 5541 de
1088 5486 1282 5543 haeresi
1310 5486 1537 5543 Ebionis
1573 5487 1836 5554 diximus,
1870 5504 1996 5543 sen-

413 5576 553 5631 tiant
603 5578 706 5631 viri
755 5580 941 5643 docti,
989 5582 1205 5648 nescio;
1253 5582 1494 5638 nondum
1544 5584 1726 5650 enim,
1776 5592 1835 5637 ut
1887 5586 1997 5653 opi-

413 5683 538 5733 nor,
572 5668 687 5752 haec
718 5686 748 5725 a
790 5674 1049 5740 quopiam
1081 5673 1421 5743 dictasunt;
1466 5675 1596 5731 mihi
1629 5686 1813 5752 tamen
1858 5678 1993 5734 satis

477 5764 523 5796 ιι·
553 5749 769 5813 Αῐιιεὶά.
795 5778 852 5828 x,
882 5761 971 5818 ὃὸ.
1453 5753 1456 5757 ’
1758 5749 1766 5753 ’

2090 4576 2358 4631 dientium
2390 4577 2683 4647 formatur,
2714 4582 2796 4636 vel
2825 4581 3064 4651 objectio
3090 4583 3292 4651 potius.
3320 4584 3530 4638 Verum
3554 4583 3658 4655 qui-

2091 4672 2215 4725 dem
2262 4677 2345 4728 est
2397 4672 2688 4745 lgnatium,
2763 4677 2892 4730 dum
2941 4678 3055 4733 vult
3102 4678 3387 4733 Christum
3437 4680 3655 4738 Verbum

2093 4775 2365 4821 aeternum
2397 4768 2709 4834 ostendere,
2746 4765 2894 4825 recte
2922 4785 3047 4825 eum
3078 4770 3274 4825 Filium
3308 4774 3482 4829 etiam
3510 4774 3658 4829 nomi-

2096 4870 2262 4909 nare:
2292 4856 2394 4909 hoc
2419 4857 2565 4910 enim
2594 4856 2854 4928 frigidum
2881 4874 2989 4913 non
3014 4870 3118 4926 est,
3154 4862 3247 4916 sed
3274 4866 3655 4919 necessarium.

2096 4944 2170 4998 Ita
2215 4947 2485 5015 judicavit
2523 4964 2754 5018 magnus
2782 4950 3137 5017 Athanasius,
3180 4952 3374 5024 lgnatii
3422 4960 3509 5011 sui
3538 4958 3659 5025 epti-

2096 5053 2220 5092 mus
2268 5039 2555 5109 interpres,
2605 5042 2698 5095 lib.
2740 5042 2811 5095 De
2845 5043 3062 5112 synodis
3092 5060 3109 5097 :
3148 5047 3265 5100 ’Ίνα
3299 5048 3375 5119 μὴ
3409 5051 3565 5103 πάλιν
3591 5066 3659 5109 τις

2097 5128 2308 5182 ἀκούων
2340 5132 2498 5201 μόνον
2531 5132 2685 5199 λόγον
2715 5135 2912 5207 νομίσῃ
2948 5135 3191 5189 τοιοῦτον
3222 5133 3361 5192 εἶναι
3395 5138 3505 5205 οἷός
3534 5143 3660 5194 ἐστιν
3712 5140 3713 5207 ι

2098 5224 2125 5273 ὁ
2154 5220 2262 5274 τῶν
2290 5221 2602 5295 ἀνθρώπωνέ
2630 5225 3020 5290 ἀνυπόστατος,
3043 5226 3154 5280 ἀλλ’
3175 5230 3391 5283 ἀκούων
3413 5234 3508 5301 ζὸτι
3554 5232 3658 5287 Υξὰ

2100 5308 2215 5361 ἐστι
2243 5310 2485 5385 γινώσκῃ
2513 5314 2699 5367 τοῦτον
2728 5312 2863 5369 εἶναι
2905 5316 3080 5381 ζῶντα
3108 5318 3279 5387 Λόγον
3309 5323 3407 5375 καὶ
3446 5323 3659 5376 ἐνούσιον

2102 5403 2314 5471 σοφίαν.
2355 5424 2372 5457 ι
2410 5407 2489 5460 Ac
2536 5422 2603 5461 ne
2651 5410 2775 5477 quis
2827 5412 3057 5466 audiens
3101 5429 3417 5470 sermonem
3468 5428 3655 5472 tantum

2100 5496 2378 5551 existimet
2425 5499 2588 5552 talem
2623 5514 2765 5566 esse,
2798 5502 2978 5571 qualis
3018 5512 3103 5557 est
3145 5504 3463 5573 hominum,
3489 5507 3658 5562 'subsi-

2100 5588 2297 5643 stentia
2327 5604 2543 5655 carens,
2590 5590 2683 5645 sed
2728 5592 2958 5647 audiens
2990 5595 3136 5664 quod
3182 5593 3359 5650 Filius
3414 5599 3507 5661 sit,
3543 5595 3657 5650 sciat

2098 5681 2249 5738 hunc
2267 5696 2389 5738 esse
2415 5683 2596 5738 vivum
2621 5699 2933 5743 sermonem
2950 5695 3006 5741 et
3031 5688 3452 5746 substantialem
3478 5692 3655 5760 sapien-
3702 5686 3703 5747 ξ
