3770 6330
157 334 237 392 30!
881 324 928 384 J.
971 328 1337 385 PEARSONII
1373 327 1699 386 VINDICIAS
1736 327 2438 386 IGNATIANAE.—PARS
2465 330 2529 385 II.

3237 332 3342 389 502

155 449 279 509 tiam,
309 464 326 497 ι
370 452 471 498 etc.
516 439 786 498 Maximus
842 443 1199 500 Taurinensis
1228 460 1243 498 :
1284 464 1303 497 ι
1340 445 1417 501 Ne
1456 446 1681 500 verbum
1708 451 1758 510 Α
1791 465 1811 498 ο
1844 444 2107 512 Quaenam
2138 456 2223 501 est
2257 447 2348 502 illa
2380 450 2680 517 generatio,
2713 468 2821 522 qua
2851 452 2914 507 In
2939 456 3198 526 principio
3242 470 3358 513 erat

155 542 299 611 ipsum
339 550 439 590 non
491 537 854 590 substantiam
894 537 1159 603 veritatis,
1207 537 1302 592 sed
1351 538 1679 606 prolativum

151 628 378 702 loquentis
421 627 514 682 Dei
558 637 779 697 putares
824 642 946 683 esse
980 643 1311 693 sermonem,
1356 630 1556 684 dicitur
1584 629 1677 683 Fi-

152 724 253 778 lius.
282 740 298 774 ι
329 720 388 774 Et
427 728 607 773 tamen
657 719 812 773 multi
867 718 1108 783 fuerunt,
1155 736 1332 790 neque
1378 721 1470 775 isti
1498 721 1675 786 fatui,

149 812 223 883 qui
251 811 506 866 Christum
542 819 597 864 et
623 808 819 863 Filium
852 806 948 863 Dei
976 808 1287 877 credebant,
1321 821 1376 866 et
1417 807 1674 877 Verbum,

150 920 229 957 nec
262 912 423 955 tamen
452 902 675 956 verbum
722 910 1009 966 mternum,
1060 902 1306 971 adeoque
1348 919 1415 958 ex
1462 905 1677 960 silentio

148 994 435 1065 profectum;
479 993 624 1048 unde
672 992 1045 1047 Tertullianus
1092 994 1309 1063 negavit
1338 993 1505 1049 Deum
1554 1010 1676 1051 esse

148 1084 458 1141 sermonalcm
489 1100 519 1138 a
552 1085 843 1154 principio,
871 1094 927 1140 et
960 1086 1139 1156 primo
1172 1085 1336 1139 tacite
1374 1087 1672 1154 cogitasse,

145 1186 187 1232 et
204 1177 512 1246 disposuisse
555 1192 742 1231 secum
778 1192 901 1246 quae
925 1193 1021 1247 per
1047 1190 1356 1232 sermonem
1403 1192 1528 1231 mox
1557 1187 1676 1234 erat

144 1272 368 1332 dicturus,
393 1278 445 1324 et
476 1268 736 1339 Origenes
767 1270 821 1323 in
854 1268 1119 1326 Joannem
1160 1271 1363 1327 multos
1393 1286 1493 1325 sua
1516 1282 1674 1326 astate

143 1363 378 1417 exstitisse
407 1361 589 1429 docet,
619 1362 711 1430 qui
743 1373 1003 1431 tanquam
1035 1363 1381 1432 perspicuum
1414 1362 1545 1417 illud
1573 1364 1672 1416 ad-

143 1452 404 1516 mittebant,
452 1450 649 1505 Filium
684 1451 778 1505 Dei
821 1467 945 1508 esse
976 1452 1213 1507 Verbum
1260 1464 1671 1524 nuncupatum,

140 1544 333 1613 οἰόμενοι
361 1543 638 1614 προφορὰν
668 1546 943 1615 πατρικὴν
972 1546 1133 1598 οἱονεὶ
1158 1546 1214 1599 ἐν
1244 1546 1531 1610 συλλαϐαῖς
1563 1564 1674 1600 κει-

143 1635 276 1705 μένην
300 1629 427 1688 εἶναι
456 1635 547 1688 τὸν
578 1635 705 1688 Υἱὸν
726 1636 819 1689 τοῦ
845 1634 1001 1700 Θεοῦ,
1020 1639 1386 1694 existimantes
1411 1640 1672 1703 prolatio-

141 1743 233 1778 neut
258 1735 517 1794 paternam
544 1727 700 1797 quasi
731 1727 785 1779 in
802 1728 1023 1798 agitabis
1054 1729 1305 1791 iacentem
1329 1747 1440 1783 esse
1471 1729 1515 1782 F
1519 1730 1672 1783 ilium

1793 538 2014 593 Verbum
2035 581 2053 603 ,
2083 549 2132 591 et
2174 538 2400 593 Verbum
2438 553 2553 596 erat
2588 545 2730 613 apud
2763 545 2952 615 Deum,
2976 558 3026 602 et
3065 549 3205 605 Deus
3240 565 3357 606 erat

1779 631 1992 686 verbum
2019 633 2103 684 ὀἳ
2138 651 2156 683 ι
2185 632 2272 686 vel
2309 633 2453 701 quod
2487 644 2571 689 est
2591 636 2695 691 hoc
2720 636 2981 704 Verbum,
3008 643 3152 711 quod
3179 644 3358 698 dicta-

1778 738 1873 778 rus
1898 730 2057 777 antea
2089 738 2197 779 non
2233 722 2461 790 silebat;
2496 742 2607 795 quo
2633 728 2799 797 dicto,
2838 748 2947 785 non
2978 733 3130 788 siluit
3158 736 3253 805 qui
3276 736 3359 791 di~

1778 814 2123 885 cebat?quod
2137 827 2220 869 est
2238 813 2469 870 Verbum
2495 820 2614 873 sine
2636 829 2903 891 tempore,
2926 840 3020 893 per
3043 826 3189 895 quod
3213 827 3357 895 facta

1778 914 1907 960 sunt
1936 908 2220 976 tempora?
2250 906 2509 973 Verbum,
2550 913 2697 980 quod
2737 913 2876 968 labia
2909 916 3114 972 nullius
3144 921 3360 987 aperuit

1777 1007 2039 1066 emptum,
2068 1000 2333 1055 clausitvc
2359 1001 2606 1057 finitum?
2636 1024 2654 1054 ι
2683 1004 2783 1059 Cui
2815 1009 3090 1077 geminum
3118 1012 3358 1081 adjungo

1777 1087 1838 1142 Β.
1874 1089 2143 1160 Fulgentii
2171 1093 2375 1156 locum,
2402 1095 2471 1148 ad
2495 1094 2921 1154 Trasimundum
2947 1102 3043 1156 lib.
3070 1118 3148 1168 Ill,
3177 1119 3227 1158 c.
3254 1105 3354 1160 18:

1784 1200 1802 1231 ι
1838 1181 1964 1235 Fuit
1994 1182 2178 1237 infans
2216 1183 2449 1240 Verbum
2481 1188 2784 1243 secundum
2830 1206 3073 1258 carnem,
3106 1203 3161 1249 et
3206 1196 3357 1251 fandi

1776 1286 1889 1325 non
1919 1272 2110 1326 habuit
2135 1272 2448 1329 facultatem
2480 1296 2491 1329 :
2519 1278 2613 1331 sed
2647 1279 2789 1333 idem
2818 1280 3055 1337 Verbum
3088 1286 3238 1341 nullo
3265 1304 3360 1341 un-

1777 1379 1942 1433 quam
1975 1366 2151 1434 potuit
2181 1367 2425 1422 coerceri
2467 1369 2708 1433 silentio,
2742 1372 2869 1441 quia
2920 1360 3035 1443 ipSe
3068 1386 3151 1431 est
3179 1376 3358 1434 Patris

1775 1457 2106 1526 sempiterna
2156 1459 2381 1514 locutio.
2416 1480 2435 1511 ι
2494 1460 2733 1532 Uterque
2767 1475 2946 1519 autem
2996 1472 3356 1527 aeternitatem

1776 1547 1939 1603 Verbi
1967 1548 2063 1604 Dei
2093 1551 2240 1605 clare
2268 1553 2528 1621 explicat,
2558 1564 2613 1609 et
2649 1571 2680 1609 a
2718 1558 2882 1611 verbo
2913 1559 3178 1629 humano,
3209 1568 3359 1634 quod

1774 1653 1840 1694 ex
1896 1650 2088 1693 neutra
2140 1648 2297 1707 parte
2344 1650 2607 1695 aeternum
2657 1653 2761 1706 est,
2817 1645 3131 1717 distinguit,
3170 1659 3362 1719 utpote

1774 1730 1923 1796 quod
1974 1744 2007 1784 a
2044 1730 2264 1783 silentio
2310 1730 2555 1799 incipiat,
2606 1742 2661 1787 et
2693 1734 2747 1787 in
2798 1736 3075 1792 silentium
3121 1742 3357 1800 desinat.

139 1818 232 1882 Dei,
258 1834 419 1888 neque
447 1819 614 1873 ullam
656 1820 706 1874 ei
738 1820 1101 1876 substantiam
1135 1831 1229 1875 aut
1258 1821 1668 1876 subsistentiam
1703 1838 1744 1892 Β
1774 1817 1915 1884 Quid
1943 1818 2011 1872 ad
2043 1818 2162 1873 hinc
2190 1818 2272 1871 vir
2302 1818 2695 1875 doctissimus?
2720 1820 2903 1877 Primo
2931 1825 2986 1877 in
3015 1824 3072 1879 S.
3101 1825 3360 1897 Augusti-

139 1909 408 1966 tribuentes.
441 1908 499 1964 Si
526 1910 741 1979 quoties
774 1912 845 1965 ita
869 1911 1031 1966 Verbi
1059 1914 1209 1966 notio
1237 1913 1471 1967 traditur
1490 1923 1546 1968 et
1575 1929 1673 1967 ex-

135 2002 347 2069 plicatur,
377 2012 435 2057 ut
464 2002 630 2056 simul
663 2018 692 2056 a
727 2003 928 2059 talibus
962 2004 1318 2073 conceptibus
1368 2004 1627 2058 liberetur
1654 2043 1668 2068 ,

134 2091 295 2162 frigida
321 2093 386 2148 sit
408 2093 644 2159 locutio;
681 2092 879 2159 frigent
910 2103 1054 2148 certe
1084 2093 1267 2148 omnia
1316 2093 1415 2148 SS.
1449 2094 1669 2148 Patrum

133 2185 318 2254 scripta,
361 2184 563 2257 frigent
606 2200 799 2241 omnes
840 2186 1223 2256 theologorum
1275 2187 1668 2257 expositiones.

135 2274 347 2330 Universi
396 2276 545 2331 enim
597 2277 830 2333 sollicite
869 2288 1064 2332 curant
1112 2296 1203 2347 ne,
1253 2295 1377 2335 cum
1418 2280 1670 2335 Christus

132 2368 331 2422 Verbum
359 2368 580 2434 dicitur,
613 2369 720 2424 tale
748 2369 972 2426 verbum
1016 2383 1195 2427 mente
1241 2372 1617 2441 concipiamus
1652 2414 1667 2436 ,

131 2462 260 2529 quale
286 2476 346 2515 ex
373 2477 468 2518 ore
500 2465 739 2518 humano
781 2466 1069 2534 provenire
1114 2466 1309 2531 soleat,
1344 2475 1438 2519 aut
1475 2466 1670 2534 qu0vis

130 2554 526 2610 modomternum
565 2571 671 2609 non
694 2558 781 2611 sit.
810 2556 1061 2611 Clemens
1075 2556 1494 2620 Alexandrinus,
1518 2555 1671 2610 Stro-

131 2656 235 2701 ntat.
263 2664 292 2702 v
318 2666 330 2702 :
366 2650 421 2702 Ὀ
453 2650 565 2720 γὰρ
595 2649 688 2702 τοῦ
723 2649 937 2720 lla—.922;
964 2649 1071 2703 τῶν
1094 2649 1229 2702 ὅλων
1248 2649 1418 2717 Λόγος
1450 2650 1547 2719 οὐχ
1581 2642 1670 2702 οὗ·

129 2739 199 2801 τός
224 2740 355 2794 ἐστιν
384 2744 413 2794 ὁ
447 2743 805 2814 προφορικὸς,
833 2744 995 2811 σοφία
1021 2742 1076 2793 δὲ
1110 2741 1203 2795 καὶ
1232 2742 1537 2813 χρηστότης
1569 2759 1671 2811 φα-

130 2833 367 2904 νερωτάτη
414 2834 508 2888 τοῦ
543 2833 708 2902 ξΘεοῦ.
743 2833 1034 2900 Eusebius,
1080 2834 1151 2888 De
1182 2834 1365 2888 eccles.
1415 2834 1666 2903 tlteolog.,

130 2922 205 2977 lih.
237 2941 272 2993 ι,
304 2942 350 2981 c.
383 2928 475 2993 '20,
512 2936 668 2982 notat
697 2926 966 2981 Joannem
999 2927 1205 2982 dixisse
1255 2926 1386 2990 Θεὸς
1415 2921 1483 2997 ἦν
1510 2926 1540 2979 ὁ
1568 2924 1671 2979 Λό-

130 3031 220 3080 τος,
250 3033 347 3071 non
380 3028 563 3073 autem
597 3018 761 3083 Θεῖος,
788 3019 863 3083 ὼς
893 3019 959 3073 ἂν
991 3020 1064 3090 μή
1092 3037 1173 3083 τις
1218 3018 1380 3073 αὑτὸν
1409 3018 1486 3089 τῷ
1517 3018 1671 3089 παρὰ

128 3106 391 3178 ἀνθρώποις
419 3112 605 3181 ὅμοιον
636 3106 772 3165 εἶναι
806 3112 1020 3182 φήσειε,
1051 3111 1288 3180 alibique
1320 3120 1472 3164 notat
1498 3109 1666 3164 Deum

1775 1924 1929 1974 num,
1974 1909 2071 1978 qui
2103 1910 2255 1965 solus
2303 1926 2333 1964 a
2385 1909 2609 1966 Petavio
2665 1913 2920 1969 laudatus
2972 1928 3075 1983 est,
3113 1918 3353 1983 involat,

1772 2014 2009 2070 eumque
2021 2001 2375 2057 acerbissime
2388 2002 2659 2075 objurgat,
2676 2005 2821 2075 quod
2856 2025 2871 2057 ι
2892 2009 3138 2076 argutias
3152 2019 3354 2080 captet,

1771 2102 1825 2147 et
1854 2093 1908 2147 in
1942 2094 2011 2149 iis
2037 2110 2174 2163 pene
2195 2103 2342 2151 totus
2374 2096 2464 2161 sit,
2487 2115 2506 2147 ι
2536 2112 2638 2153 nec
2666 2098 2897 2152 miratur
2927 2102 3072 2169 quod
3105 2121 3123 2153 ι
3150 2104 3358 2173 aliquid

1774 2186 2091 2255 bujusmodi
2120 2187 2331 2242 luserit.
2353 2207 2371 2240 ι
2398 2187 2635 2258 IEquius
2651 2190 2755 2245 hoc
2772 2191 2827 2244 in
2862 2190 2919 2246 S.
2944 2191 3249 2261 Augustino
3276 2196 3357 2251 fe-

1773 2280 2026 2343 rendum,
2060 2286 2206 2349 quod
2239 2280 2383 2334 baud
2410 2281 2599 2336 mitius
2627 2292 2856 2337 caeteros
2882 2282 3075 2340 Patres
3118 2295 3357 2342 tractare

1774 2371 1968 2425 soleat.
2003 2369 2109 2426 Sed
2132 2372 2316 2443 qualis
2343 2373 2531 2443 qualis
2580 2375 2815 2443 scriptor
2857 2375 2933 2429 illi
2973 2376 3219 2433 videatur
3241 2378 3357 2433 Au-

1772 2464 2052 2533 gustinus,
2085 2464 2139 2519 id
2168 2474 2317 2519 certe
2361 2464 2520 2529 fecit,
2578 2467 2725 2535 quod
2775 2477 2902 2521 ante
2936 2483 3061 2522 eum
3108 2468 3355 2539 lgnatius

1771 2557 2089 2626 epistolicus
2118 2578 2129 2611 :
2160 2557 2398 2612 Verbum
2422 2559 2671 2613 divinum
2700 2559 2769 2613 ab
2802 2560 3044 2615 humano
3081 2561 3357 2630 distinxit,

1771 2647 1917 2717 quod
1946 2662 2053 2701 non
2082 2646 2310 2714 perinde
2335 2662 2364 2699 a
2398 2647 2616 2701 silentio
2653 2648 2911 2718 incipiat;
2941 2664 3042 2705 nec
3076 2650 3130 2703 in
3166 2666 3229 2705 ea
3262 2668 3355 2707 ηο-

1772 2739 2030 2805 tione,'ut
2053 2738 2122 2793 ab
2155 2737 2365 2809 lgnatio
2387 2739 2735 2808 exprimitur,
2766 2740 3065 2809 quidquam
3090 2752 3175 2796 est
3197 2758 3333 2814 argu

1773 2843 1909 2887 tum.
1949 2831 2265 2903 Respondet
2296 2830 2542 2886 secundo
2573 2849 2587 2883 :
2629 2849 2647 2881 ι
2680 2830 2733 2884 ld
2771 2848 2879 2886 non
2915 2832 3049 2887 dicit
3090 2833 3356 2904 Augusti-

1771 2941 1897 2991 nus,
1925 2925 2075 2995 quod
2096 2934 2305 2980 noster.
2338 2944 2356 2976 ι
2388 2922 2586 2977 Mirum
2612 2924 2715 2981 hoc
2737 2925 2957 2994 quidem
2987 2942 3000 2979 :
3024 2926 3182 2994 plane
3204 2927 3352 2981 enim

1770 3016 1913 3071 idem
1960 3018 2111 3071 dicit.
2148 3016 2389 3073 Noster:
2439 3038 2456 3069 ι
2494 3016 2733 3073 Verbum
2780 3018 2923 3087 quod
2953 3034 3064 3071 non
3110 3017 3351 3087 prodita

1772 3107 2027 3171 silentio;
2056 3126 2075 3157 ι
2111 3108 2233 3162 ille:
2258 3126 2275 3157 ι
2297 3108 2453 3174 Quod
2483 3116 2567 3163 est
2593 3110 2695 3163 hoc
2724 3107 2984 3173 Verbum,
3007 3110 3151 3178 quod
3175 3110 3353 3167 dictu-

133 3199 188 3267 μὴ
212 3200 363 3268 Λόγον
390 3202 645 3273 αἰσθητὸν
682 3202 824 3272 ἔχειν
857 3203 961 3256 ὑπὸ
990 3203 1236 3275 γλώττης
1265 3203 1627 3273 ἐξηκούμενον
1647 3240 1661 3264 ν

1802 3215 1865 3254 us
1900 3212 2059 3254 antea
2090 3216 2199 3254 non
2230 3201 2462 3256 silebat?
2506 3221 2525 3253 ι
2559 3199 2701 3266 Quid
2728 3201 2834 3255 diei
2869 3202 3047 3271 potuit
3082 3203 3355 3259 similius?

130 3290 201 3341 καὶ
228 3292 304 3345 διὰ
328 3296 611 3365 προφορᾶς
642 3293 857 3365 θνητοῖς
882 3295 1015 3348 ὠσὶν
1046 3295 1451 3365 ὲξακουόμενον.
1480 3293 1537 3349 S.
1562 3293 1665 3365 Cy-

130 3382 253 3436 rillus
296 3383 826 3457 ilierosolymitanus
886 3387 1046 3456 quasi
1103 3386 1313 3450 lgnatii'
1353 3386 1663 3456 Paraphra-

129 3478 241 3539 sten,
274 3484 326 3529 ut
365 3477 521 3544 alibi,
551 3488 751 3547 ageret,
789 3479 1000 3534 catech.
1046 3480 1123 3534 4:
1162 3480 1392 3532 Πίστευε
1426 3479 1507 3532 ὅτι
1547 3479 1665 3541 ἑνὸς

128 3562 233 3616 Θεοῦ
264 3569 545 3641 μονογενὴς
573 3565 652 3634 εἷς
676 3573 824 3624 ἐστιν
850 3572 1001 3635 Υἱὸς,
1030 3570 1137 3643 πρὸ
1159 3571 1376 3624 πάντων
1398 3570 1505 3623 τῶν
1535 3568 1666 3622 αἰώ-

128 3672 210 3708 νων
245 3658 363 3724 Θεὸς
406 3662 609 3731 Λόγοςο
660 3664 832 3733 Λόγος
875 3664 937 3716 οὐ
972 3663 1375 3735 προφορητικὸς
1405 3663 1484 3726 εἰς
1527 3661 1665 3733 ἀέρα

128 3744 447 3819 διαχεόμενος,
467 3752 597 3806 οὔτε
624 3752 803 3823 λόγοις
817 3754 1209 3818 ἁνυποστάτοις
1231 3752 1475 3825 ὲξομοιού
1485 3770 1663 3822 μενος.

130 3834 455 3898 Gravissimus
512 3844 749 3914 scriptor
803 3844 1098 3915 Gregorius
1154 3844 1439 3917 Nysscnus
1472 3862 1485 3897 :
1520 3844 1665 3914 Ποίῳ

128 3928 241 4001 λόγῳ
264 3936 350 3988 καὶ
385 3938 528 4008 ποίῳ
567 3937 869 4007 meditati;
912 3938 1035 3991 οὔτε
1086 3937 1195 4009 γὰρ
1231 3938 1381 4008 ῥῆμα
1411 3939 1439 3991 ὁ
1464 3937 1663 4004 Λόγος,

129 4020 225 4075 οὔτε
266 4026 438 4097 ἆσθμα
482 4028 543 4081 τὸ
579 4028 827 4099 Πνεῦμα.
861 4028 1219 4094 Novatianus,
1249 4029 1343 4084 lib.
1377 4027 1453 4081 De
1486 4027 1665 4081 Triui-

131 4122 246 4168 tate:
274 4137 291 4168 ‹
324 4119 517 4174 Sermo
547 4119 720 4176 Filius
752 4130 913 4176 natus
936 4130 1020 4175 est
1045 4122 1139 4190 qui
1165 4136 1269 4174 non
1299 4120 1353 4173 in
1381 4134 1517 4175 sono
1543 4134 1666 4188 per-

129 4212 244 4266 cussi
271 4216 425 4282 aeris,
456 4226 556 4271 aut
585 4226 713 4271 tono
742 4227 944 4272 coacta:
968 4218 1035 4272 de
1058 4215 1365 4271 visceribus
1394 4215 1545 4269 vocis
1568 4230 1664 4270 ac-

129 4302 339 4379 cipitur;
371 4309 463 4363 sed
513 4308 572 4362 in
625 4309 931 4363 substantia
978 4309 1204 4378 prolata:
1246 4323 1276 4360 a
1308 4306 1419 4361 Deo
1445 4307 1665 4361 virtutis

131 4399 421 4463 agnoscitur.
456 4420 475 4451 ι
513 4399 575 4454 S.
608 4398 869 4464 Hilarius,
900 4400 970 4453 De
997 4399 1170 4465 Trim,
1203 4398 1238 4452 l.
1269 4414 1345 4453 vlt
1375 4416 1387 4451 :
1419 4416 1436 4449 ι
1467 4396 1667 4468 Unigc-

131 4487 245 4545 nitus
282 4492 418 4549 Deus
468 4505 524 4550 et
559 4493 795 4549 Verbum
845 4502 957 4559 est;
1006 4494 1099 4548 sed
1133 4491 1475 4547 innascibilis
1506 4490 1665 4545 Pater

131 4592 368 4651 nunquam
398 4586 629 4640 omnino
657 4585 776 4640 sine
807 4583 985 4639 Verbo
1016 4593 1119 4639 est.
1148 4582 1268 4637 Non
1295 4583 1441 4653 quod
1482 4582 1665 4652 prola-

133 4671 189 4725 lio
210 4678 341 4732 vocis
366 4690 564 4733 natura
593 4679 666 4733 sit
691 4678 837 4743 Filii,
867 4678 960 4732 sed
991 4693 1058 4732 ex
1090 4677 1201 4732 Deo
1230 4676 1375 4731 Deus
1410 4691 1535 4729 cum
1569 4690 1664 4729 ve-

134 4762 259 4821 ritate
275 4769 569 4826 nativitatis
594 4770 915 4825 subsistens.
942 4788 958 4819 ι
984 4768 1211 4838 Vigilius
1229 4768 1523 4838 Tapsensis
1537 4782 1664 4821 cum

132 4857 183 4907 ad
205 4857 292 4912 ista
316 4859 519 4915 Psalmi
558 4879 573 4915 :
604 4880 621 4912 ς
654 4860 831 4915 Verbo
859 4858 1074 4914 Domini
1096 4859 1215 4914 caeli
1244 4860 1438 4913 firmati
1457 4870 1604 4924 sunt,
1640 4877 1660 4909 ι

133 4950 418 5005 asseruisset
440 4951 683 5007 Verbum
714 4968 780 5006 eo
818 4952 938 5005 loco
966 4966 1088 5006 esse
1110 4950 1305 5005 Filium
1324 4950 1520 5016 Patris,
1550 4960 1663 5006 sta-

134 5035 209 5088 tim
233 5040 461 5096 addidit:
494 5062 513 5093 t
553 5040 655 5097 Ubi
689 5043 763 5096 ait
792 5060 805 5095 :
837 5039 1016 5095 Verbo
1048 5040 1283 5106 Domini,
1316 5056 1425 5094 non
1469 5055 1665 5095 sonum

133 5129 251 5183 vocis
278 5132 835 5189 inconsubstantivum
862 5148 982 5188 esse
1011 5132 1269 5201 accipias,
1304 5147 1467 5201 quam
1503 5132 1548 5186 si
1570 5148 1667 5186 va—

137 5214 251 5275 lidus
273 5224 388 5292 quis
412 5226 601 5280 emisit
628 5226 695 5280 de
722 5224 1018 5299 montibus,
1039 5225 1174 5280 solet
1202 5225 1426 5280 reboare
1449 5224 1605 5279 echo.
1643 5242 1660 5273 ι

189 5307 285 5366 Hoc
311 5314 608 5371 discrimen
640 5318 780 5372 inter
822 5316 1061 5371 Verbum
1100 5318 1343 5371 divinum
1385 5326 1439 5370 et
1470 5318 1665 5371 huma-

135 5413 236 5456 num
277 5418 599 5473 prosecutus
648 5420 732 5465 est
771 5409 829 5464 S.
881 5411 1242 5481 Augustinus,
1289 5410 1447 5479 cujus
1486 5410 1667 5465 locum

135 5506 185 5545 ει
231 5513 471 5557 sermone
530 5502 607 5558 De
662 5502 958 5557 Nativitate
1022 5504 1235 5557 Domini
1292 5505 1520 5559 adduxit
1566 5502 1668 5559 Pe-

136 5585 281 5641 tavius
298 5590 359 5642 ad
380 5591 525 5647 hanc
548 5607 660 5646 rem
686 5593 922 5649 maxime
948 5595 1443 5659 accommodatum,
1467 5604 1667 5650 etcum

135 5676 460 5738 explicatione
504 5684 611 5741 loci
661 5684 928 5755 lgnatiani
968 5701 1195 5756 prorsus
1240 5687 1664 5756 conspirantem.

188 5792 222 5821 ’π
245 5792 389 5853 Juan.
417 5816 455 5866 ι,
488 5801 538 5853 l.

1767 3290 1845 3347 De
1872 3293 2066 3347 eodem
2111 3292 2290 3348 Verbo
2316 3293 2581 3363 loquitur,
2614 3302 2668 3347 et
2703 3292 2846 3347 idem
2881 3294 2949 3348 de
2975 3294 3168 3349 eodem
3203 3309 3354 3349 asse—

1767 3386 1858 3439 rit.
1886 3385 1953 3439 At
1971 3383 2027 3439 S.
2045 3385 2384 3456 Augustinus
2406 3406 2423 3437 ί
2449 3382 2686 3440 Verbum
2723 3385 2900 3439 solum
2936 3394 2990 3439 et
3018 3400 3290 3449 seorsum,
3319 3402 3351 3440 a

1766 3478 1991 3531 notione
2004 3492 2248 3546 persona:
2262 3479 2573 3547 praecisum,
2601 3477 2973 3543 considerans
3006 3493 3135 3546 ergo
3159 3478 3211 3531 id
3237 3494 3349 3533 non

1766 3569 1901 3623 dicit
1933 3570 2077 3639 quod
2114 3569 2377 3640 lgnatius.
2414 3571 2611 3625 Mirum
2646 3572 2750 3624 hoc
2782 3569 3043 3640 effugium
3073 3583 3127 3624 et
3163 3580 3350 3639 aperte

1767 3659 1988 3714 falsum.
2021 3659 2291 3729 Loquitur
2322 3660 2662 3732 Augustinus
2691 3676 2798 3713 non
2846 3660 3028 3715 minus
3074 3661 3141 3715 de
3171 3658 3350 3716 Verbo

1768 3753 2124 3820 personaliter
2151 3764 2387 3823 sumpto,
2420 3769 2582 3821 quam
2614 3752 2878 3822 lgnatius.
2914 3752 2991 3805 Ita
3023 3752 3169 3806 enim
3211 3754 3350 3807 inci-

1766 3846 1846 3910 pit
1877 3860 1888 3894 :
1932 3861 1951 3893 ‹
1980 3841 2245 3908 Quamam
2284 3851 2369 3897 est
2400 3844 2490 3896 illa
2518 3843 2823 3913 generatio,
2859 3858 2967 3911 qua
3006 3842 3061 3895 in
3088 3843 3349 3913 principio

1767 3944 1879 3987 erat
1932 3934 2175 3998 Verbum,
2208 3944 2258 3988 et
2304 3934 2522 3988 Verbum
2554 3946 2667 3989 erat
2700 3934 2840 4004 apud
2873 3931 3078 4000 Deum,
3112 3944 3161 3988 et
3208 3936 3349 3990 Deus

1766 4037 1883 4080 erat
1909 4026 2131 4081 Verbum
2150 4030 2174 4082 ?
2193 4048 2211 4080 ›
2231 4028 2470 4099 loquitur
2504 4029 2571 4083 de
2594 4038 2795 4084 aaterna
2824 4027 3175 4100 generatione
3200 4029 3348 4095 Filii,

1768 4120 1861 4188 qui
1889 4134 2021 4174 sane
2046 4130 2130 4174 est
2159 4118 2433 4187 Persona;
2466 4121 2709 4190 loquitur
2738 4122 2804 4176 de
2830 4121 3032 4189 Verbo,
3060 4124 3207 4194 quod
3232 4133 3348 4177 erat

1768 4212 1823 4263 in
1871 4212 2163 4279 principio,
2218 4213 2362 4281 quod
2415 4223 2530 4266 erat
2581 4214 2723 4283 apud
2777 4212 2969 4281 Deum,
3031 4216 3177 4286 quod
3233 4225 3349 4270 erat

1768 4298 1946 4364 Deus;
1994 4302 2143 4370 quod
2174 4318 2307 4357 sane
2352 4311 2437 4357 est
2474 4302 2716 4358 Persona
2744 4320 2759 4358 :
2788 4304 3032 4373 loquitur
3057 4306 3125 4360 de
3168 4304 3349 4360 Verbo

1769 4390 1887 4447 sine
1932 4402 2195 4463 tempore,
2245 4395 2295 4448 id
2340 4406 2423 4450 est
2476 4405 2704 4461 aeterno,
2748 4412 2845 4466 per
2873 4398 3017 4465 quod
3042 4396 3183 4452 facta
3219 4407 3349 4451 sunt
3414 4442 3417 4443 ν

1770 4496 2045 4553 tempora;
2086 4488 2229 4554 quod
2282 4488 2403 4541 sine
2447 4488 2618 4542 dubio
2660 4498 2744 4543 est
2781 4486 3054 4555 Persona;
3105 4491 3348 4558 loquitur

1769 4577 1996 4633 omnino
2031 4579 2099 4632 de
2146 4594 2213 4631 eo
2264 4576 2445 4632 Verbo
2518 4581 2665 4649 quod
2713 4579 2770 4634 S.
2817 4578 3061 4635 Joannes
3107 4581 3161 4635 in
3192 4581 3347 4635 initio

1768 4667 2047 4741 Evangelii
2078 4670 2161 4723 sui
2191 4669 2514 4739 descripsit,
2543 4670 2689 4739 quod
2712 4686 3006 4739 personam
3036 4686 3159 4725 esse
3184 4687 3346 4727 nemo

1767 4761 2074 4815 catholicus
2107 4770 2287 4828 negat.
2342 4759 2408 4813 Et
2443 4760 2784 4830 Augustinus
2829 4762 2996 4831 igitur
3024 4772 3079 4816 et
3112 4761 3348 4833 Fulgen-

1770 4852 1878 4906 tius
1900 4852 2087 4905 eodem
2116 4867 2341 4920 prorsus
2364 4852 2527 4906 modo
2553 4852 2723 4906 locuti
2755 4863 2902 4919 sunt,
2930 4869 3041 4923 quo
3065 4869 3167 4910 nos
3193 4853 3348 4926 lgna-

1767 4944 1903 4996 tinm
1935 4944 2175 4997 locutum
2203 4958 2324 4997 esse
2355 4944 2760 5001 contendimus.

1842 5034 1915 5088 De
1945 5035 2142 5103 frigido
2173 5045 2226 5090 et
2252 5045 2446 5106 arguto
2478 5036 2753 5102 diximus;
2782 5036 2849 5092 de
2891 5038 3040 5092 inani
3086 5054 3235 5093 nunc
3262 5037 3346 5091 di-

1768 5128 2023 5182 cendum.
2054 5147 2071 5179 ι
2107 5126 2562 5198 Supervacaneus
2585 5128 2756 5194 enim,
2786 5129 2982 5199 inquit,
3020 5142 3103 5183 est
3124 5144 3340 5193 sensus,

1769 5237 1930 5289 quem
1974 5220 2230 5276 Petavius
2275 5220 2360 5277 his
2402 5222 2584 5277 verbis
2628 5221 2850 5292 afﬁngit.
2900 5222 3144 5277 Honiinis
3195 5221 3343 5275 enim

1768 5313 2002 5366 verbum
2025 5329 2146 5367 esse
2160 5328 2225 5367 eo
2252 5314 2388 5368 satis
2413 5323 2657 5383 negarat,
2678 5314 2823 5382 quod
2850 5312 2943 5368 Dei
2971 5312 3205 5367 Verbum
3222 5328 3346 5367 esse

1775 5407 2010 5460 dixerat.
2042 5427 2059 5455 ι
2080 5407 2287 5463 Atcum
2304 5406 2399 5459 Dei
2419 5405 2651 5461 Verbum
2667 5407 3031 5469 essedixerat,
3065 5420 3173 5459 non
3210 5405 3343 5459 illud

1770 5502 1903 5556 satis
1924 5510 2170 5570 negarat,
2200 5500 2346 5570 quod
2377 5512 2564 5568 postea
2604 5517 2729 5555 eum
2782 5514 2978 5567 negare
3017 5500 3213 5554 asserit
3246 5498 3345 5553 Pe-

1771 5592 1970 5657 tavius,
1996 5592 2289 5659 ejusmodi,
2313 5592 2542 5656 scilicet,
2572 5606 2878 5646 sermonem
2905 5592 3052 5645 illum
3081 5591 3172 5645 Dei
3201 5608 3343 5654 esse,

1776 5706 1794 5736 ι
1831 5685 2008 5755 qualis
2050 5695 2133 5740 est
2181 5693 2399 5740 creatus
2445 5693 2500 5739 et
2546 5684 2821 5737 humanus
2870 5698 3074 5740 sermo.
3112 5703 3131 5737 ι
3184 5684 3341 5738 Aliud
