3770 6340
384 310 490 365 303

1377 308 1434 362 S.
1480 306 1832 364 IGNATIUS.
1869 339 1935 347 ——-
1993 304 2527 362 PROLEGOMENA.

3537 313 3622 367 εοι

388 424 536 477 enim
571 431 655 479 est
687 421 923 478 Verbum
966 422 1057 478 Dei
1099 437 1240 489 esse,
1260 432 1317 478 et
1358 439 1467 478 non
1516 424 1758 479 hominis
1780 465 1795 487 ,
1828 423 1975 478 aliud

2087 423 2301 496 εϐλήθη,
2352 423 2642 496 προϐαλεῖν
2696 424 2789 479 καὶ
2832 425 2994 478 ain-3v
3039 424 3208 493 Λόγον
3257 424 3350 478 καὶ
3391 427 3548 496 Ζωήν,
3583 440 3626 483 rt

392 515 623 570 verbum
655 515 787 570 illud
820 513 914 569 Dei
946 514 1187 569 humano
1212 512 1391 569 simile
1411 517 1639 569 omnino
1661 530 1805 582 esse,
1831 513 1979 584 quod

392 607 462 660 de
511 605 690 660 Verbo
739 606 833 660 Dei
883 606 1103 676 plurimi
1156 607 1397 661 haeretici
1441 606 1784 662 asserebant.
1832 605 1982 660 Dixit

356 702 363 731 4
395 699 638 769 lgnatius
667 696 762 753 Dei
802 698 1026 752 verbum
1061 713 1182 753 esse
1207 706 1474 754 aeternum
1499 740 1512 765 ,
1543 698 1691 769 quod
1723 706 1785 754 ut
1806 698 1981 767 expli-

395 803 577 858 caret,
622 801 677 847 et
721 801 914 848 contra
958 791 1247 847 haereticos
1278 792 1374 862 qui
1415 792 1775 847 aeternitatem
1818 789 1979 846 Verbi

396 884 489 940 Dei
536 885 909 958 pernegabant
946 883 1295 950 defenderet,
1327 883 1543 939 monuit
1572 882 1813 938 Verbum
1846 882 1979 938 illud

393 976 484 1031 Dei
506 998 524 1027 ‹
548 992 655 1033 non
684 993 748 1032 ex
765 976 981 1033 silentio
995 987 1175 1032 ortum
1200 996 1219 1027 ι
1245 991 1391 1042 esse,
1414 984 1475 1031 ut
1501 975 1978 1032 solentbominum

391 1071 590 1137 verba,
633 1071 738 1126 hoc
782 1079 896 1137 est,
946 1086 1054 1125 non
1103 1085 1226 1125 esse
1270 1070 1436 1124 verbo
1477 1069 1719 1125 hominis
1762 1069 1975 1135 simile,

392 1180 570 1233 neque
593 1180 658 1219 ex
706 1166 875 1219 verbo
920 1166 1165 1219 humano
1194 1166 1261 1218 de
1313 1165 1433 1234 ejus
1477 1164 1793 1219 exsistentia
1834 1174 1980 1219 recte

388 1260 625 1330 iudicari
647 1274 830 1329 posse.
878 1257 1026 1312 Nihil
1076 1258 1356 1329 igiturhis
1401 1258 1582 1314 verbis
1613 1257 1783 1324 dixit,
1832 1257 1979 1326 quod

391 1361 518 1405 ante
547 1352 780 1406 dixerat.
819 1353 926 1404 «At
970 1351 1105 1405 satis
1127 1350 1417 1419 perspicue
1461 1349 1512 1403 id
1563 1359 1689 1402 ante
1730 1348 1976 1413 dixerat,

390 1458 517 1497 cum
553 1443 781 1497 verbum
812 1441 905 1495 Dei
949 1450 1211 1495 aeternum
1242 1439 1491 1493 dixisset.
1521 1456 1540 1487 ι
1573 1437 1731 1492 Certe
1763 1436 1809 1492 si
1854 1436 1979 1505 quis

391 1534 478 1589 his
511 1534 723 1604 legibus
758 1543 1001 1587 veterum
1029 1532 1231 1601 scripta
1260 1530 1579 1585 examinare
1607 1530 1757 1596 velit,
1792 1526 1978 1583 Battos

392 1639 585 1680 omnes
614 1624 792 1679 faciet.
823 1623 1014 1678 Nonne
1051 1638 1242 1677 omnes
1278 1622 1573 1692 aliquando
1620 1621 1830 1691 seipsos
1878 1635 1979 1675 ex-

392 1716 619 1786 plicant,
661 1724 716 1770 et
760 1716 904 1770 idem
944 1731 1086 1785 saepe
1128 1715 1250 1771 aliis
1294 1716 1476 1769 verbis
1514 1713 1741 1769 dicunt?
1786 1711 1981 1767 Nonne

2085 531 2212 571 mox
2240 536 2252 570 :
2300 518 2392 570 Ἐκ
2420 517 2483 587 δὴ
2514 515 2609 569 τοῦ
2638 517 2810 584 Λόγου
2836 518 2932 570 καὶ
2956 517 3055 587 τῆς
3077 516 3230 587 Ζωῆς
3257 516 3627 588 προϐεϐλῆσθαι

2083 608 2225 662 κατὰ
2255 608 2517 677 συζυγίαν
2567 609 2885 679 Ἄνθρωπον
2913 608 3005 662 καὶ
3043 608 3383 680 Ἐκκλησίαν.
3415 606 3489 662 Ea
3519 624 3630 663 voce

2083 716 2300 770 semper
2320 701 2388 756 de
2419 699 2691 755 [Eonibus
2719 701 2912 757 utitur.
2947 700 3208 756 Eamdem
3232 711 3285 755 et
3305 699 3555 770 Origenes
3575 700 3629 754 de

2084 793 2487 850 Valentinianis
2519 808 2689 862 agens
2733 802 2966 863 usurpat
3006 802 3141 847 tom.
3178 808 3240 846 ιιι
3280 793 3329 845 in
3358 790 3629 846 Joannem:

2083 887 2229 959 Πρὸς
2268 886 2326 940 δὲ
2374 887 2501 949 τοὺς
2548 885 2649 958 τὴν
2707 886 2837 957 περὶ
2879 884 3091 939 αἰώνων
3138 884 3546 947 ἀναπλάσαντας
3585 886 3632 937 ὲν

2085 978 2370 1047 συζυγίαις
2419 976 2740 1049 μυθολογίαν
2788 978 2880 1030 καὶ
2932 976 3213 1047 οἰομένους
3258 976 3362 1028 ὑπὸ
3405 974 3516 1028 Νοῦ
3558 976 3634 1029 καὶ

2097 1066 2378 1138 Ἀληθείας
2394 1067 2801 1139 προϐεϐλῆσθαι
2822 1067 2993 1135 Λόγον
3020 1066 3112 1118 καὶ
3141 1064 3315 1136 Ζωὴν,
3342 1067 3447 1118 οὐκ
3466 1063 3634 1117 ἀπίθαο

2081 1177 2170 1216 νον
2214 1160 2310 1214 καὶ
2346 1158 2518 1212 ταῦτα
2563 1160 2856 1231 ἀπορῆσαι.
2906 1158 3085 1227 Atque
3130 1157 3242 1211 haec
3286 1166 3365 1211 est
3420 1155 3636 1210 [Eanum

2048 1244 2397 1323 'genealogia
2431 1250 2574 1304 κατὰ
2603 1250 2702 1322 τὴν
2725 1249 3019 1321 προϐολήν,
3047 1258 3105 1303 ut
3134 1250 3375 1318 loquitur
3397 1247 3633 1304 Irenaus.

2082 1342 2270 1415 Neque
2328 1344 2485 1399 aliter
2528 1341 2947 1397 Valentinianus
3002 1342 3130 1407 ille,
3178 1341 3337 1410 cujus
3382 1341 3638 1411 ipsissima

2082 1436 2247 1490 verba
2274 1434 2593 1489 transcribit
2619 1432 2876 1500 lrcnaeus,
2910 1433 3187 1503 loquitur:
3218 1432 3475 1503 Ἰωάννης
3503 1433 3531 1485 ὁ
3556 1449 3639 1502 μει-

2082 1525 2251 1597 θητὴς
2297 1525 2392 1579 τοῦ
2440 1525 2644 1596 Κυρίου
2686 1523 3006 1595 βουλόμενος
3040 1525 3213 1577 εἰπεῖν
3243 1525 3342 1596 τὴν
3370 1524 3484 1579 τῶν
3526 1524 3642 1577 ὅλων

2080 1619 2293 1687 γένεσιν
2345 1616 2465 1671 καθ’
2510 1618 2576 1687 ἣν
2622 1615 2693 1669 τὰ
2743 1615 2920 1669 πάντα
2967 1614 3300 1687 προέϐαλλεν
3353 1616 3382 1667 ὁ
3438 1612 3641 1685 Πατὴρ,

2080 1714 2256 1785 ἀρχήν
2285 1727 2409 1765 τινα
2453 1709 2769 1765 ὑποτίθεται
2798 1708 2859 1762 τὸ
2885 1707 3102 1779 πρῶτον
3130 1706 3389 1778 γεννηθὲν
3424 1707 3528 1761 ὑπὸ
3563 1706 3641 1759 τοῦ

391 1808 821 1879 nbjectionibus,
858 1824 982 1879 quae
1025 1807 1159 1862 oriri
1188 1818 1423 1878 possunt
1454 1818 1549 1863 aut
1595 1808 1801 1873 solent,
1837 1821 1977 1876 saepe

2087 1803 2237 1867 Θεοῦ,
2277 1805 2336 1855 ὲν
2365 1795 2410 1870 ᾧ
2435 1802 2614 1855 πάντα
2638 1802 2667 1853 ὁ
2696 1799 2888 1872 Πατὴρ
2931 1799 3198 1872 προέϐαλε
3241 1797 3640 1870 σπερματικῶςο

391 1909 715 1965 occurrunt,
746 1909 822 1966 et,
853 1908 914 1954 ut
947 1900 1054 1955 hoc
1080 1899 1315 1965 faciant,
1357 1900 1605 1954 eamdem
1649 1898 1977 1954 sententiam

388 1993 571 2048 verbis
618 1993 741 2047 aliis
790 1991 1110 2063 proferunt?
1154 1991 1386 2046 Plurimi
1422 1993 1473 2046 in
1510 1991 1703 2047 Vetere
1734 2001 1788 2046 et
1827 1990 1979 2046 Novo

390 2084 747 2142 Testamento
795 2085 1097 2156 pleonasmi
1141 2099 1239 2154 per
1292 2099 1595 2155 synonyma
1645 2083 1894 2154 opposita
1927 2092 1980 2139 et

386 2178 643 2250 negantia
674 2193 704 2232 a
728 2177 861 2232 viris
891 2176 1120 2232 eruditis
1150 2176 1422 2231 observati
1461 2185 1591 2231 sunt
1625 2194 1638 2230 :
1674 2176 1766 2246 qui
1796 2184 1979 2229 tamen

387 2286 498 2324 non
530 2268 713 2340 frigidi
740 2277 836 2324 aut
860 2270 1253 2338 supervacanei
1289 2277 1595 2337 putantur;
1629 2266 1724 2323 sed
1752 2266 1979 2337 empha-

390 2362 506 2420 ticl.

463 2453 570 2508 Sed
609 2452 831 2507 tandem
863 2469 883 2502 ι
912 2450 1030 2520 ipsa
1071 2448 1317 2519 epistola:
1355 2447 1597 2503 elocutio
1634 2447 1701 2503 ad
1731 2445 1981 2502 Pctavia-

390 2560 523 2599 num
551 2558 776 2599 sensum
806 2542 990 2612 inepta
1023 2550 1189 2610 atque
1214 2540 1421 2595 absona
1450 2549 1533 2594 est
1554 2548 1608 2594 et
1640 2539 1921 2596 inusitata.
1954 2558 1973 2592 ι

392 2637 528 2692 Mira
553 2637 672 2692 haec
700 2635 937 2704 objeCtio
969 2650 999 2689 a
1032 2633 1234 2688 Dallzeo
1257 2672 1271 2697 ,
1304 2632 1397 2701 qui
1434 2645 1628 2686 omnes
1672 2630 1839 2701 hujus
1882 2646 1980 2685 au-

392 2730 563 2785 ctoris
584 2727 846 2798 epistolas
882 2726 1020 2782 tales
1052 2723 1390 2780 elocutiones
1415 2764 1429 2788 ,
1457 2723 1692 2792 ineptas,
1741 2722 1978 2776 absonas

393 2832 447 2876 et
468 2820 759 2875 inusitatas
783 2818 1067 2873 continere
1098 2816 1227 2871 alibi
1253 2816 1349 2872 ait.
1379 2833 1397 2867 ι
1430 2816 1498 2868 At
1527 2813 1572 2868 si
1603 2810 1976 2868 nostrumVa—

390 2914 691 2967 lcntianam
721 2911 885 2980 Sigen
935 2908 1279 2981 significasse
1327 2906 1652 2974 admiseris,
1694 2915 1807 2960 tota
1856 2919 1979 2959 ora-

391 3007 468 3061 tio
510 3015 564 3060 et
611 3003 920 3074 perspicua,
968 3012 1023 3056 et
1050 3001 1255 3071 gravis,
1299 3009 1354 3054 et
1395 2999 1727 3062 necessaria,
1758 3007 1810 3052 et
1832 2998 1975 3053 clara

390 3099 557 3153 etiam
589 3105 643 3151 et
678 3096 923 3166 legitima
967 3094 1112 3160 erit;
1140 3112 1158 3143 ι
1190 3092 1297 3147 hoc
1342 3100 1455 3155 est,
1510 3089 1709 3145 Dallmo
1738 3087 1974 3155 fatente,

389 3188 691 3259 lgnatianis
712 3185 1103 3241 dissimillima.
1140 3181 1214 3239 Ut
1240 3184 1407 3255 igitur
1431 3191 1625 3237 auctor
1655 3180 1740 3236 sui
1782 3179 1976 3235 similis

390 3284 489 3348 sit,
524 3290 583 3337 ut
608 3281 723 3335 haec
748 3278 925 3333 oratio
946 3276 1175 3347 reliquis
1205 3284 1493 3347 congruat,
1515 3284 1575 3327 ut
1601 3275 1715 3328 haec
1739 3272 1977 3327 elocutio

392 3374 606 3430 ercteris
653 3387 764 3427 non
814 3378 1119 3442 repugnet,
1175 3384 1296 3423 eam
1342 3367 1409 3423 de
1450 3366 1723 3421 Valentini
1782 3365 1976 3420 haeresi

390 3481 668 3539 exponere
731 3481 842 3520 non
894 3478 1212 3533 possumus.
1280 3460 1415 3517 illud
1477 3461 1661 3532 potius
1713 3459 1977 3514 Dallzeum

390 3562 572 3616 dicere
587 3562 851 3629 Oportuit,
876 3556 1161 3627 Expositio
1186 3554 1393 3610 Petavii
1422 3554 1597 3609 reddit
1626 3554 1810 3607 omnia
1825 3551 1974 3608 clara

391 3664 447 3709 et
482 3653 795 3723 perspicua,
825 3648 1081 3707 Salmasii
1107 3648 1291 3703 omnia
1320 3646 1535 3701 turbata
1567 3655 1731 3715 atque
1769 3644 1976 3701 absona

390 3756 448 3801 et
476 3746 653 3815 magis
686 3745 751 3799 ad
797 3742 1041 3798 auctoris
1078 3740 1247 3811 hujus
1275 3755 1485 3795 morem
1516 3740 1847 3809 geniumque
1880 3752 1975 3793 ac-

391 3838 781 3893 commodata:
809 3846 863 3890 et
896 3836 983 3889 vel
1022 3834 1091 3889 ob
1146 3849 1267 3888 eam
1317 3834 1586 3887 rationem
1634 3829 1975 3885 Salmasiana

393 3930 662 4001 expositio
690 3928 1000 3983 Petaviana:
1058 3925 1401 3995 praaferenda
1432 3932 1534 3979 est.
1570 3922 1679 3978 Nec
1734 3923 1849 3977 haec
1892 3922 1978 3977 lu-

393 4019 529 4072 dens
583 4017 744 4082 dico,
783 4014 879 4071 sed
927 4014 1071 4070 serio
1118 4022 1173 4067 et
1230 4027 1299 4067 ex
1344 4012 1571 4079 animo;
1630 4028 1738 4067 non
1785 4012 1976 4067 dubito

393 4112 539 4166 enim
569 4110 702 4179 quin
730 4121 857 4163 mox
883 4116 1210 4162 ostensurus
1239 4107 1341 4160 sim
1382 4105 1780 4174 expositionem
1805 4105 1973 4172 illam,

393 4217 516 4271 quae
541 4199 980 4255 Valentinianum
1025 4195 1191 4267 Sigen
1224 4198 1334 4252 huc
1373 4197 1638 4262 advocat,
1667 4212 1789 4252 esse
1816 4197 1975 4267 plane

393 4295 694 4360 absonam;
721 4300 775 4346 et
803 4290 1106 4345 orationem
1141 4304 1296 4355 eam,
1342 4284 1502 4358 λόγος
1527 4289 1626 4343 οὒκ
1669 4289 1776 4342 ἀπὸ
1816 4290 1976 4367 σιγῆς

392 4386 703 4460 προελθὼν,
740 4401 806 4441 eo
857 4401 1023 4440 sensu
1069 4394 1380 4453 acceptam,
1420 4398 1522 4438 nec
1572 4397 1694 4438 esse
1722 4383 1927 4438 claram
1954 4424 1970 4449 ,

2084 1896 2189 1949 ὑπὸ
2217 1896 2273 1949 δὲ
2300 1895 2496 1950 τούτου
2521 1895 2655 1965 φησὶ
2678 1894 2772 1947 τὸν
2803 1895 2975 1962 Λόγον
3006 1891 3437 1965 προϐεϐλῆσθαι.
3474 1889 3643 1944 Valen-

2085 1990 2329 2045 tinianus
2357 1988 2579 2059 quidem
2612 1989 2769 2051 alter,
2803 1989 2966 2057 cujus
2999 1987 3164 2041 verba
3193 1986 3388 2040 recitat
3433 1983 3647 2053 Epipha-

2082 2082 2205 2136 nius
2233 2123 2248 2147 ,
2296 2097 2395 2151 pro
2434 2079 2801 2152 προϐαλέσθαι
2853 2094 3066 2149 semper
3100 2088 3326 2147 usurpat
3365 2075 3643 2139 ἀναδεῖξαι,

2082 2175 2363 2248 προελθεῖν
2395 2190 2698 2244 nunquam.
2739 2173 2891 2229 Licet
2936 2173 3104 2243 igitur
3133 2171 3371 2227 Iremeus
3402 2171 3521 2240 ipse
3541 2210 3554 2232 ,
3592 2170 3648 2222 de

2081 2268 2442 2339 productione
2470 2283 2654 2333 rerum
2693 2267 3056 2321 matcrialium
3084 2281 3271 2336 agens,
3307 2280 3450 2318 voce
3482 2262 3649 2334 προελε

2081 2361 2195 2415 θεῖν
2225 2369 2430 2427 utatur,
2467 2368 2521 2414 et
2555 2359 2719 2415 Marci
2752 2358 3076 2414 sententiam
3113 2357 3357 2412 referens
3401 2357 3648 2411 tetradem

2082 2470 2148 2511 ex
2180 2454 2411 2519 tetrade,
2432 2454 2691 2510 decatlem
2716 2468 2781 2508 ex
2811 2452 3077 2525 ogdoade,
3096 2464 3147 2506 ct
3173 2450 3379 2506 Eones
3403 2467 3473 2506 ex
3504 2460 3649 2504 tetra-

2081 2548 2180 2615 de,
2231 2556 2287 2601 et
2330 2546 2607 2601 Ptolemaei
2644 2547 3046 2616 discrepantem
3109 2546 3432 2615 opinionem
3480 2545 3650 2613 depin-

2081 2657 2234 2711 gens,
2260 2638 2382 2694 Nun
2409 2649 2462 2695 et
2488 2640 2759 2694 Alethium
2787 2647 3046 2708 tanquam
3073 2638 3343 2708 imagines
3370 2637 3651 2691 affectuum

2082 2731 2257 2787 Patris
2275 2730 2605 2787 Thelematis
2628 2742 2680 2786 et
2704 2730 2927 2787 Ennaaae
2951 2732 3023 2785 ita
3048 2731 3320 2801 prodiisse
3338 2730 3425 2783 dic
3437 2739 3513 2793 at,
3527 2740 3577 2782 et
3595 2744 3648 2781 ea

2081 2842 2183 2880 vox
2222 2826 2387 2880 etiam
2422 2826 2476 2880 in
2521 2825 2817 2881 Clementis
2849 2824 3206 2879 Alexandrini
3242 2823 3544 2877 Anatolicis
3581 2839 3653 2876 re-

2082 2920 2362 2988 periatur;
2389 2928 2570 2973 tamen
2599 2934 2724 2974 cum
2759 2918 3123 2973 Valentiniani
3160 2917 3264 2988 ipsi
3298 2919 3463 2971 aliter
3504 2918 3655 2971 locuti

2082 3012 2214 3077 sint,
2245 3027 2370 3066 cum
2402 3009 2642 3067 lrenaeus
2672 3020 2927 3067 accurate
2962 3010 3209 3065 referens
3247 3009 3653 3064 Valentiniano-

2082 3120 2203 3158 rum
2254 3118 2509 3172 errores,
2558 3104 2690 3159 dum
2752 3104 3097 3175 singulorum
3146 3102 3391 3158 1Eonum
3439 3119 3656 3175 genera-

2082 3197 2261 3250 tiones
2329 3204 2648 3260 enumerat,
2719 3194 3122 3266 προϐεϐλῆσθαι
3178 3203 3287 3248 tam
3343 3202 3656 3247 constanter

2081 3296 2330 3357 usurpet,
2360 3303 2485 3342 cum
2516 3285 2616 3340 SS.
2636 3285 2826 3341 Patres
2859 3297 2969 3341 tam
3000 3300 3142 3356 sape
3161 3285 3448 3357 προϐολὰς
3470 3284 3657 3339 Valen-

2084 3379 2308 3434 tinianis
2338 3379 2636 3448 objicient;
2664 3379 2709 3433 si
2738 3388 2932 3433 auctor
2958 3378 3205 3448 epistolze
3240 3376 3656 3433 Valentinianus

2079 3470 2285 3526 directe
2329 3470 2496 3525 ferire
2529 3480 2582 3524 et
2622 3486 2813 3525 eorum
2859 3486 3012 3526 more
3044 3469 3195 3541 loqui
3220 3471 3527 3536 voluisset,
3558 3486 3658 3525 non

2078 3562 2188 3616 ἀπὸ
2228 3562 2386 3634 σιγῆς
2427 3559 2743 3633 προελθών,
2792 3560 2886 3617 sed
2927 3562 3113 3631 potius
3151 3563 3217 3615 ὲκ
3263 3563 3430 3633 σιγῆς
3467 3561 3657 3633 προϐε-

2079 3652 2346 3725 ϐλημένος
2377 3652 2630 3707 dixisset.

2148 3743 2308 3812 Quod
2360 3756 2542 3798 autem
2594 3754 2810 3799 nostros
2865 3742 2934 3798 ad
2993 3744 3402 3800 emanationem
3459 3745 3583 3799 Filii
3630 3758 3659 3797 a

2079 3834 2242 3891 Patre
2293 3835 2710 3906 signiﬁcandam
2760 3851 2889 3890 usos
2917 3850 3038 3891 esse
3072 3850 3205 3891 voce
3248 3838 3541 3907 προελθεῖν
3566 3836 3657 3891 οὶ)-

2079 3937 2293 3996 servet,
2344 3928 2411 3983 ad
2447 3944 2560 3983 rem
2609 3929 2837 3984 omnino
2872 3944 2982 3983 non
3036 3929 3200 3993 facit;
3256 3931 3372 3984 imo
3408 3932 3561 4001 quod
3599 3946 3659 3984 ex

2078 4018 2289 4090 lgnatio
2329 4029 2520 4076 nostro
2569 4021 2823 4085 adducit,
2872 4020 3046 4074 multo
3080 4020 3295 4086 minus,
3342 4037 3478 4075 cum
3524 4021 3659 4075 dicat

2078 4113 2357 4168 Christum
2387 4110 2573 4167 Jesum
2602 4112 2695 4182 ἀφ’
2721 4112 2838 4176 ἐνὸς
2861 4111 3075 4184 [ἰατρὸς
3096 4112 3404 4183 προελθεῖν.
3437 4132 3459 4166 ί
3484 4111 3658 4168 Unum

2078 4207 2363 4276 idemque,
2400 4206 2614 4276 inquit,
2653 4215 2886 4276 utroque
2933 4206 3055 4261 loco
3090 4205 3320 4260 verbum
3365 4216 3487 4274 est,
3520 4206 3659 4277 quod

2079 4300 2349 4369 interpres
2381 4296 2713 4354 Usserianus
2742 4298 3152 4354 vetustissimus
3200 4299 3254 4352 in
3283 4297 3464 4368 priori
3494 4299 3657 4363 exire,

2081 4391 2136 4445 in
2173 4391 2463 4460 posteriori
2496 4393 2739 4461 progredi
2802 4391 3057 4445 reddidit.
3101 4409 3121 4443 ›
3175 4388 3458 4448 Hactenus
3515 4407 3655 4447 vere.

395 4478 942 4548 ueclegitimam,nec
962 4476 1596 4543 Gnosticis,neenostris
1621 4475 1969 4531 familiarem.
2004 4491 2048 4545 1)
2078 4479 2218 4551 Ergo
2264 4491 2448 4536 noster
2496 4481 2696 4536 Filium
2724 4482 2893 4537 exire
2943 4489 3051 4536 tam
3118 4497 3148 4536 a
3190 4482 3419 4538 silentio
3481 4494 3659 4553 negat,

464 4573 583 4627 .lam
615 4590 745 4628 vero
775 4582 836 4627 ut
878 4588 945 4627 ex
996 4572 1132 4642 ipsis
1162 4571 1344 4626 verbis
1402 4585 1626 4625 sensum
1653 4585 1816 4640 quem
1856 4571 1973 4623 vult

394 4665 718 4734 exsculpat,
774 4665 1027 4719 observat
1088 4679 1214 4718 cum
1270 4662 1565 4717 Gnosticos
1622 4662 1688 4716 ad
1740 4675 1969 4716 suorum

395 4754 633 4810 Eonum
659 4757 1002 4823 emissiones,
1029 4767 1143 4811 tum
1179 4768 1393 4812 nostros
1424 4756 1490 4810 ad
1516 4755 1634 4810 Filii
1662 4763 1715 4811 et
1734 4753 1971 4825 Spiritus

395 4849 958 4903 sancticmanationcs
978 4850 1365 4919 significandas
1393 4849 1469 4903 uti
1499 4865 1632 4905 voce
1662 4848 1969 4921 προελθεῖν.

393 4940 671 4995 Fortasse.
709 4939 815 4995 Sed
849 4941 981 4994 hinc
1010 4941 1159 4995 nullo
1199 4942 1362 4996 modo
1385 4944 1655 5011 sequitur,
1689 4950 1785 4995 aut
1814 4940 1973 4996 aliter

391 5049 511 5086 eam
550 5047 739 5087 vocem
775 5033 1026 5100 usurpari
1075 5047 1184 5086 non
1222 5047 1410 5102 posse,
1463 5042 1557 5086 aut
1588 5034 1692 5088 hoc
1740 5032 1862 5087 loco
1917 5032 1968 5085 in

390 5138 516 5178 eum
565 5124 787 5177 modum
840 5124 1012 5193 accipi
1044 5123 1262 5177 debere.
1304 5123 1417 5177 Vox
1466 5140 1574 5193 qua
1612 5124 1850 5179 niaxime
1882 5126 1968 5180 usi

391 5225 521 5271 sunt
553 5218 605 5270 in
644 5218 745 5271 hac
779 5231 837 5271 re
863 5214 1227 5270 Valentiniani
1274 5217 1377 5270 alia
1413 5218 1571 5286 plane
1600 5227 1735 5283 erat,
1775 5232 1969 5286 nempe

391 5309 814 5381 προϐάλλεσθαι,
842 5310 988 5364 unde
1019 5309 1178 5363 toties
1202 5326 1232 5363 a
1268 5307 1367 5362 SS.
1399 5307 1653 5364 Patribus
1688 5311 1967 5381 exagitan-

393 5410 501 5455 tur.
534 5404 609 5456 lta
636 5402 872 5458 lrenzeus
906 5402 1235 5459 sententiam
1268 5399 1773 5457 Valentinianorum
1798 5421 1963 5460 accu-

392 5502 508 5547 rate
539 5494 776 5549 referens
808 5495 902 5549 lib.
934 5511 972 5559 ι,
1002 5510 1125 5566 cap.
1165 5496 1217 5560 1,
1253 5495 1419 5550 tradit
1454 5494 1848 5566 προϐάλλεσθαι
1876 5495 1966 5551 τὸν

392 5584 563 5638 Βυθὸν
595 5586 765 5658 ἀρχὴν
794 5587 900 5639 τῶν
934 5587 1171 5651 πάντων,
1201 5586 1345 5651 Nun,
1378 5589 1618 5654 scilicet;
1650 5590 1962 5660 συμπροϐεο

392 5676 617 5746 ωῆσθαι
655 5676 709 5729 δὲ
751 5677 897 5748 αὐτῷ
937 5676 1232 5751 Ἀλήθειαν.
1268 5680 1335 5734 Et
1370 5696 1561 5735 rursus
1590 5699 1602 5733 :
1638 5680 1965 5751 Αἰσθόμενον

390 5766 447 5819 δὲ
472 5768 561 5821 τὸν
596 5769 863 5839 μονογενῆ
898 5770 1083 5824 τοῦτον
1104 5809 1119 5835 ,
1153 5788 1343 5842 nempe
1384 5770 1505 5825 Non
1531 5811 1545 5839 ,
1588 5773 1671 5841 ἐφ’
1706 5769 1787 5837 οἷς
1830 5792 1962 5845 προ-
2006 5814 2013 5821 .

2076 4588 2241 4642 quam
2272 4589 2302 4628 a
2337 4572 2499 4629 Patre
2526 4575 2622 4629 ait.
2659 4574 2953 4641 Quaenam,
2984 4574 3211 4641 amabo,
3240 4573 3361 4630 bare
3406 4585 3496 4631 est
3531 4591 3660 4631 con—

2075 4665 2403 4733 sequentia?
2427 4667 2511 4719 An
2553 4668 2646 4736 qui
2688 4666 2822 4721 dicit
2850 4664 3048 4719 Filium
3087 4682 3116 4720 a
3143 4665 3307 4721 Patre
3342 4669 3525 4735 exire,
3552 4682 3658 4722 non

2074 4766 2255 4810 autem
2301 4756 2437 4812 dicit
2487 4757 2777 4827 progredi,
2830 4767 2885 4813 et
2915 4756 3155 4813 Verbum
3212 4774 3323 4812 non
3375 4776 3408 4813 a
3440 4760 3659 4816 silentio

2075 4851 2350 4921 progredi,
2381 4867 2491 4905 non
2523 4861 2704 4907 autem
2734 4867 2842 4905 non
2876 4852 3047 4919 exire,
3066 4852 3112 4907 is
3135 4852 3335 4907 Filium
3364 4855 3523 4910 exire
3551 4864 3660 4909 tam

2075 4957 2105 4994 a
2141 4941 2357 4995 silentio
2410 4950 2571 5012 negat
2622 4957 2784 5011 quam
2834 4957 2865 4996 a
2897 4940 3057 4997 Patre
3105 4944 3222 4997 ait?
3271 4943 3441 4999 Nullo
3473 4947 3658 5001 modo.

2073 5034 2471 5108 Argumentum
2540 5035 2722 5103 itaque
2786 5036 2855 5091 ab
2916 5036 3367 5105 interpretatione
3430 5040 3658 5093 ductum

2067 5125 2300 5193 'prorsns
2344 5134 2428 5179 est
2482 5123 2879 5195 frustraneum,
2921 5128 3031 5182 imo
3063 5128 3219 5197 plane
3273 5131 3519 5186 nullum.
3554 5130 3659 5185 Sed

2070 5228 2249 5287 potuit
2280 5220 2545 5288 interpres
2576 5229 2684 5274 tam
2718 5222 2945 5275 exirein
2978 5223 3284 5291 posteriore
3313 5222 3442 5278 loco
3466 5224 3663 5278 reddc~

2072 5328 2128 5365 re
2149 5352 2161 5373 ,
2189 5327 2351 5381 quam
2401 5313 2604 5380 priore.
2651 5313 2837 5368 Potuit
2866 5315 3118 5384 quidem;
3150 5316 3243 5370 sed
3277 5326 3333 5371 et
3374 5328 3484 5371 tam
3530 5333 3663 5387 pro-

2070 5402 2218 5471 gredi
2268 5403 2445 5471 potuit
2498 5403 2552 5455 in
2599 5405 2780 5471 priore
2809 5404 2931 5458 loco
2983 5404 3227 5470 reddere,
3262 5419 3435 5477 quam
3467 5414 3660 5474 poste-

2070 5496 2237 5557 riore,
2271 5496 2313 5549 si
2343 5505 2536 5548 contra
2568 5496 2734 5549 animi
2768 5497 2853 5550 sui
2888 5512 3108 5551 sensum
3139 5496 3418 5551 redderet.
3451 5496 3659 5553 Verum

2068 5588 2368 5643 fidissimus
2408 5590 2677 5657 interpres
2716 5589 2845 5643 lata:
2888 5590 3306 5659 significationis
3340 5606 3538 5646 vocem
3585 5592 3661 5643 ita

2067 5680 2333 5747 reddidit,
2370 5683 2835 5752 quemadmodum
2887 5683 3010 5739 loco
3048 5700 3211 5753 quem
3259 5685 3662 5755 interpretatus

2067 5791 2169 5843 est,
2193 5777 2394 5845 optime
2435 5776 2707 5845 quadrate
2755 5777 3040 5832 sentiebat.
3077 5775 3215 5834 Dicit
3248 5777 3419 5850 igitur
3455 5776 3660 5832 Filium
