3824 6198
144 274 236 332 505

890 274 941 331 Ι.
981 273 1343 331 PEARSONH
1383 273 1710 332 VINDICUE
1754 272 2177 332 lGNATlANlE.
2216 306 2282 317 -
2321 275 2500 333 PARS
2537 276 2600 331 ll.

3309 283 3416 341 δυσ

145 385 279 439 exire
318 399 349 438 a
387 383 559 441 Patre
584 426 601 451 ,
659 397 837 459 negat
877 406 909 445 a
954 391 1172 447 silentio
1221 394 1514 464 progredi:
1564 409 1743 464 neque
1772 428 1812 485 Α
1848 408 2024 463 neque
2064 407 2266 457 causa,
2305 408 2482 464 neque
2522 392 2849 466 principium
2891 394 3329 454 eonstitutivum.
3359 398 3414 452 In

145 475 428 532 secundum
481 477 812 535 catholicos
871 484 1274 538 emanationcm
1341 494 1603 539 aeternam
1651 487 1739 540 in-
1772 475 1812 485 ”
1842 483 2189 552 generatione
2216 484 2355 552 ipsa,
2397 485 2464 539 de
2495 500 2604 555 qua
2643 486 2792 556 loqui
2826 498 3076 543 nostrum
3106 490 3314 555 volunt,
3347 506 3414 544 ex

146 567 362 629 tellcxit,
414 583 605 637 neque
662 570 741 625 de
778 574 1002 641 probole
1030 574 1410 632 Valentiniana
1458 579 1544 634 vel
1589 594 1740 634 som-

149 658 323 713 niavit.
350 658 689 727 Aliquando
728 662 908 718 Grazci
940 666 1220 738 προελθεῖν
1252 668 1323 723 ita
1355 680 1646 739 usurpant,
1682 679 1742 726 ut

147 752 239 802 vim
267 748 358 802 τοῦ
384 750 641 815 ἐξελθεῖν
666 769 740 807 ex
766 757 1033 825 appositis
1058 759 1255 816 habere
1286 763 1576 817 sentiatur.
1599 764 1738 819 Cum

147 838 293 909 igitur
318 840 582 896 Christus
650 843 928 910 dixisset,
978 848 1047 903 ἐκ
1096 850 1204 905 τοῦ
1255 852 1402 905 Θεοῦ
1449 853 1737 922 ἐξῆλθον,

145 929 287 985 Joan.
323 947 447 997 νηί,
490 933 592 1001 42,
635 935 792 991 idem
835 938 1143 1009 significare
1190 943 1433 998 voluisse
1465 946 1739 1014 putandus

145 1032 216 1076 est
251 1021 525 1093 lgnatius,
571 1042 714 1082 cum
760 1030 958 1085 scribit
996 1032 1086 1101 ἀφ’
1128 1034 1246 1097 ἐνὸς
1281 1034 1497 1106 Πατρὸς
1540 1036 1737 1107 προελε-

146 1113 307 1179 θόντα,
336 1116 487 1184 quod
524 1116 825 1189 interpres
848 1124 1029 1190 vertit,
1059 1143 1079 1176 ι
1105 1125 1174 1180 ab
1202 1142 1313 1182 uno
1342 1125 1503 1183 Patre
1530 1144 1739 1184 exeun-

146 1212 256 1258 tem.
285 1224 305 1257 ι
350 1206 515 1262 Certe
552 1218 621 1264 ut
669 1214 1087 1271 emanationem
1131 1233 1163 1272 a
1210 1217 1372 1274 Patre
1436 1222 1506 1277 iis
1556 1223 1736 1280 verbis

145 1297 340 1351 denotet
388 1297 681 1370 lgnatius,
716 1304 879 1359 nulla
924 1308 1067 1364 ratio
1110 1310 1277 1381 cogit.
1304 1310 1572 1369 Novimus
1602 1317 1733 1386 quid

145 1386 440 1446 Theodorus
470 1393 626 1449 Beza
664 1397 742 1452 ad
778 1398 934 1454 illum
960 1399 1186 1457 Joannis
1208 1404 1388 1460 locum
1412 1409 1692 1478 scripserit
1717 1428 1732 1465 :

150 1497 166 1529 ι
191 1478 448 1551 Loquitur
476 1485 789 1555 Christus,
824 1507 947 1547 meo
998 1495 1217 1563 quidem
1262 1498 1500 1567 judicio,
1530 1503 1597 1556 de
1637 1504 1734 1557 ad-

144 1581 284 1626 ventu
316 1576 368 1630 in
407 1592 651 1634 carnem
675 1621 693 1647 ,
729 1597 849 1637 non
879 1585 946 1640 de
972 1595 1172 1643 mterna
1220 1594 1575 1658 generatione
1595 1638 1609 1660 ,
1642 1598 1729 1651 cui

144 1663 415 1736 improprie
443 1685 692 1741 quoque
716 1674 1053 1732 tribueretur
1080 1679 1140 1732 τὸ
1162 1680 1417 1747 ἐξελθεῖν.
1450 1703 1469 1736 ι
1500 1684 1566 1738 Et
1593 1689 1731 1742 ratio

1843 576 2108 646 principio
2132 578 2396 646 privativo
2425 580 2606 647 potius
2629 580 2830 650 aliquid
2866 581 2981 637 fieri
3005 583 3225 646 dicitur,
3248 599 3414 657 qua-tn

1840 682 1903 721 ex
1919 668 2292 722 constitutivo.
2318 672 2395 723 lla
2418 672 2760 736 Aristoteles,
2779 671 2992 743 Physic.
3012 674 3105 729 lib.
3133 690 3171 740 ι,
3199 690 3320 745 cap.
3347 674 3411 729 7:

1840 758 1913 810 Τὸ
1944 759 1988 812 δ’
2015 758 2078 812 ἐκ
2112 776 2257 822 τινος
2288 761 2532 828 γίνεσθαί
2560 780 2632 825 τι,
2662 764 2756 815 καὶ
2800 765 2875 835 μὴ
2913 764 3030 817 τόδε
3064 765 3308 834 γίνεσθαί
3338 783 3412 829 τι,

1841 850 2039 919 μᾶλλον
2072 851 2169 922 μὲν
2212 851 2431 920 λέγεται
2472 854 2566 907 ἐπὶ
2597 854 2705 907 τῶν
2746 855 2819 927 μὴ
2864 856 3272 927 ὑπομενόντων,
3305 852 3415 909 οἷον

1837 941 1896 1007 ἐξ
1929 943 2167 1014 ἀμούσου
2218 943 2474 1013 μουσικὸν
2506 943 2789 1012 γίνεσθαι,
2820 945 2877 1011 ἐξ
2922 944 3209 1018 ἀνθρώπου
3256 946 3300 999 δ’
3328 944 3411 1003 οὗ.

1836 1032 1903 1087 Et
1928 1049 2046 1104 cap.
2077 1033 2142 1088 8:
2190 1035 2284 1087 Ἐκ
2309 1035 2417 1106 γὰρ
2451 1038 2777 1107 στερήσεως,
2808 1037 2835 1090 ὃ
2867 1040 3002 1103 ἐστι,
3026 1038 3146 1092 καθ’
3177 1037 3309 1091 αὐτὸ
3338 1039 3411 1110 μὴ

1835 1126 1913 1190 ὃν,
1943 1127 2043 1179 οὐκ
2074 1127 2469 1199 ἐνυπάρχοντος
2500 1128 2707 1195 γίνεται
2738 1146 2809 1181 τι.
2842 1128 2920 1183 Ex
2946 1130 3217 1199 privativo
3250 1131 3412 1201 igitur

1836 1218 2103 1287 principio
2136 1219 2272 1273 satis
2302 1220 2518 1289 proprie
2550 1220 2698 1274 aliud
2737 1220 2853 1275 ﬁeri
2898 1231 2992 1276 aut
3031 1223 3247 1292 prodire
3276 1223 3412 1277 dici-

1837 1316 1958 1374 tur;
2000 1309 2158 1364 etde
2214 1326 2397 1365 rerum
2448 1319 2569 1365 ortu
2622 1313 2696 1367 ita
2748 1328 2891 1383 saepe
2934 1314 3228 1383 loquimur.
3278 1315 3412 1381 Quis

1832 1400 1977 1455 enim
2004 1416 2111 1455 non
2140 1401 2275 1456 dicit
2304 1402 2481 1459 lucem
2507 1420 2573 1459 ex
2602 1405 2843 1462 tenebris
2878 1407 3011 1462 oriri
3045 1406 3127 1461 vel
3157 1407 3413 1477 prodire?

1832 1490 2019 1561 Neque
2068 1493 2113 1548 si
2161 1492 2416 1548 Petavius
2464 1511 2587 1549 eam
2634 1497 2855 1565 phrasin
2904 1498 2977 1552 ita
3034 1499 3411 1568 explicandam

1834 1587 2061 1653 putavit,
2090 1586 2326 1640 Verbum
2358 1602 2466 1640 non
2492 1603 2617 1644 esse
2646 1589 2939 1657 ejusmodi,
2972 1600 3033 1645 ut
3062 1606 3127 1646 ex
3166 1592 3411 1658 silentio,

1834 1676 1917 1731 vel
1956 1688 2077 1747 post
2106 1677 2380 1732 silentium
2404 1676 2697 1747 prodierit,
2717 1680 2853 1735 adeo
2876 1681 3236 1750 exagitandus
3270 1681 3371 1736 fuit
3395 1724 3410 1746 ,

143 1756 407 1814 manifesta
460 1763 703 1818 eruitur
733 1780 807 1820 ex
836 1769 1016 1824 verbis
1059 1772 1307 1840 proxime
1335 1777 1692 1845 sequentibus

1833 1770 1987 1839 quasi
2040 1770 2178 1841 μετὰ
2212 1771 2370 1839 σιγήν
2391 1810 2405 1834 ,
2440 1780 2492 1825 et
2526 1773 2589 1825 ἐκ
2618 1774 2775 1844 σιγῆς
2819 1782 2928 1827 tam
2961 1774 3069 1831 late
3111 1773 3412 1839 ditIerrent,

147 1848 275 1942 οὐδὲ
301 1851 411 1921 γὰρ
436 1849 549 1909 ἀπ’
578 1857 868 1926 ἐμαυτοῦ
893 1861 1160 1928 ἐλήλυθα
1177 1905 1192 1928 ,
1221 1866 1360 1921 ἀλλ’
1388 1869 1618 1936 ἐκεῖνός
1653 1889 1731 1942 με

144 1941 458 2002 ἀπέστειλε.
478 1948 541 2003 Si
575 1960 782 2005 autem
796 1954 1076 2022 apostolus
1091 1973 1156 2011 eo
1171 1958 1294 2015 loco
1307 1960 1374 2016 de
1385 1970 1588 2017 aeterna
1603 1941 1727 2019 Filii

142 2036 471 2102 generatione
500 2040 746 2098 loeutus
784 2058 898 2099 non
920 2056 1021 2114 est,
1048 2049 1222 2104 multo
1254 2052 1439 2108 minus
1466 2053 1726 2125 lgnatius.

142 2124 220 2191 qui
247 2127 315 2197 ita
350 2129 418 2185 de
467 2133 732 2189 adventu
772 2135 895 2206 ejus
924 2138 1186 2209 loquitur,
1230 2152 1289 2198 ut
1316 2144 1477 2201 etiam
1500 2124 1582 2203 de
1605 2150 1730 2205 red-

143 2214 240 2272 itu:
271 2220 374 2273 Τὸν
412 2224 512 2293 ἀφ’
571 2226 703 2291 ἐνὸς
748 2229 970 2300 Πατρὸς
1003 2233 1358 2304 προελθόντα,
1391 2238 1484 2291 καὶ
1521 2241 1601 2303 εἰς
1632 2242 1728 2296 ἕνα

141 2308 246 2361 ὄντα
273 2314 363 2366 καὶ
391 2319 769 2389 χωρήσοντα.
800 2339 821 2374 ‹
856 2321 939 2377 Ab
970 2339 1080 2380 uno
1124 2326 1284 2385 Patre
1316 2341 1630 2398 exeuntem,
1674 2345 1729 2390 et

140 2414 184 2453 ιιι
220 2419 377 2458 unum
424 2411 815 2466 exsistentem
857 2421 911 2468 et
944 2432 1293 2474 reversurum
1324 2440 1339 2477 :
1377 2432 1437 2477 ut
1469 2423 1600 2481 illud
1633 2442 1729 2481 ex-

139 2493 311 2560 primat
334 2495 497 2554 Joan.
534 2518 661 2570 xvr,
693 2504 773 2558 28
799 2522 813 2558 :
862 2504 1324 2580 ’EEﬁJOowrapa
1348 2516 1454 2573 τοῦ
1473 2520 1725 2586 Πατρός,

136 2586 220 2637 καὶ
256 2588 537 2657 ἐλήλυθα
570 2597 665 2660 εἰς
706 2596 822 2649 τὸν
849 2599 1107 2667 κόσμον·
1142 2604 1329 2659 πάλιν
1362 2609 1574 2679 ἀφίημι
1620 2614 1728 2670 τὸν

137 2680 340 2748 κόσμον
359 2686 459 2739 καὶ
494 2689 851 2759 πορεύομαι
878 2692 1028 2760 πρὸς
1040 2696 1292 2765 Πατέρα.
1319 2700 1476 2756 Exivi
1501 2722 1532 2757 a
1559 2704 1723 2762 Patre

139 2779 177 2820 et
207 2774 310 2826 teni
352 2777 406 2829 in
450 2779 782 2846 mundum;
830 2784 1021 2839 iterum
1066 2789 1301 2859 relinquo
1344 2796 1632 2863 mundum,
1673 2810 1722 2854 et

136 2863 245 2914 mdo
271 2866 338 2918 ad
367 2866 637 2926 Patrem.
672 2870 870 2943 Neque
900 2875 1084 2946 igitur,
1118 2898 1241 2935 cum
1272 2882 1467 2940 Filium
1502 2903 1532 2942 a
1562 2887 1722 2945 Patre

132 2954 260 3009 exire
280 2957 414 3014 dicit
464 2972 681 3017 auctor
729 2966 998 3033 epistolae,
1029 2976 1096 3026 de
1136 2983 1338 3030 :eterna
1371 2981 1723 3047 generatione

131 3046 387 3117 cogitavit;
448 3068 644 3123 neque
691 3070 822 3110 eum
876 3057 1109 3116 Verbum
1161 3079 1190 3117 a
1238 3046 1459 3124 silentio
1504 3073 1722 3140 prodire

133 3142 349 3209 negavit,
397 3145 485 3199 de
537 3146 852 3203 emissione
883 3140 1153 3208 Valentini
1204 3124 1790 3221 somniavitIflcrtec

128 3242 179 3280 ex
206 3231 355 3288 unica
408 3250 564 3291 voce
590 3239 884 3309 προελθεῖν
928 3242 1061 3297 nihil
1094 3247 1199 3301 tale
1230 3250 1499 3320 expiscari
1550 3255 1713 3325 licet;

130 3332 230 3384 qua
250 3337 368 3379 cum
412 3325 725 3383 latissimae
758 3331 1178 3401 signiﬁcationis
1215 3340 1305 3405 sit,
1343 3357 1409 3398 ex
1442 3345 1566 3401 aliis
1598 3364 1718 3402 ver-

129 3409 197 3467 bis
214 3416 419 3484 quibus
453 3419 815 3491 adjungitur,
838 3424 957 3495 ejus
985 3431 1206 3499 propria
1230 3434 1312 3489 vis
1333 3437 1571 3493 eruenda
1599 3450 1712 3495 est:

130 3518 211 3561 nec
240 3508 346 3563 ullo
387 3511 575 3565 modo
618 3515 958 3571 contendere
988 3533 1283 3588 possumus
1331 3527 1520 3581 eodem
1553 3530 1714 3598 plane

127 3609 267 3652 sensu
290 3616 423 3656 eam
465 3604 653 3674 accipi
682 3605 908 3674 debere,
940 3625 1064 3666 cum
1104 3614 1169 3669 ad
1201 3615 1371 3673 Deum
1400 3619 1615 3678 Patrem
1646 3624 1713 3680 de

127 3681 263 3754 Filio,
292 3700 348 3745 et
383 3708 527 3747 eum
562 3694 631 3749 ad
661 3696 948 3753 silentium
976 3701 1042 3758 de
1079 3703 1252 3761 Verbo
1276 3710 1533 3767 refertur.
1567 3713 1713 3770 Praz-

125 3781 288 3836 sertim
314 3802 461 3841 cum
495 3787 752 3843 sciamus
780 3788 915 3846 illud
952 3793 1132 3863 ipsum
1167 3800 1489 3856 vocabulum
1519 3805 1711 3876 προελ-

124 3874 215 3930 θεῖν
246 3896 274 3935 a
298 3882 531 3937 Graecis
555 3883 789 3939 attribui
822 3886 999 3943 solere
1020 3890 1186 3945 verbo
1210 3893 1374 3949 etiam
1413 3874 1706 3965 prolativo,

125 3972 251 4038 quod
276 3975 695 4033 substantialis
729 3991 830 4032 seu
874 3982 1178 4048 personalis
1207 3989 1578 4054 generationis
1618 3972 1711 4046 ca.-

123 4076 211 4129 pax
240 4082 353 4121 non
391 4077 505 4134 est,
529 4077 592 4122 ut
625 4070 866 4137 legimus
890 4073 1031 4141 apud
1052 4073 1318 4132 Joannem
1347 4079 1707 4152 Philoponum

128 4152 186 4207 De
210 4159 404 4212 mundi
442 4162 719 4215 creatione
754 4161 851 4217 lib.
883 4179 959 4227 vr,
994 4180 1115 4235 cap.
1156 4168 1228 4223 ιε
1264 4171 1338 4223 Οὐ
1372 4171 1479 4243 γὰρ
1508 4191 1709 4246 προφο-

124 4246 252 4313 ρικδν
282 4248 579 4316 λόγοντὺν
605 4250 729 4321 ἅμα
768 4251 849 4322 τῷ
880 4254 1159 4325 προελθεῖν
1180 4258 1437 4329 λυόμενον
1477 4262 1556 4334 τῷ
1588 4265 1708 4337 Θεῷ

122 4340 434 4424 περιάπτειν
496 4342 681 4413 θέμις.
729 4342 798 4397 Et
847 4344 1131 4403 Marcellus
1182 4353 1321 4419 apud
1375 4353 1703 4424 Eusebium,

1834 1876 1958 1917 cum
1994 1861 2262 1919 Eusebius
2286 1865 2339 1918 in
2373 1865 2474 1920 hac
2520 1865 2634 1934 ipsa
2676 1880 2733 1918 re
2776 1866 2891 1921 haec
2920 1867 3031 1921 duo
3063 1867 3203 1921 idem
3232 1868 3412 1920 valere

1830 1954 2135 2009 clarissime
2166 1956 2437 2010 ostendat.
2464 1957 2701 2010 Accusat
2728 1956 2873 2009 enim
2918 1956 3231 2011 Marcellum
3263 1957 3411 2025 quod

1827 2043 2076 2100 docuerit
2107 2045 2245 2116 μετὰ
2276 2046 2375 2116 τὴν
2415 2047 2574 2119 σιγὴν
2606 2049 2887 2120 προελθεῖν
2906 2049 2996 2103 τὸν
3018 2048 3175 2117 λόγον
3195 2090 3210 2114 ,
3239 2060 3294 2103 et
3337 2050 3407 2103 ob

1827 2150 1947 2190 eam
2006 2139 2332 2192 sententiam
2389 2141 2650 2208 gnosticaa
2700 2141 2894 2197 haeresi
2951 2156 3075 2195 eum
3126 2141 3401 2195 addictum

1828 2231 2169 2299 pronuntiat.
2225 2228 2427 2287 Notaut
2468 2230 2821 2287 Grammatiei
2855 2247 2919 2285 ea:
2965 2232 3260 2302 aliquando
3304 2248 3403 2302 pro

1826 2330 1944 2389 post
1995 2322 2284 2391 usurpari,
2326 2334 2384 2376 ut
2415 2324 2555 2393 apud
2583 2321 2869 2394 Virgilium
2896 2366 2910 2389 ,
2942 2340 3007 2379 ea:
3039 2324 3132 2379 illo
3161 2333 3405 2394 tempore

1827 2429 1927 2484 pro
1959 2425 2074 2483 post
2129 2415 2261 2470 illud
2311 2424 2549 2486 tempus,
2578 2426 2633 2471 et
2683 2417 2822 2485 apud
2873 2416 3212 2482 Ciceronem,
3244 2433 3308 2472 ea:
3338 2433 3402 2469 eo

1828 2507 1916 2561 die
1944 2516 1998 2561 et
2046 2523 2110 2561 ea:
2139 2508 2459 2575 consulatu,
2503 2518 2557 2562 et
2593 2523 2657 2562 ea:
2692 2508 2796 2562 hoc
2841 2519 3101 2578 tempore.
3152 2506 3309 2573 Quod
3349 2518 3403 2561 et

1827 2595 2031 2652 Grmeis
2063 2595 2330 2651 familiare
2364 2608 2466 2652 est.
2489 2597 2558 2653 Ut
2588 2598 2653 2653 ad
2678 2597 2767 2652 illa
2795 2595 3016 2651 Homeri
3053 2596 3143 2651 Ἰλ.
3176 2596 3216 2650 E
3248 2616 3259 2651 :

1931 2752 2247 2821 Καύματος
2269 2751 2341 2817 ἐξ
2370 2753 2609 2822 ἀνέμοιο
2636 2754 2897 2821 δυσαέος
2929 2753 3295 2824 ὀρνυμένοιο.

1824 2883 1985 2941 Notat
2033 2886 2365 2945 Sclioliastes
2405 2899 2560 2943 vetus
2594 2908 2607 2944 :
2655 2889 2718 2943 Ἦ
2745 2890 2816 2956 ἐξ
2856 2891 2976 2944 ἀντὶ
3008 2890 3105 2960 τῆς
3132 2889 3301 2959 μετά.
3338 2887 3396 2943 Et

1824 2973 2186 3034 Eustathius:
2235 2978 2299 3030 Ἠ
2345 2977 2401 3030 δὲ
2429 2977 2499 3042 ἐξ
2549 2978 2805 3050 πρόθεσις
2848 2980 2910 3032 οὐ
2963 2978 3121 3050 μόνον
3168 2978 3398 3032 ἐνταῦθα

1824 3067 2077 3139 εἴληπται
2109 3069 2230 3125 ἀντὶ
2258 3069 2359 3139 τῆς
2383 3072 2531 3139 μετὰ
2567 3070 2909 3141 προθέσεως,
2934 3070 3068 3123 ἀλλὰ
3100 3070 3194 3123 καὶ
3234 3069 3396 3124 ἀλλα-

1822 3159 1939 3230 χοῦ,
1964 3156 2093 3213 οἷοψ
2128 3160 2334 3232 πιόμεν’
2360 3163 2423 3215 ὲκ
2451 3161 2698 3233 βοτάνης,
2728 3163 2865 3235 ἢτοι,
2890 3162 3027 3234 μετὰ
3049 3162 3146 3232 τὴν
3175 3161 3395 3233 βοσκὴν,

1821 3252 1913 3303 καὶ
1935 3290 1949 3316 ,
1986 3252 2050 3304 ὲκ
2097 3252 2308 3305 νυκτῶν
2349 3252 2393 3306 δ’
2431 3254 2621 3325 ἄνεμοι
2666 3252 2921 3323 χαλεποὶ,
2956 3256 3095 3325 ἦτοι,
3132 3253 3269 3325 μετὰ
3300 3254 3397 3317 τὰς

1820 3341 2037 3405 νύκτας.
2083 3340 2174 3397 Sic
2216 3344 2279 3397 ad
2327 3344 2415 3398 illa
2484 3344 2571 3397 Ίλ.
2624 3342 2667 3397 Ν
2709 3361 2721 3397 :
2768 3344 2983 3415 Πιόμεν’
3021 3345 3084 3397 ἐκ
3131 3344 3393 3414 βοτάνης,

1821 3430 2004 3487 Schol.
2034 3432 2134 3488 V.:
2182 3433 2276 3488 Ἐκ
2308 3434 2555 3505 βοτάνης,
2586 3436 2705 3488 ἀντὶ
2729 3434 2846 3498 τοῦ,
2878 3434 3013 3505 μετὰ
3036 3434 3133 3506 τὴν
3166 3434 3396 3504 βοτάνην

1818 3526 1911 3579 καὶ
1935 3526 2125 3597 νομήν.
2156 3526 2220 3580 Et.
2247 3526 2598 3583 Eustathius:
2638 3528 2781 3581 ’Λντὶ
2802 3527 2916 3590 τοῦ,
2945 3525 3083 3597 μετὰ
3113 3526 3390 3598 βόσκησιν,

1817 3620 1908 3674 καί
1924 3622 2059 3681 ἐστι,
2078 3622 2256 3689 φασιν,
2278 3621 2461 3692 ὅμοιον
2478 3622 2575 3694 τῷ,
2600 3622 2659 3687 ἐξ
2680 3622 2901 3695 ἀρίστου
2927 3619 3256 3691 παρέσομαι,
3274 3621 3394 3674 ἀντὶ

1814 3708 1931 3777 τοῦ,
1962 3709 2078 3782 μεθ’
2102 3710 2129 3763 ὃ
2159 3712 2457 3783 ἀριστήσω.
2484 3712 2557 3767 Ita
2584 3713 2733 3779 alibi,
2767 3712 2980 3783 αἰθέρος
3005 3711 3069 3763 ἐκ
3091 3711 3227 3783 δίης,
3256 3712 3393 3782 μετὰ

1814 3800 1911 3871 τὴν
1942 3802 2159 3875 αἰθρίαν
2209 3804 2543 3859 κατάστασιν
2589 3805 2976 3875 interpretatur
3023 3805 3163 3859 idem
3217 3804 3391 3860 Scho-

1814 3894 2018 3949 liastes.
2055 3894 2241 3965 Neque
2273 3907 2452 3953 tamen
2478 3906 2671 3951 auctor
2697 3897 2943 3967 epistolae
2965 3898 3099 3952 dixit
3122 3900 3185 3951 ὲκ
3208 3898 3387 3969 σιγῆς,

1813 3985 1908 4040 sed
1940 3985 2048 4039 ἀπὸ
2082 3988 2260 4059 σιγῆς,
2301 3988 2478 4058 quod,
2518 3988 2817 4043 secundum
2860 3988 3113 4057 loquendi
3165 3989 3387 4044 modum

1813 4074 2015 4131 Graecis
2051 4077 2397 4143 familiarem,
2425 4077 2617 4133 Latine
2649 4098 2667 4129 ‹
2707 4079 3135 4148 postsilentium
3176 4100 3194 4132 ι
3232 4081 3387 4136 reddi

1811 4176 2010 4237 potest.
2042 4166 2113 4223 Ut
2148 4171 2291 4239 apud
2326 4167 2621 4224 Homerum
2665 4171 2896 4239 legimus
2925 4188 2937 4222 :
2981 4172 3111 4225 Ἀπὸ
3145 4172 3189 4225 δ’
3222 4171 3389 4226 αὑτοῦ

1811 4258 2172 4331 θωρήσσοντο.
2212 4260 2313 4316 Ubi
2352 4262 2685 4317 Scholiastcs
2731 4272 2924 4326 vetus,
2961 4264 3068 4319 ἀπὸ
3108 4264 3151 4316 δ’
3186 4264 3384 4329 αὑτοῦ,

1810 4352 1918 4406 ἀπὸ
1955 4353 2012 4407 δὲ
2040 4352 2231 4406 τούτου
2274 4353 2503 4425 χρόνου,
2544 4356 2854 4426 μετέπειτα.
2911 4354 2977 4408 Ει
3022 4354 3381 4413 Eustathius:

120 4423 387 4484 Christum
413 4424 507 4485 οἷα
530 4431 694 4500 λόγον
726 4437 1058 4503 σημαντικόν
1084 4442 1280 4512 τινοςῆ
1308 4423 1703 4514 προστακτικὸν
1735 4463 1782 4521 ι)
1812 4447 1929 4499 Ὅτι
1962 4446 2213 4517 καθάπερ
2240 4423 2471 4518 ἀλλαχοῦ
2504 4423 2634 4520 ὴήέκ
2665 4448 2920 4520 πρόθεσις
2960 4448 3079 4503 ἀντὶ
3108 4448 3210 4519 τῆς
3237 4450 3386 4519 μετὰ

122 4521 389 4587 προελθεῖν
417 4523 518 4582 τοῦ
551 4524 693 4578 Θεοῦ
730 4525 951 4594 φάσκει.

179 4609 337 4666 Mene
370 4616 459 4669 ha:
496 4625 632 4670 sunt
668 4617 1063 4685 logomachim;
1100 4636 1272 4690 quare
1324 4629 1544 4683 tandem
1591 4630 1705 4687 for-

122 4700 215 4757 tius
239 4716 639 4775 argumentum
665 4709 940 4776 stringere
960 4712 1199 4769 videtur.
1228 4734 1249 4769 ι
1275 4714 1507 4789 Signant
1532 4723 1701 4788 enim,

120 4791 306 4863 inquit,
342 4797 459 4855 haec
492 4801 665 4855 verba
703 4801 863 4867 id,ex
900 4819 1010 4874 quo
1042 4808 1171 4876 quid
1197 4810 1384 4877 exivit,
1409 4814 1529 4883 ejus
1554 4816 1701 4885 quod

120 4898 174 4937 ex
198 4903 261 4941 eo
289 4890 480 4958 exivit,
508 4893 597 4947 vel
631 4893 844 4960 locum,
872 4895 952 4949 vel
983 4913 1226 4966 causam,
1260 4902 1341 4954 vel
1366 4905 1699 4975 principium

123 4976 193 5041 (ut
223 4979 421 5036 schola:
454 4982 795 5053 loquuntur)
832 4985 1243 5042 constitutivum
1276 4990 1467 5049 fuisse.
1501 5013 1523 5046 ι
1560 4995 1704 5053 Sub-

124 5068 226 5123 tilis
249 5071 355 5129 hac
383 5077 641 5143 quidem,
687 5076 786 5130 sed
816 5076 955 5131 mira
987 5078 1307 5148 disputatio.
1353 5083 1471 5139 Non
1509 5102 1701 5157 quaero

121 5162 371 5227 quodnam
397 5166 533 5225 illud
579 5166 659 5222 sit
688 5165 1024 5236 principium
1071 5173 1509 5239 constitutivum,
1549 5177 1701 5249 quod

122 5264 267 5308 causa
294 5273 395 5312 non
421 5261 517 5327 sit,
547 5268 612 5313 ut
646 5259 743 5314 hic
780 5259 927 5313 tertii
956 5264 1183 5317 membri
1214 5265 1398 5322 locum
1441 5280 1696 5341 occupet.

121 5340 257 5401 Certe
308 5353 513 5408 scholar
552 5354 636 5407 ita
676 5367 789 5407 non
840 5352 1160 5423 loquuntur.
1202 5357 1338 5413 Illud
1384 5340 1599 5431 quaaro,
1626 5379 1703 5419 an

121 5447 205 5492 νος
230 5445 507 5514 προελθεῖν
544 5443 820 5514 usurpari
848 5460 957 5500 non
990 5448 1182 5515 possit,
1207 5448 1316 5505 nisi
1359 5452 1427 5509 de
1485 5454 1694 5526 aliquo,

121 5532 237 5596 quod
264 5551 323 5591 ex
347 5538 474 5594 loco
501 5538 593 5593 vel
618 5550 802 5593 causa
840 5535 992 5591 exit?
1031 5538 1124 5592 Ἐκ
1143 5541 1236 5593 τοῦ
1263 5544 1383 5594 κατ’
1408 5544 1586 5613 ὀλίγον
1614 5546 1699 5609 εἰς

112 5620 188 5707 τὴν
229 5629 559 5705 αἰσθητικὴν
616 5627 721 5683 καὶ
771 5628 1138 5703 μεταεατικὴν
1176 5633 1337 5702 φύσιν
1388 5637 1692 5707 προῆλθεν,

111 5702 253 5783 i"quit
278 5702 597 5781 Nemesius.
641 5722 715 5775 At
752 5719 813 5775 τὸ
843 5722 959 5775 κατ’
998 5722 1173 5793 ὀλίγον
1202 5740 1379 5795 neque
1413 5729 1565 5784 locus
1586 5739 1695 5797 est,

1807 4539 2159 4610 λαμϐάνεται,
2192 4539 2363 4605 οὕτως
2403 4541 2635 4594 ἐνταῦθα.
2675 4544 2708 4612 ἠ
2739 4543 2877 4596 ἀπό.
2914 4541 3040 4597 lude
3082 4540 3384 4613 Hesychius

1821 4631 2149 4703 Ἀπόδρομον
2180 4631 2567 4702 interpretatur
2590 4635 2705 4703 μετ’
2743 4633 3018 4687 ἐπάνοδον.
3042 4631 3188 4691 Nihil
3220 4633 3385 4703 igitur

1806 4726 1987 4779 tritius
2017 4733 2098 4778 est
2145 4725 2288 4793 apud
2340 4724 2559 4780 Graecos
2583 4766 2597 4789 ,
2636 4742 2800 4795 quam
2839 4736 2898 4781 ut
2922 4726 3030 4780 ἀπό
3075 4738 3129 4783 et
3169 4729 3234 4782 ἐκ
3282 4745 3383 4800 pro

1808 4816 1978 4886 μετὰο
2012 4815 2154 4885 apud
2206 4815 2460 4881 Latinos,
2494 4833 2659 4888 quam
2710 4828 2768 4873 ut
2816 4820 2879 4873 ab
2922 4830 2976 4875 et
3011 4837 3077 4876 ea:
3114 4838 3212 4891 pro
3262 4833 3381 4893 post

1804 4905 2164 4975 accipiantur.
2198 4906 2265 4967 Et
2321 4908 2414 4978 qui
2462 4923 2493 4964 e
2545 4910 2765 4966 silentio
2813 4912 2894 4966 vel
2942 4922 3068 4981 post
3097 4914 3378 4968 silentium

1802 4999 2021 5069 prodire
2044 5000 2268 5055 verbum
2300 5010 2483 5072 negat,
2507 5002 2656 5059 mihi.
2676 5004 2920 5058 omnium
2950 5005 3232 5063 hominum
3258 5022 3375 5061 ser-

1803 5106 2019 5145 monem
2060 5107 2257 5161 negare
2286 5092 2522 5151 videtur.

1872 5180 1985 5239 Nos
2017 5183 2181 5253 igitur
2218 5194 2272 5239 et
2299 5187 2542 5242 auctoris
2584 5198 2857 5254 mentem,
2888 5198 2942 5243 et
2971 5190 3169 5244 veteris
3207 5189 3375 5242 inter-

1802 5278 1972 5346 prelis
2012 5277 2318 5335 versionem
2363 5278 2758 5335 defendendam
2814 5281 3038 5336 omnino
3080 5291 3372 5349 putamus;

1801 5382 1966 5437 quam
1999 5370 2238 5439 planam,
2266 5368 2589 5439 simplicem,
2616 5373 2892 5440 prepriam
2927 5381 2977 5425 ct
3002 5371 3373 5441 perspicuam,

1802 5474 1910 5515 non
1945 5459 2216 5532 frigidam,
2250 5470 2346 5515 aut
2377 5472 2647 5531 argutam,
2670 5463 2995 5517 autinanem
3044 5478 3165 5518 esse
3206 5464 3375 5518 senti-

1802 5564 1924 5603 mus
1946 5568 1957 5604 :
1978 5565 2208 5617 eamque
2230 5551 2401 5605 solam
2421 5551 2486 5604 ad
2509 5552 2751 5605 auctoris
2775 5561 3005 5605 mentem
3036 5563 3178 5608 recte
3197 5570 3260 5609 ex
3269 5554 3378 5623 pris

1802 5641 2083 5703 mendam,
2108 5649 2161 5695 et
2211 5642 2276 5697 ad
2318 5641 2699 5703 Ebionitarum
2735 5659 3000 5710 errorem,
3036 5662 3195 5716 quem
3244 5657 3375 5702 tunc

1806 5735 2070 5802 temporis
2097 5732 2148 5787 in
2176 5736 2357 5793 animo
2388 5750 2510 5787 cum
2540 5735 2801 5790 scriberet
2832 5748 3023 5793 auctor
3048 5738 3258 5803 habuit,
3276 5751 3375 5791 ca-
