3824 6198
396 296 504 353 507

1382 288 1439 344 S.
1482 286 1827 345 lGNA'l‘lUS.
1864 320 1933 328 —
1968 288 2502 346 PROLEGOMENA.

3557 292 3664 345 308

399 406 737 479 stigandum,
764 416 818 462 et
846 407 914 462 ad
943 406 1271 478 Magnesios,
1294 421 1364 461 ne
1388 406 1548 463 istam
1576 408 1811 463 hmresin
1840 408 1979 462 reci-
2010 413 2058 469 Α
2086 416 2254 474 stant,
2280 417 2334 463 et
2359 409 2412 461 in
2442 409 2643 478 quibus
2669 409 2792 479 quis
2822 408 2962 463 [Ean
2998 424 3027 464 a
3065 408 3191 481 Sige
3224 408 3464 464 emissus
3495 409 3586 474 sit,
3612 419 3665 463 et

398 506 614 568 perant,
654 496 1098 566 prmmuniendos
1132 496 1427 565 plurimum
1478 498 1657 551 valere
1697 495 1981 550 contendi-

399 606 550 646 mus.
600 590 782 644 Manet
821 591 1009 659 itaque
1047 589 1378 643 inconcussa
1428 588 1693 644 hactenus
1749 589 1980 642 assertio

400 682 619 752 prima,
671 691 951 736 auctorem
1008 681 1254 749 epistolae
1312 680 1378 735 ad
1426 680 1731 750 Magnesios
1775 680 1978 733 nullam

403 772 570 825 aliam
605 773 836 827 haeresin
864 773 1050 827 verbis
1075 788 1142 827 ex
1175 787 1238 826 ea
1284 772 1511 842 prolatis
1541 788 1705 843 quam
1744 784 1978 828 veterem

402 867 555 922 illam
587 867 969 923 Ebiouitarum
1000 877 1077 922 tot
1109 867 1291 921 modis
1317 867 1371 921 in
1407 867 1594 921 eadem
1623 867 1848 936 epistola
1884 867 1982 921 de-

406 959 669 1029 scriptam
698 960 1008 1028 respexisse
1041 978 1053 1013 :
1100 975 1223 1029 qua:
1246 975 1371 1013 cum
1419 969 1574 1015 atate
1616 960 1803 1032 lgnatii
1835 978 1982 1016 mar-

403 1052 541 1123 tyris
564 1052 795 1107 nimium
822 1052 1077 1121 viguerit,
1104 1053 1250 1121 quod
1276 1052 1539 1108 adversus
1569 1070 1687 1108 eam
1720 1056 1981 1124 scriptum

404 1153 509 1211 est,
533 1143 694 1199 ﬁdem
723 1152 1031 1213 temporum
1057 1143 1278 1213 pulsare
1316 1158 1423 1197 non
1460 1153 1655 1213 potest.

1023 1256 1257 1312 CAPUT
1304 1255 1368 1310 V.

406 1352 646 1411 Assertio
676 1350 928 1413 secunda,
958 1349 1112 1402 verba
1157 1347 1254 1400 illa
1272 1347 1361 1401 'ad
1399 1347 1733 1400 Valentinum
1773 1348 1986 1401 omnino

479 1438 583 1474 non
612 1431 866 1487 spectare.
919 1418 1273 1471 Valentiniani
1305 1435 1571 1487 nunquam
1600 1418 1847 1471 dixerunt
1892 1416 1985 1471 Si.

478 1509 574 1561 gen
615 1492 875 1561 peperisse
922 1489 1145 1561 Lagum.
1190 1488 1260 1561 In
1304 1490 1484 1561 schola
1538 1487 1986 1561 Valentiniusolus

479 1558 599 1615 Nus
618 1558 700 1613 'ex
726 1560 897 1629 Bytlto
920 1569 969 1613 et
1004 1558 1145 1627 Sige,
1165 1559 1297 1629 ideo
1328 1558 1637 1629 Manqgenes
1667 1558 1983 1626 appellatus.

478 1632 656 1701 Lagus
689 1627 885 1694 autem,
908 1630 1048 1698 quod
1087 1646 1119 1680 a
1156 1628 1341 1701 Bytlta
1366 1641 1416 1682 et
1452 1627 1572 1699 Sige
1610 1645 1712 1701 non
1750 1640 1905 1701 esset,
1932 1629 1987 1681 in

477 1698 953 1754 dentinorationem
987 1710 1165 1761 natus,
1197 1708 1246 1751 et
1268 1698 1412 1752 xEon
1439 1716 1605 1752 cwcus
1633 1698 1756 1766 fuit.
1793 1698 1988 1752 Genea-

2084 516 2149 555 ex
2179 516 2289 571 quo
2322 500 2498 555 {Eone
2538 502 2775 556 emissus
2820 502 2891 556 sit
2940 501 3142 573 Lagus,
3177 502 3380 555 diserte
3414 502 3662 554 docetur.

2085 591 2266 647 Unum
2295 608 2361 647 ex
2391 592 2477 647 his
2503 593 2643 661 apud
2670 592 2953 657 lrenazum,
2986 594 3218 647 alterum
3248 592 3391 662 apud
3422 591 3665 660 Epipha-

2085 685 2238 739 nium
2277 694 2457 738 exstat
2489 703 2501 739 :
2536 686 2590 738 in
2621 686 2802 754 priore
2824 684 3003 753 Logus
3045 693 3129 738 est
3156 700 3220 739 ex
3260 684 3463 746 Arche,
3494 683 3547 736 id
3586 690 3668 736 est

2085 777 2191 843 Nu,
2223 794 2315 832 seu
2360 776 2679 847 Mouogene,
2718 786 2773 831 et
2805 777 3082 841 Aletheia;
3131 777 3183 830 in
3217 776 3544 845 posteriore,
3576 787 3670 827 aut

2088 883 2155 923 ex
2209 869 2425 933 iisdem,
2462 868 2830 922 mediantibus
2861 868 3143 935 Authropo
3187 876 3239 920 et
3282 865 3552 929 Ecclesia,
3577 872 3670 917 aut

2086 976 2153 1013 ex
2200 960 2482 1029 Anthropo
2536 968 2588 1014 et
2644 959 2885 1014 Ecclesia
2914 979 2926 1013 :
2954 959 3006 1012 in
3052 967 3245 1012 neutro
3286 974 3352 1011 ex
3397 955 3577 1027 Bytho
3616 965 3670 1009 et

2090 1050 2217 1120 Sige
2243 1052 2477 1105 emissus
2519 1064 2640 1105 esse
2673 1051 2892 1105 dicitur.
2925 1051 3200 1115 Secundo,
3244 1049 3521 1104 sententia
3561 1046 3669 1101 Va—

2089 1142 2516 1195 lentiuianorum
2554 1141 2766 1210 prolixe
2806 1143 3100 1211 exponitur
3142 1143 3211 1195 ab
3254 1140 3466 1195 [remeo
3507 1141 3599 1194 lib.
3631 1159 3670 1205 ι,

2089 1245 2209 1299 cap.
2261 1230 2313 1295 1,
2355 1240 2410 1285 ει
2453 1230 2726 1287 Valentini
2781 1232 2955 1300 ipsius
2998 1232 3270 1301 praecipue
3310 1246 3437 1301 cap.
3480 1232 3535 1297 5,
3576 1233 3671 1285 sed

2090 1322 2282 1376 nullihi
2330 1321 2565 1377 lrenaaus
2613 1324 2863 1377 meminit
2899 1322 3029 1390 Logi
3062 1339 3091 1377 a
3123 1322 3248 1393 Sige
3287 1324 3525 1393 prolati;
3564 1339 3674 1377 non

2090 1421 2213 1479 post
2244 1427 2368 1469 eum
2399 1411 2788 1478 Tertullianus,
2818 1428 2927 1467 non
2976 1412 3340 1483 Epiphanius,
3370 1423 3468 1467 aut
3496 1411 3677 1466 Phila-

2092 1502 2283 1567 strius,
2322 1503 2682 1571 Augustinus,
2713 1502 3107 1570 Theodoretus,
3136 1520 3244 1558 non
3291 1520 3489 1559 eorum
3520 1506 3675 1573 quis-

2091 1607 2253 1661 quam
2284 1592 2377 1661 qui
2405 1594 2472 1647 de
2504 1592 2775 1647 industria
2804 1591 3073 1647 Valentini
3116 1593 3372 1647 delirium
3401 1608 3680 1662 exposue-

2090 1691 2238 1735 runt.
2287 1682 2550 1737 Praeterea
2580 1684 2684 1738 hoc
2714 1683 2918 1738 dictum
2954 1700 3237 1754 nunquam
3271 1700 3303 1737 a
3328 1682 3679 1738 Valentinia-

477 1771 621 1845 lggia
648 1771 951 1845 IEonumg
984 1769 1261 1845 Bloudellq
1288 1786 1559 1845 pernetam
1589 1778 1986 1845 τερηιεδειιιαιςι.
2023 1786 2063 1840 Β
2093 1774 2180 1828 nis
2205 1775 2289 1829 vel
2316 1776 2441 1830 inde
2473 1785 2637 1845 patet.
2660 1778 2787 1845 quia
2834 1776 2942 1829 dici
2973 1777 3025 1829 in
3050 1776 3236 1831 schola
3264 1776 3544 1830 Valentini
3573 1792 3681 1830 non

480 1839 864 1911 Fragmentum
898 1839 1256 1911 Valentiniani
1280 1840 1420 1911 apud
1445 1839 1798 1911 Epiphaniam
1823 1839 1989 1906 expli-

382 1940 385 1941 ν
481 1909 655 1971 εαιιιτ.
697 1910 867 1964 Lacus
921 1909 1112 1978 Cyrilli
1166 1909 1635 1979 Hierosolymitani
1681 1910 1987 1963 discutitur.

480 1981 678 2035 Dallwi
718 1980 990 2035 distinctio
1033 1981 1095 2032 de
1136 1980 1367 2033 mediata
1407 1992 1455 2032 et
1502 1979 1809 2031 immediata
1862 1980 1991 2031 edu-

478 2054 651 2105 ctione
670 2052 996 2121 exploditur.
1029 2048 1198 2103 Verba
1220 2049 1420 2119 lgnatii
1444 2067 1561 2121 cunt
1578 2049 1791 2121 placitis
1808 2048 1995 2121 Valen-

482 2124 579 2176 tini
604 2122 741 2175 male
762 2130 1166 2190 componuntur.
1182 2121 1522 2190 Argumentis
1540 2120 1730 2190 υᾳιιωε
1746 2120 1989 2171 omnibus

477 2192 846 2261 particulatim
880 2188 1273 2261 respondetur.
1307 2189 1545 2243 (ienuina
1582 2188 1992 2261 Ignatianorum

477 2263 765 2330 explicatio
784 2260 1491 2315 redditur.Adversariorum
1509 2261 1768 2329 expositio
1784 2260 1993 2313 detorta

482 2333 803 2386 ostenditur.

484 2442 733 2509 Stabilita
768 2444 940 2517 prima
973 2442 1301 2505 assertione,
1336 2439 1588 2510 sequitur
1635 2439 1866 2495 assertio
1904 2454 1992 2493 se-

410 2537 613 2599 cunda,
646 2536 853 2591 scilicet
887 2537 1047 2589 verba
1081 2536 1195 2605 ipsa
1226 2536 1327 2587 οὐκ
1359 2534 1468 2587 ἀπὸ
1502 2534 1660 2603 σιγῆς
1693 2530 1991 2604 προελθών,

411 2640 473 2685 ut
504 2638 633 2686 sunt
674 2630 743 2684 ab
786 2638 1010 2683 auctore
1040 2627 1284 2697 epistolae
1326 2627 1391 2680 ad
1423 2625 1731 2696 Magnesios
1761 2624 1992 2694 prolata,

412 2724 481 2778 ad
517 2722 866 2778 Valentinum
898 2720 1125 2775 omnino
1158 2735 1264 2774 non
1291 2728 1559 2789 spectare,
1600 2732 1702 2771 nec
1727 2717 1848 2771 sine
1879 2716 1995 2769 vio-

411 2816 560 2873 lenta
605 2815 922 2870 detorsione
968 2814 1037 2867 ad
1079 2812 1200 2882 ejus
1244 2812 1476 2865 hmrcsin
1524 2809 1901 2879 exponendam
1942 2817 1997 2861 et

412 2906 836 2977 appugnandam
889 2905 1153 2975 applicari
1201 2918 1383 2973 posse.
1438 2900 1497 2956 Si
1529 2902 1675 2955 enim
1720 2898 1995 2953 Valentini

411 2999 666 3054 delirium
708 2998 775 3053 de
808 2997 1106 3051 emissione
1148 2994 1303 3065 Logi,
1334 3003 1526 3050 auctor
1554 2992 1801 3063 epistola:
1830 2990 1997 3045 ferire

410 3092 698 3159 voluisset,
732 3101 785 3145 et
814 3091 990 3145 tribus
1021 3097 1232 3144 tantum
1258 3088 1438 3143 verbis
1468 3086 1519 3141 id
1546 3086 1725 3141 facere
1753 3084 1994 3154 cogitas-

412 3195 516 3251 set,
558 3185 736 3254 iisque
769 3184 1018 3255 negative
1048 3184 1260 3262 positis,
1289 3191 1342 3236 et
1366 3181 1542 3235 obiter
1569 3178 1841 3243 adductis,
1862 3179 1993 3232 dum

414 3287 609 3333 contra
641 3278 777 3332 alios
802 3287 855 3332 ct
891 3277 1127 3331 maxime
1160 3275 1444 3345 appositas
1490 3273 1776 3328 hmretieos
1808 3270 1997 3340 dispu-

412 3380 577 3437 taret,
611 3380 801 3425 conlra
848 3385 987 3439 quos
1018 3369 1208 3423 eadem
1256 3368 1420 3422 verba
1465 3382 1574 3421 non
1610 3366 1796 3421 minus
1827 3380 1994 3435 quam

412 3464 679 3520 adversus
728 3462 1081 3517 Valentinum
1131 3461 1405 3528 facerent;
1455 3460 1571 3514 lieri
1617 3460 1845 3515 omnino
1886 3474 1995 3513 non

412 3558 612 3631 potuit,
640 3557 746 3612 nisi
794 3555 925 3610 illud
976 3554 1155 3624 ipsum
1190 3554 1392 3610 diserte
1432 3562 1675 3624 negaret,
1712 3552 1859 3623 quod
1890 3549 2000 3605 Va-

412 3650 654 3705 lentinus
676 3650 822 3705 clare
845 3665 907 3703 ac
933 3648 1158 3701 totidem
1184 3646 1367 3701 verbis
1396 3654 1727 3701 asseruerat.
1764 3642 2001 3699 Senten-

412 3744 488 3797 tia
513 3742 660 3797 enim
699 3741 949 3810 negativa
978 3738 1113 3793 nihil
1150 3738 1297 3792 aliud
1336 3737 1500 3791 ferire
1530 3744 1744 3805 potest,
1770 3734 1876 3787 nisi
1902 3748 2000 3804 op-

411 3834 649 3904 positam
700 3832 1151 3895 aﬂirmatianem;
1192 3840 1272 3896 ut,
1318 3831 1365 3884 si
1415 3829 1538 3899 quis
1570 3836 1729 3897 neget
1756 3827 1809 3881 id
1853 3825 1999 3898 quod

413 3926 507 3979 ille
556 3938 838 3994 nunquam
885 3922 1193 3987 allirmavit,
1230 3921 1352 3990 ejus
1391 3919 1605 3990 negatio
1648 3916 1997 3976 Valentinum

414 4018 623 4073 directe
668 4030 776 4069 non
821 4014 1001 4068 feriat.
1053 4012 1177 4067 llzec
1226 4012 1362 4066 adeo
1405 4019 1551 4065 certa
1610 4018 1759 4073 sunt,
1802 4018 1862 4063 ut
1913 4008 2000 4061 hic

416 4112 598 4179 ipsum
632 4108 892 4165 Dallzeum
923 4107 1223 4160 habeamus
1250 4104 1619 4159 confitentem.
1657 4122 1673 4152 ι
1708 4100 1820 4171 Ego
1845 4115 1996 4165 vero,

415 4202 616 4270 inquit,
646 4198 953 4269 respondeo
984 4197 1142 4270 plane
1163 4211 1389 4253 necesse
1416 4209 1538 4249 esse
1566 4203 1623 4249 ut
1654 4194 1719 4258 is,
1753 4193 1817 4247 ad
1836 4207 1998 4262 quem

415 4293 655 4362 scriptor
710 4290 1051 4359 respexerit,
1091 4288 1341 4358 quisquis
1390 4287 1478 4341 ille
1522 4286 1589 4339 de
1649 4293 1847 4339 caetero
1899 4283 1998 4349 sit,

416 4386 521 4441 hoc
546 4393 693 4441 certe
716 4383 963 4437 docuerit
983 4406 992 4436 ;
1012 4381 1104 4434 τὸν
1127 4382 1297 4449 Λόγον
1324 4380 1430 4434 ἀπὸ
1463 4380 1627 4450 Σιγῆς
1660 4376 1959 4449 προελθεῖν.
1977 4395 1994 4426 ι

415 4480 558 4546 Quid
596 4486 755 4549 neget
780 4476 1022 4547 lgnatius
1048 4475 1399 4551 perspicuum
1428 4482 1511 4528 est
1534 4489 1602 4527 ex
1635 4488 1700 4526 eo
1730 4470 1875 4541 quod
1920 4467 2001 4522 af-

414 4570 630 4635 tirmat;
666 4567 899 4622 afﬁrmat
940 4568 1112 4634 Λόγον
1157 4582 1277 4621 εεεε
1306 4566 1499 4628 ἀΐδιον,
1530 4573 1723 4619 contra
1773 4561 2000 4616 Ebioui-

417 4675 521 4728 tas,
556 4671 718 4732 negat
762 4661 869 4713 ἀπὸ
906 4660 1065 4730 σιγῆς
1100 4657 1402 4731 προελθεῖν.
1455 4655 1513 4709 Si
1550 4654 1822 4708 Valentini
1864 4652 2001 4706 deli-

413 4753 562 4809 rium
606 4752 661 4804 in
691 4752 879 4805 animo
922 4750 1116 4805 habuit
1154 4752 1344 4804 notare
1382 4756 1438 4802 et
1478 4744 1747 4809 refellere,
1783 4750 2001 4812 oportet

415 4854 607 4899 ccrtea
630 4840 920 4896 Valentino
940 4841 1145 4897 dictum
1167 4850 1221 4895 et
1242 4849 1512 4895 assertum
1530 4852 1672 4901 esse,
1696 4836 1868 4903 Λόγον
1893 4833 1999 4885 ἀπὸ

415 4936 585 5005 Σιγῆς
620 4933 924 5006 προελθεῖν.
962 4931 1075 4988 Ηοε
1130 4941 1311 4986 autem
1368 4943 1610 4997 unquam
1654 4926 1857 4980 diserte
1895 4923 1998 4976 do-

414 5028 599 5084 euisse
626 5024 975 5081 Valentinum
1014 5039 1173 5093 nego.
1228 5021 1285 5075 Si
1320 5020 1626 5090 fragmenta
1660 5015 1843 5070 omnia
1892 5011 2001 5065 Va-

416 5119 845 5175 lentinianorum
886 5116 1153 5181 excutias,
1192 5114 1239 5168 si
1281 5110 1652 5181 expositiones
1686 5120 1881 5161 omnes
1907 5119 1994 5158 eo.

415 5230 539 5271 rum
586 5213 867 5270 sententiae
904 5212 1143 5274 evolvas,
1185 5211 1230 5265 si
1262 5209 1477 5278 objecta
1512 5221 1542 5259 a
1585 5203 1686 5259 SS.
1716 5201 1997 5263 Patribus,

417 5306 691 5361 Valentini
721 5305 951 5363 haeresin
976 5319 1042 5359 ex
1070 5301 1320 5373 professo
1343 5310 1396 5354 et
1428 5298 1551 5352 fuse
1572 5292 1997 5366 exponentibus,

419 5400 633 5469 singula
660 5414 971 5469 percurras,
1001 5395 1283 5465 nunquam
1312 5394 1414 5446 hoc
1438 5391 1521 5444 vel
1561 5391 1630 5443 ab
1667 5388 1800 5457 ipsis
1824 5387 1998 5439 haere-

419 5490 546 5544 ticis
572 5491 859 5558 scriptum,
898 5489 981 5542 vel
1010 5488 1151 5554 apud
1182 5487 1306 5539 illos
1334 5484 1525 5538 Patres
1556 5482 1866 5551 expositum
1904 5480 2000 5533 aut

418 5581 691 5649 objectqu
726 5582 985 5649 reperies.

490 5670 626 5725 Nam
664 5673 841 5741 primo
875 5686 984 5724 non
1021 5668 1289 5737 reperitur
1328 5666 1450 5720 talis
1495 5662 1807 5735 gencaIOgia
1848 5663 1899 5715 in
1934 5662 2001 5716 iis

417 5764 738 5839 fragmentis
795 5761 1326 5826 Valentinianorum,
1382 5774 1503 5829 qua:
1560 5756 1856 5809 etiamnum
1909 5772 1986 5811 cx-

2092 1867 2288 1937 potuit.
2322 1866 2401 1921 Ex
2437 1868 2557 1938 ejus
2582 1870 2726 1923 enim
2758 1868 3005 1923 doctrina
3038 1868 3181 1923 Αζοιι
3217 1886 3248 1923 a
3285 1869 3414 1939 Sige
3444 1869 3685 1922 emissus

2093 1960 2237 2017 intra
2266 1963 2500 2032 primam
2526 1963 2871 2033 quadrigam,
2912 1978 3077 2032 quam
3128 1962 3547 2033 primordialem
3594 1970 3679 2016 ιε-

2093 2064 2307 2127 tractyu
2338 2065 2392 2109 et
2426 2055 2797 2110 autenthicam
2842 2056 3228 2122 nominabant,
3268 2056 3686 2122 continebatur,

2094 2160 2126 2199 a
2154 2160 2261 2214 qua
2298 2144 2481 2216 Logus
2502 2146 2760 2201 exclusus
2786 2156 2887 2201 est.
2917 2146 3061 2200 Ᾰζοιι
3087 2155 3268 2201 autem
3299 2147 3391 2201 ille
3412 2162 3481 2201 ex
3514 2147 3687 2219 Bylho

2093 2246 2150 2293 ει
2179 2236 2305 2308 Sige
2351 2249 2672 2309 prognatus,
2705 2239 2906 2293 virtute
2958 2255 3074 2294 sua:
3114 2240 3489 2311 generationis
3534 2256 3687 2294 com-

2094 2331 2395 2385 municavit
2430 2347 2554 2385 cum
2600 2330 2761 2386 Patre
2803 2347 3060 2401 suprema
3088 2350 3103 2385 :
3135 2332 3213 2385 illi
3248 2331 3463 2402 Bythus
3494 2333 3687 2394 cogni-

2095 2428 2185 2473 tus
2225 2419 2345 2486 fuit,
2383 2420 2607 2491 reliquis
2658 2436 2765 2474 non
2813 2421 2964 2475 item.
3014 2420 3090 2475 Ita
3137 2420 3378 2476 lreuaws
3406 2440 3420 2475 :
3447 2422 3553 2473 Τὸν
3590 2422 3688 2491 μὲν

2094 2506 2189 2564 οὖν
2238 2512 2562 2585 προπάτορα
2610 2511 2973 2579 γινώσκεσθαι
3028 2514 3175 2583 μόνῳ
3224 2513 3448 2581 λέγουσι
3500 2513 3580 2583 τῷ
3630 2514 3691 2577 ἐξ

2096 2603 2260 2657 αὑτοῦ
2308 2604 2554 2672 γεγονότι
2602 2607 2907 2674 μονογενεῖ,
2938 2605 3186 2658 τουτέστι
3218 2604 3298 2675 τῷ
3331 2604 3450 2674 Νῷ,
3487 2608 3603 2667 τοῖς
3634 2605 3691 2657 δὲ

2096 2696 2301 2760 λοιποῖς
2344 2698 2510 2749 πᾶσιν
2558 2698 2790 2769 ἀόρατον
2822 2698 2916 2749 καὶ
2962 2696 3356 2768 ἀκατάληπτον
3397 2697 3691 2768 ὑπάρχειν.

2104 2806 2123 2839 ι
2156 2787 2221 2841 Ει
2264 2798 2610 2857 propalarem
2639 2789 2860 2858 quidem
2894 2804 3083 2843 eorum
3130 2788 3420 2859 cognitum
3472 2788 3577 2845 soli
3612 2785 3695 2839 di~

2098 2889 2232 2933 cunt
2254 2880 2326 2946 ei,
2352 2880 2445 2949 qui
2466 2895 2533 2934 ex
2564 2895 2629 2934 eo
2660 2889 2821 2935 natus
2847 2889 2932 2935 est
2960 2879 3272 2949 Monogeni,
3303 2878 3413 2932 hoc
3450 2888 3538 2934 est
3575 2876 3691 2931 No:

2099 2972 2327 3041 reliquis
2351 2987 2483 3026 vero
2508 2972 2766 3026 omnibus
2798 2972 3133 3026 invisibilem
3164 2981 3220 3027 et
3262 2972 3696 3041 incomprehen—

2102 3065 2316 3121 sibilem
2352 3080 2495 3121 esse.
2520 3084 2539 3116 ι
2574 3064 2689 3120 Νυε
2736 3065 2902 3134 igitur
2941 3063 3293 3135 Monogenes,
3338 3065 3458 3119 sive
3501 3064 3697 3132 unige—

2100 3156 2249 3211 nitus
2292 3155 2473 3210 dictus
2502 3164 2606 3222 εει,
2642 3156 2790 3225 quod
2828 3155 2918 3209 ille
2950 3155 3103 3209 solus
3144 3169 3209 3208 ex
3250 3153 3434 3225 'Bytbo
3468 3163 3523 3209 et
3567 3152 3699 3223 Sige

2100 3257 2263 3302 natus
2287 3256 2390 3302 est.
2440 3246 2596 3302 Unde
2625 3246 2997 3303 Tertullianus
3025 3245 3168 3298 Νοῦν
3194 3256 3356 3301 vocat
3398 3246 3556 3299 illum
3588 3246 3699 3299 Va-

2100 3340 2295 3396 lentini
2336 3339 2694 3409 Monogenem
2729 3354 2795 3393 ex
2833 3345 2988 3408 patre
3012 3336 3188 3407 Bytho
3220 3346 3275 3390 et
3308 3346 3487 3390 matre
3522 3335 3651 3406 Sige
3680 3356 3692 3391 :

2100 3442 2156 3489 et
2188 3432 2439 3503 quamvis
2466 3430 2706 3500 excipiat
2732 3444 2924 3485 contra
2953 3445 3153 3483 nomen
3186 3427 3537 3497 Monogenis,
3560 3426 3697 3482 illud

2102 3535 2283 3581 tamen
2328 3524 2458 3578 facit
2494 3537 2601 3576 non
2649 3530 2900 3591 respectu
2954 3520 3107 3591 Logi,
3150 3528 3246 3574 aut
3291 3518 3526 3573 alterius
3572 3529 3699 3588 post

2102 3618 2310 3690 Lagum
2341 3616 2556 3681 Asianis,
2586 3615 2679 3670 sed
2705 3615 2963 3668 Aletheiaz
2983 3622 3216 3677 tantum,
3246 3626 3370 3681 qua:
3396 3627 3465 3665 ex
3497 3612 3695 3666 iisdem

2102 3712 2423 3782 parentibus
2451 3718 2568 3763 orta
2598 3717 2699 3762 est.
2739 3725 2757 3758 ι
2782 3705 2858 3759 Ita
2882 3716 2936 3761 et
2968 3705 3105 3775 ipse,
3135 3704 3334 3774 inquit,
3366 3702 3534 3758 Pater
3556 3704 3697 3757 dioi-

2106 3814 2193 3859 tur
2214 3816 2268 3859 et
2288 3804 2503 3858 initium
2523 3800 2791 3863 omnium,
2812 3807 2867 3853 et
2894 3797 3111 3867 proprie
3136 3795 3494 3866 Monogenes.
3528 3797 3697 3866 Atqui

2104 3912 2213 3951 non
2241 3895 2479 3966 proprie,
2512 3893 2641 3963 quia
2674 3907 2780 3946 non
2819 3891 2971 3945 solus
2995 3889 3348 3959 agnoscitur;
3385 3903 3521 3941 nam
3567 3904 3696 3941 cum

2104 3992 2198 4045 illo
2241 3988 2509 4060 processit
2543 3997 2597 4041 ει
2646 3985 2849 4040 femina
2896 3982 3119 4036 veritas.
3166 3980 3526 4050 Monogenes,
3565 3982 3697 4050 quia

2104 4085 2256 4153 prior
2286 4082 2525 4152 genitus,
2564 4087 2772 4149 quanto
2803 4074 3197 4146 congruentius
3226 4072 3567 4142 Protogenes
3599 4090 3698 4126 vo-

2104 4175 2356 4230 caretur?
2380 4194 2397 4226 ι
2424 4174 2690 4243 Respeclu
2716 4170 2995 4234 Alelheiae,
3023 4168 3231 4223 scilicet
3254 4183 3377 4237 qua:
3395 4177 3523 4238 post
3544 4184 3695 4234 eum,

2106 4270 2198 4323 sed
2229 4285 2291 4323 ex
2328 4268 2518 4321 iisdem
2556 4264 2730 4336 Bytho
2759 4273 2812 4317 et
2844 4263 2972 4333 Sige
3005 4261 3305 4331 processit;
3342 4262 3563 4315 ratione
3591 4278 3695 4314 au—

2106 4373 2214 4417 tem
2253 4362 2319 4416 ad
2365 4362 2607 4430 reliquos
2641 4357 2846 4411 Eoncs
2883 4355 3067 4408 habita
3102 4353 3322 4423 proprie
3351 4352 3695 4423 Monagcncs

2032 4478 2077 4531 ι)
2107 4452 2573 4522 dicebatur,quod
2598 4451 2752 4505 solus
2784 4448 2891 4513 ille,
2918 4446 3251 4515 reliquorum
3285 4454 3473 4497 autem
3508 4461 3695 4509 nemo,

2104 4565 2171 4603 ex
2206 4547 2380 4618 Bylho
2412 4556 2465 4600 et
2498 4544 2623 4613 Sige
2666 4550 2829 4595 natus
2870 4547 3035 4593 esset.
3075 4535 3217 4601 Quin
3264 4536 3432 4589 etiam
3476 4538 3583 4592 hoc
3618 4538 3695 4590 illi

2104 4637 2397 4707 Monogeni
2428 4637 2563 4691 adeo
2610 4632 2893 4703 proprium
2925 4640 2979 4684 et
3018 4628 3293 4698 peculiare
3340 4628 3470 4695 fuit,
3516 4639 3574 4682 ut
3619 4630 3695 4683 illi

2103 4748 2215 4802 pra:
2254 4731 2511 4787 omnibus
2554 4727 2676 4781 aliis
2722 4724 2994 4779 IEonibus
3023 4722 3222 4776 exinde
3252 4721 3496 4775 maxima
3528 4723 3698 4791 privi-

2104 4824 2243 4894 legia
2301 4821 2652 4878 accesserint.
2702 4817 2909 4888 Bythus
2955 4816 3031 4868 illi
3083 4814 3207 4878 soli,
3254 4813 3402 4883 quod
3455 4816 3527 4868 ab
3574 4816 3698 4884 ipso

2103 4924 2269 4969 natus
2305 4924 2470 4979 esset,
2498 4921 2663 4966 notus
2695 4909 2817 4963 fuit.
2870 4908 3073 4978 Lagus,
3101 4915 3287 4975 utpote
3316 4906 3413 4976 qui
3453 4908 3525 4961 ab
3575 4910 3698 4978 ipso

2103 5023 2214 5063 non
2247 5008 2485 5061 emissus
2527 5013 2631 5069 est,
2657 5012 2716 5058 ut
2744 5018 2843 5057 nec
2868 5018 2898 5056 a
2926 5000 3071 5073 Sige,
3103 5000 3411 5069 Propatora
3457 5018 3570 5061 non
3602 5020 3699 5059 co-

2104 5101 2312 5171 gnovit,
2335 5100 2457 5153 ideo
2479 5098 2607 5167 quia
2636 5096 2703 5150 ab
2730 5095 2848 5165 ipso
2878 5103 3040 5148 natus
3065 5110 3174 5147 non
3210 5104 3295 5149 est
3320 5114 3333 5149 :
3355 5110 3701 5167 quapropter

2104 5209 2283 5247 czecus
2329 5190 2472 5246 Eon
2522 5190 2703 5243 dictus
2751 5198 2856 5254 est,
2888 5188 3067 5259 qualis
3100 5204 3129 5242 a
3164 5185 3290 5257 Sige
3321 5190 3505 5243 emitti
3536 5189 3699 5262 Bythi

2107 5282 2325 5354 συζύγῳ
2358 5299 2466 5337 non
2496 5282 2692 5352 potuit.
2728 5282 2987 5348 lrenzeus,
3032 5281 3126 5334 lib.
3159 5296 3222 5345 ιι,
3249 5296 3375 5351 cap.
3407 5281 3479 5336 48
3507 5304 3520 5339 :
3554 5301 3572 5334 ι
3607 5284 3697 5336 Si-

2106 5378 2308 5432 militer
2326 5386 2506 5429 autem
2534 5392 2727 5431 rursus
2757 5384 2811 5429 et
2828 5375 2894 5429 de
2916 5373 3065 5443 Logo
3088 5374 3303 5426 tertiam
3329 5375 3695 5442 prolationem

2106 5471 2156 5523 ei
2189 5486 2217 5523 ιι
2277 5468 2435 5521 Patre
2471 5468 2702 5531 dalians,
2754 5468 2895 5521 unde
2924 5477 2977 5520 ct
3008 5467 3224 5535 ignorat
3256 5468 3695 5536 magnitudinem

2104 5563 2278 5632 ejus.»
2315 5561 2707 5626 Tertullianus,
2736 5575 2854 5628 cap.
2887 5560 2953 5613 9:
2994 5576 3012 5607 ι
3044 5558 3150 5611 Sed
3200 5568 3255 5611 et
3299 5558 3406 5613 hoc
3445 5561 3700 5629 exceptio

2105 5671 2464 5725 personarum
2506 5664 2608 5720 est,
2652 5653 2796 5722 quod
2845 5652 2995 5706 solus
3040 5651 3128 5703 ille.
3165 5648 3281 5703 Nus
3318 5666 3384 5704 ex
3431 5656 3699 5706 ornuibus

2108 5750 2357 5817 immensi
2410 5748 2590 5805 Patris
2624 5746 2821 5801 fruitur
2861 5745 3111 5810 notione,
3145 5744 3391 5818 gaudens
3423 5757 3478 5802 et
3514 5747 3701 5802 exsul-
