  <div class='ocr_page' id='page_1' title='image "/cluster/home/n/w/nwhite01/storage/ocr_20150623/5/hvd.32044019206598/162.png"; bbox 0 0 3770 6320; ppageno 0'>
   <div class='ocr_carea' id='block_1_1' title="bbox 167 299 269 355">
    <p class='ocr_par' dir='ltr' id='par_1_1' title="bbox 167 299 269 355">
     <span class='ocr_line' id='line_1_1' title="bbox 167 299 269 355; baseline 0 0"><span class='ocrx_word' id='word_1_1' title='bbox 167 299 269 355; x_wconf 73' lang='grc'><strong>309</strong></span> 
     </span>
    </p>
   </div>
   <div class='ocr_carea' id='block_1_2' title="bbox 909 295 2398 359">
    <p class='ocr_par' dir='ltr' id='par_1_2' title="bbox 909 296 2398 359">
     <span class='ocr_line' id='line_1_2' title="bbox 909 296 2398 359; baseline 0.001 -8"><span class='ocrx_word' id='word_1_2' title='bbox 909 296 958 352; x_wconf 87' lang='lat' dir='ltr'><strong>J.</strong></span> <span class='ocrx_word' id='word_1_3' title='bbox 994 296 1361 357; x_wconf 78' lang='lat' dir='ltr'><strong>PEARSONH</strong></span> <span class='ocrx_word' id='word_1_4' title='bbox 1400 298 1722 359; x_wconf 60' lang='lat' dir='ltr'><strong>VlNDlClA‘Z</strong></span> <span class='ocrx_word' id='word_1_5' title='bbox 1769 299 2189 357; x_wconf 72' lang='grc' dir='ltr'><strong>ΙϐΝΑΤΙΛΝᾸΞ.</strong></span> <span class='ocrx_word' id='word_1_6' title='bbox 2232 333 2299 341; x_wconf 91' lang='lat'><strong><em>—</em></strong></span> <span class='ocrx_word' id='word_1_7' title='bbox 2324 299 2398 357; x_wconf 70' lang='lat' dir='ltr'><strong>BA</strong></span> 
     </span>
    </p>
   </div>
   <div class='ocr_carea' id='block_1_3' title="bbox 1117 295 2606 359">
    <p class='ocr_par' dir='ltr' id='par_1_3' title="bbox 1117 295 2606 359">
     <span class='ocr_line' id='line_1_3' title="bbox 1117 295 2606 359; baseline 0.001 -8"><span class='ocrx_word' id='word_1_8' title='bbox 1117 297 1361 357; x_wconf 61' lang='lat' dir='ltr'><strong>iRSONll</strong></span> <span class='ocrx_word' id='word_1_9' title='bbox 1400 298 1722 359; x_wconf 60' lang='lat' dir='ltr'><strong>VlNDlClA‘Z</strong></span> <span class='ocrx_word' id='word_1_10' title='bbox 1769 299 2189 357; x_wconf 72' lang='grc' dir='ltr'><strong>ΙϐΝΑΤΙΛΝᾸΞ.</strong></span> <span class='ocrx_word' id='word_1_11' title='bbox 2232 333 2299 341; x_wconf 91' lang='lat'><strong><em>—</em></strong></span> <span class='ocrx_word' id='word_1_12' title='bbox 2324 298 2506 357; x_wconf 72' lang='lat' dir='ltr'><strong>PARS</strong></span> <span class='ocrx_word' id='word_1_13' title='bbox 2542 295 2606 354; x_wconf 88' lang='lat' dir='ltr'><strong>ll.</strong></span> 
     </span>
    </p>
   </div>
   <div class='ocr_carea' id='block_1_4' title="bbox 3311 295 3415 351">
    <p class='ocr_par' dir='ltr' id='par_1_4' title="bbox 3311 295 3415 351">
     <span class='ocr_line' id='line_1_4' title="bbox 3311 295 3415 351; baseline -0.019 0"><span class='ocrx_word' id='word_1_14' title='bbox 3311 295 3415 351; x_wconf 80' lang='lat' dir='ltr'><strong>3l0</strong></span> 
     </span>
    </p>
   </div>
   <div class='ocr_carea' id='block_1_5' title="bbox 166 412 3427 499">
    <p class='ocr_par' dir='ltr' id='par_1_5' title="bbox 166 412 3427 499">
     <span class='ocr_line' id='line_1_5' title="bbox 166 412 3427 499; baseline 0.005 -31"><span class='ocrx_word' id='word_1_15' title='bbox 166 423 306 477; x_wconf 83' lang='lat' dir='ltr'><strong>tans,</strong></span> <span class='ocrx_word' id='word_1_16' title='bbox 341 412 446 471; x_wconf 84' lang='lat' dir='ltr'><strong>illis</strong></span> <span class='ocrx_word' id='word_1_17' title='bbox 474 412 661 485; x_wconf 90' lang='lat' dir='ltr'><strong>utique</strong></span> <span class='ocrx_word' id='word_1_18' title='bbox 687 418 1068 474; x_wconf 67' lang='lat' dir='ltr'><strong>maerentibus.</strong></span> <span class='ocrx_word' id='word_1_19' title='bbox 1091 437 1109 470; x_wconf 73' lang='grc' dir='ltr'><strong>ι</strong></span> <span class='ocrx_word' id='word_1_20' title='bbox 1133 419 1235 485; x_wconf 86' lang='lat' dir='ltr'><strong>Qui</strong></span> <span class='ocrx_word' id='word_1_21' title='bbox 1266 436 1295 474; x_wconf 88' lang='lat' dir='ltr'><strong>a</strong></span> <span class='ocrx_word' id='word_1_22' title='bbox 1328 420 1501 492; x_wconf 81' lang='lat' dir='ltr'><strong>Bythn</strong></span> <span class='ocrx_word' id='word_1_23' title='bbox 1527 430 1580 476; x_wconf 89' lang='lat' dir='ltr'><strong>et</strong></span> <span class='ocrx_word' id='word_1_24' title='bbox 1602 419 1726 492; x_wconf 82' lang='lat' dir='ltr'><strong>Sige</strong></span> <span class='ocrx_word' id='word_1_25' title='bbox 1752 435 1799 492; x_wconf 77' lang='grc' dir='ltr'>Α</span> <span class='ocrx_word' id='word_1_26' title='bbox 1837 419 2121 488; x_wconf 87' lang='lat' dir='ltr'><strong>magistro,</strong></span> <span class='ocrx_word' id='word_1_27' title='bbox 2151 426 2266 475; x_wconf 88' lang='lat' dir='ltr'><strong>tum</strong></span> <span class='ocrx_word' id='word_1_28' title='bbox 2294 436 2326 476; x_wconf 89' lang='lat' dir='ltr'><strong>a</strong></span> <span class='ocrx_word' id='word_1_29' title='bbox 2354 423 2550 493; x_wconf 88' lang='lat' dir='ltr'><strong>seipsis</strong></span> <span class='ocrx_word' id='word_1_30' title='bbox 2574 436 2717 494; x_wconf 61' lang='lat' dir='ltr'><strong>saepe</strong></span> <span class='ocrx_word' id='word_1_31' title='bbox 2744 422 3079 499; x_wconf 68' lang='lat' dir='ltr'><strong>dissensisse</strong></span> <span class='ocrx_word' id='word_1_32' title='bbox 3106 439 3297 483; x_wconf 85' lang='lat' dir='ltr'><strong>omnes</strong></span> <span class='ocrx_word' id='word_1_33' title='bbox 3327 446 3427 482; x_wconf 80' lang='lat' dir='ltr'><strong>uo-</strong></span> 
     </span>
    </p>
   </div>
   <div class='ocr_carea' id='block_1_6' title="bbox 163 509 1730 584">
    <p class='ocr_par' dir='ltr' id='par_1_6' title="bbox 163 509 1730 584">
     <span class='ocr_line' id='line_1_6' title="bbox 163 509 1730 584; baseline 0.006 -22"><span class='ocrx_word' id='word_1_34' title='bbox 163 510 395 563; x_wconf 76' lang='lat' dir='ltr'><strong>emissus</strong></span> <span class='ocrx_word' id='word_1_35' title='bbox 436 518 541 575; x_wconf 85' lang='lat' dir='ltr'><strong>est,</strong></span> <span class='ocrx_word' id='word_1_36' title='bbox 589 510 692 579; x_wconf 82' lang='lat' dir='ltr'><strong>ipsi</strong></span> <span class='ocrx_word' id='word_1_37' title='bbox 740 509 918 581; x_wconf 73' lang='lat' dir='ltr'><strong>Bytbo</strong></span> <span class='ocrx_word' id='word_1_38' title='bbox 961 512 1156 567; x_wconf 84' lang='lat' dir='ltr'><strong>similis</strong></span> <span class='ocrx_word' id='word_1_39' title='bbox 1208 523 1262 568; x_wconf 90' lang='lat' dir='ltr'><strong>et</strong></span> <span class='ocrx_word' id='word_1_40' title='bbox 1303 515 1535 584; x_wconf 66' lang='lat' dir='ltr'><strong>arqualis</strong></span> <span class='ocrx_word' id='word_1_41' title='bbox 1588 514 1730 571; x_wconf 82' lang='lat' dir='ltr'><strong>fuit:</strong></span> 
     </span>
    </p>
   </div>
   <div class='ocr_carea' id='block_1_7' title="bbox 163 598 1730 674">
    <p class='ocr_par' dir='ltr' id='par_1_7' title="bbox 163 598 1730 674">
     <span class='ocr_line' id='line_1_7' title="bbox 163 598 1730 674; baseline 0.008 -21"><span class='ocrx_word' id='word_1_42' title='bbox 163 598 338 670; x_wconf 78' lang='lat' dir='ltr'><strong>Lagus</strong></span> <span class='ocrx_word' id='word_1_43' title='bbox 364 610 543 655; x_wconf 89' lang='lat' dir='ltr'><strong>autem</strong></span> <span class='ocrx_word' id='word_1_44' title='bbox 585 603 833 669; x_wconf 89' lang='lat' dir='ltr'><strong>minime,</strong></span> <span class='ocrx_word' id='word_1_45' title='bbox 857 604 951 674; x_wconf 90' lang='lat' dir='ltr'><strong>qui</strong></span> <span class='ocrx_word' id='word_1_46' title='bbox 997 604 1102 660; x_wconf 84' lang='lat' dir='ltr'><strong>fuit</strong></span> <span class='ocrx_word' id='word_1_47' title='bbox 1144 606 1197 660; x_wconf 91' lang='lat' dir='ltr'><strong>in</strong></span> <span class='ocrx_word' id='word_1_48' title='bbox 1241 607 1730 665; x_wconf 86' lang='lat' dir='ltr'><strong>deminorationem</strong></span> 
     </span>
    </p>
   </div>
   <div class='ocr_carea' id='block_1_8' title="bbox 158 693 1730 770">
    <p class='ocr_par' dir='ltr' id='par_1_8' title="bbox 158 693 1730 770">
     <span class='ocr_line' id='line_1_8' title="bbox 158 693 1730 770; baseline 0.008 -26"><span class='ocrx_word' id='word_1_49' title='bbox 158 693 414 751; x_wconf 84' lang='lat' dir='ltr'><strong>emissus.</strong></span> <span class='ocrx_word' id='word_1_50' title='bbox 434 693 826 763; x_wconf 84' lang='lat' dir='ltr'><strong>Tertullianus,</strong></span> <span class='ocrx_word' id='word_1_51' title='bbox 857 712 976 767; x_wconf 87' lang='lat' dir='ltr'><strong>cap.</strong></span> <span class='ocrx_word' id='word_1_52' title='bbox 1009 698 1040 750; x_wconf 82' lang='lat'><strong>7</strong></span> <span class='ocrx_word' id='word_1_53' title='bbox 1065 717 1079 753; x_wconf 88' lang='lat'><strong>:</strong></span> <span class='ocrx_word' id='word_1_54' title='bbox 1109 718 1127 751; x_wconf 87' lang='grc'><em>‹</em></span> <span class='ocrx_word' id='word_1_55' title='bbox 1156 700 1395 770; x_wconf 90' lang='lat' dir='ltr'><strong>Suscipit</strong></span> <span class='ocrx_word' id='word_1_56' title='bbox 1429 702 1521 756; x_wconf 91' lang='lat' dir='ltr'><strong>illa</strong></span> <span class='ocrx_word' id='word_1_57' title='bbox 1547 704 1730 757; x_wconf 92' lang='lat' dir='ltr'><strong>statim</strong></span> 
     </span>
    </p>
   </div>
   <div class='ocr_carea' id='block_1_9' title="bbox 157 788 1727 865">
    <p class='ocr_par' dir='ltr' id='par_1_9' title="bbox 157 788 1727 865">
     <span class='ocr_line' id='line_1_9' title="bbox 157 788 1727 865; baseline 0.008 -27"><span class='ocrx_word' id='word_1_58' title='bbox 157 795 208 839; x_wconf 91' lang='lat' dir='ltr'><strong>et</strong></span> <span class='ocrx_word' id='word_1_59' title='bbox 233 800 520 856; x_wconf 69' lang='lat' dir='ltr'><strong>praegnans</strong></span> <span class='ocrx_word' id='word_1_60' title='bbox 550 788 783 845; x_wconf 69' lang='lat' dir='ltr'><strong>edicitur</strong></span> <span class='ocrx_word' id='word_1_61' title='bbox 814 799 869 846; x_wconf 89' lang='lat' dir='ltr'><strong>et</strong></span> <span class='ocrx_word' id='word_1_62' title='bbox 895 792 1038 862; x_wconf 85' lang='lat' dir='ltr'><strong>parit</strong></span> <span class='ocrx_word' id='word_1_63' title='bbox 1081 793 1271 863; x_wconf 90' lang='lat' dir='ltr'><strong>utique</strong></span> <span class='ocrx_word' id='word_1_64' title='bbox 1317 794 1537 849; x_wconf 89' lang='lat' dir='ltr'><strong>silentio</strong></span> <span class='ocrx_word' id='word_1_65' title='bbox 1570 793 1727 865; x_wconf 89' lang='lat' dir='ltr'><strong>Sige;</strong></span> 
     </span>
    </p>
   </div>
   <div class='ocr_carea' id='block_1_10' title="bbox 153 880 1729 956">
    <p class='ocr_par' dir='ltr' id='par_1_10' title="bbox 153 880 1729 956">
     <span class='ocr_line' id='line_1_10' title="bbox 153 880 1729 956; baseline 0.008 -27"><span class='ocrx_word' id='word_1_66' title='bbox 153 886 205 929; x_wconf 88' lang='lat' dir='ltr'><strong>et</strong></span> <span class='ocrx_word' id='word_1_67' title='bbox 229 892 391 947; x_wconf 83' lang='lat' dir='ltr'><strong>quem</strong></span> <span class='ocrx_word' id='word_1_68' title='bbox 438 880 602 949; x_wconf 86' lang='lat' dir='ltr'><strong>parit,</strong></span> <span class='ocrx_word' id='word_1_69' title='bbox 630 880 743 937; x_wconf 89' lang='lat' dir='ltr'><strong>Nus</strong></span> <span class='ocrx_word' id='word_1_70' title='bbox 769 891 871 947; x_wconf 88' lang='lat' dir='ltr'><strong>est,</strong></span> <span class='ocrx_word' id='word_1_71' title='bbox 900 884 1243 939; x_wconf 90' lang='lat' dir='ltr'><strong>simillimum</strong></span> <span class='ocrx_word' id='word_1_72' title='bbox 1275 884 1419 940; x_wconf 81' lang='lat' dir='ltr'><strong>Patri</strong></span> <span class='ocrx_word' id='word_1_73' title='bbox 1444 894 1500 940; x_wconf 88' lang='lat' dir='ltr'><strong>et</strong></span> <span class='ocrx_word' id='word_1_74' title='bbox 1542 901 1729 956; x_wconf 88' lang='lat' dir='ltr'><strong>parem</strong></span> 
     </span>
    </p>
   </div>
   <div class='ocr_carea' id='block_1_11' title="bbox 154 969 1731 1050">
    <p class='ocr_par' dir='ltr' id='par_1_11' title="bbox 154 969 1731 1050">
     <span class='ocr_line' id='line_1_11' title="bbox 154 969 1731 1050; baseline 0.011 -30"><span class='ocrx_word' id='word_1_75' title='bbox 154 982 243 1035; x_wconf 85' lang='lat' dir='ltr'><strong>per</strong></span> <span class='ocrx_word' id='word_1_76' title='bbox 267 969 473 1025; x_wconf 86' lang='lat' dir='ltr'><strong>omnia.</strong></span> <span class='ocrx_word' id='word_1_77' title='bbox 496 990 513 1022; x_wconf 75' lang='grc' dir='ltr'><strong>ι</strong></span> <span class='ocrx_word' id='word_1_78' title='bbox 548 971 805 1040; x_wconf 73' lang='lat' dir='ltr'><strong>lrenzeus,</strong></span> <span class='ocrx_word' id='word_1_79' title='bbox 837 975 931 1030; x_wconf 92' lang='lat' dir='ltr'><strong>lib.</strong></span> <span class='ocrx_word' id='word_1_80' title='bbox 958 991 1019 1043; x_wconf 87' lang='grc' dir='ltr'>ιι,</span> <span class='ocrx_word' id='word_1_81' title='bbox 1046 993 1167 1047; x_wconf 90' lang='lat' dir='ltr'><strong>cap.</strong></span> <span class='ocrx_word' id='word_1_82' title='bbox 1188 978 1288 1033; x_wconf 65' lang='grc' dir='ltr'>τις</span> <span class='ocrx_word' id='word_1_83' title='bbox 1312 998 1331 1030; x_wconf 73' lang='grc' dir='ltr'><strong>ι</strong></span> <span class='ocrx_word' id='word_1_84' title='bbox 1353 978 1491 1035; x_wconf 89' lang='lat' dir='ltr'><strong>Eum</strong></span> <span class='ocrx_word' id='word_1_85' title='bbox 1522 981 1617 1050; x_wconf 89' lang='lat' dir='ltr'><strong>qui</strong></span> <span class='ocrx_word' id='word_1_86' title='bbox 1645 992 1731 1037; x_wconf 91' lang='lat' dir='ltr'><strong>est</strong></span> 
     </span>
    </p>
   </div>
   <div class='ocr_carea' id='block_1_12' title="bbox 152 1058 1727 1141">
    <p class='ocr_par' dir='ltr' id='par_1_12' title="bbox 152 1058 1727 1141">
     <span class='ocr_line' id='line_1_12' title="bbox 152 1058 1727 1141; baseline 0.011 -29"><span class='ocrx_word' id='word_1_87' title='bbox 152 1075 180 1113; x_wconf 87' lang='lat' dir='ltr'><strong>a</strong></span> <span class='ocrx_word' id='word_1_88' title='bbox 206 1058 285 1114; x_wconf 85' lang='lat' dir='ltr'><strong>Nu</strong></span> <span class='ocrx_word' id='word_1_89' title='bbox 317 1061 649 1132; x_wconf 25' lang='lat' dir='ltr'><strong>Prapatorisr</strong></span> <span class='ocrx_word' id='word_1_90' title='bbox 670 1066 767 1138; x_wconf 92' lang='lat' dir='ltr'><strong>(ita</strong></span> <span class='ocrx_word' id='word_1_91' title='bbox 807 1068 948 1141; x_wconf 91' lang='lat' dir='ltr'><strong>lego)</strong></span> <span class='ocrx_word' id='word_1_92' title='bbox 975 1070 1221 1139; x_wconf 90' lang='lat' dir='ltr'><strong>ipsorum</strong></span> <span class='ocrx_word' id='word_1_93' title='bbox 1261 1072 1499 1128; x_wconf 87' lang='lat' dir='ltr'><strong>emissus</strong></span> <span class='ocrx_word' id='word_1_94' title='bbox 1534 1073 1727 1130; x_wconf 89' lang='lat' dir='ltr'><strong>Sermo</strong></span> 
     </span>
    </p>
   </div>
   <div class='ocr_carea' id='block_1_13' title="bbox 153 1152 1727 1236">
    <p class='ocr_par' dir='ltr' id='par_1_13' title="bbox 153 1152 1727 1236">
     <span class='ocr_line' id='line_1_13' title="bbox 153 1152 1727 1236; baseline 0.01 -31"><span class='ocrx_word' id='word_1_95' title='bbox 153 1152 202 1207; x_wconf 85' lang='lat' dir='ltr'><strong>iu</strong></span> <span class='ocrx_word' id='word_1_96' title='bbox 226 1153 715 1214; x_wconf 88' lang='lat' dir='ltr'><strong>deminorationem</strong></span> <span class='ocrx_word' id='word_1_97' title='bbox 743 1161 1007 1217; x_wconf 90' lang='lat' dir='ltr'><strong>emissum</strong></span> <span class='ocrx_word' id='word_1_98' title='bbox 1033 1161 1243 1218; x_wconf 91' lang='lat' dir='ltr'><strong>dicunt.</strong></span> <span class='ocrx_word' id='word_1_99' title='bbox 1276 1162 1400 1219; x_wconf 87' lang='lat' dir='ltr'><strong>Nun</strong></span> <span class='ocrx_word' id='word_1_100' title='bbox 1427 1165 1573 1220; x_wconf 89' lang='lat' dir='ltr'><strong>enim</strong></span> <span class='ocrx_word' id='word_1_101' title='bbox 1604 1181 1727 1236; x_wconf 79' lang='lat' dir='ltr'><strong>per-</strong></span> 
     </span>
    </p>
   </div>
   <div class='ocr_carea' id='block_1_14' title="bbox 150 1246 1726 1329">
    <p class='ocr_par' dir='ltr' id='par_1_14' title="bbox 150 1246 1726 1329">
     <span class='ocr_line' id='line_1_14' title="bbox 150 1246 1726 1329; baseline 0.01 -32"><span class='ocrx_word' id='word_1_102' title='bbox 150 1246 341 1301; x_wconf 75' lang='lat' dir='ltr'><strong>lectum</strong></span> <span class='ocrx_word' id='word_1_103' title='bbox 374 1264 407 1302; x_wconf 88' lang='lat' dir='ltr'><strong>a</strong></span> <span class='ocrx_word' id='word_1_104' title='bbox 438 1249 680 1318; x_wconf 80' lang='lat' dir='ltr'><strong>perfecto</strong></span> <span class='ocrx_word' id='word_1_105' title='bbox 708 1250 885 1324; x_wconf 86' lang='lat' dir='ltr'><strong>Bytba</strong></span> <span class='ocrx_word' id='word_1_106' title='bbox 909 1264 1328 1325; x_wconf 86' lang='lat' dir='ltr'><strong>progeneratum</strong></span> <span class='ocrx_word' id='word_1_107' title='bbox 1350 1256 1465 1326; x_wconf 89' lang='lat' dir='ltr'><strong>jam</strong></span> <span class='ocrx_word' id='word_1_108' title='bbox 1490 1272 1603 1312; x_wconf 85' lang='lat' dir='ltr'><strong>non</strong></span> <span class='ocrx_word' id='word_1_109' title='bbox 1635 1273 1726 1329; x_wconf 92' lang='lat' dir='ltr'><strong>po-</strong></span> 
     </span>
    </p>
   </div>
   <div class='ocr_carea' id='block_1_15' title="bbox 150 1336 1722 1421">
    <p class='ocr_par' dir='ltr' id='par_1_15' title="bbox 150 1336 1722 1421">
     <span class='ocr_line' id='line_1_15' title="bbox 150 1336 1722 1421; baseline 0.011 -32"><span class='ocrx_word' id='word_1_110' title='bbox 150 1336 311 1393; x_wconf 81' lang='lat' dir='ltr'><strong>tuisse</strong></span> <span class='ocrx_word' id='word_1_111' title='bbox 352 1354 476 1394; x_wconf 87' lang='lat' dir='ltr'><strong>eam</strong></span> <span class='ocrx_word' id='word_1_112' title='bbox 507 1358 630 1411; x_wconf 83' lang='lat' dir='ltr'><strong>quae</strong></span> <span class='ocrx_word' id='word_1_113' title='bbox 662 1358 726 1398; x_wconf 83' lang='lat' dir='ltr'><strong>ex</strong></span> <span class='ocrx_word' id='word_1_114' title='bbox 765 1359 832 1400; x_wconf 91' lang='lat' dir='ltr'><strong>ea</strong></span> <span class='ocrx_word' id='word_1_115' title='bbox 867 1354 952 1401; x_wconf 90' lang='lat' dir='ltr'><strong>est</strong></span> <span class='ocrx_word' id='word_1_116' title='bbox 987 1344 1344 1404; x_wconf 84' lang='lat' dir='ltr'><strong>emissionem</strong></span> <span class='ocrx_word' id='word_1_117' title='bbox 1383 1348 1564 1405; x_wconf 78' lang='lat' dir='ltr'><strong>facere</strong></span> <span class='ocrx_word' id='word_1_118' title='bbox 1595 1366 1722 1421; x_wconf 86' lang='lat' dir='ltr'><strong>per-</strong></span> 
     </span>
    </p>
   </div>
   <div class='ocr_carea' id='block_1_16' title="bbox 147 1426 1721 1513">
    <p class='ocr_par' dir='ltr' id='par_1_16' title="bbox 147 1426 1721 1513">
     <span class='ocr_line' id='line_1_16' title="bbox 147 1426 1721 1513; baseline 0.011 -33"><span class='ocrx_word' id='word_1_119' title='bbox 147 1426 356 1497; x_wconf 80' lang='lat' dir='ltr'><strong>fectam,</strong></span> <span class='ocrx_word' id='word_1_120' title='bbox 392 1432 490 1486; x_wconf 91' lang='lat' dir='ltr'><strong>sed</strong></span> <span class='ocrx_word' id='word_1_121' title='bbox 522 1435 854 1491; x_wconf 71' lang='lat' dir='ltr'><strong>obcaecatam</strong></span> <span class='ocrx_word' id='word_1_122' title='bbox 881 1438 1028 1493; x_wconf 84' lang='lat' dir='ltr'><strong>circa</strong></span> <span class='ocrx_word' id='word_1_123' title='bbox 1056 1440 1392 1509; x_wconf 82' lang='lat' dir='ltr'><strong>agnitionem</strong></span> <span class='ocrx_word' id='word_1_124' title='bbox 1421 1449 1473 1497; x_wconf 89' lang='lat' dir='ltr'><strong>et</strong></span> <span class='ocrx_word' id='word_1_125' title='bbox 1505 1443 1721 1513; x_wconf 81' lang='lat' dir='ltr'><strong>magni-</strong></span> 
     </span>
    </p>
   </div>
   <div class='ocr_carea' id='block_1_17' title="bbox 147 1520 1717 1607">
    <p class='ocr_par' dir='ltr' id='par_1_17' title="bbox 147 1520 1717 1607">
     <span class='ocr_line' id='line_1_17' title="bbox 147 1520 1717 1607; baseline 0.01 -32"><span class='ocrx_word' id='word_1_126' title='bbox 147 1520 381 1577; x_wconf 87' lang='lat' dir='ltr'><strong>tudinem</strong></span> <span class='ocrx_word' id='word_1_127' title='bbox 426 1523 628 1594; x_wconf 83' lang='lat' dir='ltr'><strong>Patris,</strong></span> <span class='ocrx_word' id='word_1_128' title='bbox 658 1540 712 1582; x_wconf 90' lang='lat' dir='ltr'><strong>et</strong></span> <span class='ocrx_word' id='word_1_129' title='bbox 745 1527 1083 1587; x_wconf 83' lang='lat' dir='ltr'><strong>Salvatorem</strong></span> <span class='ocrx_word' id='word_1_130' title='bbox 1129 1534 1439 1604; x_wconf 79' lang='lat' dir='ltr'><strong>symbolum</strong></span> <span class='ocrx_word' id='word_1_131' title='bbox 1472 1537 1717 1607; x_wconf 89' lang='lat' dir='ltr'><strong>mysterii</strong></span> 
     </span>
    </p>
   </div>
   <div class='ocr_carea' id='block_1_18' title="bbox 144 1612 1710 1693">
    <p class='ocr_par' dir='ltr' id='par_1_18' title="bbox 144 1612 1710 1693">
     <span class='ocr_line' id='line_1_18' title="bbox 144 1612 1710 1693; baseline 0.01 -28"><span class='ocrx_word' id='word_1_132' title='bbox 144 1612 300 1683; x_wconf 83' lang='lat' dir='ltr'><strong>hujus</strong></span> <span class='ocrx_word' id='word_1_133' title='bbox 328 1618 643 1674; x_wconf 85' lang='lat' dir='ltr'><strong>ostendisse</strong></span> <span class='ocrx_word' id='word_1_134' title='bbox 670 1620 725 1675; x_wconf 89' lang='lat' dir='ltr'><strong>in</strong></span> <span class='ocrx_word' id='word_1_135' title='bbox 756 1637 823 1677; x_wconf 92' lang='lat' dir='ltr'><strong>eo</strong></span> <span class='ocrx_word' id='word_1_136' title='bbox 848 1624 994 1693; x_wconf 89' lang='lat' dir='ltr'><strong>quia</strong></span> <span class='ocrx_word' id='word_1_137' title='bbox 1022 1625 1308 1681; x_wconf 83' lang='lat' dir='ltr'><strong>nativitate</strong></span> <span class='ocrx_word' id='word_1_138' title='bbox 1335 1642 1515 1683; x_wconf 63' lang='lat' dir='ltr'><strong>caseus</strong></span> <span class='ocrx_word' id='word_1_139' title='bbox 1548 1626 1669 1683; x_wconf 77' lang='lat' dir='ltr'><strong>fuit.</strong></span> <span class='ocrx_word' id='word_1_140' title='bbox 1692 1648 1710 1681; x_wconf 76' lang='grc' dir='ltr'><strong>ι</strong></span> 
     </span>
    </p>
   </div>
   <div class='ocr_carea' id='block_1_19' title="bbox 140 1703 1713 1779">
    <p class='ocr_par' dir='ltr' id='par_1_19' title="bbox 140 1703 1713 1779">
     <span class='ocr_line' id='line_1_19' title="bbox 140 1703 1713 1779; baseline 0.012 -21"><span class='ocrx_word' id='word_1_141' title='bbox 140 1703 259 1761; x_wconf 76' lang='lat' dir='ltr'><strong>llzec</strong></span> <span class='ocrx_word' id='word_1_142' title='bbox 306 1707 479 1779; x_wconf 80' lang='lat' dir='ltr'><strong>igitur</strong></span> <span class='ocrx_word' id='word_1_143' title='bbox 536 1721 667 1767; x_wconf 91' lang='lat' dir='ltr'><strong>sunt</strong></span> <span class='ocrx_word' id='word_1_144' title='bbox 722 1713 779 1769; x_wconf 89' lang='lat' dir='ltr'><strong>in</strong></span> <span class='ocrx_word' id='word_1_145' title='bbox 835 1714 1109 1771; x_wconf 84' lang='lat' dir='ltr'><strong>Valentini</strong></span> <span class='ocrx_word' id='word_1_146' title='bbox 1162 1720 1352 1774; x_wconf 85' lang='lat' dir='ltr'><strong>schola</strong></span> <span class='ocrx_word' id='word_1_147' title='bbox 1410 1721 1713 1777; x_wconf 89' lang='lat' dir='ltr'><strong>certissima</strong></span> 
     </span>
    </p>
   </div>
   <div class='ocr_carea' id='block_1_20' title="bbox 138 1988 1712 2069">
    <p class='ocr_par' dir='ltr' id='par_1_20' title="bbox 138 1988 1712 2069">
     <span class='ocr_line' id='line_1_20' title="bbox 138 1988 1712 2069; baseline 0.012 -31"><span class='ocrx_word' id='word_1_148' title='bbox 138 2000 311 2053; x_wconf 84' lang='lat' dir='ltr'><strong>parem</strong></span> <span class='ocrx_word' id='word_1_149' title='bbox 345 2002 473 2043; x_wconf 88' lang='lat' dir='ltr'><strong>esse</strong></span> <span class='ocrx_word' id='word_1_150' title='bbox 500 2008 514 2043; x_wconf 75' lang='grc' dir='ltr'>ε</span> <span class='ocrx_word' id='word_1_151' title='bbox 542 1988 777 2061; x_wconf 86' lang='lat' dir='ltr'><strong>Bythum</strong></span> <span class='ocrx_word' id='word_1_152' title='bbox 821 2003 1004 2049; x_wconf 87' lang='lat' dir='ltr'><strong>autem</strong></span> <span class='ocrx_word' id='word_1_153' title='bbox 1035 2006 1088 2051; x_wconf 92' lang='lat' dir='ltr'><strong>et</strong></span> <span class='ocrx_word' id='word_1_154' title='bbox 1122 1996 1285 2069; x_wconf 89' lang='lat' dir='ltr'><strong>Sigen</strong></span> <span class='ocrx_word' id='word_1_155' title='bbox 1329 2001 1468 2056; x_wconf 87' lang='lat' dir='ltr'><strong>alios</strong></span> <span class='ocrx_word' id='word_1_156' title='bbox 1503 2000 1712 2058; x_wconf 65' lang='lat' dir='ltr'><strong>Eonas</strong></span> 
     </span>
    </p>
   </div>
   <div class='ocr_carea' id='block_1_21' title="bbox 138 2081 1711 2161">
    <p class='ocr_par' dir='ltr' id='par_1_21' title="bbox 138 2081 1711 2161">
     <span class='ocr_line' id='line_1_21' title="bbox 138 2081 1711 2161; baseline 0.014 -33"><span class='ocrx_word' id='word_1_157' title='bbox 138 2087 492 2147; x_wconf 80' lang='lat' dir='ltr'><strong>progenerare</strong></span> <span class='ocrx_word' id='word_1_158' title='bbox 521 2081 786 2149; x_wconf 86' lang='lat' dir='ltr'><strong>noluisse,</strong></span> <span class='ocrx_word' id='word_1_159' title='bbox 818 2084 1050 2155; x_wconf 89' lang='lat' dir='ltr'><strong>ideoque</strong></span> <span class='ocrx_word' id='word_1_160' title='bbox 1079 2084 1202 2142; x_wconf 84' lang='lat' dir='ltr'><strong>Nun</strong></span> <span class='ocrx_word' id='word_1_161' title='bbox 1236 2088 1595 2161; x_wconf 84' lang='lat' dir='ltr'><strong>Mauogenem</strong></span> <span class='ocrx_word' id='word_1_162' title='bbox 1627 2094 1711 2149; x_wconf 84' lang='lat' dir='ltr'><strong>di—</strong></span> 
     </span>
    </p>
   </div>
   <div class='ocr_carea' id='block_1_22' title="bbox 136 2171 1706 2254">
    <p class='ocr_par' dir='ltr' id='par_1_22' title="bbox 136 2171 1706 2254">
     <span class='ocr_line' id='line_1_22' title="bbox 136 2171 1706 2254; baseline 0.01 -31"><span class='ocrx_word' id='word_1_163' title='bbox 136 2180 268 2224; x_wconf 84' lang='lat' dir='ltr'><strong>ctum</strong></span> <span class='ocrx_word' id='word_1_164' title='bbox 315 2171 511 2227; x_wconf 81' lang='lat' dir='ltr'><strong>fuisse.</strong></span> <span class='ocrx_word' id='word_1_165' title='bbox 561 2172 634 2229; x_wconf 91' lang='lat' dir='ltr'><strong>Ut</strong></span> <span class='ocrx_word' id='word_1_166' title='bbox 680 2186 861 2231; x_wconf 89' lang='lat' dir='ltr'><strong>autem</strong></span> <span class='ocrx_word' id='word_1_167' title='bbox 903 2179 995 2233; x_wconf 92' lang='lat' dir='ltr'><strong>alii</strong></span> <span class='ocrx_word' id='word_1_168' title='bbox 1038 2179 1245 2237; x_wconf 65' lang='lat' dir='ltr'><strong>A&#39;Jones</strong></span> <span class='ocrx_word' id='word_1_169' title='bbox 1291 2183 1706 2254; x_wconf 88' lang='lat' dir='ltr'><strong>emitterentur,</strong></span> 
     </span>
    </p>
   </div>
   <div class='ocr_carea' id='block_1_23' title="bbox 134 2259 1707 2347">
    <p class='ocr_par' dir='ltr' id='par_1_23' title="bbox 134 2259 1707 2347">
     <span class='ocr_line' id='line_1_23' title="bbox 134 2259 1707 2347; baseline 0.014 -35"><span class='ocrx_word' id='word_1_170' title='bbox 134 2259 243 2316; x_wconf 82' lang='lat' dir='ltr'><strong>Nuu</strong></span> <span class='ocrx_word' id='word_1_171' title='bbox 281 2264 450 2319; x_wconf 87' lang='lat' dir='ltr'><strong>etiam</strong></span> <span class='ocrx_word' id='word_1_172' title='bbox 490 2267 703 2323; x_wconf 81' lang='lat' dir='ltr'><strong>Areben</strong></span> <span class='ocrx_word' id='word_1_173' title='bbox 738 2279 792 2324; x_wconf 91' lang='lat' dir='ltr'><strong>et</strong></span> <span class='ocrx_word' id='word_1_174' title='bbox 834 2268 1054 2326; x_wconf 84' lang='lat' dir='ltr'><strong>Patrem</strong></span> <span class='ocrx_word' id='word_1_175' title='bbox 1094 2272 1323 2329; x_wconf 81' lang='lat' dir='ltr'><strong>factum.</strong></span> <span class='ocrx_word' id='word_1_176' title='bbox 1361 2275 1574 2347; x_wconf 86' lang='lat' dir='ltr'><strong>Lagum</strong></span> <span class='ocrx_word' id='word_1_177' title='bbox 1608 2294 1707 2333; x_wconf 74' lang='lat' dir='ltr'><strong>au-</strong></span> 
     </span>
    </p>
   </div>
   <div class='ocr_carea' id='block_1_24' title="bbox 137 2356 1704 2433">
    <p class='ocr_par' dir='ltr' id='par_1_24' title="bbox 137 2356 1704 2433">
     <span class='ocr_line' id='line_1_24' title="bbox 137 2356 1704 2433; baseline 0.014 -26"><span class='ocrx_word' id='word_1_178' title='bbox 137 2356 357 2425; x_wconf 48' lang='grc' dir='ltr'><strong>ωηειυὶ</strong></span> <span class='ocrx_word' id='word_1_179' title='bbox 383 2356 455 2411; x_wconf 91' lang='lat' dir='ltr'><strong>ab</strong></span> <span class='ocrx_word' id='word_1_180' title='bbox 485 2373 550 2414; x_wconf 92' lang='lat' dir='ltr'><strong>ea</strong></span> <span class='ocrx_word' id='word_1_181' title='bbox 579 2372 974 2433; x_wconf 88' lang='lat' dir='ltr'><strong>progeneratus</strong></span> <span class='ocrx_word' id='word_1_182' title='bbox 1003 2374 1108 2432; x_wconf 90' lang='lat' dir='ltr'><strong>est,</strong></span> <span class='ocrx_word' id='word_1_183' title='bbox 1134 2366 1188 2420; x_wconf 88' lang='lat' dir='ltr'><strong>iu</strong></span> <span class='ocrx_word' id='word_1_184' title='bbox 1213 2367 1704 2429; x_wconf 79' lang='lat' dir='ltr'><strong>deminorationetn</strong></span> 
     </span>
    </p>
   </div>
   <div class='ocr_carea' id='block_1_25' title="bbox 134 2452 1704 2530">
    <p class='ocr_par' dir='ltr' id='par_1_25' title="bbox 134 2452 1704 2530">
     <span class='ocr_line' id='line_1_25' title="bbox 134 2452 1704 2530; baseline 0.013 -29"><span class='ocrx_word' id='word_1_185' title='bbox 134 2452 395 2518; x_wconf 84' lang='lat' dir='ltr'><strong>generari,</strong></span> <span class='ocrx_word' id='word_1_186' title='bbox 427 2467 500 2508; x_wconf 90' lang='lat' dir='ltr'><strong>eo</strong></span> <span class='ocrx_word' id='word_1_187' title='bbox 548 2454 697 2523; x_wconf 89' lang='lat' dir='ltr'><strong>quod</strong></span> <span class='ocrx_word' id='word_1_188' title='bbox 740 2470 807 2511; x_wconf 79' lang='lat' dir='ltr'><strong>ex</strong></span> <span class='ocrx_word' id='word_1_189' title='bbox 850 2455 1026 2528; x_wconf 88' lang='lat' dir='ltr'><strong>Bytho</strong></span> <span class='ocrx_word' id='word_1_190' title='bbox 1054 2469 1109 2513; x_wconf 91' lang='lat' dir='ltr'><strong>et</strong></span> <span class='ocrx_word' id='word_1_191' title='bbox 1142 2458 1269 2530; x_wconf 80' lang='lat' dir='ltr'><strong>Sige</strong></span> <span class='ocrx_word' id='word_1_192' title='bbox 1299 2462 1540 2519; x_wconf 89' lang='lat' dir='ltr'><strong>emissus</strong></span> <span class='ocrx_word' id='word_1_193' title='bbox 1595 2481 1704 2521; x_wconf 92' lang='lat' dir='ltr'><strong>non</strong></span> 
     </span>
    </p>
   </div>
   <div class='ocr_carea' id='block_1_26' title="bbox 132 2542 1701 2621">
    <p class='ocr_par' dir='ltr' id='par_1_26' title="bbox 132 2542 1701 2621">
     <span class='ocr_line' id='line_1_26' title="bbox 132 2542 1701 2621; baseline 0.013 -28"><span class='ocrx_word' id='word_1_194' title='bbox 132 2552 279 2608; x_wconf 75' lang='lat' dir='ltr'><strong>esset,</strong></span> <span class='ocrx_word' id='word_1_195' title='bbox 300 2542 540 2615; x_wconf 87' lang='lat' dir='ltr'><strong>ideoque</strong></span> <span class='ocrx_word' id='word_1_196' title='bbox 568 2546 804 2617; x_wconf 89' lang='lat' dir='ltr'><strong>Bythum</strong></span> <span class='ocrx_word' id='word_1_197' title='bbox 826 2565 1055 2619; x_wconf 89' lang='lat' dir='ltr'><strong>prorsus</strong></span> <span class='ocrx_word' id='word_1_198' title='bbox 1087 2552 1362 2621; x_wconf 83' lang='lat' dir='ltr'><strong>ignorare,</strong></span> <span class='ocrx_word' id='word_1_199' title='bbox 1386 2566 1440 2611; x_wconf 92' lang='lat' dir='ltr'><strong>et</strong></span> <span class='ocrx_word' id='word_1_200' title='bbox 1467 2554 1701 2613; x_wconf 70' lang='lat' dir='ltr'><strong>Eonem</strong></span> 
     </span>
    </p>
   </div>
   <div class='ocr_carea' id='block_1_27' title="bbox 134 2635 1700 2711">
    <p class='ocr_par' dir='ltr' id='par_1_27' title="bbox 134 2635 1700 2711">
     <span class='ocr_line' id='line_1_27' title="bbox 134 2635 1700 2711; baseline 0.013 -24"><span class='ocrx_word' id='word_1_201' title='bbox 134 2648 317 2688; x_wconf 65' lang='lat' dir='ltr'><strong>caecum</strong></span> <span class='ocrx_word' id='word_1_202' title='bbox 350 2636 489 2691; x_wconf 92' lang='lat' dir='ltr'><strong>dici.</strong></span> <span class='ocrx_word' id='word_1_203' title='bbox 520 2635 677 2693; x_wconf 82' lang='lat' dir='ltr'><strong>Patet</strong></span> <span class='ocrx_word' id='word_1_204' title='bbox 720 2640 904 2711; x_wconf 87' lang='lat' dir='ltr'><strong>itaque</strong></span> <span class='ocrx_word' id='word_1_205' title='bbox 931 2641 986 2696; x_wconf 90' lang='lat' dir='ltr'><strong>in</strong></span> <span class='ocrx_word' id='word_1_206' title='bbox 1027 2643 1237 2699; x_wconf 89' lang='lat' dir='ltr'><strong>scholia</strong></span> <span class='ocrx_word' id='word_1_207' title='bbox 1289 2643 1567 2704; x_wconf 79' lang='lat' dir='ltr'><strong>Valentini</strong></span> <span class='ocrx_word' id='word_1_208' title='bbox 1595 2649 1700 2707; x_wconf 74' lang='lat' dir='ltr'><strong>Lo~</strong></span> 
     </span>
    </p>
   </div>
   <div class='ocr_carea' id='block_1_28' title="bbox 134 2729 1628 2810">
    <p class='ocr_par' dir='ltr' id='par_1_28' title="bbox 134 2729 1628 2810">
     <span class='ocr_line' id='line_1_28' title="bbox 134 2729 1628 2810; baseline 0.009 -28"><span class='ocrx_word' id='word_1_209' title='bbox 134 2745 245 2797; x_wconf 73' lang='lat' dir='ltr'><strong>gum</strong></span> <span class='ocrx_word' id='word_1_210' title='bbox 272 2746 303 2785; x_wconf 88' lang='lat' dir='ltr'><strong>a</strong></span> <span class='ocrx_word' id='word_1_211' title='bbox 323 2729 506 2802; x_wconf 85' lang='lat' dir='ltr'><strong>Bytbo</strong></span> <span class='ocrx_word' id='word_1_212' title='bbox 532 2733 616 2786; x_wconf 86' lang='lat' dir='ltr'><strong>vel</strong></span> <span class='ocrx_word' id='word_1_213' title='bbox 646 2731 771 2802; x_wconf 88' lang='lat' dir='ltr'><strong>Sige</strong></span> <span class='ocrx_word' id='word_1_214' title='bbox 796 2734 1059 2789; x_wconf 87' lang='lat' dir='ltr'><strong>emissum</strong></span> <span class='ocrx_word' id='word_1_215' title='bbox 1092 2735 1202 2791; x_wconf 91' lang='lat' dir='ltr'><strong>dici</strong></span> <span class='ocrx_word' id='word_1_216' title='bbox 1232 2753 1339 2793; x_wconf 91' lang='lat' dir='ltr'><strong>non</strong></span> <span class='ocrx_word' id='word_1_217' title='bbox 1363 2741 1628 2810; x_wconf 90' lang='lat' dir='ltr'><strong>potuisse.</strong></span> 
     </span>
    </p>
   </div>
   <div class='ocr_carea' id='block_1_29' title="bbox 193 2822 1698 2892">
    <p class='ocr_par' dir='ltr' id='par_1_29' title="bbox 193 2822 1698 2892">
     <span class='ocr_line' id='line_1_29' title="bbox 193 2822 1698 2892; baseline 0.009 -17"><span class='ocrx_word' id='word_1_218' title='bbox 193 2822 526 2892; x_wconf 86' lang='lat' dir='ltr'><strong>Blondellus,</strong></span> <span class='ocrx_word' id='word_1_219' title='bbox 550 2835 611 2880; x_wconf 91' lang='lat' dir='ltr'><strong>ut</strong></span> <span class='ocrx_word' id='word_1_220' title='bbox 635 2826 749 2881; x_wconf 67' lang='lat' dir='ltr'><strong>hinc</strong></span> <span class='ocrx_word' id='word_1_221' title='bbox 768 2827 1019 2892; x_wconf 87' lang='lat' dir='ltr'><strong>evitaret,</strong></span> <span class='ocrx_word' id='word_1_222' title='bbox 1048 2830 1243 2885; x_wconf 90' lang='lat' dir='ltr'><strong>miram</strong></span> <span class='ocrx_word' id='word_1_223' title='bbox 1275 2833 1433 2887; x_wconf 91' lang='lat' dir='ltr'><strong>nobis</strong></span> <span class='ocrx_word' id='word_1_224' title='bbox 1457 2833 1698 2891; x_wconf 64' lang='lat' dir='ltr'><strong>Eanum</strong></span> 
     </span>
    </p>
   </div>
   <div class='ocr_carea' id='block_1_30' title="bbox 133 2916 1701 2987">
    <p class='ocr_par' dir='ltr' id='par_1_30' title="bbox 133 2916 1701 2987">
     <span class='ocr_line' id='line_1_30' title="bbox 133 2916 1701 2987; baseline 0.008 -18"><span class='ocrx_word' id='word_1_225' title='bbox 133 2916 493 2987; x_wconf 76' lang='lat' dir='ltr'><strong>genealogiam</strong></span> <span class='ocrx_word' id='word_1_226' title='bbox 541 2918 796 2987; x_wconf 77' lang='lat' dir='ltr'><strong>pertexit,</strong></span> <span class='ocrx_word' id='word_1_227' title='bbox 837 2928 891 2975; x_wconf 91' lang='lat' dir='ltr'><strong>et</strong></span> <span class='ocrx_word' id='word_1_228' title='bbox 930 2919 1442 2980; x_wconf 87' lang='lat' dir='ltr'><strong>Valentinianorum</strong></span> <span class='ocrx_word' id='word_1_229' title='bbox 1477 2935 1701 2982; x_wconf 87' lang='lat' dir='ltr'><strong>senten-</strong></span> 
     </span>
    </p>
   </div>
   <div class='ocr_carea' id='block_1_31' title="bbox 133 3005 1695 3084">
    <p class='ocr_par' dir='ltr' id='par_1_31' title="bbox 133 3005 1695 3084">
     <span class='ocr_line' id='line_1_31' title="bbox 133 3005 1695 3084; baseline 0.01 -28"><span class='ocrx_word' id='word_1_230' title='bbox 133 3008 246 3059; x_wconf 77' lang='lat' dir='ltr'><strong>tiam</strong></span> <span class='ocrx_word' id='word_1_231' title='bbox 278 3005 379 3062; x_wconf 88' lang='lat' dir='ltr'><strong>hoc</strong></span> <span class='ocrx_word' id='word_1_232' title='bbox 411 3008 582 3063; x_wconf 89' lang='lat' dir='ltr'><strong>modo</strong></span> <span class='ocrx_word' id='word_1_233' title='bbox 612 3007 842 3065; x_wconf 74' lang='lat' dir='ltr'><strong>edictam</strong></span> <span class='ocrx_word' id='word_1_234' title='bbox 895 3011 1191 3080; x_wconf 85' lang='lat' dir='ltr'><strong>exprimit:</strong></span> <span class='ocrx_word' id='word_1_235' title='bbox 1216 3032 1234 3062; x_wconf 73' lang='grc' dir='ltr'><strong>ι</strong></span> <span class='ocrx_word' id='word_1_236' title='bbox 1267 3011 1593 3084; x_wconf 90' lang='lat' dir='ltr'><strong>Supremum</strong></span> <span class='ocrx_word' id='word_1_237' title='bbox 1619 3017 1695 3071; x_wconf 89' lang='lat' dir='ltr'><strong>illi</strong></span> 
     </span>
    </p>
   </div>
   <div class='ocr_carea' id='block_1_32' title="bbox 134 3098 1766 3180">
    <p class='ocr_par' dir='ltr' id='par_1_32' title="bbox 134 3098 1766 3180">
     <span class='ocr_line' id='line_1_32' title="bbox 134 3098 1766 3180; baseline 0.007 -27"><span class='ocrx_word' id='word_1_238' title='bbox 134 3098 339 3154; x_wconf 66' lang='lat' dir='ltr'><strong>Eanem</strong></span> <span class='ocrx_word' id='word_1_239' title='bbox 358 3103 711 3159; x_wconf 83' lang='lat' dir='ltr'><strong>somniantes</strong></span> <span class='ocrx_word' id='word_1_240' title='bbox 726 3102 894 3158; x_wconf 85' lang='grc' dir='ltr'>Βυθὸν</span> <span class='ocrx_word' id='word_1_241' title='bbox 917 3121 947 3159; x_wconf 92' lang='lat' dir='ltr'><strong>a</strong></span> <span class='ocrx_word' id='word_1_242' title='bbox 972 3118 1029 3161; x_wconf 90' lang='lat' dir='ltr'><strong>se</strong></span> <span class='ocrx_word' id='word_1_243' title='bbox 1054 3114 1108 3161; x_wconf 88' lang='lat' dir='ltr'><strong>et</strong></span> <span class='ocrx_word' id='word_1_244' title='bbox 1125 3108 1446 3180; x_wconf 76' lang='grc' dir='ltr'><strong>προπάτορα</strong></span> <span class='ocrx_word' id='word_1_245' title='bbox 1467 3109 1693 3173; x_wconf 91' lang='lat' dir='ltr'><strong>dictum,</strong></span> <span class='ocrx_word' id='word_1_246' title='bbox 1726 3121 1766 3177; x_wconf 75' lang='grc' dir='ltr'>ο</span> 
     </span>
    </p>
   </div>
   <div class='ocr_carea' id='block_1_33' title="bbox 132 3190 1698 3269">
    <p class='ocr_par' dir='ltr' id='par_1_33' title="bbox 132 3190 1698 3269">
     <span class='ocr_line' id='line_1_33' title="bbox 132 3190 1698 3269; baseline 0.01 -26"><span class='ocrx_word' id='word_1_247' title='bbox 132 3190 211 3257; x_wconf 82' lang='lat' dir='ltr'><strong>qui</strong></span> <span class='ocrx_word' id='word_1_248' title='bbox 241 3207 304 3245; x_wconf 76' lang='lat' dir='ltr'><strong>ex</strong></span> <span class='ocrx_word' id='word_1_249' title='bbox 332 3191 511 3263; x_wconf 78' lang='grc' dir='ltr'>Σιγῆς</span> <span class='ocrx_word' id='word_1_250' title='bbox 542 3196 832 3264; x_wconf 83' lang='lat' dir='ltr'><strong>complexu</strong></span> <span class='ocrx_word' id='word_1_251' title='bbox 872 3197 1145 3266; x_wconf 85' lang='lat' dir='ltr'><strong>geminam</strong></span> <span class='ocrx_word' id='word_1_252' title='bbox 1188 3201 1395 3269; x_wconf 83' lang='lat' dir='ltr'><strong>prolem</strong></span> <span class='ocrx_word' id='word_1_253' title='bbox 1425 3200 1570 3256; x_wconf 85' lang='grc' dir='ltr'><strong>Νοῦν</strong></span> <span class='ocrx_word' id='word_1_254' title='bbox 1601 3218 1698 3258; x_wconf 90' lang='lat' dir='ltr'><strong>seu</strong></span> 
     </span>
    </p>
   </div>
   <div class='ocr_carea' id='block_1_34' title="bbox 134 3281 1695 3359">
    <p class='ocr_par' dir='ltr' id='par_1_34' title="bbox 134 3281 1695 3359">
     <span class='ocr_line' id='line_1_34' title="bbox 134 3281 1695 3359; baseline 0.012 -27"><span class='ocrx_word' id='word_1_255' title='bbox 134 3284 328 3358; x_wconf 74' lang='grc' dir='ltr'>Πατέρα</span> <span class='ocrx_word' id='word_1_256' title='bbox 359 3296 414 3342; x_wconf 90' lang='lat' dir='ltr'><strong>et</strong></span> <span class='ocrx_word' id='word_1_257' title='bbox 448 3281 740 3351; x_wconf 82' lang='grc' dir='ltr'><strong>Ἀλήθειαν</strong></span> <span class='ocrx_word' id='word_1_258' title='bbox 776 3288 1146 3359; x_wconf 87' lang='lat' dir='ltr'><strong>suscepisset;</strong></span> <span class='ocrx_word' id='word_1_259' title='bbox 1181 3308 1376 3347; x_wconf 88' lang='lat' dir='ltr'><strong>rursus</strong></span> <span class='ocrx_word' id='word_1_260' title='bbox 1421 3294 1566 3348; x_wconf 80' lang='grc' dir='ltr'><strong>Νοῦν</strong></span> <span class='ocrx_word' id='word_1_261' title='bbox 1599 3313 1695 3352; x_wconf 90' lang='lat' dir='ltr'><strong>seu</strong></span> 
     </span>
    </p>
   </div>
   <div class='ocr_carea' id='block_1_35' title="bbox 134 3374 1699 3459">
    <p class='ocr_par' dir='ltr' id='par_1_35' title="bbox 134 3374 1699 3459">
     <span class='ocr_line' id='line_1_35' title="bbox 134 3374 1699 3459; baseline 0.012 -35"><span class='ocrx_word' id='word_1_262' title='bbox 134 3374 326 3447; x_wconf 80' lang='grc' dir='ltr'>Ηατέρα</span> <span class='ocrx_word' id='word_1_263' title='bbox 357 3380 496 3450; x_wconf 80' lang='grc' dir='ltr'><strong>Σιγῇ</strong></span> <span class='ocrx_word' id='word_1_264' title='bbox 530 3379 689 3434; x_wconf 89' lang='lat' dir='ltr'><strong>matri</strong></span> <span class='ocrx_word' id='word_1_265' title='bbox 717 3382 1066 3436; x_wconf 90' lang='lat' dir='ltr'><strong>commistum</strong></span> <span class='ocrx_word' id='word_1_266' title='bbox 1093 3384 1266 3451; x_wconf 80' lang='grc' dir='ltr'><strong>Λόγον</strong></span> <span class='ocrx_word' id='word_1_267' title='bbox 1298 3385 1394 3438; x_wconf 78' lang='grc' dir='ltr'>καὶ</span> <span class='ocrx_word' id='word_1_268' title='bbox 1426 3383 1580 3453; x_wconf 81' lang='grc' dir='ltr'><strong>Ζωήν</strong></span> <span class='ocrx_word' id='word_1_269' title='bbox 1608 3405 1699 3459; x_wconf 87' lang='lat' dir='ltr'><strong>ge-</strong></span> 
     </span>
    </p>
   </div>
   <div class='ocr_carea' id='block_1_36' title="bbox 135 3469 1697 3553">
    <p class='ocr_par' dir='ltr' id='par_1_36' title="bbox 135 3469 1697 3553">
     <span class='ocr_line' id='line_1_36' title="bbox 135 3469 1697 3553; baseline 0.013 -37"><span class='ocrx_word' id='word_1_270' title='bbox 135 3469 298 3524; x_wconf 81' lang='lat' dir='ltr'><strong>nuisse</strong></span> <span class='ocrx_word' id='word_1_271' title='bbox 324 3472 625 3541; x_wconf 79' lang='lat' dir='ltr'><strong>tiugebant.</strong></span> <span class='ocrx_word' id='word_1_272' title='bbox 655 3491 672 3525; x_wconf 79' lang='grc' dir='ltr'><strong>ι</strong></span> <span class='ocrx_word' id='word_1_273' title='bbox 705 3472 830 3529; x_wconf 63' lang='lat' dir='ltr'><strong>ilice</strong></span> <span class='ocrx_word' id='word_1_274' title='bbox 860 3475 1026 3546; x_wconf 91' lang='lat' dir='ltr'><strong>igitur</strong></span> <span class='ocrx_word' id='word_1_275' title='bbox 1056 3492 1244 3532; x_wconf 87' lang='lat' dir='ltr'><strong>eorum</strong></span> <span class='ocrx_word' id='word_1_276' title='bbox 1272 3480 1608 3553; x_wconf 86' lang='lat' dir='ltr'><strong>genealogia,</strong></span> <span class='ocrx_word' id='word_1_277' title='bbox 1630 3498 1697 3538; x_wconf 78' lang='lat' dir='ltr'><strong>ex</strong></span> 
     </span>
    </p>
   </div>
   <div class='ocr_carea' id='block_1_37' title="bbox 134 3558 720 3621">
    <p class='ocr_par' dir='ltr' id='par_1_37' title="bbox 134 3558 720 3621">
     <span class='ocr_line' id='line_1_37' title="bbox 134 3558 720 3621; baseline 0.012 -9"><span class='ocrx_word' id='word_1_278' title='bbox 134 3558 372 3621; x_wconf 74' lang='lat' dir='ltr'><strong>Bloudelli</strong></span> <span class='ocrx_word' id='word_1_279' title='bbox 403 3565 680 3620; x_wconf 85' lang='lat' dir='ltr'><strong>sententia</strong></span> <span class='ocrx_word' id='word_1_280' title='bbox 708 3585 720 3619; x_wconf 88' lang='lat'><strong>:</strong></span> 
     </span>
    </p>
   </div>
   <div class='ocr_carea' id='block_1_38' title="bbox 661 3676 1117 3819">
    <p class='ocr_par' dir='ltr' id='par_1_38' title="bbox 661 3676 1117 3819">
     <span class='ocr_line' id='line_1_38' title="bbox 661 3676 1117 3819; baseline 0.011 -89"><span class='ocrx_word' id='word_1_281' title='bbox 661 3676 869 3749; x_wconf 82' lang='lat' dir='ltr'><strong>Bythus</strong></span> <span class='ocrx_word' id='word_1_282' title='bbox 887 3707 958 3819; x_wconf 75' lang='lat'><strong>-|—-</strong></span> <span class='ocrx_word' id='word_1_283' title='bbox 972 3676 1117 3750; x_wconf 84' lang='lat' dir='ltr'><strong>Sige.</strong></span> 
     </span>
    </p>
   </div>
   <div class='ocr_carea' id='block_1_39' title="bbox 750 3814 1168 3881">
    <p class='ocr_par' dir='ltr' id='par_1_39' title="bbox 750 3814 1168 3881">
     <span class='ocr_line' id='line_1_39' title="bbox 750 3814 1168 3881; baseline 0.017 -11"><span class='ocrx_word' id='word_1_284' title='bbox 750 3814 865 3873; x_wconf 83' lang='lat' dir='ltr'><strong>Nus</strong></span> <span class='ocrx_word' id='word_1_285' title='bbox 881 3814 928 3881; x_wconf 61' lang='grc' dir='ltr'><strong>,λι</strong></span> <span class='ocrx_word' id='word_1_286' title='bbox 948 3816 1168 3877; x_wconf 88' lang='lat' dir='ltr'><strong>Veritas</strong></span> 
     </span>
    </p>
   </div>
   <div class='ocr_carea' id='block_1_40' title="bbox 745 3886 1098 3959">
    <p class='ocr_par' dir='ltr' id='par_1_40' title="bbox 745 3886 1098 3959">
     <span class='ocr_line' id='line_1_40' title="bbox 745 3886 1098 3959; baseline 0.006 -18"><span class='ocrx_word' id='word_1_287' title='bbox 745 3886 859 3942; x_wconf 83' lang='lat' dir='ltr'><strong>Nus</strong></span> <span class='ocrx_word' id='word_1_288' title='bbox 878 3919 947 3927; x_wconf 97' lang='lat'><strong>—</strong></span> <span class='ocrx_word' id='word_1_289' title='bbox 964 3888 1098 3959; x_wconf 70' lang='lat' dir='ltr'><strong>Sige</strong></span> 
     </span>
    </p>
   </div>
   <div class='ocr_carea' id='block_1_41' title="bbox 290 3957 1109 4037">
    <p class='ocr_par' dir='ltr' id='par_1_41' title="bbox 290 3957 1109 4037">
     <span class='ocr_line' id='line_1_41' title="bbox 290 3957 1109 4037; baseline 0.005 -27"><span class='ocrx_word' id='word_1_290' title='bbox 290 4030 293 4037; x_wconf 23' lang='grc' dir='ltr'><em>Α</em></span> <span class='ocrx_word' id='word_1_291' title='bbox 721 3957 939 4025; x_wconf 90' lang='lat' dir='ltr'><strong>Sermo,</strong></span> <span class='ocrx_word' id='word_1_292' title='bbox 963 3957 1109 4014; x_wconf 83' lang='lat' dir='ltr'><strong>Vita.</strong></span> 
     </span>
    </p>
   </div>
   <div class='ocr_carea' id='block_1_42' title="bbox 135 4061 1691 4141">
    <p class='ocr_par' dir='ltr' id='par_1_42' title="bbox 135 4061 1691 4141">
     <span class='ocr_line' id='line_1_42' title="bbox 135 4061 1691 4141; baseline 0.011 -24"><span class='ocrx_word' id='word_1_293' title='bbox 135 4066 284 4127; x_wconf 74' lang='lat' dir='ltr'><strong>Aliam</strong></span> <span class='ocrx_word' id='word_1_294' title='bbox 319 4069 520 4129; x_wconf 79' lang='lat' dir='ltr'><strong>fatetur</strong></span> <span class='ocrx_word' id='word_1_295' title='bbox 550 4071 873 4141; x_wconf 78' lang='lat' dir='ltr'><strong>exposuisse</strong></span> <span class='ocrx_word' id='word_1_296' title='bbox 894 4072 1113 4139; x_wconf 91' lang='lat' dir='ltr'><strong>Patres;</strong></span> <span class='ocrx_word' id='word_1_297' title='bbox 1144 4074 1288 4130; x_wconf 86' lang='lat' dir='ltr'><strong>hanc</strong></span> <span class='ocrx_word' id='word_1_298' title='bbox 1319 4061 1503 4131; x_wconf 73' lang='lat' dir='ltr'><strong>autem</strong></span> <span class='ocrx_word' id='word_1_299' title='bbox 1531 4091 1691 4133; x_wconf 90' lang='lat' dir='ltr'><strong>acce-</strong></span> 
     </span>
    </p>
   </div>
   <div class='ocr_carea' id='block_1_43' title="bbox 135 4159 1687 4238">
    <p class='ocr_par' dir='ltr' id='par_1_43' title="bbox 135 4159 1687 4238">
     <span class='ocr_line' id='line_1_43' title="bbox 135 4159 1687 4238; baseline 0.008 -27"><span class='ocrx_word' id='word_1_300' title='bbox 135 4159 259 4228; x_wconf 84' lang='lat' dir='ltr'><strong>pisse</strong></span> <span class='ocrx_word' id='word_1_301' title='bbox 300 4177 357 4218; x_wconf 90' lang='lat' dir='ltr'><strong>se</strong></span> <span class='ocrx_word' id='word_1_302' title='bbox 403 4164 483 4218; x_wconf 87' lang='lat' dir='ltr'><strong>ait</strong></span> <span class='ocrx_word' id='word_1_303' title='bbox 530 4178 597 4217; x_wconf 80' lang='lat' dir='ltr'><strong>ex</strong></span> <span class='ocrx_word' id='word_1_304' title='bbox 639 4165 945 4234; x_wconf 74' lang='lat' dir='ltr'><strong>fragmento</strong></span> <span class='ocrx_word' id='word_1_305' title='bbox 985 4166 1109 4221; x_wconf 89' lang='lat' dir='ltr'><strong>libri</strong></span> <span class='ocrx_word' id='word_1_306' title='bbox 1154 4165 1687 4238; x_wconf 79' lang='lat' dir='ltr'><strong>Valentinianorum,</strong></span> 
     </span>
    </p>
   </div>
   <div class='ocr_carea' id='block_1_44' title="bbox 135 4250 1690 4323">
    <p class='ocr_par' dir='ltr' id='par_1_44' title="bbox 135 4250 1690 4323">
     <span class='ocr_line' id='line_1_44' title="bbox 135 4250 1690 4323; baseline 0.008 -19"><span class='ocrx_word' id='word_1_307' title='bbox 135 4250 256 4316; x_wconf 85' lang='lat' dir='ltr'><strong>quod</strong></span> <span class='ocrx_word' id='word_1_308' title='bbox 285 4253 351 4306; x_wconf 91' lang='lat' dir='ltr'><strong>ab</strong></span> <span class='ocrx_word' id='word_1_309' title='bbox 388 4252 698 4323; x_wconf 88' lang='lat' dir='ltr'><strong>Epiphanio</strong></span> <span class='ocrx_word' id='word_1_310' title='bbox 729 4253 968 4309; x_wconf 83' lang='lat' dir='ltr'><strong>Panario</strong></span> <span class='ocrx_word' id='word_1_311' title='bbox 1001 4273 1103 4313; x_wconf 90' lang='lat' dir='ltr'><strong>suo</strong></span> <span class='ocrx_word' id='word_1_312' title='bbox 1134 4257 1397 4313; x_wconf 89' lang='lat' dir='ltr'><strong>insertum</strong></span> <span class='ocrx_word' id='word_1_313' title='bbox 1426 4269 1527 4315; x_wconf 91' lang='lat' dir='ltr'><strong>est.</strong></span> <span class='ocrx_word' id='word_1_314' title='bbox 1562 4259 1690 4319; x_wconf 42' lang='lat' dir='ltr'><strong>l&#39;lzec</strong></span> 
     </span>
    </p>
   </div>
   <div class='ocr_carea' id='block_1_45' title="bbox 136 4338 1687 4419">
    <p class='ocr_par' dir='ltr' id='par_1_45' title="bbox 136 4338 1687 4419">
     <span class='ocr_line' id='line_1_45' title="bbox 136 4338 1687 4419; baseline 0.011 -26"><span class='ocrx_word' id='word_1_315' title='bbox 136 4338 208 4394; x_wconf 87' lang='lat' dir='ltr'><strong>ille</strong></span> <span class='ocrx_word' id='word_1_316' title='bbox 233 4342 280 4397; x_wconf 90' lang='lat' dir='ltr'><strong>in</strong></span> <span class='ocrx_word' id='word_1_317' title='bbox 312 4344 631 4413; x_wconf 67' lang='lat' dir='ltr'><strong>praefatione</strong></span> <span class='ocrx_word' id='word_1_318' title='bbox 666 4346 732 4400; x_wconf 89' lang='lat' dir='ltr'><strong>ad</strong></span> <span class='ocrx_word' id='word_1_319' title='bbox 766 4347 1109 4419; x_wconf 83' lang='lat' dir='ltr'><strong>Apalogiam.</strong></span> <span class='ocrx_word' id='word_1_320' title='bbox 1142 4348 1199 4403; x_wconf 86' lang='lat' dir='ltr'><strong>In</strong></span> <span class='ocrx_word' id='word_1_321' title='bbox 1227 4352 1373 4406; x_wconf 88' lang='lat' dir='ltr'><strong>notis</strong></span> <span class='ocrx_word' id='word_1_322' title='bbox 1408 4361 1588 4408; x_wconf 89' lang='lat' dir='ltr'><strong>autem</strong></span> <span class='ocrx_word' id='word_1_323' title='bbox 1618 4354 1687 4409; x_wconf 87' lang='lat' dir='ltr'><strong>ad</strong></span> 
     </span>
    </p>
   </div>
   <div class='ocr_carea' id='block_1_46' title="bbox 134 4434 1762 4532">
    <p class='ocr_par' dir='ltr' id='par_1_46' title="bbox 134 4434 1762 4532">
     <span class='ocr_line' id='line_1_46' title="bbox 134 4434 1762 4532; baseline 0.012 -48"><span class='ocrx_word' id='word_1_324' title='bbox 134 4434 385 4500; x_wconf 84' lang='lat' dir='ltr'><strong>epistolam</strong></span> <span class='ocrx_word' id='word_1_325' title='bbox 435 4436 610 4493; x_wconf 88' lang='lat' dir='ltr'><strong>lsaaci</strong></span> <span class='ocrx_word' id='word_1_326' title='bbox 659 4438 1082 4518; x_wconf 69' lang='lat' dir='ltr'><strong>Vossiiasscrit</strong></span> <span class='ocrx_word' id='word_1_327' title='bbox 1133 4442 1332 4498; x_wconf 89' lang='lat' dir='ltr'><strong>librum</strong></span> <span class='ocrx_word' id='word_1_328' title='bbox 1391 4462 1516 4501; x_wconf 89' lang='lat' dir='ltr'><strong>eum</strong></span> <span class='ocrx_word' id='word_1_329' title='bbox 1562 4462 1684 4502; x_wconf 86' lang='lat' dir='ltr'><strong>esse</strong></span> <span class='ocrx_word' id='word_1_330' title='bbox 1717 4478 1762 4532; x_wconf 72' lang='grc' dir='ltr'><strong>Ι)</strong></span> 
     </span>
    </p>
   </div>
   <div class='ocr_carea' id='block_1_47' title="bbox 137 4523 1687 4606">
    <p class='ocr_par' dir='ltr' id='par_1_47' title="bbox 137 4523 1687 4606">
     <span class='ocr_line' id='line_1_47' title="bbox 137 4523 1687 4606; baseline 0.01 -27"><span class='ocrx_word' id='word_1_331' title='bbox 137 4523 282 4592; x_wconf 83' lang='lat' dir='ltr'><strong>ipsius</strong></span> <span class='ocrx_word' id='word_1_332' title='bbox 324 4528 618 4596; x_wconf 86' lang='lat' dir='ltr'><strong>Valentini,</strong></span> <span class='ocrx_word' id='word_1_333' title='bbox 649 4541 703 4586; x_wconf 91' lang='lat' dir='ltr'><strong>et</strong></span> <span class='ocrx_word' id='word_1_334' title='bbox 734 4532 1035 4587; x_wconf 83' lang='lat' dir='ltr'><strong>secundum</strong></span> <span class='ocrx_word' id='word_1_335' title='bbox 1083 4550 1209 4591; x_wconf 89' lang='lat' dir='ltr'><strong>eum</strong></span> <span class='ocrx_word' id='word_1_336' title='bbox 1253 4535 1423 4606; x_wconf 88' lang='grc' dir='ltr'>Λόγον</span> <span class='ocrx_word' id='word_1_337' title='bbox 1457 4553 1487 4589; x_wconf 87' lang='lat' dir='ltr'><strong>a</strong></span> <span class='ocrx_word' id='word_1_338' title='bbox 1518 4534 1598 4590; x_wconf 86' lang='lat' dir='ltr'><strong>Nu</strong></span> <span class='ocrx_word' id='word_1_339' title='bbox 1632 4548 1687 4594; x_wconf 88' lang='lat' dir='ltr'><strong>et</strong></span> 
     </span>
    </p>
   </div>
   <div class='ocr_carea' id='block_1_48' title="bbox 138 4614 1687 4696">
    <p class='ocr_par' dir='ltr' id='par_1_48' title="bbox 138 4614 1687 4696">
     <span class='ocr_line' id='line_1_48' title="bbox 138 4614 1687 4696; baseline 0.011 -29"><span class='ocrx_word' id='word_1_340' title='bbox 138 4614 245 4687; x_wconf 81' lang='lat' dir='ltr'><strong>Sige</strong></span> <span class='ocrx_word' id='word_1_341' title='bbox 268 4620 581 4681; x_wconf 82' lang='lat' dir='ltr'><strong>immediate</strong></span> <span class='ocrx_word' id='word_1_342' title='bbox 625 4625 983 4692; x_wconf 82' lang='lat' dir='ltr'><strong>processisse.</strong></span> <span class='ocrx_word' id='word_1_343' title='bbox 1038 4625 1141 4680; x_wconf 85' lang='lat' dir='ltr'><strong>Sed</strong></span> <span class='ocrx_word' id='word_1_344' title='bbox 1190 4627 1366 4696; x_wconf 86' lang='lat' dir='ltr'><strong>primo</strong></span> <span class='ocrx_word' id='word_1_345' title='bbox 1413 4628 1549 4682; x_wconf 89' lang='lat' dir='ltr'><strong>liber</strong></span> <span class='ocrx_word' id='word_1_346' title='bbox 1599 4629 1687 4684; x_wconf 91' lang='lat' dir='ltr'><strong>ille</strong></span> 
     </span>
    </p>
   </div>
   <div class='ocr_carea' id='block_1_49' title="bbox 137 4704 1683 4783">
    <p class='ocr_par' dir='ltr' id='par_1_49' title="bbox 137 4704 1683 4783">
     <span class='ocr_line' id='line_1_49' title="bbox 137 4704 1683 4783; baseline 0.012 -26"><span class='ocrx_word' id='word_1_347' title='bbox 137 4704 393 4770; x_wconf 73' lang='lat' dir='ltr'><strong>Valentino</strong></span> <span class='ocrx_word' id='word_1_348' title='bbox 422 4715 527 4783; x_wconf 89' lang='lat' dir='ltr'><strong>ipsi</strong></span> <span class='ocrx_word' id='word_1_349' title='bbox 556 4714 674 4768; x_wconf 88' lang='lat' dir='ltr'><strong>sine</strong></span> <span class='ocrx_word' id='word_1_350' title='bbox 706 4715 818 4769; x_wconf 91' lang='lat' dir='ltr'><strong>ullo</strong></span> <span class='ocrx_word' id='word_1_351' title='bbox 836 4715 1191 4775; x_wconf 82' lang='lat' dir='ltr'><strong>fundamento</strong></span> <span class='ocrx_word' id='word_1_352' title='bbox 1210 4718 1522 4777; x_wconf 85' lang='lat' dir='ltr'><strong>ascribitur.</strong></span> <span class='ocrx_word' id='word_1_353' title='bbox 1550 4718 1683 4779; x_wconf 84' lang='lat' dir='ltr'><strong>Nam</strong></span> 
     </span>
    </p>
   </div>
   <div class='ocr_carea' id='block_1_50' title="bbox 136 4798 1684 4879">
    <p class='ocr_par' dir='ltr' id='par_1_50' title="bbox 136 4798 1684 4879">
     <span class='ocr_line' id='line_1_50' title="bbox 136 4798 1684 4879; baseline 0.012 -29"><span class='ocrx_word' id='word_1_354' title='bbox 136 4798 669 4872; x_wconf 17' lang='lat' dir='ltr'><strong>Epiphanius‘contra</strong></span> <span class='ocrx_word' id='word_1_355' title='bbox 700 4806 1112 4870; x_wconf 85' lang='lat' dir='ltr'><strong>Valentinianos</strong></span> <span class='ocrx_word' id='word_1_356' title='bbox 1153 4810 1439 4879; x_wconf 80' lang='lat' dir='ltr'><strong>disputans</strong></span> <span class='ocrx_word' id='word_1_357' title='bbox 1476 4822 1531 4867; x_wconf 91' lang='lat' dir='ltr'><strong>et</strong></span> <span class='ocrx_word' id='word_1_358' title='bbox 1572 4812 1684 4870; x_wconf 85' lang='lat' dir='ltr'><strong>fra-</strong></span> 
     </span>
    </p>
   </div>
   <div class='ocr_carea' id='block_1_51' title="bbox 136 4888 1687 4975">
    <p class='ocr_par' dir='ltr' id='par_1_51' title="bbox 136 4888 1687 4975">
     <span class='ocr_line' id='line_1_51' title="bbox 136 4888 1687 4975; baseline 0.012 -31"><span class='ocrx_word' id='word_1_359' title='bbox 136 4905 376 4958; x_wconf 77' lang='lat' dir='ltr'><strong>gmentum</strong></span> <span class='ocrx_word' id='word_1_360' title='bbox 410 4888 577 4973; x_wconf 74' lang='lat' dir='ltr'><strong>hujus</strong></span> <span class='ocrx_word' id='word_1_361' title='bbox 604 4899 727 4953; x_wconf 88' lang='lat' dir='ltr'><strong>libri</strong></span> <span class='ocrx_word' id='word_1_362' title='bbox 756 4900 1014 4966; x_wconf 74' lang='lat' dir='ltr'><strong>recitatis,</strong></span> <span class='ocrx_word' id='word_1_363' title='bbox 1045 4917 1168 4956; x_wconf 91' lang='lat' dir='ltr'><strong>eum</strong></span> <span class='ocrx_word' id='word_1_364' title='bbox 1204 4913 1365 4957; x_wconf 89' lang='lat' dir='ltr'><strong>vocat</strong></span> <span class='ocrx_word' id='word_1_365' title='bbox 1389 4904 1487 4975; x_wconf 76' lang='grc' dir='ltr'>τὴν</span> <span class='ocrx_word' id='word_1_366' title='bbox 1508 4904 1687 4963; x_wconf 80' lang='grc' dir='ltr'>αὐτῶν</span> 
     </span>
    </p>
   </div>
   <div class='ocr_carea' id='block_1_52' title="bbox 138 4981 1686 5065">
    <p class='ocr_par' dir='ltr' id='par_1_52' title="bbox 138 4981 1686 5065">
     <span class='ocr_line' id='line_1_52' title="bbox 138 4981 1686 5065; baseline 0.012 -31"><span class='ocrx_word' id='word_1_367' title='bbox 138 4981 305 5057; x_wconf 64' lang='grc' dir='ltr'><strong>βίϐλων</strong></span> <span class='ocrx_word' id='word_1_368' title='bbox 338 5006 443 5044; x_wconf 88' lang='lat' dir='ltr'><strong>non</strong></span> <span class='ocrx_word' id='word_1_369' title='bbox 477 4991 614 5060; x_wconf 82' lang='lat' dir='ltr'><strong>ejus,</strong></span> <span class='ocrx_word' id='word_1_370' title='bbox 644 4993 735 5046; x_wconf 88' lang='lat' dir='ltr'><strong>sed</strong></span> <span class='ocrx_word' id='word_1_371' title='bbox 772 5009 952 5046; x_wconf 85' lang='lat' dir='ltr'><strong>eorum</strong></span> <span class='ocrx_word' id='word_1_372' title='bbox 992 4994 1213 5062; x_wconf 88' lang='lat' dir='ltr'><strong>librum,</strong></span> <span class='ocrx_word' id='word_1_373' title='bbox 1252 4995 1486 5065; x_wconf 86' lang='lat' dir='ltr'><strong>alicujus</strong></span> <span class='ocrx_word' id='word_1_374' title='bbox 1533 4998 1686 5055; x_wconf 83' lang='lat' dir='ltr'><strong>scili-</strong></span> 
     </span>
    </p>
   </div>
   <div class='ocr_carea' id='block_1_53' title="bbox 136 5078 1683 5157">
    <p class='ocr_par' dir='ltr' id='par_1_53' title="bbox 136 5078 1683 5157">
     <span class='ocr_line' id='line_1_53' title="bbox 136 5078 1683 5157; baseline 0.011 -28"><span class='ocrx_word' id='word_1_375' title='bbox 136 5086 205 5130; x_wconf 78' lang='lat' dir='ltr'><strong>cet</strong></span> <span class='ocrx_word' id='word_1_376' title='bbox 229 5078 606 5152; x_wconf 68' lang='lat' dir='ltr'><strong>Valentiniani,</strong></span> <span class='ocrx_word' id='word_1_377' title='bbox 641 5101 749 5140; x_wconf 91' lang='lat' dir='ltr'><strong>non</strong></span> <span class='ocrx_word' id='word_1_378' title='bbox 791 5087 966 5157; x_wconf 88' lang='lat' dir='ltr'><strong>ipsius</strong></span> <span class='ocrx_word' id='word_1_379' title='bbox 997 5087 1302 5157; x_wconf 87' lang='lat' dir='ltr'><strong>Valentini;</strong></span> <span class='ocrx_word' id='word_1_380' title='bbox 1330 5101 1384 5145; x_wconf 94' lang='lat' dir='ltr'><strong>et</strong></span> <span class='ocrx_word' id='word_1_381' title='bbox 1418 5091 1484 5157; x_wconf 84' lang='lat' dir='ltr'><strong>ad</strong></span> <span class='ocrx_word' id='word_1_382' title='bbox 1518 5091 1683 5147; x_wconf 79' lang='lat' dir='ltr'><strong>linem</strong></span> 
     </span>
    </p>
   </div>
   <div class='ocr_carea' id='block_1_54' title="bbox 138 5170 1686 5259">
    <p class='ocr_par' dir='ltr' id='par_1_54' title="bbox 138 5170 1686 5259">
     <span class='ocr_line' id='line_1_54' title="bbox 138 5170 1686 5259; baseline 0.014 -34"><span class='ocrx_word' id='word_1_383' title='bbox 138 5170 389 5242; x_wconf 69' lang='lat' dir='ltr'><strong>ingruenti</strong></span> <span class='ocrx_word' id='word_1_384' title='bbox 435 5178 588 5233; x_wconf 90' lang='lat' dir='ltr'><strong>addit</strong></span> <span class='ocrx_word' id='word_1_385' title='bbox 615 5180 763 5232; x_wconf 77' lang='lat' dir='ltr'><strong>:Ka‘t</strong></span> <span class='ocrx_word' id='word_1_386' title='bbox 809 5179 984 5234; x_wconf 80' lang='grc' dir='ltr'>ταῦτα</span> <span class='ocrx_word' id='word_1_387' title='bbox 1039 5182 1137 5252; x_wconf 83' lang='grc' dir='ltr'>μὲν</span> <span class='ocrx_word' id='word_1_388' title='bbox 1187 5182 1295 5240; x_wconf 84' lang='grc' dir='ltr'>ἀπὸ</span> <span class='ocrx_word' id='word_1_389' title='bbox 1344 5184 1545 5259; x_wconf 78' lang='grc' dir='ltr'><strong>μέρους</strong></span> <span class='ocrx_word' id='word_1_390' title='bbox 1576 5185 1686 5245; x_wconf 71' lang='grc' dir='ltr'><strong>τῶν</strong></span> 
     </span>
    </p>
   </div>
   <div class='ocr_carea' id='block_1_55' title="bbox 138 5260 1686 5356">
    <p class='ocr_par' dir='ltr' id='par_1_55' title="bbox 138 5260 1686 5356">
     <span class='ocr_line' id='line_1_55' title="bbox 138 5260 1686 5356; baseline 0.006 -33"><span class='ocrx_word' id='word_1_391' title='bbox 138 5260 321 5329; x_wconf 66' lang='grc' dir='ltr'><strong>βιδλίων</strong></span> <span class='ocrx_word' id='word_1_392' title='bbox 351 5271 532 5331; x_wconf 82' lang='grc' dir='ltr'>αὐτῶν</span> <span class='ocrx_word' id='word_1_393' title='bbox 564 5273 883 5346; x_wconf 83' lang='grc' dir='ltr'>παραθέντσ.</span> <span class='ocrx_word' id='word_1_394' title='bbox 913 5274 1021 5339; x_wconf 71' lang='grc' dir='ltr'><strong>ἕως</strong></span> <span class='ocrx_word' id='word_1_395' title='bbox 1053 5269 1155 5329; x_wconf 84' lang='grc' dir='ltr'><strong>ὦδέ</strong></span> <span class='ocrx_word' id='word_1_396' title='bbox 1192 5294 1283 5356; x_wconf 64' lang='grc' dir='ltr'><strong>μοι</strong></span> <span class='ocrx_word' id='word_1_397' title='bbox 1317 5276 1611 5353; x_wconf 78' lang='grc' dir='ltr'><strong>εἰρήσθω,‹</strong></span> <span class='ocrx_word' id='word_1_398' title='bbox 1633 5291 1686 5337; x_wconf 87' lang='lat' dir='ltr'><strong>et</strong></span> 
     </span>
    </p>
   </div>
   <div class='ocr_carea' id='block_1_56' title="bbox 140 5353 1685 5439">
    <p class='ocr_par' dir='ltr' id='par_1_56' title="bbox 140 5353 1685 5439">
     <span class='ocr_line' id='line_1_56' title="bbox 140 5353 1685 5439; baseline 0.01 -28"><span class='ocrx_word' id='word_1_399' title='bbox 140 5353 231 5411; x_wconf 69' lang='lat' dir='ltr'><strong>haec</strong></span> <span class='ocrx_word' id='word_1_400' title='bbox 255 5363 469 5430; x_wconf 88' lang='lat' dir='ltr'><strong>quidem</strong></span> <span class='ocrx_word' id='word_1_401' title='bbox 498 5380 565 5421; x_wconf 76' lang='lat' dir='ltr'><strong>ex</strong></span> <span class='ocrx_word' id='word_1_402' title='bbox 611 5376 765 5437; x_wconf 85' lang='lat' dir='ltr'><strong>parte</strong></span> <span class='ocrx_word' id='word_1_403' title='bbox 810 5368 1078 5427; x_wconf 87' lang='lat' dir='ltr'><strong>librorum</strong></span> <span class='ocrx_word' id='word_1_404' title='bbox 1110 5353 1300 5429; x_wconf 84' lang='lat' dir='ltr'><strong>eorum</strong></span> <span class='ocrx_word' id='word_1_405' title='bbox 1343 5356 1546 5426; x_wconf 89' lang='lat' dir='ltr'><strong>inserta</strong></span> <span class='ocrx_word' id='word_1_406' title='bbox 1576 5373 1685 5439; x_wconf 86' lang='lat' dir='ltr'><strong>huc</strong></span> 
     </span>
    </p>
   </div>
   <div class='ocr_carea' id='block_1_57' title="bbox 139 5456 1685 5537">
    <p class='ocr_par' dir='ltr' id='par_1_57' title="bbox 139 5456 1685 5537">
     <span class='ocr_line' id='line_1_57' title="bbox 139 5456 1685 5537; baseline 0.014 -36"><span class='ocrx_word' id='word_1_407' title='bbox 139 5458 282 5517; x_wconf 76' lang='lat' dir='ltr'><strong>usque</strong></span> <span class='ocrx_word' id='word_1_408' title='bbox 309 5456 439 5509; x_wconf 88' lang='lat' dir='ltr'><strong>mihi</strong></span> <span class='ocrx_word' id='word_1_409' title='bbox 465 5456 612 5518; x_wconf 86' lang='lat' dir='ltr'><strong>dicta</strong></span> <span class='ocrx_word' id='word_1_410' title='bbox 640 5470 824 5514; x_wconf 92' lang='lat' dir='ltr'><strong>sunto.</strong></span> <span class='ocrx_word' id='word_1_411' title='bbox 852 5478 871 5511; x_wconf 76' lang='grc' dir='ltr'><strong>ι</strong></span> <span class='ocrx_word' id='word_1_412' title='bbox 892 5458 1007 5515; x_wconf 91' lang='lat' dir='ltr'><strong>lmo</strong></span> <span class='ocrx_word' id='word_1_413' title='bbox 1032 5459 1329 5518; x_wconf 86' lang='lat' dir='ltr'><strong>falsissimo</strong></span> <span class='ocrx_word' id='word_1_414' title='bbox 1354 5463 1459 5537; x_wconf 89' lang='lat' dir='ltr'><strong>ipsi</strong></span> <span class='ocrx_word' id='word_1_415' title='bbox 1485 5462 1685 5521; x_wconf 87' lang='lat' dir='ltr'><strong>Valen—</strong></span> 
     </span>
    </p>
   </div>
   <div class='ocr_carea' id='block_1_58' title="bbox 138 5538 1681 5628">
    <p class='ocr_par' dir='ltr' id='par_1_58' title="bbox 138 5538 1681 5628">
     <span class='ocr_line' id='line_1_58' title="bbox 138 5538 1681 5628; baseline 0.012 -37"><span class='ocrx_word' id='word_1_416' title='bbox 138 5538 233 5596; x_wconf 86' lang='lat' dir='ltr'><strong>tino</strong></span> <span class='ocrx_word' id='word_1_417' title='bbox 259 5550 518 5619; x_wconf 76' lang='lat' dir='ltr'><strong>assignari</strong></span> <span class='ocrx_word' id='word_1_418' title='bbox 555 5560 764 5607; x_wconf 90' lang='lat' dir='ltr'><strong>certum</strong></span> <span class='ocrx_word' id='word_1_419' title='bbox 795 5562 899 5608; x_wconf 87' lang='lat' dir='ltr'><strong>est.</strong></span> <span class='ocrx_word' id='word_1_420' title='bbox 940 5551 1073 5623; x_wconf 87' lang='lat' dir='ltr'><strong>Ejus</strong></span> <span class='ocrx_word' id='word_1_421' title='bbox 1105 5553 1252 5607; x_wconf 90' lang='lat' dir='ltr'><strong>enim</strong></span> <span class='ocrx_word' id='word_1_422' title='bbox 1297 5556 1514 5628; x_wconf 85' lang='lat' dir='ltr'><strong>propria</strong></span> <span class='ocrx_word' id='word_1_423' title='bbox 1551 5572 1681 5617; x_wconf 39' lang='lat' dir='ltr'><strong>seu.-</strong></span> 
     </span>
    </p>
   </div>
   <div class='ocr_carea' id='block_1_59' title="bbox 138 5636 1683 5716">
    <p class='ocr_par' dir='ltr' id='par_1_59' title="bbox 138 5636 1683 5716">
     <span class='ocr_line' id='line_1_59' title="bbox 138 5636 1683 5716; baseline 0.012 -32"><span class='ocrx_word' id='word_1_424' title='bbox 138 5636 275 5691; x_wconf 83' lang='lat' dir='ltr'><strong>tentia</strong></span> <span class='ocrx_word' id='word_1_425' title='bbox 296 5639 359 5696; x_wconf 88' lang='lat' dir='ltr'><strong>ab</strong></span> <span class='ocrx_word' id='word_1_426' title='bbox 384 5640 588 5699; x_wconf 66' lang='lat' dir='ltr'><strong>Irenaeo</strong></span> <span class='ocrx_word' id='word_1_427' title='bbox 615 5644 870 5711; x_wconf 82' lang='lat' dir='ltr'><strong>refertur,</strong></span> <span class='ocrx_word' id='word_1_428' title='bbox 897 5661 1019 5715; x_wconf 67' lang='lat' dir='ltr'><strong>quae</strong></span> <span class='ocrx_word' id='word_1_429' title='bbox 1044 5647 1113 5702; x_wconf 92' lang='lat' dir='ltr'><strong>ab</strong></span> <span class='ocrx_word' id='word_1_430' title='bbox 1142 5645 1304 5716; x_wconf 83' lang='lat' dir='ltr'><strong>hujus</strong></span> <span class='ocrx_word' id='word_1_431' title='bbox 1338 5648 1459 5702; x_wconf 89' lang='lat' dir='ltr'><strong>libri</strong></span> <span class='ocrx_word' id='word_1_432' title='bbox 1489 5648 1683 5703; x_wconf 85' lang='lat' dir='ltr'><strong>delirio</strong></span> 
     </span>
    </p>
   </div>
   <div class='ocr_carea' id='block_1_60' title="bbox 142 5726 1682 5818">
    <p class='ocr_par' dir='ltr' id='par_1_60' title="bbox 142 5726 1682 5818">
     <span class='ocr_line' id='line_1_60' title="bbox 142 5726 1682 5818; baseline 0.012 -41"><span class='ocrx_word' id='word_1_433' title='bbox 142 5726 334 5789; x_wconf 86' lang='lat' dir='ltr'><strong>multum</strong></span> <span class='ocrx_word' id='word_1_434' title='bbox 382 5735 690 5811; x_wconf 75' lang='lat' dir='ltr'><strong>discrepat;</strong></span> <span class='ocrx_word' id='word_1_435' title='bbox 740 5746 793 5794; x_wconf 89' lang='lat' dir='ltr'><strong>et</strong></span> <span class='ocrx_word' id='word_1_436' title='bbox 849 5736 1122 5801; x_wconf 71' lang='lat' dir='ltr'><strong>Valentini</strong></span> <span class='ocrx_word' id='word_1_437' title='bbox 1164 5741 1460 5818; x_wconf 70' lang='lat' dir='ltr'><strong>discipulos</strong></span> <span class='ocrx_word' id='word_1_438' title='bbox 1507 5752 1618 5796; x_wconf 86' lang='lat' dir='ltr'><strong>tum</strong></span> <span class='ocrx_word' id='word_1_439' title='bbox 1652 5759 1682 5803; x_wconf 61' lang='grc' dir='ltr'><strong>ει</strong></span> 
     </span>
    </p>
   </div>
   <div class='ocr_carea' id='block_1_61' title="bbox 1839 508 3425 587">
    <p class='ocr_par' dir='ltr' id='par_1_61' title="bbox 1839 508 3425 587">
     <span class='ocr_line' id='line_1_61' title="bbox 1839 508 3425 587; baseline 0.008 -27"><span class='ocrx_word' id='word_1_440' title='bbox 1839 520 1983 565; x_wconf 88' lang='lat' dir='ltr'><strong>runt.</strong></span> <span class='ocrx_word' id='word_1_441' title='bbox 2020 508 2295 580; x_wconf 87' lang='lat' dir='ltr'><strong>Secundo,</strong></span> <span class='ocrx_word' id='word_1_442' title='bbox 2321 512 2562 569; x_wconf 67' lang='lat' dir='ltr'><strong>Eanum</strong></span> <span class='ocrx_word' id='word_1_443' title='bbox 2589 514 2929 586; x_wconf 84' lang='lat' dir='ltr'><strong>genealogia,</strong></span> <span class='ocrx_word' id='word_1_444' title='bbox 2961 531 3126 587; x_wconf 91' lang='lat' dir='ltr'><strong>quam</strong></span> <span class='ocrx_word' id='word_1_445' title='bbox 3168 515 3425 572; x_wconf 81' lang='lat' dir='ltr'><strong>Blandel-</strong></span> 
     </span>
    </p>
   </div>
   <div class='ocr_carea' id='block_1_62' title="bbox 1836 600 3423 680">
    <p class='ocr_par' dir='ltr' id='par_1_62' title="bbox 1836 600 3423 680">
     <span class='ocr_line' id='line_1_62' title="bbox 1836 600 3423 680; baseline 0.008 -25"><span class='ocrx_word' id='word_1_446' title='bbox 1836 600 1920 657; x_wconf 90' lang='lat' dir='ltr'><strong>lus</strong></span> <span class='ocrx_word' id='word_1_447' title='bbox 1948 614 2337 673; x_wconf 65' lang='lat' dir='ltr'><strong>reprazsentat,</strong></span> <span class='ocrx_word' id='word_1_448' title='bbox 2378 608 2433 661; x_wconf 85' lang='lat' dir='ltr'><strong>in</strong></span> <span class='ocrx_word' id='word_1_449' title='bbox 2477 624 2544 663; x_wconf 92' lang='lat' dir='ltr'><strong>eo</strong></span> <span class='ocrx_word' id='word_1_450' title='bbox 2578 607 2883 680; x_wconf 80' lang='lat' dir='ltr'><strong>fragmento</strong></span> <span class='ocrx_word' id='word_1_451' title='bbox 2923 607 3148 666; x_wconf 85' lang='lat' dir='ltr'><strong>minime</strong></span> <span class='ocrx_word' id='word_1_452' title='bbox 3177 611 3423 668; x_wconf 78' lang='lat' dir='ltr'><strong>contine-</strong></span> 
     </span>
    </p>
   </div>
   <div class='ocr_carea' id='block_1_63' title="bbox 1834 697 2707 772">
    <p class='ocr_par' dir='ltr' id='par_1_63' title="bbox 1834 697 2707 772">
     <span class='ocr_line' id='line_1_63' title="bbox 1834 697 2707 772; baseline 0.008 -22"><span class='ocrx_word' id='word_1_453' title='bbox 1834 704 1946 762; x_wconf 85' lang='lat' dir='ltr'><strong>tur,</strong></span> <span class='ocrx_word' id='word_1_454' title='bbox 1980 697 2074 753; x_wconf 86' lang='lat' dir='ltr'><strong>sed</strong></span> <span class='ocrx_word' id='word_1_455' title='bbox 2110 699 2273 769; x_wconf 89' lang='lat' dir='ltr'><strong>plane</strong></span> <span class='ocrx_word' id='word_1_456' title='bbox 2306 699 2434 767; x_wconf 83' lang='lat' dir='ltr'><strong>alia,</strong></span> <span class='ocrx_word' id='word_1_457' title='bbox 2468 716 2661 772; x_wconf 91' lang='lat' dir='ltr'><strong>nempe</strong></span> <span class='ocrx_word' id='word_1_458' title='bbox 2694 720 2707 757; x_wconf 89' lang='lat'>:</span> 
     </span>
    </p>
   </div>
   <div class='ocr_carea' id='block_1_64' title="bbox 2417 811 2851 955">
    <p class='ocr_par' dir='ltr' id='par_1_64' title="bbox 2417 811 2851 955">
     <span class='ocr_line' id='line_1_64' title="bbox 2417 811 2851 955; baseline 0.014 -90"><span class='ocrx_word' id='word_1_459' title='bbox 2417 811 2705 955; x_wconf 61' lang='lat' dir='ltr'><strong>Bythusol—</strong></span> <span class='ocrx_word' id='word_1_460' title='bbox 2718 812 2851 885; x_wconf 89' lang='lat' dir='ltr'><strong>Sige</strong></span> 
     </span>
    </p>
   </div>
   <div class='ocr_carea' id='block_1_65' title="bbox 2585 954 2744 1011">
    <p class='ocr_par' dir='ltr' id='par_1_65' title="bbox 2585 954 2744 1011">
     <span class='ocr_line' id='line_1_65' title="bbox 2585 954 2744 1011; baseline 0.006 -2"><span class='ocrx_word' id='word_1_461' title='bbox 2585 954 2744 1011; x_wconf 82' lang='lat' dir='ltr'><strong>Pater</strong></span> 
     </span>
    </p>
   </div>
   <div class='ocr_carea' id='block_1_66' title="bbox 2434 1023 2827 1100">
    <p class='ocr_par' dir='ltr' id='par_1_66' title="bbox 2434 1023 2827 1100">
     <span class='ocr_line' id='line_1_66' title="bbox 2434 1023 2827 1100; baseline 0.005 -19"><span class='ocrx_word' id='word_1_462' title='bbox 2434 1023 2596 1082; x_wconf 84' lang='lat' dir='ltr'><strong>Pater</strong></span> <span class='ocrx_word' id='word_1_463' title='bbox 2614 1058 2686 1100; x_wconf 56' lang='lat' dir='ltr'><strong>e-</strong></span> <span class='ocrx_word' id='word_1_464' title='bbox 2702 1028 2827 1100; x_wconf 80' lang='lat' dir='ltr'><strong>Sige</strong></span> 
     </span>
    </p>
   </div>
   <div class='ocr_carea' id='block_1_67' title="bbox 2542 1099 2754 1225">
    <p class='ocr_par' dir='ltr' id='par_1_67' title="bbox 2542 1099 2754 1225">
     <span class='ocr_line' id='line_1_67' title="bbox 2542 1099 2754 1225; baseline 0.009 -4"><span class='ocrx_word' id='word_1_465' title='bbox 2542 1099 2754 1225; x_wconf 70' lang='lat' dir='ltr'><strong>Verlitas</strong></span> 
     </span>
    </p>
   </div>
   <div class='ocr_carea' id='block_1_68' title="bbox 2445 1239 2912 1298">
    <p class='ocr_par' dir='ltr' id='par_1_68' title="bbox 2445 1239 2912 1298">
     <span class='ocr_line' id='line_1_68' title="bbox 2445 1239 2912 1298; baseline 0.015 -7"><span class='ocrx_word' id='word_1_466' title='bbox 2445 1239 2912 1298; x_wconf 85' lang='lat' dir='ltr'><strong>Pater—Veritas</strong></span> 
     </span>
    </p>
   </div>
   <div class='ocr_carea' id='block_1_69' title="bbox 2431 1381 2995 1445">
    <p class='ocr_par' dir='ltr' id='par_1_69' title="bbox 2431 1381 2995 1445">
     <span class='ocr_line' id='line_1_69' title="bbox 2431 1381 2995 1445; baseline 0.005 -9"><span class='ocrx_word' id='word_1_467' title='bbox 2431 1381 2605 1436; x_wconf 84' lang='lat' dir='ltr'><strong>llomo</strong></span> <span class='ocrx_word' id='word_1_468' title='bbox 2624 1381 2649 1445; x_wconf 58' lang='grc'><strong>,⁷</strong></span> <span class='ocrx_word' id='word_1_469' title='bbox 2672 1382 2927 1439; x_wconf 79' lang='lat' dir='ltr'><strong>Ecclesia</strong></span> <span class='ocrx_word' id='word_1_470' title='bbox 2985 1394 2995 1404; x_wconf 87' lang='lat'>&#39;</span> 
     </span>
    </p>
   </div>
   <div class='ocr_carea' id='block_1_70' title="bbox 2468 1452 2870 1518">
    <p class='ocr_par' dir='ltr' id='par_1_70' title="bbox 2468 1452 2870 1518">
     <span class='ocr_line' id='line_1_70' title="bbox 2468 1452 2870 1518; baseline 0 -11"><span class='ocrx_word' id='word_1_471' title='bbox 2468 1454 2663 1507; x_wconf 81' lang='lat' dir='ltr'><strong>Sermo</strong></span> <span class='ocrx_word' id='word_1_472' title='bbox 2684 1497 2698 1518; x_wconf 90' lang='lat'><strong>,</strong></span> <span class='ocrx_word' id='word_1_473' title='bbox 2728 1452 2870 1509; x_wconf 85' lang='lat' dir='ltr'><strong>Vita.</strong></span> 
     </span>
    </p>
   </div>
   <div class='ocr_carea' id='block_1_71' title="bbox 1823 1569 3400 1649">
    <p class='ocr_par' dir='ltr' id='par_1_71' title="bbox 1823 1569 3400 1649">
     <span class='ocr_line' id='line_1_71' title="bbox 1823 1569 3400 1649; baseline 0.008 -27"><span class='ocrx_word' id='word_1_474' title='bbox 1823 1569 2133 1628; x_wconf 69' lang='lat' dir='ltr'><strong>Blaudrllus</strong></span> <span class='ocrx_word' id='word_1_475' title='bbox 2174 1575 2393 1644; x_wconf 85' lang='lat' dir='ltr'><strong>quidem</strong></span> <span class='ocrx_word' id='word_1_476' title='bbox 2424 1578 2587 1631; x_wconf 84' lang='lat' dir='ltr'><strong>verba</strong></span> <span class='ocrx_word' id='word_1_477' title='bbox 2620 1580 2868 1649; x_wconf 70' lang='lat' dir='ltr'><strong>quaedam</strong></span> <span class='ocrx_word' id='word_1_478' title='bbox 2899 1596 2965 1633; x_wconf 77' lang='lat' dir='ltr'><strong>ex</strong></span> <span class='ocrx_word' id='word_1_479' title='bbox 2994 1594 3061 1632; x_wconf 91' lang='lat' dir='ltr'><strong>eo</strong></span> <span class='ocrx_word' id='word_1_480' title='bbox 3099 1580 3400 1648; x_wconf 83' lang='lat' dir='ltr'><strong>fragmento</strong></span> 
     </span>
    </p>
   </div>
   <div class='ocr_carea' id='block_1_72' title="bbox 1820 1663 3401 1736">
    <p class='ocr_par' dir='ltr' id='par_1_72' title="bbox 1820 1663 3401 1736">
     <span class='ocr_line' id='line_1_72' title="bbox 1820 1663 3401 1736; baseline 0.007 -23"><span class='ocrx_word' id='word_1_481' title='bbox 1820 1663 1884 1714; x_wconf 87' lang='lat' dir='ltr'><strong>ad</strong></span> <span class='ocrx_word' id='word_1_482' title='bbox 1911 1678 2064 1717; x_wconf 88' lang='lat' dir='ltr'><strong>suam</strong></span> <span class='ocrx_word' id='word_1_483' title='bbox 2093 1665 2462 1736; x_wconf 81' lang='lat' dir='ltr'><strong>genealogiam</strong></span> <span class='ocrx_word' id='word_1_484' title='bbox 2492 1668 2812 1723; x_wconf 85' lang='lat' dir='ltr'><strong>ﬁrmandam</strong></span> <span class='ocrx_word' id='word_1_485' title='bbox 2848 1669 3057 1732; x_wconf 86' lang='lat' dir='ltr'><strong>recitat,</strong></span> <span class='ocrx_word' id='word_1_486' title='bbox 3091 1670 3185 1724; x_wconf 86' lang='lat' dir='ltr'><strong>sed</strong></span> <span class='ocrx_word' id='word_1_487' title='bbox 3209 1670 3401 1724; x_wconf 82' lang='lat' dir='ltr'><strong>admo-</strong></span> 
     </span>
    </p>
   </div>
   <div class='ocr_carea' id='block_1_73' title="bbox 1746 1754 3399 1837">
    <p class='ocr_par' dir='ltr' id='par_1_73' title="bbox 1746 1754 3399 1837">
     <span class='ocr_line' id='line_1_73' title="bbox 1746 1754 3399 1837; baseline 0.007 -32"><span class='ocrx_word' id='word_1_488' title='bbox 1746 1783 1787 1837; x_wconf 77' lang='lat' dir='ltr'><strong>B</strong></span> <span class='ocrx_word' id='word_1_489' title='bbox 1818 1755 1945 1808; x_wconf 83' lang='lat' dir='ltr'><strong>dum</strong></span> <span class='ocrx_word' id='word_1_490' title='bbox 1978 1754 2197 1811; x_wconf 88' lang='lat' dir='ltr'><strong>dolose:</strong></span> <span class='ocrx_word' id='word_1_491' title='bbox 2232 1773 2295 1812; x_wconf 92' lang='lat' dir='ltr'><strong>ea</strong></span> <span class='ocrx_word' id='word_1_492' title='bbox 2322 1760 2468 1813; x_wconf 91' lang='lat' dir='ltr'><strong>enim</strong></span> <span class='ocrx_word' id='word_1_493' title='bbox 2496 1762 2715 1827; x_wconf 87' lang='lat' dir='ltr'><strong>omittit,</strong></span> <span class='ocrx_word' id='word_1_494' title='bbox 2749 1778 2870 1834; x_wconf 67' lang='lat' dir='ltr'><strong>qua:</strong></span> <span class='ocrx_word' id='word_1_495' title='bbox 2898 1761 2981 1816; x_wconf 88' lang='lat' dir='ltr'><strong>ad&#39;</strong></span> <span class='ocrx_word' id='word_1_496' title='bbox 3002 1778 3116 1817; x_wconf 87' lang='lat' dir='ltr'><strong>rem</strong></span> <span class='ocrx_word' id='word_1_497' title='bbox 3160 1763 3399 1817; x_wconf 71' lang='lat' dir='ltr'><strong>maxime</strong></span> 
     </span>
    </p>
   </div>
   <div class='ocr_carea' id='block_1_74' title="bbox 1818 1846 3400 1924">
    <p class='ocr_par' dir='ltr' id='par_1_74' title="bbox 1818 1846 3400 1924">
     <span class='ocr_line' id='line_1_74' title="bbox 1818 1846 3400 1924; baseline 0.006 -26"><span class='ocrx_word' id='word_1_498' title='bbox 1818 1846 2058 1913; x_wconf 87' lang='lat' dir='ltr'><strong>faciunt;</strong></span> <span class='ocrx_word' id='word_1_499' title='bbox 2091 1857 2274 1902; x_wconf 87' lang='lat' dir='ltr'><strong>nostra</strong></span> <span class='ocrx_word' id='word_1_500' title='bbox 2303 1858 2483 1904; x_wconf 90' lang='lat' dir='ltr'><strong>autem</strong></span> <span class='ocrx_word' id='word_1_501' title='bbox 2529 1866 2594 1906; x_wconf 79' lang='lat' dir='ltr'><strong>ex</strong></span> <span class='ocrx_word' id='word_1_502' title='bbox 2626 1853 2759 1922; x_wconf 88' lang='lat' dir='ltr'><strong>ipsis</strong></span> <span class='ocrx_word' id='word_1_503' title='bbox 2784 1853 3072 1924; x_wconf 84' lang='lat' dir='ltr'><strong>fragmenti</strong></span> <span class='ocrx_word' id='word_1_504' title='bbox 3107 1855 3288 1918; x_wconf 82' lang='lat' dir='ltr'><strong>verbis</strong></span> <span class='ocrx_word' id='word_1_505' title='bbox 3319 1855 3400 1909; x_wconf 90' lang='lat' dir='ltr'><strong>sic</strong></span> 
     </span>
    </p>
   </div>
   <div class='ocr_carea' id='block_1_75' title="bbox 1815 1937 3394 2018">
    <p class='ocr_par' dir='ltr' id='par_1_75' title="bbox 1815 1937 3394 2018">
     <span class='ocr_line' id='line_1_75' title="bbox 1815 1937 3394 2018; baseline 0.006 -27"><span class='ocrx_word' id='word_1_506' title='bbox 1815 1937 2051 1993; x_wconf 88' lang='lat' dir='ltr'><strong>dilucide</strong></span> <span class='ocrx_word' id='word_1_507' title='bbox 2068 1941 2365 2010; x_wconf 83' lang='lat' dir='ltr'><strong>colligitur.</strong></span> <span class='ocrx_word' id='word_1_508' title='bbox 2396 1941 2811 2001; x_wconf 85' lang='lat' dir='ltr'><strong>Valentinianus</strong></span> <span class='ocrx_word' id='word_1_509' title='bbox 2840 1947 2930 2001; x_wconf 89' lang='lat' dir='ltr'><strong>ille</strong></span> <span class='ocrx_word' id='word_1_510' title='bbox 2959 1947 3135 2016; x_wconf 90' lang='lat' dir='ltr'><strong>primo</strong></span> <span class='ocrx_word' id='word_1_511' title='bbox 3160 1946 3394 2018; x_wconf 82' lang='lat' dir='ltr'><strong>Bythum</strong></span> 
     </span>
    </p>
   </div>
   <div class='ocr_carea' id='block_1_76' title="bbox 1813 2029 3397 2111">
    <p class='ocr_par' dir='ltr' id='par_1_76' title="bbox 1813 2029 3397 2111">
     <span class='ocr_line' id='line_1_76' title="bbox 1813 2029 3397 2111; baseline 0.004 -27"><span class='ocrx_word' id='word_1_512' title='bbox 1813 2040 1867 2085; x_wconf 91' lang='lat' dir='ltr'><strong>et</strong></span> <span class='ocrx_word' id='word_1_513' title='bbox 1920 2029 2081 2099; x_wconf 85' lang='lat' dir='ltr'><strong>Sigen</strong></span> <span class='ocrx_word' id='word_1_514' title='bbox 2127 2033 2463 2103; x_wconf 85' lang='lat' dir='ltr'><strong>describens,</strong></span> <span class='ocrx_word' id='word_1_515' title='bbox 2516 2037 2692 2106; x_wconf 88' lang='lat' dir='ltr'><strong>inquit</strong></span> <span class='ocrx_word' id='word_1_516' title='bbox 2735 2057 2747 2092; x_wconf 89' lang='lat'><strong>:</strong></span> <span class='ocrx_word' id='word_1_517' title='bbox 2789 2040 2900 2092; x_wconf 73' lang='lat' dir='ltr'><strong>Kal.</strong></span> <span class='ocrx_word' id='word_1_518' title='bbox 2943 2038 3080 2111; x_wconf 74' lang='grc' dir='ltr'>αὑτὴ</span> <span class='ocrx_word' id='word_1_519' title='bbox 3124 2039 3281 2111; x_wconf 79' lang='grc' dir='ltr'>αὐτῷ·</span> <span class='ocrx_word' id='word_1_520' title='bbox 3310 2058 3397 2111; x_wconf 87' lang='grc' dir='ltr'><strong>μι-</strong></span> 
     </span>
    </p>
   </div>
   <div class='ocr_carea' id='block_1_77' title="bbox 1812 2124 3395 2201">
    <p class='ocr_par' dir='ltr' id='par_1_77' title="bbox 1812 2124 3395 2201">
     <span class='ocr_line' id='line_1_77' title="bbox 1812 2124 3395 2201; baseline 0.008 -26"><span class='ocrx_word' id='word_1_521' title='bbox 1812 2125 1967 2189; x_wconf 78' lang='grc' dir='ltr'>γεῖσα</span> <span class='ocrx_word' id='word_1_522' title='bbox 1990 2124 2331 2180; x_wconf 79' lang='grc' dir='ltr'><strong>ἀναδείκνυσι</strong></span> <span class='ocrx_word' id='word_1_523' title='bbox 2353 2128 2572 2201; x_wconf 76' lang='grc' dir='ltr'>Πατέρα</span> <span class='ocrx_word' id='word_1_524' title='bbox 2586 2130 2685 2200; x_wconf 83' lang='grc' dir='ltr'><strong>τῆς</strong></span> <span class='ocrx_word' id='word_1_525' title='bbox 2713 2130 3013 2201; x_wconf 72' lang='grc' dir='ltr'>Ἀληθείας,</span> <span class='ocrx_word' id='word_1_526' title='bbox 3043 2151 3059 2183; x_wconf 84' lang='grc'><em>‹</em></span> <span class='ocrx_word' id='word_1_527' title='bbox 3089 2131 3155 2185; x_wconf 91' lang='grc' dir='ltr'>Ει</span> <span class='ocrx_word' id='word_1_528' title='bbox 3177 2133 3292 2187; x_wconf 58' lang='lat' dir='ltr'><strong>haec</strong></span> <span class='ocrx_word' id='word_1_529' title='bbox 3320 2134 3395 2187; x_wconf 86' lang='lat' dir='ltr'><strong>illi</strong></span> 
     </span>
    </p>
   </div>
   <div class='ocr_carea' id='block_1_78' title="bbox 1812 2204 3395 2294">
    <p class='ocr_par' dir='ltr' id='par_1_78' title="bbox 1812 2204 3395 2294">
     <span class='ocr_line' id='line_1_78' title="bbox 1812 2204 3395 2294; baseline 0.008 -27"><span class='ocrx_word' id='word_1_530' title='bbox 1812 2216 2101 2270; x_wconf 80' lang='lat' dir='ltr'><strong>commista</strong></span> <span class='ocrx_word' id='word_1_531' title='bbox 2147 2219 2289 2287; x_wconf 88' lang='lat' dir='ltr'><strong>parit</strong></span> <span class='ocrx_word' id='word_1_532' title='bbox 2345 2204 2562 2275; x_wconf 86' lang='lat' dir='ltr'><strong>Patrem</strong></span> <span class='ocrx_word' id='word_1_533' title='bbox 2615 2222 2882 2277; x_wconf 86' lang='lat' dir='ltr'><strong>veritatis.</strong></span> <span class='ocrx_word' id='word_1_534' title='bbox 2914 2242 2932 2275; x_wconf 75' lang='grc' dir='ltr'><strong>ι</strong></span> <span class='ocrx_word' id='word_1_535' title='bbox 2985 2223 3168 2278; x_wconf 88' lang='lat' dir='ltr'><strong>Prima</strong></span> <span class='ocrx_word' id='word_1_536' title='bbox 3230 2224 3395 2294; x_wconf 82' lang='lat' dir='ltr'><strong>igitur</strong></span> 
     </span>
    </p>
   </div>
   <div class='ocr_carea' id='block_1_79' title="bbox 1809 2307 3392 2387">
    <p class='ocr_par' dir='ltr' id='par_1_79' title="bbox 1809 2307 3392 2387">
     <span class='ocr_line' id='line_1_79' title="bbox 1809 2307 3392 2387; baseline 0.009 -29"><span class='ocrx_word' id='word_1_537' title='bbox 1809 2307 2033 2363; x_wconf 84' lang='lat' dir='ltr'><strong>emissio</strong></span> <span class='ocrx_word' id='word_1_538' title='bbox 2058 2319 2142 2364; x_wconf 93' lang='lat' dir='ltr'><strong>est</strong></span> <span class='ocrx_word' id='word_1_539' title='bbox 2165 2325 2269 2379; x_wconf 90' lang='lat' dir='ltr'><strong>qua</strong></span> <span class='ocrx_word' id='word_1_540' title='bbox 2308 2308 2468 2365; x_wconf 88' lang='lat' dir='ltr'><strong>Pater</strong></span> <span class='ocrx_word' id='word_1_541' title='bbox 2498 2313 2741 2369; x_wconf 87' lang='lat' dir='ltr'><strong>veritatis</strong></span> <span class='ocrx_word' id='word_1_542' title='bbox 2767 2329 2830 2369; x_wconf 79' lang='lat' dir='ltr'><strong>ex</strong></span> <span class='ocrx_word' id='word_1_543' title='bbox 2856 2315 3029 2385; x_wconf 78' lang='lat' dir='ltr'><strong>Bytho</strong></span> <span class='ocrx_word' id='word_1_544' title='bbox 3059 2326 3113 2369; x_wconf 89' lang='lat' dir='ltr'><strong>et</strong></span> <span class='ocrx_word' id='word_1_545' title='bbox 3144 2314 3269 2386; x_wconf 86' lang='lat' dir='ltr'><strong>Sige</strong></span> <span class='ocrx_word' id='word_1_546' title='bbox 3296 2334 3392 2387; x_wconf 84' lang='lat' dir='ltr'><strong>ge-</strong></span> 
     </span>
    </p>
   </div>
   <div class='ocr_carea' id='block_1_80' title="bbox 1810 2403 3393 2476">
    <p class='ocr_par' dir='ltr' id='par_1_80' title="bbox 1810 2403 3393 2476">
     <span class='ocr_line' id='line_1_80' title="bbox 1810 2403 3393 2476; baseline 0.008 -24"><span class='ocrx_word' id='word_1_547' title='bbox 1810 2408 2063 2467; x_wconf 81' lang='lat' dir='ltr'><strong>neratur,</strong></span> <span class='ocrx_word' id='word_1_548' title='bbox 2091 2418 2255 2472; x_wconf 90' lang='lat' dir='ltr'><strong>quem</strong></span> <span class='ocrx_word' id='word_1_549' title='bbox 2286 2412 2339 2458; x_wconf 88' lang='lat' dir='ltr'><strong>et</strong></span> <span class='ocrx_word' id='word_1_550' title='bbox 2371 2403 2658 2476; x_wconf 83' lang='grc' dir='ltr'><strong>ἄνθρωπον</strong></span> <span class='ocrx_word' id='word_1_551' title='bbox 2701 2410 2992 2463; x_wconf 90' lang='lat' dir='ltr'><strong>vocabant.</strong></span> <span class='ocrx_word' id='word_1_552' title='bbox 3042 2409 3199 2463; x_wconf 90' lang='grc' dir='ltr'>Μετὰ</span> <span class='ocrx_word' id='word_1_553' title='bbox 3232 2410 3393 2464; x_wconf 78' lang='grc' dir='ltr'>τοῦτο</span> 
     </span>
    </p>
   </div>
   <div class='ocr_carea' id='block_1_81' title="bbox 1806 2492 3391 2576">
    <p class='ocr_par' dir='ltr' id='par_1_81' title="bbox 1806 2492 3391 2576">
     <span class='ocr_line' id='line_1_81' title="bbox 1806 2492 3391 2576; baseline 0.006 -31"><span class='ocrx_word' id='word_1_554' title='bbox 1806 2492 1861 2546; x_wconf 81' lang='grc' dir='ltr'>δὲ</span> <span class='ocrx_word' id='word_1_555' title='bbox 1896 2496 1928 2564; x_wconf 78' lang='grc' dir='ltr'><strong>ἡ</strong></span> <span class='ocrx_word' id='word_1_556' title='bbox 1963 2492 2098 2564; x_wconf 73' lang='grc' dir='ltr'><strong>Σιγὴ</strong></span> <span class='ocrx_word' id='word_1_557' title='bbox 2152 2496 2389 2568; x_wconf 74' lang='grc' dir='ltr'>φυσικὴν</span> <span class='ocrx_word' id='word_1_558' title='bbox 2440 2498 2666 2568; x_wconf 80' lang='grc' dir='ltr'><strong>ἑνότητα</strong></span> <span class='ocrx_word' id='word_1_559' title='bbox 2718 2500 2895 2569; x_wconf 73' lang='grc' dir='ltr'>φωτὸς</span> <span class='ocrx_word' id='word_1_560' title='bbox 2944 2504 3391 2576; x_wconf 78' lang='grc' dir='ltr'>προενεγκαμένη</span> 
     </span>
    </p>
   </div>
   <div class='ocr_carea' id='block_1_82' title="bbox 1809 2585 3393 2664">
    <p class='ocr_par' dir='ltr' id='par_1_82' title="bbox 1809 2585 3393 2664">
     <span class='ocr_line' id='line_1_82' title="bbox 1809 2585 3393 2664; baseline 0.007 -26"><span class='ocrx_word' id='word_1_561' title='bbox 1809 2586 1903 2639; x_wconf 74' lang='grc' dir='ltr'><strong>σὺν</strong></span> <span class='ocrx_word' id='word_1_562' title='bbox 1948 2586 2028 2658; x_wconf 84' lang='grc' dir='ltr'>τῷ</span> <span class='ocrx_word' id='word_1_563' title='bbox 2074 2586 2348 2660; x_wconf 84' lang='grc' dir='ltr'><strong>ἀνθρώπῳ</strong></span> <span class='ocrx_word' id='word_1_564' title='bbox 2396 2585 2486 2661; x_wconf 78' lang='grc' dir='ltr'><strong>(ἦν</strong></span> <span class='ocrx_word' id='word_1_565' title='bbox 2516 2590 2777 2657; x_wconf 50' lang='lat' dir='ltr'><strong>suam;</strong></span> <span class='ocrx_word' id='word_1_566' title='bbox 2809 2595 2842 2664; x_wconf 79' lang='grc' dir='ltr'>ἡ</span> <span class='ocrx_word' id='word_1_567' title='bbox 2878 2594 3184 2659; x_wconf 78' lang='grc' dir='ltr'>συνέλευσις</span> <span class='ocrx_word' id='word_1_568' title='bbox 3215 2597 3276 2648; x_wconf 88' lang='grc' dir='ltr'>τό</span> <span class='ocrx_word' id='word_1_569' title='bbox 3308 2596 3393 2649; x_wconf 54' lang='grc' dir='ltr'><strong>θέέ</strong></span> 
     </span>
    </p>
   </div>
   <div class='ocr_carea' id='block_1_83' title="bbox 1803 2675 3390 2756">
    <p class='ocr_par' dir='ltr' id='par_1_83' title="bbox 1803 2675 3390 2756">
     <span class='ocr_line' id='line_1_83' title="bbox 1803 2675 3390 2756; baseline 0.009 -28"><span class='ocrx_word' id='word_1_570' title='bbox 1803 2675 1934 2748; x_wconf 83' lang='grc' dir='ltr'>λειν)</span> <span class='ocrx_word' id='word_1_571' title='bbox 1969 2680 2060 2732; x_wconf 76' lang='grc' dir='ltr'>καὶ</span> <span class='ocrx_word' id='word_1_572' title='bbox 2090 2679 2432 2734; x_wconf 73' lang='grc' dir='ltr'>ἀναδείκνυσι</span> <span class='ocrx_word' id='word_1_573' title='bbox 2464 2682 2564 2753; x_wconf 81' lang='grc' dir='ltr'><strong>τὴν</strong></span> <span class='ocrx_word' id='word_1_574' title='bbox 2610 2683 2911 2756; x_wconf 81' lang='grc' dir='ltr'><strong>Ἀλήθειαν.</strong></span> <span class='ocrx_word' id='word_1_575' title='bbox 2935 2705 2954 2738; x_wconf 74' lang='grc' dir='ltr'><strong>ι</strong></span> <span class='ocrx_word' id='word_1_576' title='bbox 2984 2685 3174 2742; x_wconf 83' lang='lat' dir='ltr'><strong>Postea</strong></span> <span class='ocrx_word' id='word_1_577' title='bbox 3207 2698 3390 2743; x_wconf 88' lang='lat' dir='ltr'><strong>autem</strong></span> 
     </span>
    </p>
   </div>
   <div class='ocr_carea' id='block_1_84' title="bbox 1805 2767 3390 2848">
    <p class='ocr_par' dir='ltr' id='par_1_84' title="bbox 1805 2767 3390 2848">
     <span class='ocr_line' id='line_1_84' title="bbox 1805 2767 3390 2848; baseline 0.009 -25"><span class='ocrx_word' id='word_1_578' title='bbox 1805 2767 1930 2841; x_wconf 89' lang='lat' dir='ltr'><strong>Sige</strong></span> <span class='ocrx_word' id='word_1_579' title='bbox 1976 2773 2282 2827; x_wconf 88' lang='lat' dir='ltr'><strong>naturalem</strong></span> <span class='ocrx_word' id='word_1_580' title='bbox 2318 2775 2581 2829; x_wconf 89' lang='lat' dir='ltr'><strong>unitatem</strong></span> <span class='ocrx_word' id='word_1_581' title='bbox 2630 2776 2770 2832; x_wconf 92' lang='lat' dir='ltr'><strong>lucis</strong></span> <span class='ocrx_word' id='word_1_582' title='bbox 2800 2777 3087 2848; x_wconf 84' lang='lat' dir='ltr'><strong>proferens</strong></span> <span class='ocrx_word' id='word_1_583' title='bbox 3132 2794 3255 2834; x_wconf 92' lang='lat' dir='ltr'><strong>cum</strong></span> <span class='ocrx_word' id='word_1_584' title='bbox 3292 2781 3390 2836; x_wconf 88' lang='lat' dir='ltr'><strong>ho-</strong></span> 
     </span>
    </p>
   </div>
   <div class='ocr_carea' id='block_1_85' title="bbox 1802 2865 3387 2942">
    <p class='ocr_par' dir='ltr' id='par_1_85' title="bbox 1802 2865 3387 2942">
     <span class='ocr_line' id='line_1_85' title="bbox 1802 2865 3387 2942; baseline 0.005 -25"><span class='ocrx_word' id='word_1_585' title='bbox 1802 2865 1947 2919; x_wconf 91' lang='lat' dir='ltr'><strong>mine</strong></span> <span class='ocrx_word' id='word_1_586' title='bbox 1971 2866 2107 2935; x_wconf 89' lang='lat' dir='ltr'><strong>(erat</strong></span> <span class='ocrx_word' id='word_1_587' title='bbox 2133 2878 2314 2921; x_wconf 87' lang='lat' dir='ltr'><strong>autem</strong></span> <span class='ocrx_word' id='word_1_588' title='bbox 2347 2867 2453 2923; x_wconf 91' lang='lat' dir='ltr'><strong>illis</strong></span> <span class='ocrx_word' id='word_1_589' title='bbox 2490 2868 2627 2923; x_wconf 87' lang='lat' dir='ltr'><strong>velle</strong></span> <span class='ocrx_word' id='word_1_590' title='bbox 2659 2872 3036 2942; x_wconf 82' lang='lat' dir='ltr'><strong>congressus),</strong></span> <span class='ocrx_word' id='word_1_591' title='bbox 3060 2872 3203 2941; x_wconf 88' lang='lat' dir='ltr'><strong>parit</strong></span> <span class='ocrx_word' id='word_1_592' title='bbox 3224 2872 3387 2927; x_wconf 89' lang='lat' dir='ltr'><strong>etiam</strong></span> 
     </span>
    </p>
   </div>
   <div class='ocr_carea' id='block_1_86' title="bbox 1803 2952 3389 3033">
    <p class='ocr_par' dir='ltr' id='par_1_86' title="bbox 1803 2952 3389 3033">
     <span class='ocr_line' id='line_1_86' title="bbox 1803 2952 3389 3033; baseline 0.007 -24"><span class='ocrx_word' id='word_1_593' title='bbox 1803 2952 2119 3012; x_wconf 85' lang='lat' dir='ltr'><strong>Veritatem.</strong></span> <span class='ocrx_word' id='word_1_594' title='bbox 2142 2977 2160 3010; x_wconf 74' lang='grc' dir='ltr'><strong>ι</strong></span> <span class='ocrx_word' id='word_1_595' title='bbox 2198 2958 2449 3015; x_wconf 86' lang='lat' dir='ltr'><strong>Secunda</strong></span> <span class='ocrx_word' id='word_1_596' title='bbox 2482 2961 2647 3032; x_wconf 90' lang='lat' dir='ltr'><strong>igitur</strong></span> <span class='ocrx_word' id='word_1_597' title='bbox 2677 2962 2903 3018; x_wconf 90' lang='lat' dir='ltr'><strong>emissio</strong></span> <span class='ocrx_word' id='word_1_598' title='bbox 2930 2973 3146 3033; x_wconf 90' lang='lat' dir='ltr'><strong>est.qua</strong></span> <span class='ocrx_word' id='word_1_599' title='bbox 3174 2962 3389 3020; x_wconf 84' lang='lat' dir='ltr'><strong>Veritas</strong></span> 
     </span>
    </p>
   </div>
   <div class='ocr_carea' id='block_1_87' title="bbox 1799 3048 3389 3125">
    <p class='ocr_par' dir='ltr' id='par_1_87' title="bbox 1799 3048 3389 3125">
     <span class='ocr_line' id='line_1_87' title="bbox 1799 3048 3389 3125; baseline 0.006 -25"><span class='ocrx_word' id='word_1_600' title='bbox 1799 3062 1863 3102; x_wconf 76' lang='lat' dir='ltr'><strong>ex</strong></span> <span class='ocrx_word' id='word_1_601' title='bbox 1912 3048 2106 3115; x_wconf 87' lang='lat' dir='ltr'><strong>Patre,</strong></span> <span class='ocrx_word' id='word_1_602' title='bbox 2156 3067 2251 3106; x_wconf 88' lang='lat' dir='ltr'><strong>seu</strong></span> <span class='ocrx_word' id='word_1_603' title='bbox 2300 3053 2550 3120; x_wconf 82' lang='lat' dir='ltr'><strong>homine‘,</strong></span> <span class='ocrx_word' id='word_1_604' title='bbox 2602 3062 2656 3108; x_wconf 94' lang='lat' dir='ltr'><strong>et</strong></span> <span class='ocrx_word' id='word_1_605' title='bbox 2694 3052 2821 3125; x_wconf 87' lang='lat' dir='ltr'><strong>Sige</strong></span> <span class='ocrx_word' id='word_1_606' title='bbox 2862 3064 3175 3125; x_wconf 86' lang='lat' dir='ltr'><strong>generatur.</strong></span> <span class='ocrx_word' id='word_1_607' title='bbox 3232 3058 3389 3110; x_wconf 85' lang='grc' dir='ltr'>Μετά</span> 
     </span>
    </p>
   </div>
   <div class='ocr_carea' id='block_1_88' title="bbox 1799 3141 3386 3223">
    <p class='ocr_par' dir='ltr' id='par_1_88' title="bbox 1799 3141 3386 3223">
     <span class='ocr_line' id='line_1_88' title="bbox 1799 3141 3386 3223; baseline 0.006 -30"><span class='ocrx_word' id='word_1_608' title='bbox 1799 3141 1957 3194; x_wconf 77' lang='grc' dir='ltr'>τοῦτο</span> <span class='ocrx_word' id='word_1_609' title='bbox 1989 3144 2021 3214; x_wconf 77' lang='grc' dir='ltr'>ἡ</span> <span class='ocrx_word' id='word_1_610' title='bbox 2051 3143 2302 3215; x_wconf 79' lang='grc' dir='ltr'>’Λλήθεια</span> <span class='ocrx_word' id='word_1_611' title='bbox 2339 3144 2609 3218; x_wconf 75' lang='grc' dir='ltr'><strong>μητρικὴν</strong></span> <span class='ocrx_word' id='word_1_612' title='bbox 2654 3148 3098 3220; x_wconf 79' lang='grc' dir='ltr'><strong>προενεγκαμένη</strong></span> <span class='ocrx_word' id='word_1_613' title='bbox 3132 3167 3386 3223; x_wconf 82' lang='grc' dir='ltr'>προυνει-</span> 
     </span>
    </p>
   </div>
   <div class='ocr_carea' id='block_1_89' title="bbox 1804 3234 3388 3313">
    <p class='ocr_par' dir='ltr' id='par_1_89' title="bbox 1804 3234 3388 3313">
     <span class='ocr_line' id='line_1_89' title="bbox 1804 3234 3388 3313; baseline 0.004 -23"><span class='ocrx_word' id='word_1_614' title='bbox 1804 3234 1927 3290; x_wconf 79' lang='grc' dir='ltr'>κίαν</span> <span class='ocrx_word' id='word_1_615' title='bbox 1974 3234 2198 3307; x_wconf 80' lang='grc' dir='ltr'>ὲθήλυνε</span> <span class='ocrx_word' id='word_1_616' title='bbox 2246 3238 2338 3291; x_wconf 78' lang='grc' dir='ltr'>τὸν</span> <span class='ocrx_word' id='word_1_617' title='bbox 2372 3238 2589 3311; x_wconf 79' lang='grc' dir='ltr'><strong>Πατέρα</strong></span> <span class='ocrx_word' id='word_1_618' title='bbox 2640 3240 2841 3312; x_wconf 76' lang='grc' dir='ltr'>ἑαυτῆς</span> <span class='ocrx_word' id='word_1_619' title='bbox 2892 3242 2972 3305; x_wconf 78' lang='grc' dir='ltr'><strong>εἰς</strong></span> <span class='ocrx_word' id='word_1_620' title='bbox 3024 3242 3244 3313; x_wconf 80' lang='grc' dir='ltr'>ἑαυτὴν,</span> <span class='ocrx_word' id='word_1_621' title='bbox 3295 3244 3388 3295; x_wconf 75' lang='grc' dir='ltr'><strong>καὶ</strong></span> 
     </span>
    </p>
   </div>
   <div class='ocr_carea' id='block_1_90' title="bbox 1804 3325 3386 3411">
    <p class='ocr_par' dir='ltr' id='par_1_90' title="bbox 1804 3325 3386 3411">
     <span class='ocr_line' id='line_1_90' title="bbox 1804 3325 3386 3411; baseline 0.007 -31"><span class='ocrx_word' id='word_1_622' title='bbox 1804 3325 2068 3395; x_wconf 74' lang='grc' dir='ltr'>συνῄεσαν</span> <span class='ocrx_word' id='word_1_623' title='bbox 2101 3331 2314 3395; x_wconf 76' lang='grc' dir='ltr'><strong>ἑαυτοῖς</strong></span> <span class='ocrx_word' id='word_1_624' title='bbox 2345 3332 2608 3405; x_wconf 64' lang='grc' dir='ltr'>ἀφθάρτῳ</span> <span class='ocrx_word' id='word_1_625' title='bbox 2645 3336 2789 3405; x_wconf 81' lang='grc' dir='ltr'>μίξει</span> <span class='ocrx_word' id='word_1_626' title='bbox 2823 3337 2917 3389; x_wconf 70' lang='grc' dir='ltr'><strong>καὶ</strong></span> <span class='ocrx_word' id='word_1_627' title='bbox 2949 3336 3207 3411; x_wconf 76' lang='grc' dir='ltr'>ἀγηράτῳ</span> <span class='ocrx_word' id='word_1_628' title='bbox 3231 3341 3248 3411; x_wconf 81' lang='lat'>[</span> <span class='ocrx_word' id='word_1_629' title='bbox 3269 3337 3386 3408; x_wconf 85' lang='lat' dir='ltr'><strong>lego</strong></span> 
     </span>
    </p>
   </div>
   <div class='ocr_carea' id='block_1_91' title="bbox 1800 3421 3385 3498">
    <p class='ocr_par' dir='ltr' id='par_1_91' title="bbox 1800 3421 3385 3498">
     <span class='ocr_line' id='line_1_91' title="bbox 1800 3421 3385 3498; baseline 0.004 -25"><span class='ocrx_word' id='word_1_630' title='bbox 1800 3421 2423 3498; x_wconf 80' lang='grc' dir='ltr'>ἁκηράτῳ]συγκράσει,</span> <span class='ocrx_word' id='word_1_631' title='bbox 2450 3426 2542 3479; x_wconf 71' lang='grc' dir='ltr'>καὶ</span> <span class='ocrx_word' id='word_1_632' title='bbox 2575 3426 2917 3480; x_wconf 83' lang='grc' dir='ltr'>ἀναδείκνυσι</span> <span class='ocrx_word' id='word_1_633' title='bbox 2950 3427 3183 3498; x_wconf 81' lang='grc' dir='ltr'>τετράδα</span> <span class='ocrx_word' id='word_1_634' title='bbox 3217 3446 3385 3482; x_wconf 85' lang='grc' dir='ltr'>πνευ-</span> 
     </span>
    </p>
   </div>
   <div class='ocr_carea' id='block_1_92' title="bbox 1802 3513 3385 3594">
    <p class='ocr_par' dir='ltr' id='par_1_92' title="bbox 1802 3513 3385 3594">
     <span class='ocr_line' id='line_1_92' title="bbox 1802 3513 3385 3594; baseline 0.006 -29"><span class='ocrx_word' id='word_1_635' title='bbox 1802 3513 2036 3586; x_wconf 77' lang='grc' dir='ltr'>ματικὴν</span> <span class='ocrx_word' id='word_1_636' title='bbox 2086 3516 2472 3589; x_wconf 71' lang='grc' dir='ltr'>ἀρῤενόθηλυν,</span> <span class='ocrx_word' id='word_1_637' title='bbox 2508 3519 2804 3572; x_wconf 82' lang='grc' dir='ltr'>ἀντίτυπον</span> <span class='ocrx_word' id='word_1_638' title='bbox 2846 3521 2945 3591; x_wconf 78' lang='grc' dir='ltr'><strong>τῆς</strong></span> <span class='ocrx_word' id='word_1_639' title='bbox 2990 3521 3266 3594; x_wconf 82' lang='grc' dir='ltr'><strong>προούσης</strong></span> <span class='ocrx_word' id='word_1_640' title='bbox 3297 3538 3385 3574; x_wconf 88' lang='grc' dir='ltr'>τε-</span> 
     </span>
    </p>
   </div>
   <div class='ocr_carea' id='block_1_93' title="bbox 1796 3605 3384 3681">
    <p class='ocr_par' dir='ltr' id='par_1_93' title="bbox 1796 3605 3384 3681">
     <span class='ocr_line' id='line_1_93' title="bbox 1796 3605 3384 3681; baseline 0.006 -23"><span class='ocrx_word' id='word_1_641' title='bbox 1796 3605 2009 3677; x_wconf 78' lang='grc' dir='ltr'><strong>τράδος.</strong></span> <span class='ocrx_word' id='word_1_642' title='bbox 2051 3625 2069 3658; x_wconf 74' lang='grc' dir='ltr'><strong>ι</strong></span> <span class='ocrx_word' id='word_1_643' title='bbox 2100 3606 2292 3663; x_wconf 85' lang='lat' dir='ltr'><strong>Postea</strong></span> <span class='ocrx_word' id='word_1_644' title='bbox 2322 3608 2536 3665; x_wconf 89' lang='lat' dir='ltr'><strong>Veritas</strong></span> <span class='ocrx_word' id='word_1_645' title='bbox 2566 3620 2870 3665; x_wconf 89' lang='lat' dir='ltr'><strong>maternam</strong></span> <span class='ocrx_word' id='word_1_646' title='bbox 2905 3614 3189 3681; x_wconf 76' lang='lat' dir='ltr'><strong>proferens</strong></span> <span class='ocrx_word' id='word_1_647' title='bbox 3219 3614 3384 3667; x_wconf 89' lang='lat' dir='ltr'><strong>lasci-</strong></span> 
     </span>
    </p>
   </div>
   <div class='ocr_carea' id='block_1_94' title="bbox 1798 3698 3383 3774">
    <p class='ocr_par' dir='ltr' id='par_1_94' title="bbox 1798 3698 3383 3774">
     <span class='ocr_line' id='line_1_94' title="bbox 1798 3698 3383 3774; baseline 0.007 -25"><span class='ocrx_word' id='word_1_648' title='bbox 1798 3698 1961 3763; x_wconf 83' lang='lat' dir='ltr'><strong>viam,</strong></span> <span class='ocrx_word' id='word_1_649' title='bbox 1996 3699 2334 3756; x_wconf 80' lang='lat' dir='ltr'><strong>ell‘eminavit</strong></span> <span class='ocrx_word' id='word_1_650' title='bbox 2381 3700 2598 3756; x_wconf 90' lang='lat' dir='ltr'><strong>Patrem</strong></span> <span class='ocrx_word' id='word_1_651' title='bbox 2657 3718 2823 3758; x_wconf 85' lang='lat' dir='ltr'><strong>suum</strong></span> <span class='ocrx_word' id='word_1_652' title='bbox 2872 3704 2939 3758; x_wconf 90' lang='lat' dir='ltr'><strong>ad</strong></span> <span class='ocrx_word' id='word_1_653' title='bbox 3002 3704 3276 3774; x_wconf 91' lang='lat' dir='ltr'><strong>seipsam,</strong></span> <span class='ocrx_word' id='word_1_654' title='bbox 3327 3715 3383 3760; x_wconf 87' lang='lat' dir='ltr'><strong>et</strong></span> 
     </span>
    </p>
   </div>
   <div class='ocr_carea' id='block_1_95' title="bbox 1796 3792 3382 3865">
    <p class='ocr_par' dir='ltr' id='par_1_95' title="bbox 1796 3792 3382 3865">
     <span class='ocr_line' id='line_1_95' title="bbox 1796 3792 3382 3865; baseline 0.005 -22"><span class='ocrx_word' id='word_1_655' title='bbox 1796 3792 2075 3861; x_wconf 84' lang='lat' dir='ltr'><strong>congressi</strong></span> <span class='ocrx_word' id='word_1_656' title='bbox 2108 3802 2235 3847; x_wconf 91' lang='lat' dir='ltr'><strong>sunt</strong></span> <span class='ocrx_word' id='word_1_657' title='bbox 2269 3794 2501 3849; x_wconf 86' lang='lat' dir='ltr'><strong>invicem</strong></span> <span class='ocrx_word' id='word_1_658' title='bbox 2536 3794 2855 3865; x_wconf 86' lang='lat' dir='ltr'><strong>incorrupta</strong></span> <span class='ocrx_word' id='word_1_659' title='bbox 2888 3796 3165 3863; x_wconf 89' lang='lat' dir='ltr'><strong>mistione,</strong></span> <span class='ocrx_word' id='word_1_660' title='bbox 3192 3807 3245 3851; x_wconf 87' lang='lat' dir='ltr'><strong>et</strong></span> <span class='ocrx_word' id='word_1_661' title='bbox 3277 3799 3382 3851; x_wconf 91' lang='lat' dir='ltr'><strong>im-</strong></span> 
     </span>
    </p>
   </div>
   <div class='ocr_carea' id='block_1_96' title="bbox 1796 3883 3381 3960">
    <p class='ocr_par' dir='ltr' id='par_1_96' title="bbox 1796 3883 3381 3960">
     <span class='ocr_line' id='line_1_96' title="bbox 1796 3883 3381 3960; baseline 0.007 -26"><span class='ocrx_word' id='word_1_662' title='bbox 1796 3883 2008 3936; x_wconf 89' lang='lat' dir='ltr'><strong>mortali</strong></span> <span class='ocrx_word' id='word_1_663' title='bbox 2045 3885 2213 3951; x_wconf 89' lang='lat' dir='ltr'><strong>coitu,</strong></span> <span class='ocrx_word' id='word_1_664' title='bbox 2245 3895 2299 3941; x_wconf 90' lang='lat' dir='ltr'><strong>et</strong></span> <span class='ocrx_word' id='word_1_665' title='bbox 2328 3888 2470 3957; x_wconf 86' lang='lat' dir='ltr'><strong>parit</strong></span> <span class='ocrx_word' id='word_1_666' title='bbox 2499 3889 2762 3943; x_wconf 90' lang='lat' dir='ltr'><strong>tetradem</strong></span> <span class='ocrx_word' id='word_1_667' title='bbox 2794 3889 3133 3958; x_wconf 85' lang='lat' dir='ltr'><strong>spiritualem</strong></span> <span class='ocrx_word' id='word_1_668' title='bbox 3180 3890 3381 3960; x_wconf 88' lang='lat' dir='ltr'><strong>prioris</strong></span> 
     </span>
    </p>
   </div>
   <div class='ocr_carea' id='block_1_97' title="bbox 1795 3976 3380 4052">
    <p class='ocr_par' dir='ltr' id='par_1_97' title="bbox 1795 3976 3380 4052">
     <span class='ocr_line' id='line_1_97' title="bbox 1795 3976 3380 4052; baseline 0.006 -26"><span class='ocrx_word' id='word_1_669' title='bbox 1795 3976 2023 4030; x_wconf 87' lang='lat' dir='ltr'><strong>tetradis</strong></span> <span class='ocrx_word' id='word_1_670' title='bbox 2074 3981 2597 4047; x_wconf 67' lang='lat' dir='ltr'><strong>repraesentativam.</strong></span> <span class='ocrx_word' id='word_1_671' title='bbox 2635 3999 2653 4032; x_wconf 76' lang='grc' dir='ltr'><strong>ι</strong></span> <span class='ocrx_word' id='word_1_672' title='bbox 2709 3979 2903 4041; x_wconf 84' lang='lat' dir='ltr'><strong>Tertia</strong></span> <span class='ocrx_word' id='word_1_673' title='bbox 2943 3982 3108 4052; x_wconf 90' lang='lat' dir='ltr'><strong>igitur</strong></span> <span class='ocrx_word' id='word_1_674' title='bbox 3152 3982 3380 4037; x_wconf 79' lang='lat' dir='ltr'><strong>emissio</strong></span> 
     </span>
    </p>
   </div>
   <div class='ocr_carea' id='block_1_98' title="bbox 1792 4072 3380 4144">
    <p class='ocr_par' dir='ltr' id='par_1_98' title="bbox 1792 4072 3380 4144">
     <span class='ocr_line' id='line_1_98' title="bbox 1792 4072 3380 4144; baseline 0.005 -22"><span class='ocrx_word' id='word_1_675' title='bbox 1792 4076 1895 4132; x_wconf 89' lang='lat' dir='ltr'><strong>est,</strong></span> <span class='ocrx_word' id='word_1_676' title='bbox 1928 4085 2035 4139; x_wconf 90' lang='lat' dir='ltr'><strong>qua</strong></span> <span class='ocrx_word' id='word_1_677' title='bbox 2073 4072 2312 4126; x_wconf 85' lang='lat' dir='ltr'><strong>secunda</strong></span> <span class='ocrx_word' id='word_1_678' title='bbox 2347 4081 2514 4132; x_wconf 84' lang='lat' dir='ltr'><strong>tetras</strong></span> <span class='ocrx_word' id='word_1_679' title='bbox 2546 4072 2746 4144; x_wconf 87' lang='lat' dir='ltr'><strong>(Homo</strong></span> <span class='ocrx_word' id='word_1_680' title='bbox 2790 4084 2844 4129; x_wconf 89' lang='lat' dir='ltr'><strong>et</strong></span> <span class='ocrx_word' id='word_1_681' title='bbox 2881 4073 3147 4138; x_wconf 81' lang='lat' dir='ltr'><strong>Ecclesia,</strong></span> <span class='ocrx_word' id='word_1_682' title='bbox 3184 4075 3380 4130; x_wconf 89' lang='lat' dir='ltr'><strong>Sermo</strong></span> 
     </span>
    </p>
   </div>
   <div class='ocr_carea' id='block_1_99' title="bbox 1792 4161 3381 4238">
    <p class='ocr_par' dir='ltr' id='par_1_99' title="bbox 1792 4161 3381 4238">
     <span class='ocr_line' id='line_1_99' title="bbox 1792 4161 3381 4238; baseline 0.005 -20"><span class='ocrx_word' id='word_1_683' title='bbox 1792 4171 1848 4218; x_wconf 89' lang='lat' dir='ltr'><strong>et</strong></span> <span class='ocrx_word' id='word_1_684' title='bbox 1885 4161 2051 4234; x_wconf 88' lang='lat' dir='ltr'><strong>Vita),</strong></span> <span class='ocrx_word' id='word_1_685' title='bbox 2080 4179 2145 4218; x_wconf 84' lang='lat' dir='ltr'><strong>ex</strong></span> <span class='ocrx_word' id='word_1_686' title='bbox 2178 4163 2339 4220; x_wconf 91' lang='lat' dir='ltr'><strong>Patre</strong></span> <span class='ocrx_word' id='word_1_687' title='bbox 2367 4175 2422 4221; x_wconf 91' lang='lat' dir='ltr'><strong>et</strong></span> <span class='ocrx_word' id='word_1_688' title='bbox 2446 4165 2686 4226; x_wconf 88' lang='lat' dir='ltr'><strong>Veritate</strong></span> <span class='ocrx_word' id='word_1_689' title='bbox 2718 4178 2971 4238; x_wconf 83' lang='lat' dir='ltr'><strong>generata</strong></span> <span class='ocrx_word' id='word_1_690' title='bbox 3002 4179 3105 4225; x_wconf 87' lang='lat' dir='ltr'><strong>est.</strong></span> <span class='ocrx_word' id='word_1_691' title='bbox 3139 4168 3264 4225; x_wconf 62' lang='lat' dir='ltr'><strong>llaec</strong></span> <span class='ocrx_word' id='word_1_692' title='bbox 3294 4178 3381 4225; x_wconf 90' lang='lat' dir='ltr'><strong>est</strong></span> 
     </span>
    </p>
   </div>
   <div class='ocr_carea' id='block_1_100' title="bbox 1793 4257 3378 4334">
    <p class='ocr_par' dir='ltr' id='par_1_100' title="bbox 1793 4257 3378 4334">
     <span class='ocr_line' id='line_1_100' title="bbox 1793 4257 3378 4334; baseline 0.005 -25"><span class='ocrx_word' id='word_1_693' title='bbox 1793 4257 2111 4328; x_wconf 82' lang='lat' dir='ltr'><strong>genealogia</strong></span> <span class='ocrx_word' id='word_1_694' title='bbox 2144 4257 2386 4321; x_wconf 64' lang='lat' dir='ltr'><strong>Eanum</strong></span> <span class='ocrx_word' id='word_1_695' title='bbox 2418 4260 2609 4330; x_wconf 68' lang='lat' dir='ltr'><strong>primae</strong></span> <span class='ocrx_word' id='word_1_696' title='bbox 2662 4262 2924 4333; x_wconf 85' lang='lat' dir='ltr'><strong>ogdoadis</strong></span> <span class='ocrx_word' id='word_1_697' title='bbox 2967 4263 3021 4317; x_wconf 87' lang='lat' dir='ltr'><strong>in</strong></span> <span class='ocrx_word' id='word_1_698' title='bbox 3070 4262 3378 4334; x_wconf 84' lang='lat' dir='ltr'><strong>fragmenta</strong></span> 
     </span>
    </p>
   </div>
   <div class='ocr_carea' id='block_1_101' title="bbox 1790 4347 3373 4425">
    <p class='ocr_par' dir='ltr' id='par_1_101' title="bbox 1790 4347 3373 4425">
     <span class='ocr_line' id='line_1_101' title="bbox 1790 4347 3373 4425; baseline 0.007 -25"><span class='ocrx_word' id='word_1_699' title='bbox 1790 4348 1915 4402; x_wconf 91' lang='lat' dir='ltr'><strong>libri</strong></span> <span class='ocrx_word' id='word_1_700' title='bbox 1952 4347 2463 4406; x_wconf 86' lang='lat' dir='ltr'><strong>Valentinianorum</strong></span> <span class='ocrx_word' id='word_1_701' title='bbox 2493 4352 2636 4422; x_wconf 90' lang='lat' dir='ltr'><strong>apud</strong></span> <span class='ocrx_word' id='word_1_702' title='bbox 2666 4351 3033 4424; x_wconf 85' lang='lat' dir='ltr'><strong>Epiphanium</strong></span> <span class='ocrx_word' id='word_1_703' title='bbox 3067 4356 3373 4425; x_wconf 86' lang='lat' dir='ltr'><strong>descripta;</strong></span> 
     </span>
    </p>
   </div>
   <div class='ocr_carea' id='block_1_102' title="bbox 1790 4443 3379 4517">
    <p class='ocr_par' dir='ltr' id='par_1_102' title="bbox 1790 4443 3379 4517">
     <span class='ocr_line' id='line_1_102' title="bbox 1790 4443 3379 4517; baseline 0.004 -24"><span class='ocrx_word' id='word_1_704' title='bbox 1790 4456 1855 4493; x_wconf 85' lang='lat' dir='ltr'><strong>ex</strong></span> <span class='ocrx_word' id='word_1_705' title='bbox 1881 4456 1993 4511; x_wconf 76' lang='lat' dir='ltr'><strong>qua</strong></span> <span class='ocrx_word' id='word_1_706' title='bbox 2023 4456 2216 4495; x_wconf 85' lang='lat' dir='ltr'><strong>novam</strong></span> <span class='ocrx_word' id='word_1_707' title='bbox 2266 4443 2429 4517; x_wconf 88' lang='lat' dir='ltr'><strong>plane</strong></span> <span class='ocrx_word' id='word_1_708' title='bbox 2460 4452 2513 4498; x_wconf 91' lang='lat' dir='ltr'><strong>et</strong></span> <span class='ocrx_word' id='word_1_709' title='bbox 2563 4445 2827 4505; x_wconf 87' lang='lat' dir='ltr'><strong>hactenus</strong></span> <span class='ocrx_word' id='word_1_710' title='bbox 2868 4445 3168 4503; x_wconf 87' lang='lat' dir='ltr'><strong>inauditam</strong></span> <span class='ocrx_word' id='word_1_711' title='bbox 3219 4445 3379 4499; x_wconf 88' lang='lat' dir='ltr'><strong>Blon-</strong></span> 
     </span>
    </p>
   </div>
   <div class='ocr_carea' id='block_1_103' title="bbox 1791 4532 3374 4605">
    <p class='ocr_par' dir='ltr' id='par_1_103' title="bbox 1791 4532 3374 4605">
     <span class='ocr_line' id='line_1_103' title="bbox 1791 4532 3374 4605; baseline 0.003 -18"><span class='ocrx_word' id='word_1_712' title='bbox 1791 4533 1966 4587; x_wconf 88' lang='lat' dir='ltr'><strong>dellus</strong></span> <span class='ocrx_word' id='word_1_713' title='bbox 2010 4532 2158 4597; x_wconf 82' lang='lat' dir='ltr'><strong>fecit,</strong></span> <span class='ocrx_word' id='word_1_714' title='bbox 2188 4551 2363 4604; x_wconf 19' lang='lat' dir='ltr'><strong>quam,</strong></span> <span class='ocrx_word' id='word_1_715' title='bbox 2401 4551 2500 4590; x_wconf 88' lang='lat' dir='ltr'><strong>nec</strong></span> <span class='ocrx_word' id='word_1_716' title='bbox 2543 4536 2597 4589; x_wconf 91' lang='lat' dir='ltr'><strong>in</strong></span> <span class='ocrx_word' id='word_1_717' title='bbox 2628 4551 2694 4590; x_wconf 93' lang='lat' dir='ltr'><strong>eo</strong></span> <span class='ocrx_word' id='word_1_718' title='bbox 2732 4536 3064 4605; x_wconf 79' lang='lat' dir='ltr'><strong>fragmento,</strong></span> <span class='ocrx_word' id='word_1_719' title='bbox 3096 4552 3197 4591; x_wconf 85' lang='lat' dir='ltr'><strong>nec</strong></span> <span class='ocrx_word' id='word_1_720' title='bbox 3244 4538 3374 4591; x_wconf 87' lang='lat' dir='ltr'><strong>alibi</strong></span> 
     </span>
    </p>
   </div>
   <div class='ocr_carea' id='block_1_104' title="bbox 1792 4624 3375 4698">
    <p class='ocr_par' dir='ltr' id='par_1_104' title="bbox 1792 4624 3375 4698">
     <span class='ocr_line' id='line_1_104' title="bbox 1792 4624 3375 4698; baseline 0.003 -21"><span class='ocrx_word' id='word_1_721' title='bbox 1792 4626 2052 4694; x_wconf 85' lang='lat' dir='ltr'><strong>reperias.</strong></span> <span class='ocrx_word' id='word_1_722' title='bbox 2080 4624 2231 4680; x_wconf 80' lang='lat' dir='ltr'><strong>Hanc</strong></span> <span class='ocrx_word' id='word_1_723' title='bbox 2252 4638 2435 4689; x_wconf 87' lang='lat' dir='ltr'><strong>autem</strong></span> <span class='ocrx_word' id='word_1_724' title='bbox 2464 4628 2579 4697; x_wconf 88' lang='lat' dir='ltr'><strong>ipse</strong></span> <span class='ocrx_word' id='word_1_725' title='bbox 2608 4638 2953 4683; x_wconf 86' lang='lat' dir='ltr'><strong>commentus</strong></span> <span class='ocrx_word' id='word_1_726' title='bbox 2973 4637 3076 4695; x_wconf 90' lang='lat' dir='ltr'><strong>est,</strong></span> <span class='ocrx_word' id='word_1_727' title='bbox 3111 4640 3165 4685; x_wconf 87' lang='lat' dir='ltr'><strong>ut</strong></span> <span class='ocrx_word' id='word_1_728' title='bbox 3202 4630 3375 4698; x_wconf 83' lang='grc' dir='ltr'>Λόγον</span> 
     </span>
    </p>
   </div>
   <div class='ocr_carea' id='block_1_105' title="bbox 1791 4718 3374 4790">
    <p class='ocr_par' dir='ltr' id='par_1_105' title="bbox 1791 4718 3374 4790">
     <span class='ocr_line' id='line_1_105' title="bbox 1791 4718 3374 4790; baseline 0.006 -18"><span class='ocrx_word' id='word_1_729' title='bbox 1791 4733 1953 4774; x_wconf 89' lang='lat' dir='ltr'><strong>suum</strong></span> <span class='ocrx_word' id='word_1_730' title='bbox 1985 4736 2048 4773; x_wconf 71' lang='lat' dir='ltr'><strong>es</strong></span> <span class='ocrx_word' id='word_1_731' title='bbox 2075 4718 2201 4789; x_wconf 89' lang='lat' dir='ltr'><strong>Sige</strong></span> <span class='ocrx_word' id='word_1_732' title='bbox 2226 4720 2538 4774; x_wconf 81' lang='lat' dir='ltr'><strong>immediate</strong></span> <span class='ocrx_word' id='word_1_733' title='bbox 2561 4719 2914 4789; x_wconf 85' lang='lat' dir='ltr'><strong>produceret;</strong></span> <span class='ocrx_word' id='word_1_734' title='bbox 2942 4720 3086 4790; x_wconf 90' lang='lat' dir='ltr'><strong>quod</strong></span> <span class='ocrx_word' id='word_1_735' title='bbox 3117 4723 3374 4781; x_wconf 88' lang='lat' dir='ltr'><strong>omnibus</strong></span> 
     </span>
    </p>
   </div>
   <div class='ocr_carea' id='block_1_106' title="bbox 1791 4809 3375 4890">
    <p class='ocr_par' dir='ltr' id='par_1_106' title="bbox 1791 4809 3375 4890">
     <span class='ocr_line' id='line_1_106' title="bbox 1791 4809 3375 4890; baseline 0.004 -27"><span class='ocrx_word' id='word_1_736' title='bbox 1791 4809 2300 4877; x_wconf 77' lang='lat' dir='ltr'><strong>Valentinianorum</strong></span> <span class='ocrx_word' id='word_1_737' title='bbox 2332 4813 2666 4890; x_wconf 83' lang='lat' dir='ltr'><strong>genealogiis</strong></span> <span class='ocrx_word' id='word_1_738' title='bbox 2718 4822 3005 4882; x_wconf 82' lang='lat' dir='ltr'><strong>repugnat.</strong></span> <span class='ocrx_word' id='word_1_739' title='bbox 3050 4811 3115 4868; x_wconf 87' lang='lat' dir='ltr'><strong>Et</strong></span> <span class='ocrx_word' id='word_1_740' title='bbox 3155 4824 3375 4869; x_wconf 84' lang='lat' dir='ltr'><strong>senten-</strong></span> 
     </span>
    </p>
   </div>
   <div class='ocr_carea' id='block_1_107' title="bbox 1789 4902 3370 4980">
    <p class='ocr_par' dir='ltr' id='par_1_107' title="bbox 1789 4902 3370 4980">
     <span class='ocr_line' id='line_1_107' title="bbox 1789 4902 3370 4980; baseline 0 -21"><span class='ocrx_word' id='word_1_741' title='bbox 1789 4902 1923 4959; x_wconf 86' lang='lat' dir='ltr'><strong>tiam</strong></span> <span class='ocrx_word' id='word_1_742' title='bbox 1946 4918 2103 4958; x_wconf 90' lang='lat' dir='ltr'><strong>suam</strong></span> <span class='ocrx_word' id='word_1_743' title='bbox 2127 4904 2347 4966; x_wconf 83' lang='lat' dir='ltr'><strong>ﬁrmare</strong></span> <span class='ocrx_word' id='word_1_744' title='bbox 2371 4904 2584 4959; x_wconf 87' lang='lat' dir='ltr'><strong>videtur</strong></span> <span class='ocrx_word' id='word_1_745' title='bbox 2605 4921 2673 4960; x_wconf 80' lang='lat' dir='ltr'><strong>ex</strong></span> <span class='ocrx_word' id='word_1_746' title='bbox 2700 4907 2882 4962; x_wconf 82' lang='lat' dir='ltr'><strong>verbis</strong></span> <span class='ocrx_word' id='word_1_747' title='bbox 2900 4922 3021 4977; x_wconf 72' lang='lat' dir='ltr'><strong>quae</strong></span> <span class='ocrx_word' id='word_1_748' title='bbox 3044 4918 3370 4980; x_wconf 88' lang='lat' dir='ltr'><strong>sequuntur,</strong></span> 
     </span>
    </p>
   </div>
   <div class='ocr_carea' id='block_1_108' title="bbox 1787 4992 3373 5079">
    <p class='ocr_par' dir='ltr' id='par_1_108' title="bbox 1787 4992 3373 5079">
     <span class='ocr_line' id='line_1_108' title="bbox 1787 4992 3373 5079; baseline 0.002 -30"><span class='ocrx_word' id='word_1_749' title='bbox 1787 4996 1911 5073; x_wconf 76' lang='grc' dir='ltr'>ἥτις</span> <span class='ocrx_word' id='word_1_750' title='bbox 1939 4992 2007 5069; x_wconf 77' lang='grc' dir='ltr'><strong>ἦν</strong></span> <span class='ocrx_word' id='word_1_751' title='bbox 2040 4996 2230 5061; x_wconf 86' lang='grc' dir='ltr'>Βυθὸς,</span> <span class='ocrx_word' id='word_1_752' title='bbox 2264 4996 2417 5073; x_wconf 68' lang='grc' dir='ltr'><strong>Σιγὴ,</strong></span> <span class='ocrx_word' id='word_1_753' title='bbox 2436 4998 2646 5073; x_wconf 80' lang='grc' dir='ltr'>Πατὴρ,</span> <span class='ocrx_word' id='word_1_754' title='bbox 2670 4996 2943 5079; x_wconf 82' lang='grc' dir='ltr'>Ἀλήθεια’</span> <span class='ocrx_word' id='word_1_755' title='bbox 2978 4998 3118 5073; x_wconf 72' lang='grc' dir='ltr'>αὕτη</span> <span class='ocrx_word' id='word_1_756' title='bbox 3150 4999 3206 5052; x_wconf 81' lang='grc' dir='ltr'>δὲ</span> <span class='ocrx_word' id='word_1_757' title='bbox 3239 5002 3271 5069; x_wconf 79' lang='grc' dir='ltr'>ἡ</span> <span class='ocrx_word' id='word_1_758' title='bbox 3308 5002 3373 5053; x_wconf 83' lang='grc' dir='ltr'>ἐκ</span> 
     </span>
    </p>
   </div>
   <div class='ocr_carea' id='block_1_109' title="bbox 1788 5089 3372 5173">
    <p class='ocr_par' dir='ltr' id='par_1_109' title="bbox 1788 5089 3372 5173">
     <span class='ocr_line' id='line_1_109' title="bbox 1788 5089 3372 5173; baseline 0.001 -30"><span class='ocrx_word' id='word_1_759' title='bbox 1788 5089 2132 5164; x_wconf 81' lang='grc' dir='ltr'>τοῦΠατρὸς</span> <span class='ocrx_word' id='word_1_760' title='bbox 2166 5092 2259 5146; x_wconf 82' lang='grc' dir='ltr'><strong>καὶ</strong></span> <span class='ocrx_word' id='word_1_761' title='bbox 2290 5092 2389 5163; x_wconf 79' lang='grc' dir='ltr'><strong>τῆς</strong></span> <span class='ocrx_word' id='word_1_762' title='bbox 2422 5092 2589 5168; x_wconf 67' lang='grc' dir='ltr'><strong>Σιγῆς</strong></span> <span class='ocrx_word' id='word_1_763' title='bbox 2619 5092 2839 5173; x_wconf 80' lang='grc' dir='ltr'>τετράς,</span> <span class='ocrx_word' id='word_1_764' title='bbox 2879 5091 3219 5167; x_wconf 82' lang='grc' dir='ltr'><strong>Ἀνθρωπος,</strong></span> <span class='ocrx_word' id='word_1_765' title='bbox 3257 5092 3372 5151; x_wconf 63' lang='grc' dir='ltr'><strong>Ἑκτ</strong></span> 
     </span>
    </p>
   </div>
   <div class='ocr_carea' id='block_1_110' title="bbox 1788 5183 3367 5259">
    <p class='ocr_par' dir='ltr' id='par_1_110' title="bbox 1788 5183 3367 5259">
     <span class='ocr_line' id='line_1_110' title="bbox 1788 5183 3367 5259; baseline 0 -22"><span class='ocrx_word' id='word_1_766' title='bbox 1788 5183 2009 5255; x_wconf 83' lang='grc' dir='ltr'>κλησία,</span> <span class='ocrx_word' id='word_1_767' title='bbox 2043 5186 2235 5253; x_wconf 84' lang='grc' dir='ltr'>Λόγος,</span> <span class='ocrx_word' id='word_1_768' title='bbox 2271 5186 2414 5259; x_wconf 85' lang='grc' dir='ltr'><strong>Ζωή.</strong></span> <span class='ocrx_word' id='word_1_769' title='bbox 2446 5185 2549 5241; x_wconf 88' lang='lat' dir='ltr'><strong>Sed</strong></span> <span class='ocrx_word' id='word_1_770' title='bbox 2585 5186 2630 5241; x_wconf 86' lang='lat' dir='ltr'><strong>si</strong></span> <span class='ocrx_word' id='word_1_771' title='bbox 2661 5186 2776 5248; x_wconf 63' lang='lat' dir='ltr'><strong>hazc</strong></span> <span class='ocrx_word' id='word_1_772' title='bbox 2806 5186 2969 5243; x_wconf 87' lang='lat' dir='ltr'><strong>verba</strong></span> <span class='ocrx_word' id='word_1_773' title='bbox 3002 5185 3206 5254; x_wconf 90' lang='lat' dir='ltr'><strong>aliquid</strong></span> <span class='ocrx_word' id='word_1_774' title='bbox 3238 5200 3367 5253; x_wconf 84' lang='lat' dir='ltr'><strong>pro-</strong></span> 
     </span>
    </p>
   </div>
   <div class='ocr_carea' id='block_1_111' title="bbox 1786 5276 3367 5353">
    <p class='ocr_par' dir='ltr' id='par_1_111' title="bbox 1786 5276 3367 5353">
     <span class='ocr_line' id='line_1_111' title="bbox 1786 5276 3367 5353; baseline -0.001 -21"><span class='ocrx_word' id='word_1_775' title='bbox 1786 5276 2015 5343; x_wconf 86' lang='lat' dir='ltr'><strong>barent,</strong></span> <span class='ocrx_word' id='word_1_776' title='bbox 2058 5280 2232 5352; x_wconf 82' lang='grc' dir='ltr'>Λόγον</span> <span class='ocrx_word' id='word_1_777' title='bbox 2273 5294 2304 5333; x_wconf 90' lang='lat' dir='ltr'><strong>a</strong></span> <span class='ocrx_word' id='word_1_778' title='bbox 2353 5278 2479 5353; x_wconf 88' lang='lat' dir='ltr'><strong>Sige</strong></span> <span class='ocrx_word' id='word_1_779' title='bbox 2520 5294 2630 5333; x_wconf 91' lang='lat' dir='ltr'><strong>non</strong></span> <span class='ocrx_word' id='word_1_780' title='bbox 2683 5279 2995 5336; x_wconf 87' lang='lat' dir='ltr'><strong>immediate</strong></span> <span class='ocrx_word' id='word_1_781' title='bbox 3043 5277 3367 5347; x_wconf 87' lang='lat' dir='ltr'><strong>productam</strong></span> 
     </span>
    </p>
   </div>
   <div class='ocr_carea' id='block_1_112' title="bbox 1786 5370 3369 5445">
    <p class='ocr_par' dir='ltr' id='par_1_112' title="bbox 1786 5370 3369 5445">
     <span class='ocr_line' id='line_1_112' title="bbox 1786 5370 3369 5445; baseline 0.002 -20"><span class='ocrx_word' id='word_1_782' title='bbox 1786 5371 2077 5439; x_wconf 89' lang='lat' dir='ltr'><strong>docerent;</strong></span> <span class='ocrx_word' id='word_1_783' title='bbox 2118 5381 2243 5427; x_wconf 90' lang='lat' dir='ltr'><strong>sunt</strong></span> <span class='ocrx_word' id='word_1_784' title='bbox 2278 5373 2424 5427; x_wconf 90' lang='lat' dir='ltr'><strong>enim</strong></span> <span class='ocrx_word' id='word_1_785' title='bbox 2452 5374 2830 5431; x_wconf 88' lang='lat' dir='ltr'><strong>tantummodo</strong></span> <span class='ocrx_word' id='word_1_786' title='bbox 2859 5370 3103 5445; x_wconf 79' lang='lat' dir='ltr'><strong>priorum</strong></span> <span class='ocrx_word' id='word_1_787' title='bbox 3129 5371 3369 5439; x_wconf 32' lang='lat' dir='ltr'><strong>explicas</strong></span> 
     </span>
    </p>
   </div>
   <div class='ocr_carea' id='block_1_113' title="bbox 1789 5463 3365 5533">
    <p class='ocr_par' dir='ltr' id='par_1_113' title="bbox 1789 5463 3365 5533">
     <span class='ocr_line' id='line_1_113' title="bbox 1789 5463 3365 5533; baseline 0.001 -16"><span class='ocrx_word' id='word_1_788' title='bbox 1789 5464 1893 5528; x_wconf 89' lang='lat' dir='ltr'><strong>tio;</strong></span> <span class='ocrx_word' id='word_1_789' title='bbox 1932 5463 1985 5517; x_wconf 87' lang='lat' dir='ltr'><strong>in</strong></span> <span class='ocrx_word' id='word_1_790' title='bbox 2020 5463 2298 5533; x_wconf 89' lang='lat' dir='ltr'><strong>prioribus</strong></span> <span class='ocrx_word' id='word_1_791' title='bbox 2338 5474 2519 5519; x_wconf 90' lang='lat' dir='ltr'><strong>autem</strong></span> <span class='ocrx_word' id='word_1_792' title='bbox 2554 5464 2807 5518; x_wconf 18' lang='lat' dir='ltr'><strong>secunda.</strong></span> <span class='ocrx_word' id='word_1_793' title='bbox 2831 5472 2997 5515; x_wconf 83' lang='lat' dir='ltr'><strong>tetras</strong></span> <span class='ocrx_word' id='word_1_794' title='bbox 3027 5477 3135 5520; x_wconf 86' lang='lat' dir='ltr'><strong>non</strong></span> <span class='ocrx_word' id='word_1_795' title='bbox 3168 5463 3365 5518; x_wconf 12' lang='lat' dir='ltr'><strong>inune-i</strong></span> 
     </span>
    </p>
   </div>
   <div class='ocr_carea' id='block_1_114' title="bbox 1786 5556 3369 5629">
    <p class='ocr_par' dir='ltr' id='par_1_114' title="bbox 1786 5556 3369 5629">
     <span class='ocr_line' id='line_1_114' title="bbox 1786 5556 3369 5629; baseline -0.001 -16"><span class='ocrx_word' id='word_1_796' title='bbox 1786 5557 1934 5613; x_wconf 89' lang='lat' dir='ltr'><strong>diate</strong></span> <span class='ocrx_word' id='word_1_797' title='bbox 1967 5573 1997 5611; x_wconf 93' lang='lat' dir='ltr'><strong>a</strong></span> <span class='ocrx_word' id='word_1_798' title='bbox 2030 5556 2175 5628; x_wconf 88' lang='lat' dir='ltr'><strong>Sige,</strong></span> <span class='ocrx_word' id='word_1_799' title='bbox 2210 5558 2303 5614; x_wconf 91' lang='lat' dir='ltr'><strong>sed</strong></span> <span class='ocrx_word' id='word_1_800' title='bbox 2334 5574 2364 5619; x_wconf 85' lang='lat' dir='ltr'><strong>a</strong></span> <span class='ocrx_word' id='word_1_801' title='bbox 2391 5557 2631 5611; x_wconf 86' lang='lat' dir='ltr'><strong>Veritate</strong></span> <span class='ocrx_word' id='word_1_802' title='bbox 2656 5557 2975 5626; x_wconf 89' lang='lat' dir='ltr'><strong>producitur</strong></span> <span class='ocrx_word' id='word_1_803' title='bbox 3003 5574 3017 5611; x_wconf 89' lang='lat'><strong>:</strong></span> <span class='ocrx_word' id='word_1_804' title='bbox 3043 5556 3157 5619; x_wconf 61' lang='lat' dir='ltr'><strong>hec</strong></span> <span class='ocrx_word' id='word_1_805' title='bbox 3200 5558 3369 5629; x_wconf 84' lang='lat' dir='ltr'><strong>igitur</strong></span> 
     </span>
    </p>
   </div>
   <div class='ocr_carea' id='block_1_115' title="bbox 1790 5648 3363 5709">
    <p class='ocr_par' dir='ltr' id='par_1_115' title="bbox 1790 5648 3363 5709">
     <span class='ocr_line' id='line_1_115' title="bbox 1790 5648 3363 5709; baseline 0.002 -7"><span class='ocrx_word' id='word_1_806' title='bbox 1790 5650 1855 5702; x_wconf 85' lang='lat' dir='ltr'><strong>ad</strong></span> <span class='ocrx_word' id='word_1_807' title='bbox 1889 5650 2214 5703; x_wconf 88' lang='lat' dir='ltr'><strong>sententiam</strong></span> <span class='ocrx_word' id='word_1_808' title='bbox 2255 5648 2515 5703; x_wconf 87' lang='lat' dir='ltr'><strong>Blondclli</strong></span> <span class='ocrx_word' id='word_1_809' title='bbox 2564 5648 2697 5704; x_wconf 92' lang='lat' dir='ltr'><strong>nihil</strong></span> <span class='ocrx_word' id='word_1_810' title='bbox 2728 5649 2953 5709; x_wconf 87' lang='lat' dir='ltr'><strong>omnino</strong></span> <span class='ocrx_word' id='word_1_811' title='bbox 2984 5648 3211 5705; x_wconf 75' lang='lat' dir='ltr'><strong>faciunt.</strong></span> <span class='ocrx_word' id='word_1_812' title='bbox 3258 5651 3363 5705; x_wconf 81' lang='lat' dir='ltr'><strong>Sed</strong></span> 
     </span>
    </p>
   </div>
   <div class='ocr_carea' id='block_1_116' title="bbox 1792 5738 3365 5819">
    <p class='ocr_par' dir='ltr' id='par_1_116' title="bbox 1792 5738 3365 5819">
     <span class='ocr_line' id='line_1_116' title="bbox 1792 5738 3365 5819; baseline 0.003 -24"><span class='ocrx_word' id='word_1_813' title='bbox 1792 5752 1847 5795; x_wconf 84' lang='lat' dir='ltr'><strong>ut</strong></span> <span class='ocrx_word' id='word_1_814' title='bbox 1888 5742 1941 5795; x_wconf 89' lang='lat' dir='ltr'><strong>in</strong></span> <span class='ocrx_word' id='word_1_815' title='bbox 1976 5741 2066 5796; x_wconf 89' lang='lat' dir='ltr'><strong>illo</strong></span> <span class='ocrx_word' id='word_1_816' title='bbox 2109 5740 2415 5819; x_wconf 82' lang='lat' dir='ltr'><strong>fragmento</strong></span> <span class='ocrx_word' id='word_1_817' title='bbox 2460 5738 2629 5800; x_wconf 87' lang='lat' dir='ltr'><strong>multa</strong></span> <span class='ocrx_word' id='word_1_818' title='bbox 2677 5749 2932 5812; x_wconf 84' lang='lat' dir='ltr'><strong>corrupta</strong></span> <span class='ocrx_word' id='word_1_819' title='bbox 2981 5752 3126 5807; x_wconf 84' lang='lat' dir='ltr'><strong>sunt,</strong></span> <span class='ocrx_word' id='word_1_820' title='bbox 3158 5742 3227 5796; x_wconf 84' lang='lat' dir='ltr'><strong>ita</strong></span> <span class='ocrx_word' id='word_1_821' title='bbox 3278 5744 3365 5801; x_wconf 75' lang='lat' dir='ltr'><strong>hic</strong></span> 
     </span>
    </p>
   </div>
  </div>
