3770 6302
402 286 500 343 511

1434 285 1492 342 S.
1535 285 1882 345 lGNATlUS.
1922 320 1991 331 —
2029 290 2563 347 PROLEGOMENA.

3550 292 3644 347 312

402 403 569 457 etiam
599 402 758 458 locus
784 402 920 458 mihi
955 418 1124 460 unus
1162 419 1270 459 non
1301 404 1547 471 videtur;
1578 422 1705 461 nam
1736 407 1821 461 vel
1850 406 1984 479 αὕτη
2018 413 2060 469 Α
2089 407 2209 463 Νιιη
2242 410 2407 464 velint
2436 409 2621 482 Logon
2660 408 2948 478 genuisse;
2978 422 3257 478 nunquam
3299 414 3485 461 tamen
3531 422 3642 462 eum

402 493 461 547 δὲ
495 494 529 565 ἡ
563 495 629 547 ὲκ
657 494 751 547 τοῦ
786 494 995 565 Harpe;
1029 495 1119 548 καὶ
1149 496 1250 566 τῆς
1281 497 1447 567 Σιγῆς
1478 496 1759 569 ’Λλήθειαν
1792 499 1984 552 imme-

404 583 555 638 diate
600 584 993 655 przecedentem
1038 595 1268 655 spectat,
1316 603 1438 656 qua:
1486 589 1789 642 secundum
1834 588 1983 643 hunc

412 673 851 731 Valentinianum
894 692 960 731 ex
995 675 1157 732 Patre
1203 688 1256 733 ct
1304 676 1429 749 Sige
1470 688 1733 749 prognata
1781 688 1985 743 est,.et

405 774 539 822 tunc
578 768 783 838 aliquid
828 780 954 825 ante
983 780 1300 839 sequentem
1343 786 1534 826 vocem
1567 773 1765 843 τετράς
1795 760 1980 838 deest;

404 860 490 914 vel
517 875 617 929 pro
644 862 811 931 Σιγῆς
857 862 1084 916 omnino
1122 863 1408 933 legendum
1455 872 1540 918 est
1589 864 1892 934 ’ΛληΟείας,
1927 875 1986 919 ut

406 951 522 1006 lucc
556 954 985 1021 praecedentibus
1028 954 1373 1009 conveniant.
1408 954 1631 1010 Frustra
1662 958 1825 1011 etiam
1876 957 1983 1012 huc

404 1042 635 1098 advocat
681 1044 997 1099 Blondellus
1043 1056 1301 1114 corrupta
1352 1046 1445 1099 illa
1488 1046 1652 1101 verba
1692 1047 1881 1118 Cyrilli
1928 1047 1983 1101 in

402 1137 677 1192 catechesi
707 1138 740 1192 6
766 1157 779 1192 :
804 1139 1092 1209 Ἐγέννησε
1117 1138 1303 1209 Σιγὴν,
1329 1140 1420 1191 καὶ
1453 1139 1559 1191 ἀπὸ
1581 1140 1747 1210 Σιγῆς
1777 1143 1986 1195 ἐτεκνο-

400 1230 547 1283 ποίει
579 1231 772 1299 Λόγου.
809 1230 989 1285 Locus
1016 1231 1105 1284 ille
1139 1231 1319 1285 adhuc
1350 1230 1403 1283 in
1433 1231 1631 1284 mendo
1662 1234 1845 1296 cubat,
1884 1250 1985 1289 nec

403 1327 473 1380 ab
508 1325 803 1394 interprete
837 1324 1142 1379 intellectus
1171 1331 1274 1377 est.
1311 1324 1435 1375 Ὅτι
1463 1324 1491 1375 ὁ
1525 1322 1694 1387 Bede;
1727 1326 1983 1397 ἐγέννησε

400 1417 604 1489 Σιγὴν,
636 1420 729 1471 καὶ
780 1418 887 1471 ἀπὸ
932 1418 1032 1488 τῆς
1074 1418 1242 1488 Σιγῆς
1291 1418 1622 1473 ὲτεκνοποίει
1661 1419 1855 1487 Λόγου,
1889 1419 1983 1473 τοῦ

401 1510 535 1581 παρ’
560 1510 818 1580 Ἕλλησιν
867 1511 1007 1574 Διός·
1060 1504 1217 1575 οὗτος
1279 1511 1475 1583 χείρων
1521 1510 1615 1564 τοῦ
1663 1513 1729 1582 τῇ
1780 1511 1981 1581 ἀδελφῇ

404 1602 753 1672 μιγνυμένου·
790 1602 978 1656 τέκνον
1010 1602 1119 1675 γὰρ
1164 1599 1302 1657 εἶναι
1342 1604 1437 1658 τοῦ
1480 1603 1651 1657 Βυθοῦ
1703 1604 1918 1673 ὲλέγετο
1949 1605 1983 1673 ή

402 1697 610 1767 Σιωπή.
648 1695 721 1750 lta
751 1696 939 1751 Graeca
964 1698 1127 1752 verba
1156 1697 1299 1751 edita
1325 1706 1379 1751 et
1404 1698 1658 1753 distincta
1689 1707 1837 1761 sunt,
1859 1715 1981 1767 qua!

399 1787 639 1844 Joannes
677 1790 979 1845 Grodecius
1040 1790 1121 1845 sic
1169 1790 1556 1860 interpretatus
1603 1800 1685 1846 est
1723 1810 1735 1844 :
1778 1810 1795 1841 ι
1825 1790 1979 1856 Quod

398 1880 637 1951 Bythos,
670 1881 723 1935 id
767 1890 852 1935 est
898 1879 1259 1950 profundum,
1290 1881 1540 1951 genuerit
1587 1880 1781 1949 Sigen,
1815 1882 1865 1934 id
1901 1890 1984 1937 est

400 1970 710 2034 Silentium,
729 1972 861 2026 etde
887 1972 1012 2043 Sige
1036 1971 1664 2043 procrearitLogon,qui
1682 1970 1894 2042 Jupiter
1915 1974 1985 2027 sit

397 2063 715 2132 gentilibus,
742 2073 797 2118 et
823 2065 1061 2119 deterior
1086 2080 1148 2119 ac
1176 2064 1404 2119 inferior
1425 2081 1489 2119 eo
1519 2066 1611 2133 qui
1637 2080 1761 2119 eum
1794 2080 1983 2119 sorore

397 2156 468 2210 sit
502 2157 719 2211 mistus.
766 2156 892 2225 Sige
922 2157 1066 2211 enim
1108 2157 1264 2228 Bythi
1313 2157 1422 2211 ﬁlia
1464 2157 1767 2211 dicebatur.
1794 2175 1811 2207 ι
1843 2155 1979 2210 Mira

396 2248 487 2302 bic
538 2248 702 2302 tradit
743 2247 1013 2318 interpres
1064 2250 1131 2304 de
1174 2248 1324 2319 Logo
1362 2248 1747 2305 Valentiniano
1775 2251 1866 2321 qui
1912 2251 1984 2306 sit

394 2338 607 2409 Jupiter
650 2342 964 2410 gentilibus.
1012 2341 1165 2411 Legit
1210 2344 1491 2397 enimvero
1525 2343 1579 2396 in
1615 2360 1719 2398 ms.
1752 2359 1853 2399 suo
1880 2358 1981 2398 vo-

396 2446 517 2485 cem
539 2433 844 2501 Aevomsed
874 2442 1130 2504 corrupte
1154 2442 1458 2499 exaratam,
1486 2450 1657 2504 quare
1681 2444 1736 2489 et
1767 2450 1795 2488 a
1829 2436 1981 2505 prio-

397 2525 552 2579 ribus
579 2534 632 2579 ct
653 2539 682 2577 a
707 2526 1063 2594 sequentibus
1088 2526 1142 2579 in
1171 2524 1375 2581 Graecis
1399 2527 1668 2589 distinxit,
1690 2526 1743 2580 in
1771 2526 1981 2582 Latinis

397 2628 582 2673 autem
630 2619 848 2687 utrique
890 2620 1176 2674 sententia:
1219 2618 1544 2689 conjunxit,
1597 2636 1720 2674 cum
1770 2620 1982 2673 ἐτεκνο-

396 2708 542 2762 ποίει
571 2708 875 2778 componit,
903 2725 967 2764 ac
1010 2709 1056 2764 si
1087 2710 1350 2779 scriptum
1380 2722 1526 2765 esset
1556 2709 1728 2779 Λόγον
1762 2712 1979 2781 (quem-

396 2798 693 2853 admodum
726 2801 780 2854 in
818 2816 922 2854 ms.
971 2797 1267 2856 Oxoniensi
1314 2802 1537 2871 -egitur)
1569 2817 1694 2855 cum
1731 2800 1824 2855 τοῦ
1858 2802 1980 2864 Διός

400 2893 706 2964 conjungit,
738 2909 803 2948 ac
849 2895 893 2948 si
941 2894 1133 2948 eodem
1186 2910 1315 2949 casu
1362 2895 1653 2964 legeretur,
1692 2904 1855 2963 atque
1906 2895 1976 2949 ita

400 2985 583 3039 omnia
614 2986 918 3041 confundit.
938 2986 995 3041 Si
1022 2987 1192 3056 Λόγον
1226 2986 1449 3056 quidem
1483 2989 1749 3056 legamus,
1780 3003 1978 3043 sensus

2087 503 2267 573 Logon
2304 521 2368 557 ex
2419 504 2543 575 Sige
2588 504 2850 558 emissum
2897 502 3274 556 admittebant.
3313 500 3522 572 Bytbus
3568 502 3645 554 hic

2085 608 2152 647 ex
2196 592 2325 664 Sige
2359 603 2620 662 tanquam
2649 608 2715 646 ex
2743 591 2853 646 tilia
2885 606 2984 647 sua
3015 600 3238 661 generat
3267 591 3508 645 liberos:
3529 601 3579 643 at
3606 594 3643 643 si

2088 687 2504 741 Valentinianus
2532 686 2803 755 quispiam
2847 685 2994 740 dicat
3048 682 3168 738 Nun
3212 698 3304 738 seu
3331 682 3553 737 Patrem
3589 700 3643 737 ex

2088 779 2214 851 Sige
2261 780 2493 834 Eonem
2535 779 2771 848 aliquem
2814 792 3153 848 procreasse,
3191 776 3243 830 id
3291 775 3504 830 factum
3550 793 3643 828 non

2084 888 2150 927 ex
2182 872 2311 935 tilia,
2348 870 2442 926 sed
2477 886 2545 925 ex
2578 880 2752 924 matre
2777 870 3067 924 docebant.
3102 868 3248 938 Logo
3274 867 3445 938 igitur
3474 866 3645 937 Cyrilli

2086 964 2462 1019 infelicissime
2505 978 2640 1018 usus
2691 971 2775 1017 est
2815 961 3160 1026 Blondellus;
3210 968 3263 1014 et
3304 960 3446 1014 satis
3484 960 3648 1012 adhuc

2086 1057 2435 1113 manifestum
2460 1064 2543 1111 est
2577 1072 2606 1109 a
2630 1054 2918 1109 Valentino
2947 1068 3225 1122 nunquam
3255 1051 3468 1107 dictum
3495 1049 3650 1102 fuisse

2085 1151 2256 1216 Λόγον
2288 1150 2395 1203 ἀπὸ
2426 1149 2590 1218 Σιγῆς
2622 1147 2925 1216 προελθεῖν.

2159 1240 2419 1309 Exposita
2474 1240 2767 1304 sententia,
2825 1237 3239 1305 rationibusque
3294 1234 3511 1288 nostris
3563 1232 3648 1283 ad-

2083 1348 2275 1388 versus
2326 1332 2586 1387 Blondelli
2622 1332 2855 1388 astutias
2904 1328 3163 1394 defensis,
3203 1328 3498 1382 videamus
3536 1324 3648 1390 quid

2087 1425 2345 1479 Dallzeum
2364 1424 2594 1478 moverit
2618 1432 2677 1478 ut
2708 1423 2866 1477 aliter
2892 1421 3152 1476 sentiret:
3181 1439 3199 1472 ι
3220 1419 3334 1490 Ipsa
3352 1420 3481 1472 haec
3503 1419 3648 1471 verba

2086 1516 2141 1569 in
2185 1514 2533 1570 Valentinum
2583 1514 2737 1578 ferri,
2771 1515 3000 1583 ejusque
3046 1513 3298 1568 delirium
3338 1511 3528 1573 ferire,
3555 1526 3648 1562 non

2084 1616 2188 1670 est,
2229 1609 2426 1679 inquit,
2465 1618 2524 1663 ut
2556 1609 2772 1678 opinor,
2797 1607 3109 1662 obscurius.
3150 1624 3169 1657 ι
3206 1604 3457 1658 Primum
3503 1616 3649 1671 quam

2087 1703 2304 1764 timide,
2344 1711 2404 1757 ut
2436 1701 2686 1771 «opinor,
2724 1720 2742 1752 ι
2768 1709 2841 1763 et,
2883 1718 2901 1750 ε
2960 1714 3067 1753 non
3122 1698 3453 1753 obscurius!
3496 1717 3514 1748 ι
3552 1695 3652 1750 lmo

2083 1811 2213 1851 vero
2242 1796 2551 1850 certissime
2577 1793 2889 1856 obscurius,
2912 1800 2985 1857 et,
3004 1800 3063 1845 ut
3090 1791 3306 1860 opinor,
3328 1788 3648 1849 absurdius;

2085 1888 2231 1957 quod
2261 1901 2325 1939 ex
2361 1885 2461 1937 viri
2494 1883 2797 1939 doctissimi
2827 1882 3146 1951 probatione
3171 1879 3381 1949 patebit
3412 1878 3651 1932 luculen-

2085 1980 2213 2033 tius.
2257 1977 2335 2032 Ex
2372 1976 2579 2031 lremeo
2621 1976 2841 2044 quidem
2878 1973 3183 2029 fabulosam
3212 1972 3495 2026 Valentini
3530 1971 3651 2024 divi-

2083 2073 2310 2125 nitatem
2360 2068 2921 2139 exponit,eademque
2958 2064 3381 2126 Tertullianum,
3431 2062 3653 2132 Epipha-

2086 2163 2235 2215 nium
2258 2173 2311 2215 et
2330 2160 2467 2213 alios
2488 2159 2700 2213 tradere
2727 2156 2946 2212 asserit.
2966 2154 3090 2210 Haec
3110 2169 3255 2209 nunc
3280 2168 3393 2207 non
3415 2154 3650 2215 excutio;

2085 2254 2176 2309 sed
2206 2270 2336 2306 num
2368 2255 2627 2317 lrenasus,
2646 2250 2726 2307 vel
2759 2250 2900 2305 alius
2927 2249 3221 2318 quisquam
3258 2248 3314 2301 in
3345 2246 3651 2301 enarranda

2083 2344 2358 2400 Valentini
2407 2345 2691 2401 divinitate
2739 2342 3094 2412 traditSigen
3142 2341 3425 2412 peperisse
3457 2341 3649 2409 LOgon,

2083 2445 2177 2489 aut
2201 2435 2384 2506 Logon
2415 2452 2522 2489 non
2550 2435 2683 2489 dicit
2715 2436 2781 2488 ab
2806 2435 2912 2487 alia
2936 2449 3100 2503 quam
3139 2434 3277 2501 Sige.
3298 2432 3478 2487 fuisse
3504 2432 3651 2484 emis-

2083 2529 2247 2582 sum?
2282 2526 2397 2581 Hoc
2422 2543 2530 2581 non
2563 2528 2716 2591 dicit,
2745 2528 2889 2597 quod
2916 2526 3144 2580 omnino
3172 2526 3357 2579 dicere
3386 2524 3592 2584 debuit,
3614 2523 3651 2573 si

2084 2620 2292 2689 aliquid
2346 2619 2489 2689 quod
2545 2618 2613 2671 ad
2675 2634 2832 2672 suam
2871 2618 3198 2673 sententiam
3226 2612 3651 2669 conﬁrmandam

2084 2716 2309 2776 valeret,
2343 2712 2538 2767 alferre
2584 2712 2763 2766 vellet.
2799 2711 2904 2766 Sed
2950 2711 3071 2780 ejus
3120 2710 3242 2763 loco
3294 2710 3403 2761 hoc
3456 2717 3650 2761 tantum

2083 2806 2251 2861 dixit:
2284 2824 2302 2856 ι
2345 2804 2588 2871 Quorum
2616 2818 2775 2858 nemo
2807 2814 2889 2858 est
2917 2803 3014 2873 qui
3053 2816 3161 2855 non
3186 2816 3216 2854 a
3253 2799 3382 2868 Sige
3409 2800 3651 2864 eductum

2084 2914 2113 2951 a
2130 2896 2419 2952 Valentino
2435 2896 2641 2967 Logon,
2669 2897 2750 2949 vel
2777 2896 3089 2949 immediate
3118 2902 3179 2946 ut
3202 2908 3233 2946 a
3266 2899 3447 2945 matre
3470 2891 3649 2947 ﬁliuni,

2082 2989 2167 3043 vel
2216 2998 2364 3043 certe
2426 2989 2659 3043 mediate
2707 2998 2769 3041 ut
2833 2988 2901 3041 ab
2944 2987 3067 3040 avia
3119 2992 3374 3053 nepotem
3425 2999 3653 3037 eomme~

395 3077 686 3132 verborum
710 3078 799 3132 hic
824 3079 1145 3150 perspicuus
1165 3088 1249 3135 est
1273 3098 1284 3133 :
1312 3098 1330 3129 ι
1356 3078 1561 3151 Bythus
1578 3080 1767 3149 genuit
1792 3078 1980 3151 Sigen,
2007 3091 2049 3148 ο
2085 3089 2281 3135 moret.
2320 3100 2339 3133 ι
2378 3082 2493 3133 Imo
2526 3096 2656 3134 vero
2682 3079 2797 3133 bzec
2824 3079 2877 3133 in
2910 3078 3011 3131 bac
3042 3092 3100 3131 re
3128 3076 3424 3153 distinctio
3459 3078 3527 3129 de
3558 3092 3653 3128 me-

395 3177 450 3222 et
468 3183 497 3221 e
522 3166 648 3238 Sige
677 3169 954 3239 generavit
980 3167 1210 3240 Legum.
1242 3167 1374 3224 Jove
1400 3170 1684 3238 gentilium
1712 3170 1801 3225 hic
1828 3171 1980 3240 pejor

396 3271 504 3325 est,
540 3262 634 3331 qui
666 3278 789 3316 cum
839 3278 1030 3317 sorore
1078 3263 1274 3318 mistus
1311 3272 1411 3319 est.
1453 3262 1591 3317 Filia
1622 3264 1767 3317 enim
1821 3264 1977 3335 Bytbi

394 3355 680 3410 dicebatur
704 3353 887 3424 Siope.
916 3375 935 3407 ι
972 3355 1076 3410 Sed
1108 3356 1196 3409 illa
1230 3371 1334 3411 vox
1366 3356 1544 3425 Λόγου
1574 3372 1696 3426 qua:
1720 3357 1867 3411 hunc
1900 3358 1980 3411 Ιο⁴

396 3463 520 3501 cum
554 3447 691 3502 adeo
724 3448 961 3502 turbavit
992 3449 1216 3503 omnino
1248 3450 1559 3505 necessaria
1592 3466 1701 3505 non
1733 3460 1837 3514 est,
1865 3450 1979 3504 sive

393 3539 601 3608 priora,
634 3538 748 3593 sive
780 3539 1083 3609 posteriora
1111 3541 1278 3595 verba
1309 3541 1598 3610 respicias.
1648 3541 1980 3597 Posteriori-

392 3630 497 3685 bus
532 3645 640 3684 non
672 3632 951 3699 competit,
984 3631 1129 3699 quod
1174 3630 1476 3686 Grodecius
1518 3631 1711 3685 voluit.
1744 3632 1980 3705 Cyrillus

394 3724 541 3777 enim
571 3738 679 3776 non
715 3723 924 3793 l.ogon,
956 3725 1048 3778 sed
1082 3723 1315 3794 Bytbum
1340 3722 1460 3777 Jovi
1487 3733 1788 3791 comparat.
1824 3724 1980 3778 Prio-

395 3813 551 3866 ribus
584 3828 759 3881 neque
802 3811 979 3880 Λόγου
1011 3813 1292 3883 competit,
1326 3829 1503 3883 neque
1526 3815 1696 3882 Λόγον
1727 3830 1979 3869 necessa-

395 3904 539 3958 rium
591 3914 709 3969 est;
752 3920 882 3963 nam
921 3904 1484 3962 τεκνοποιεῖνλὶὺεγοδ
1523 3920 1821 3972 procreare,
1854 3905 1978 3974 qui-

395 4010 612 4064 cunque
642 3995 857 4049 tandem
886 3996 960 4047 illi
988 3994 1118 4055 sint,
1150 3994 1285 4049 satis
1319 3994 1383 4047 ad
1421 3994 1585 4064 hujus
1612 3995 1715 4049 loci
1753 4011 1976 4051 sensum

395 4084 813 4156 exprimendum
877 4086 1040 4139 valet.
1092 4084 1258 4138 Docet
1303 4083 1449 4138 enim
1502 4084 1745 4155 Cyrillus
1784 4083 1975 4139 Jovem

396 4177 576 4231 sorori
632 4176 857 4231 mistum
902 4175 1103 4238 fuisse,
1145 4174 1377 4245 Bythum
1425 4190 1493 4229 ex
1544 4176 1655 4229 (ilia
1699 4192 1797 4231 sua
1852 4192 1980 4245 pro-

394 4283 615 4323 creasse
661 4268 863 4322 liberos
902 4267 1090 4337 :quod
1131 4266 1346 4335 turpius
1383 4276 1485 4321 est.
1534 4266 1797 4334 Quamvis
1842 4270 1976 4323 mihi

2083 3173 2227 3226 diata
2263 3180 2317 3226 et
2352 3172 2665 3225 immediata
2692 3170 2981 3224 eductione
3008 3179 3094 3222 est
3122 3168 3208 3223 vel
3232 3168 3301 3221 ab
3326 3168 3477 3236 ipso,
3513 3165 3591 3219 vel
3627 3184 3649 3214 ει

2084 3265 2363 3319 Blondello
2410 3265 2747 3334 excogitata;
2794 3252 2977 3331 neque
3018 3261 3140 3315 talis
3194 3260 3420 3315 eductio
3455 3259 3526 3313 ab
3558 3258 3653 3310 ullo

2085 3358 2315 3411 istorum
2375 3352 2601 3409 Patrum
2662 3364 2749 3409 est
2798 3354 3082 3423 exposita;
3116 3367 3277 3407 nemo
3332 3367 3534 3407 eorum
3582 3349 3654 3403 vel

2080 3448 2316 3503 mediate
2356 3447 2442 3502 vel
2491 3446 2803 3501 immediate
2858 3444 3045 3515 Logon
3077 3443 3159 3498 vel
3192 3459 3260 3499 ex
3317 3441 3455 3512 Sige
3484 3440 3565 3496 vel
3597 3455 3653 3493 ex

2081 3538 2194 3592 alio
2225 3537 2402 3592 Eone
2450 3538 2706 3592 eductum
2740 3535 2912 3591 fuisse
2940 3535 3094 3589 dixit.
3120 3533 3244 3588 Haec
3288 3528 3652 3601 distinguendi

2082 3626 2359 3681 subtilitas
2386 3636 2438 3680 et
2472 3624 2742 3680 Valentini
2770 3636 2822 3680 et
2851 3624 3073 3677 Patrum
3099 3638 3214 3677 aevo
3244 3622 3409 3693 longe
3441 3620 3655 3674 inferior

2081 3734 2202 3773 esse
2250 3720 2637 3787 cognoscitur;
2668 3732 2769 3771 nec
2808 3718 2883 3770 ibi
2923 3715 3169 3770 adhiberi
3214 3713 3435 3778 debuit,
3474 3712 3563 3765 ubi
3597 3710 3654 3762 de

2083 3809 2227 3863 nuda
2260 3824 2452 3863 eorum
2486 3809 2754 3864 sententia
2788 3809 3071 3878 quaeritur.
3100 3805 3365 3859 Praeterea
3396 3818 3651 3873 quorsum

2083 3903 2199 3957 hzec
2251 3902 2531 3956 distinctio
2587 3903 2641 3956 iu
2693 3902 2803 3956 duo
2860 3901 3129 3963 membra,
3163 3908 3221 3951 ut
3249 3897 3318 3950 sit
3346 3894 3542 3967 Logus
3576 3895 3652 3947 vel

2081 3992 2228 4050 filius
2270 3994 2445 4062 Siges,
2475 3995 2561 4049 vel
2593 3994 2801 4065 nepos?
2831 3992 2913 4047 An
2964 3992 3252 4062 quisquam
3298 4004 3501 4044 eorum
3528 4003 3653 4058 quos

2081 4093 2497 4153 commemorat,
2546 4085 2735 4157 Logon
2778 4086 2935 4154 Siges
2962 4085 3133 4138 tilium
3161 4082 3439 4146 nominat,
3476 4091 3567 4136 aut
3595 4096 3649 4133 ex

2083 4176 2209 4249 Sige
2238 4178 2553 4234 immediate
2576 4180 2779 4246 educit,
2808 4189 2869 4233 ut
2899 4177 3132 4232 Dallteus
3164 4192 3289 4231 eum
3320 4187 3478 4231 recte
3510 4174 3650 4244 Siges

2080 4272 2253 4326 ﬁlium
2302 4287 2500 4327 vocare
2534 4272 2743 4342 possit?
2774 4271 2921 4326 Dixit
2954 4270 3175 4341 quidem
3215 4270 3464 4325 lrenmus
3494 4267 3650 4333 Λόγον

394 4358 697 4413 etiamnum
748 4358 985 4411 maxime
1033 4357 1295 4424 arrideat,
1325 4358 1471 4427 quod
1525 4359 1654 4413 olim
1696 4360 1826 4413 mihi
1872 4360 1883 4412 i

2169 4386 2204 4420 ιν
2238 4363 2579 4439 μονογενοῦς,
2608 4383 2626 4414 ‹
2653 4362 2889 4415 Verbum
2914 4360 3187 4431 Unigeniti
3217 4358 3442 4425 Filium,
3470 4379 3489 4411 ι
3516 4358 3658 4427 δείξω

394 4452 449 4509 in
477 4462 712 4508 mentem
751 4454 917 4515 venit,
948 4450 1236 4519 legendum
1275 4452 1483 4506 scilicet
1514 4466 1634 4506 esse
1664 4468 1769 4505 non
1801 4454 1975 4520 Λόγου
2007 4437 2052 4493 D
2077 4437 2249 4512 lilium
2271 4472 2381 4511 non
2407 4456 2562 4509 dixit.
2586 4453 2702 4523 Ipse
2724 4450 2988 4506 Irenaeum
3013 4450 3655 4505 adducitutostendatex

393 4545 476 4597 "cl
507 4545 699 4612 Λόγον,
736 4545 825 4597 sed
851 4544 996 4614 λόγῳ
1028 4540 1124 4596 τοῦ
1160 4544 1302 4607 Διός,
1336 4542 1401 4596 ad
1438 4543 1680 4605 modum,
1711 4545 1792 4597 vel
1822 4544 1976 4597 simi-

396 4636 683 4691 litudinem
725 4635 898 4703 Jovis,
927 4654 989 4692 ea
1036 4637 1247 4693 ratione
1279 4652 1387 4705 qua
1423 4635 1635 4705 Jupiter
1670 4637 1977 4704 procreavit

396 4726 617 4789 liberos,
648 4738 708 4779 ut
748 4727 891 4798 λόγῳ
934 4728 1317 4781 adverbialiter
1367 4735 1649 4790 sumatur,
1684 4742 1860 4796 neque
1906 4727 1974 4781 ad

395 4817 629 4880 [Eonem
680 4818 1122 4873 Valentinianum
1174 4820 1400 4875 omnino
1434 4826 1664 4886 spectet.
1713 4818 1873 4872 Certe
1927 4818 1972 4871 si

391 4910 550 4978 λόγον
582 4911 955 4975 admittamus,
987 4911 1249 4983 Cyrillum
1281 4911 1537 4981 dogmata
1566 4909 1837 4964 Valentini
1870 4910 1974 4962 mi-

392 5003 544 5057 riﬁce
597 5000 933 5057 confundere
974 5003 1263 5056 dicendum
1312 5012 1432 5068 est;
1464 5018 1640 5072 neque
1688 5003 1972 5057 excusatio

392 5094 656 5150 Blondelli
701 5094 1000 5163 quidquam
1040 5095 1202 5156 valet.
1236 5095 1394 5162 quasi
1432 5093 1663 5165 Bytbum
1697 5110 1792 5149 seu
1840 5095 1974 5148 Pro-

394 5197 636 5261 patorem
664 5202 787 5241 cum
816 5184 896 5237 Nu
922 5202 1017 5241 seu
1046 5186 1203 5241 Patre
1223 5185 1635 5240 Valentinianos
1657 5186 1972 5242 eonfudisse

393 5289 619 5334 statuat.
649 5278 784 5333 Nam
818 5279 862 5334 si
900 5295 1175 5349 supponas
1202 5280 1291 5333 hic
1317 5278 1555 5344 Patrem,
1582 5295 1675 5333 seu
1703 5278 1846 5341 Nun,
1872 5293 1971 5348 pro

394 5370 565 5440 Bytbo
585 5382 637 5425 et
662 5371 960 5442 Propatore
984 5373 1124 5427 sumi
1156 5373 1371 5434 debere,
1395 5374 1581 5426 omnia
1608 5374 1786 5427 adhuc
1810 5382 1973 5428 erunt

397 5478 420 5514 a
458 5462 642 5516 schola
681 5461 952 5518 Valentini
993 5480 1220 5533 prorsus
1250 5466 1448 5518 aliena.
1484 5464 1690 5535 Bytbus
1716 5466 1803 5518 hic
1836 5467 1971 5521 dici-

387 5554 481 5599 tur
508 5549 760 5611 genuisse
792 5550 976 5621 Sigen,
1002 5563 1056 5605 at
1085 5551 1247 5623 Sigen
1276 5571 1303 5607 a
1334 5554 1414 5608 Nu
1443 5566 1751 5623 generatam
1777 5555 1968 5619 fuisse,

390 5649 555 5690 nemo
592 5652 830 5706 unquam
878 5638 1381 5696 Valentinianorum
1416 5644 1725 5698 somniavit.
1765 5645 1969 5715 Bythus

388 5725 591 5787 dicitur
620 5742 684 5785 cx
737 5728 861 5803 Sige
894 5734 1151 5809 genuisse
1185 5734 1390 5807 Logon.
1427 5736 1793 5795 Valentiniani
1846 5738 1969 5793 licet

1794 5954 1808 5959 ‘
1841 5956 1871 5974 η

2076 4550 2200 4621 Sige
2241 4549 2511 4620 prodiisse
2535 4546 2679 4611 Non,
2712 4544 2833 4599 Nun
2857 4554 3038 4599 autem
3070 4552 3125 4598 et
3162 4558 3317 4597 suam
3360 4542 3655 4597 Aletheiam

2072 4645 2326 4699 emisisse
2356 4643 2568 4712 Logon,
2597 4652 2650 4695 et
2690 4641 2881 4694 eadem
2907 4638 3304 4693 Tertullianum
3331 4647 3386 4691 et
3431 4637 3655 4707 Epipha-

2075 4736 2224 4789 nium
2250 4733 2505 4788 docuisse
2537 4734 2751 4785 asserit.
2777 4729 2831 4783 Si
2871 4740 3053 4784 autem
3102 4730 3215 4783 haec
3237 4743 3363 4781 vera
3392 4729 3526 4787 sint.
3554 4737 3653 4779 tum

2074 4843 2264 4882 eorum
2291 4840 2453 4879 nemo
2478 4824 2662 4894 Logon
2689 4839 2719 4877 a
2745 4822 2871 4891 Sige
2913 4821 3225 4875 immediate
3265 4830 3379 4875 uta
3404 4830 3579 4873 matre
3606 4817 3657 4870 ti-

2074 4920 2205 4975 lium
2233 4920 2489 4974 eductum
2519 4924 2932 4971 commemorat.
2957 4913 3022 4967 Et
3058 4922 3237 4967 tamen
3261 4928 3388 4967 eum
3428 4913 3533 4967 ista
3558 4921 3655 4964 tam

2074 5010 2368 5066 infeliciter
2397 5008 2646 5070 dixisset,
2676 5020 2739 5059 ac
2768 5006 2812 5058 si
2844 5020 2932 5059 res
2961 5003 3073 5072 jam
3106 5002 3353 5058 confecta
3384 5013 3557 5065 esset,
3591 5002 3656 5054 in.

2074 5099 2194 5168 quit
2230 5115 2245 5151 :
2287 5117 2306 5150 ‹
2347 5096 2473 5153 Ilme
2516 5096 2676 5151 nobis
2727 5095 2996 5151 delibasse
3048 5093 3182 5149 satis
3219 5100 3323 5158 est,
3357 5101 3423 5145 ut
3477 5090 3645 5161 quivis

2076 5185 2339 5256 intelligat
2384 5185 2451 5238 de
2510 5185 2613 5239 hac
2660 5183 2937 5239 Valentini
2989 5182 3328 5252 mataeologia
3382 5184 3644 5252 cogitasse

2073 5278 2318 5346 epistola:
2354 5276 2422 5332 ad
2462 5277 2843 5349 Magnesianos
2898 5278 3243 5345 scriptorem.
3295 5294 3313 5327 ι
3352 5273 3641 5345 Cogitavit.

2074 5368 2301 5434 scilicet,
2334 5370 2422 5423 ille
2468 5372 2729 5439 antiquus
2771 5371 3006 5437 scriptor
3048 5370 3201 5438 prius
3232 5369 3298 5423 de
3330 5368 3568 5422 mediata
3597 5372 3643 5417 et

2074 5460 2384 5514 immediata
2419 5463 2706 5515 eductione
2737 5461 3007 5526 JEonum;
3047 5462 3176 5514 vidit
3205 5460 3508 5515 secundum
3542 5454 3639 5507 Va-

2074 5551 2262 5606 lentini
2299 5556 2621 5607 sententiam
2652 5571 2681 5607 a
2708 5556 2840 5608 viris
2864 5554 3051 5608 eadem
3079 5552 3447 5608 scribentibus
3465 5549 3641 5617 Logon

2071 5659 2101 5696 c
2138 5646 2263 5714 Sige
2298 5646 2379 5698 vel
2408 5655 2467 5699 ut
2496 5655 2670 5699 matre
2692 5687 2705 5709 ,
2747 5647 2829 5700 vel
2858 5656 2915 5700 ut
2945 5648 3064 5699 avia
3106 5645 3388 5706 eductum,
3422 5644 3639 5709 ideoque

2071 5738 2391 5806 simpliciter
2420 5748 2578 5810 negat
2604 5738 2839 5792 Verbum
2868 5755 2929 5794 ex
2959 5738 3175 5794 silentio
3206 5737 3495 5813 prodiissc.
3523 5733 3636 5797 Herc
