3770 6316
146 327 241 385 515

858 324 911 381 J.
948 324 1317 382 PEARSON"
1357 326 1673 382 VINDICIIE

1827 322 2147 379 iATlAN/E.
2188 356 2257 366 -
2292 322 2473 378 rans
2510 300 2622 377 ιιὲ

3277 327 3382 383 δη

145 439 359 497 rationis
402 438 684 496 Dallzeanaa
736 453 974 503 summa.
1026 457 1190 512 quam
1246 444 1471 509 absona,
1515 459 1679 514 quam
1712 446 1758 504 Α
1786 439 2031 494 Nemone
2061 439 2112 492 id
2142 454 2389 494 asserere
2420 439 2595 509 potuit
2633 439 2726 510 qui
2771 439 2891 510 ejus
2922 439 3110 495 deliria
3146 455 3252 495 non
3281 456 3382 496 au-

143 533 342 587 detorta
377 534 500 601 quis
536 547 644 586 non
680 532 861 586 videt?

205 622 471 678 Hactenus
522 622 792 678 Valentini
852 625 1177 678 sententiam
1237 628 1507 694 exposuit,
1555 644 1701 684 nunc

142 715 369 770 auctoris
418 716 579 769 verba
608 731 731 770 cum
775 716 894 785 ejus
920 716 1135 785 placitis
1159 720 1457 787 componit,
1482 728 1542 773 ut
1573 736 1697 776 eum

140 806 200 859 de
226 804 524 870 Valentino,
538 822 663 861 cum
688 807 1257 878 scriberet,cogitasse
1280 811 1488 879 probet.
1512 811 1698 867 Primo

139 896 233 949 hoc
244 896 436 950 exinde
448 896 674 967 colligit,
690 898 836 967 quod
852 898 924 952 ait
947 916 966 949 ι
992 897 1159 953 Deum
1175 916 1296 954 esse
1310 917 1502 957 unum.
1520 921 1537 953 ι
1562 901 1697 958 Mira

139 985 240 1039 haec
288 985 557 1054 probatio.
590 984 785 1041 Nonne
832 1002 1059 1042 causam
1108 990 1246 1045 satis
1271 989 1477 1059 justam
1505 990 1699 1047 habuit

137 1088 312 1133 auctor
364 1079 747 1147 epistolarum,
795 1090 856 1135 ut
910 1079 1079 1136 Deum
1128 1097 1301 1136 unum
1350 1083 1695 1156 diceret,qui

136 1186 264 1239 sa'pe
309 1170 590 1226 Christum
645 1172 813 1226 Deum
864 1188 986 1227 esse
1039 1165 1211 1228 dixit?
1261 1173 1452 1230 Nonne
1503 1193 1695 1234 omnes

82 1268 92 1275 ‘
133 1262 368 1316 Catholici
412 1272 539 1317 ante
594 1262 944 1318 Valentinum
996 1264 1164 1319 Deum
1200 1282 1323 1322 esse
1350 1284 1520 1321 unum
1552 1284 1694 1338 stepe

133 1351 493 1407 afﬁrmarunt?
519 1352 580 1406 Si
632 1352 885 1422 quisquis
920 1353 1058 1407 dixit
1089 1370 1255 1408 unum
1286 1369 1407 1408 esse
1432 1354 1599 1410 Deum
1627 1357 1694 1410 de

133 1439 407 1496 Valentino
443 1443 722 1513 cogitavit,
758 1458 921 1498 nemo
956 1454 1085 1500 ante
1122 1446 1468 1501 Valentinum
1504 1448 1694 1501 catho-

131 1534 221 1588 lice
252 1534 493 1603 scripsit.
524 1533 630 1589 Sed
663 1536 904 1589 nondum
933 1536 1099 1590 etiam
1140 1536 1311 1605 liquet
1342 1535 1691 1593 Valentinum

132 1624 212 1679 Dei
256 1626 519 1680 unitatem
579 1642 826 1698 negasse.
862 1626 999 1682 Nam
1048 1645 1171 1683 cum
1219 1632 1459 1685 Irenteus
1488 1629 1606 1699 ejus
1639 1638 1693 1684 et

129 1717 429 1787 sequacium
463 1720 711 1775 omnium
752 1720 943 1775 deliria
968 1722 1331 1790 exposuisset,
1364 1723 1476 1777 hmc
1506 1724 1687 1789 habet,

1801 533 2050 586 diverat?
2097 531 2167 585 At
2223 532 2329 587 hoc
2373 548 2497 586 cum
2550 531 2822 587 Valentini
2875 532 3078 588 fabulis
3106 548 3213 587 non
3244 548 3383 588 con-

1802 626 1988 679 sentit.
2030 623 2193 678 Recte
2232 642 2245 678 :
2290 633 2453 693 atque
2485 624 2613 679 hinc
2634 623 2873 680 fortasse
2903 625 3157 693 colligere
3184 640 3382 695 possit.

1800 731 1944 780 mus,
1974 722 2253 769 auctorem
2290 713 2533 784 epistolae
2558 730 2665 769 non
2689 714 2859 770 fuisse
2889 715 3330 769 Valentinianum
3360 732 3374 769 :

1799 821 1901 860 nec
1947 805 2094 859 aliud
2140 805 2435 874 quidquam
2463 805 2587 859 inde
2613 806 2882 875 sequitur.
2906 804 3133 872 Quarto,
3171 824 3189 856 ι
3229 805 3381 860 addit

1797 896 2076 951 Christum
2113 895 2208 951 Dei
2250 895 2449 950 Filium
2474 912 2595 951 esse
2616 897 2735 966 ejus
2782 896 2977 965 Λόγον.
3014 915 3033 948 ι
3070 894 3207 950 lline
3234 904 3380 951 recte

1796 987 2032 1042 fortasse
2053 986 2344 1056 colligatur
2369 999 2645 1042 auctorem
2678 998 2926 1043 nostrum
2960 997 3081 1056 post
3118 985 3176 1043 S.
3205 986 3378 1040 Joan-

1796 1095 1922 1134 nem
1954 1080 2341 1149 evangelistam
2368 1080 2677 1149 scripsisse,
2713 1089 2837 1148 post
2860 1078 3205 1134 Valentinum
3244 1094 3379 1132 neu-

1796 1170 2025 1240 liquam.
2072 1187 2091 1219 ‹
2133 1168 2318 1223 Jesum
2348 1170 2565 1237 quidem
2593 1179 2647 1224 et
2686 1169 2966 1224 Christum
2995 1186 3024 1223 a
3057 1170 3239 1225 Verbo
3270 1167 3379 1223 Va-

1795 1260 2038 1315 lentinus
2063 1258 2267 1314 divisit.
2311 1280 2331 1310 ι
2362 1259 2467 1314 Sed
2496 1276 2565 1314 an
2608 1261 2724 1315 htec
2759 1264 2943 1314 omnia
2978 1261 3139 1315 simul
3170 1262 3375 1325 dicere,

1792 1359 1879 1406 est
1936 1349 2280 1405 Valentinum
2334 1349 2605 1405 refutare?
2648 1350 2730 1404 An
2783 1353 3037 1406 eumdem
3092 1351 3277 1406 Jesum
3322 1362 3379 1405 ct

1792 1440 2071 1497 Christum
2096 1450 2149 1496 et
2172 1442 2344 1510 Λόγον
2371 1441 2654 1496 nominare
2686 1452 2770 1496 est
2802 1443 2947 1497 illius
2988 1443 3211 1511 impium
3241 1442 3377 1495 deli~

1794 1531 1937 1585 rium
1963 1531 2256 1601 disjicere?
2280 1532 2397 1586 Non
2428 1543 2581 1602 puto.
2625 1531 2759 1587 Nam
2790 1544 2841 1588 et
2872 1535 2974 1603 ipsi
3006 1533 3377 1589 Valentiniani

1791 1624 2045 1680 eumdem
2100 1637 2153 1679 et
2204 1624 2390 1681 Jesum
2436 1634 2490 1679 et
2520 1625 2797 1681 Christum
2836 1638 2887 1680 et
2925 1626 3095 1694 Λόγον
3122 1626 3377 1679 nomina-

1793 1716 1943 1772 bant.
1974 1715 2086 1772 Hoc
2106 1716 2305 1771 diserte
2331 1718 2495 1771 tradit
2516 1716 2915 1780 Theodoretus,
2955 1718 3049 1771 lib.
3076 1733 3114 1779 ι,
3157 1732 3277 1785 cap.
3300 1717 3329 1769 7
3357 1736 3370 1769 :

128 1785 208 1860 lib.
238 1822 275 1872 ι,
323 1823 445 1878 cap.
494 1810 558 1864 19
589 1828 603 1863 :
639 1830 658 1863 ‹
692 1809 897 1867 Omnes
922 1785 1068 1867 enim
1112 1812 1223 1868 fere
1262 1785 1533 1885 quotquot
1562 1831 1673 1870 sum

1827 1808 2193 1878 [ροὸάλλονται
2225 1808 2315 1862 διὰ
2345 1808 2549 1861 τούτων
2580 1808 2914 1878 τδνίησοῧν,
2938 1808 2996 1861 ὃν
3026 1809 3120 1862 καὶ
3145 1809 3378 1878 Σωτῆρα.

128 1897 342 1955 ᾕρει-οδες
374 1900 547 1956 Deum
577 1902 797 1972 quidem
846 1920 1014 1959 unum
1060 1906 1272 1967 dicunt.
1308 1909 1401 1963 scd
1437 1924 1532 1977 per
1561 1925 1688 1964 sen-

127 1990 323 2044 tentiam
347 1993 491 2045 mala
523 1994 831 2049 immutant.
855 2015 873 2048 ι
906 1994 969 2049 Et
994 2014 1187 2053 rursus
1218 1999 1310 2053 lib.
1335 2016 1387 2053 tv
1406 2041 1419 2062 ,
1436 2016 1557 2070 cap.
1580 2002 1681 2057 58:

128 2098 147 2131 ο
192 2078 460 2137 Judicabit
508 2094 691 2138 autem
753 2096 807 2140 et
860 2102 956 2142 eos
1004 2089 1096 2157 qui
1145 2099 1274 2143 sunt
1313 2106 1343 2143 a
1398 2090 1685 2146 Valentino

126 2187 317 2239 omnes,
338 2176 472 2244 quia
512 2177 695 2247 lingua
720 2178 937 2247 quidem
963 2183 1294 2236 confitentur
1319 2199 1486 2237 unum
1513 2182 1683 2238 Deum

125 2262 340 2331 Patrem,
366 2280 420 2321 et
458 2284 524 2322 ex
559 2270 665 2323 hoc
691 2270 908 2337 omnia;
944 2272 1119 2341 ipsum
1149 2284 1333 2329 autem
1367 2276 1460 2345 qui
1498 2276 1686 2331 fecerit

124 2358 309 2419 ninnia,
344 2358 672 2416 defectionis
710 2364 824 2419 sive
855 2365 992 2419 labis
1034 2364 1270 2421 fructum
1313 2384 1434 2423 esse
1462 2368 1615 2424 dicit.
1660 2388 1680 2422 ι

122 2445 293 2515 Aperte
323 2449 499 2520 igitur
540 2452 821 2522 professus
859 2465 943 2511 est
971 2457 1296 2514 Valentinus
1348 2476 1519 2514 unum
1559 2476 1684 2517 esse

125 2537 293 2605 Deum,
356 2552 411 2596 et
468 2544 591 2599 lii-ct
639 2544 1011 2603 Tertullianus
1059 2565 1184 2603 eum
1236 2560 1315 2605 tot
1370 2552 1503 2607 deos
1550 2562 1686 2623 quot

123 2628 305 2687 Ennas
354 2634 556 2691 fecisse
613 2638 879 2695 rhetorice
936 2643 1273 2711 pronuntiet,
1323 2644 1437 2713 ipse
1502 2654 1681 2700 tamen

126 2722 307 2780 Eonas
338 2725 611 2782 Valentini
648 2730 781 2784 nihil
818 2732 964 2788 aliud
1002 2733 1171 2789 fuisse
1210 2751 1376 2805 quam
1401 2752 1597 2793 sensus
1630 2747 1684 2793 et

122 2826 309 2882 motus;
341 2828 394 2873 et
454 2820 510 2873 in
563 2822 880 2888 personatos
938 2824 1273 2881 substantias
1318 2842 1347 2880 a
1379 2826 1675 2883 Ptolemaeo

123 2916 333 2964 mutatos
392 2924 519 2963 esse
549 2914 763 2966 asserit.
796 2912 1059 2968 Praetena
1088 2917 1330 2985 epistola:
1357 2928 1548 2975 auctor
1580 2920 1683 2976 hoc

123 2996 221 3065 ipso
258 3000 373 3055 loco
424 3003 637 3058 unitate
692 3004 785 3059 Dei
816 3022 1076 3077 expresse
1103 3010 1364 3064 adversus
1396 3009 1681 3068 Ebionmos

1789 1897 2254 1969 προσαγορεύουσι
2296 1898 2388 1950 καὶ
2441 1898 2676 1968 Χριστὸν
2723 1900 2911 1968 Λόγον.
2958 1918 2976 1951 ι
3020 1898 3206 1954 Jcsum
3249 1900 3376 1955 inde

1786 1988 2183 2056 produxerunt,
2228 2005 2390 2058 quem
2459 1998 2513 2043 ct
2560 1988 2903 2045 Servatorem
2958 1992 3256 2059 appellant,
3304 2000 3360 2045 et

1785 2079 2068 2133 Christum
2124 2078 2383 2133 Verbum.
2446 2098 2464 2130 ι
2510 2079 2628 2150 Ipse
2677 2080 2840 2134 etiam
2906 2082 3145 2134 Irenzeus
3202 2080 3375 2134 tradit

1789 2170 1949 2224 nobis
1999 2169 2299 2239 perfectum
2356 2170 2595 2224 fructum
2646 2172 2878 2241 Ἰησοῦν,
2913 2171 2970 2223 ὃν
3014 2173 3106 2224 καὶ
3141 2172 3371 2242 Σωτῆρα

1786 2261 2294 2333 προσαγορευθῆναι
2347 2263 2441 2315 καὶ
2484 2262 2717 2334 Χριστὸν
2748 2262 2841 2315 καὶ
2876 2263 3046 2331 Λόγον
3081 2281 3369 2335 πατρωνυ-

1788 2353 1990 2424 μικῶς,
2047 2356 2144 2411 καὶ
2179 2354 2376 2419 πάντα,
2415 2374 2433 2407 ε
2483 2354 2692 2422 Jcsum,
2728 2372 2889 2425 quem
2932 2365 2985 2411 et
3032 2354 3371 2414 Salvatorem

1784 2447 1972 2501 vocari
1995 2446 2337 2502 etChristum
2355 2457 2406 2501 et
2432 2445 2618 2517 Logon
2638 2448 3033 2519 patronymicc,
3048 2458 3101 2502 et
3116 2450 3320 2504 omnia.
3344 2469 3363 2501 ι

1786 2538 2011 2606 Quinto,
2043 2557 2061 2589 ι
2105 2538 2276 2607 Λόγον
2308 2554 2616 2594 sermonem
2649 2550 2911 2593 teternum
2934 2540 3092 2594 dixit.
3123 2559 3142 2592 ι
3164 2539 3371 2611 Nempe

1785 2631 2054 2686 catholice
2088 2649 2102 2685 :
2133 2640 2356 2686 secutus
2392 2645 2473 2687 est
2499 2632 2847 2702 Apostolum,
2881 2633 3139 2688 Ecclesia:
3173 2650 3366 2689 vocem

1784 2726 1974 2791 edidit,
1999 2734 2054 2780 et
2096 2726 2361 2780 adversus
2403 2722 2667 2779 Ebionem
2696 2726 3002 2795 usurpavit.
3026 2725 3081 2780 Si
3120 2724 3366 2779 Valenti-

1784 2835 1891 2874 nus
1942 2828 2207 2873 mternum
2256 2833 2378 2873 esse
2420 2834 2528 2891 non
2576 2817 2827 2883 credidit,
2861 2828 2983 2872 ante
3022 2834 3147 2871 eum
3193 2818 3368 2874 Ebion

1783 2920 2048 2965 aeternum
2095 2925 2219 2964 esse
2264 2910 2500 2980 negavit.
2535 2908 2811 2975 Quorsum
2848 2910 3009 2979 igitur
3046 2908 3367 2964 Valentinus

1785 3004 1893 3061 huc
1946 3004 2265 3069 advocatur,
2308 3018 2435 3058 cum
2467 3003 2536 3058 ad
2579 3019 2801 3058 manum
2834 3004 2906 3057 sit
2946 3002 3140 3069 Ebion,
3174 3012 3368 3059 contra

124 3090 287 3155 utitur,
334 3104 527 3149 contra
583 3112 723 3169 qjtos
779 3114 845 3153 ex
883 3100 1133 3168 professo
1186 3099 1675 3171 disputans.doce;
1702 3128 1747 3191 Ο
1784 3114 1945 3172 quem
1984 3106 2176 3153 auctor
2214 3098 2460 3167 epistolae
2491 3112 2558 3152 ex
2590 3095 2839 3167 professo
2861 3096 3145 3164 disputat?
3173 3095 3364 3162 Sexto,

122 3185 384 3251 prophetas
418 3190 720 3243 secundum
739 3190 1017 3246 Christum
1044 3193 1267 3261 vixisse,
1302 3205 1356 3249 et
1396 3196 1516 3249 ideo
1544 3212 1667 3265 per-

122 3278 427 3333 secutionem
487 3296 679 3349 passos
724 3300 869 3346 esse,
916 3285 1045 3338 dntn
1103 3286 1226 3354 ejus
1260 3289 1437 3357 gratia
1473 3289 1667 3345 imbuti

120 3377 292 3435 essent,
327 3381 382 3425 ut
441 3388 638 3428 omnes
694 3385 1059 3445 agnoscerent
1100 3397 1118 3428 ι
1156 3380 1302 3447 quod
1340 3396 1483 3435 unus
1524 3380 1668 3437 Deus

120 3471 187 3514 est
210 3464 294 3533 qui
332 3465 707 3522 manifestavit
737 3468 976 3538 scipsum
1013 3485 1111 3540 per
1154 3470 1341 3526 Jesum
1386 3472 1665 3528 Christum

121 3549 287 3608 Filium
320 3555 517 3625 ipsius.
554 3577 572 3608 ι
625 3557 897 3626 Secundo,
946 3580 963 3613 ι
1005 3562 1156 3617 addit
1190 3580 1358 3617 unum
1402 3563 1598 3630 Deum,
1641 3584 1660 3616 ι

124 3644 295 3714 inquit,
330 3650 577 3719 scipsum
643 3653 1024 3710 manifestasse
1071 3670 1167 3723 per
1211 3654 1418 3710 Jesum.
1444 3657 1525 3710 An
1564 3657 1669 3711 hoc

122 3734 276 3790 dicere
322 3754 427 3792 non
490 3740 674 3809 potuit
724 3742 827 3795 nisi
873 3742 941 3796 de
998 3740 1288 3797 Valentino
1345 3743 1668 3814 cogitasset?

121 3824 345 3889 Quanam
369 3832 518 3885 ratio
548 3834 695 3903 cogit
721 3834 807 3888 hic
834 3850 936 3890 nos
971 3836 1037 3888 ad
1071 3836 1219 3890 illius
1254 3836 1446 3891 deliria
1473 3835 1669 3891 confu-

120 3920 252 3985 gere?
292 3920 483 3979 Nonne
532 3924 649 3979 luce
695 3927 829 3982 satis
863 3928 1150 3997 perspicua
1181 3938 1310 3983 sunt
1339 3938 1392 3985 et
1419 3930 1484 3984 ad
1504 3929 1668 3985 Ebio-

121 4025 242 4068 nteos
268 4014 633 4072 confutandos
670 4016 884 4083 idonea,
921 4019 967 4073 si
1018 4019 1337 4075 Valentinus
1384 4038 1667 4091 nunquam

123 4106 416 4162 exstitisset?
464 4108 657 4164 Nonne
702 4126 797 4180 per
852 4127 912 4165 se
950 4112 1083 4168 satis
1134 4124 1280 4167 recte
1319 4113 1465 4168 dicta
1516 4126 1667 4181 sunt,

120 4189 223 4248 licet
270 4197 475 4252 nullum
546 4201 773 4255 omnino
841 4202 1156 4257 ltaareticutn
1210 4204 1669 4275 perstringerent?

122 4280 560 4347 Quemadmodum
617 4288 872 4348 Clemens
938 4293 1347 4350 Alexandrinus
1401 4294 1665 4350 Admoni-

122 4378 233 4432 tione
258 4381 322 4433 ad
351 4395 527 4452 gentes
558 4385 773 4440 locutus
804 4395 887 4441 est
913 4387 980 4442 de
1009 4387 1228 4442 Christo
1244 4386 1388 4458 Logo
1423 4407 1437 4443 :
1476 4388 1668 4452 Ἀἲδιος

1780 3211 1801 3245 r
1840 3192 1907 3247 de
1934 3206 2062 3245 vero
2088 3190 2180 3244 Dei
2204 3190 2362 3260 Λόγῳ
2390 3198 2667 3260 postremo
2700 3189 2921 3258 subjicit
2940 3189 3039 3241 οὐκ
3065 3188 3174 3242 ἀπὸ
3195 3190 3364 3260 Σιγῆς

1778 3283 2083 3355 προελθεῖν.
2122 3302 2139 3335 ι
2186 3282 2369 3348 Recte,
2401 3283 2481 3338 sic
2522 3282 2670 3337 cnim
2712 3282 2985 3353 exegctice
3022 3282 3174 3349 dicit,
3215 3282 3365 3353 quod

1769 3385 1897 3430 ante
1922 3376 2155 3438 dixerat,
2208 3390 2332 3429 cum
2370 3390 2496 3429 eum
2520 3375 2693 3441 Λόγον
2724 3374 2893 3427 ἀΐδιον
2934 3375 3360 3444 pronuntiasset.

1770 3466 1847 3522 lta
1896 3467 2214 3537 Apostolum
2243 3466 2497 3536 explicat,
2543 3465 2808 3521 Ebionem
2861 3466 3088 3533 refutat,
3142 3466 3356 3537 Magne-

1770 3562 1957 3617 sianos
1985 3559 2308 3631 prtemunit;
2340 3574 2405 3613 ac
2434 3558 2481 3613 si
2513 3557 2721 3613 diceret
2764 3574 2778 3612 :
2814 3557 3053 3612 Verbum
3083 3558 3187 3612 hoc
3214 3558 3363 3627 quod

1768 3654 1837 3709 de
1882 3654 2099 3709 Christo
2142 3652 2364 3716 dicitur,
2395 3660 2660 3706 aeternum
2709 3658 2824 3717 est,
2869 3666 2978 3705 non
3040 3651 3358 3720 temporale.

1771 3746 1935 3816 quale
1957 3731 2025 3801 ex
2048 3745 2269 3800 silentio
2290 3745 2427 3799 oriri
2457 3742 2617 3809 solet,
2652 3758 2755 3797 nec
2791 3743 2897 3797 nisi
2928 3751 3051 3812 post
3077 3743 3359 3798 silentium

1770 3837 2015 3907 prodire;
2038 3835 2186 3907 quod
2222 3834 2485 3911 adversus
2512 3831 2776 3888 Ebionem
2810 3833 3041 3903 ejusque
3089 3846 3359 3901 sequaces

1769 3944 1982 3998 semper
2014 3927 2315 3998 urgendum
2349 3934 2462 3991 est;
2491 3939 2599 3979 non
2633 3939 2698 3979 ac
2736 3925 2783 3980 si
2822 3925 3029 3980 diceret
3067 3942 3081 3979 :
3122 3941 3141 3975 ι
3178 3924 3355 3993 Λόγον

1769 4023 1916 4079 hunc
1976 4022 2115 4076 nihil
2167 4021 2369 4076 habere
2421 4034 2547 4074 cum
2602 4017 2982 4075 Valentiniano
3009 4018 3167 4089 Λόγῳ
3197 4034 3352 4073 com-

1770 4131 1956 4180 mune,
1981 4130 2146 4185 quem
2176 4114 2489 4184 itnpostora
2506 4111 2631 4181 Sige
2654 4111 2806 4165 exire
2837 4111 3093 4182 tingebat.
3121 4130 3140 4163 ι
3167 4110 3356 4180 Neque

1768 4210 1915 4264 enim
1960 4209 2049 4264 hic
2078 4208 2146 4263 dc
2182 4206 2465 4262 Valentino
2510 4208 2712 4276 agitur,
2756 4206 2849 4260 sed
2882 4207 2949 4261 de
2978 4205 3214 4273 Ehione;
3251 4206 3354 4259 imo

1769 4311 1999 4371 portune
2033 4301 2198 4370 igitur
2236 4300 2325 4354 ille
2370 4301 2475 4354 hoc
2509 4300 2631 4354 loco
2662 4298 2961 4352 advocatur
2993 4315 3008 4352 :
3044 4311 3221 4367 neque
3250 4296 3351 4350 im-

1769 4404 1956 4462 postor
1985 4393 2074 4447 ille
2103 4408 2343 4463 unquam
2361 4392 2500 4447 dixit
2520 4391 2691 4459 Λόγον
2716 4407 2747 4445 a
2767 4390 2894 4461 Sige
2915 4390 3176 4445 emissum
3208 4404 3351 4457 esse,

120 4463 260 4535 οὗτος,
299 4475 501 4545 Ἰησοῦς
536 4470 636 4539 εἷς,
671 4481 698 4531 ὀ
734 4478 906 4550 μέγας
947 4481 1235 4552 ἀρχιερεὺς
1263 4480 1399 4534 Θεοῦ
1458 4499 1517 4534 τε
1550 4482 1668 4545 ἑνὸς

1827 4487 1866 4541 :d
1909 4501 1976 4541 ex
2023 4484 2343 4556 Monogene,
2394 4485 2554 4556 Bythi
2605 4494 2659 4539 et
2709 4483 2863 4553 Siges
2900 4484 3010 4536 tilio
3045 4483 3373 4551 unigenito.

118 4560 192 4613 τοῦ
229 4566 381 4619 αὐτοῦ
415 4570 511 4622 καὶ
544 4570 775 4641 Πατρός,
806 4572 1005 4641 quibus
1043 4574 1223 4627 verbis
1262 4575 1433 4643 ipsam
1466 4572 1657 4645 lgnatii

120 4656 363 4720 episto.’am
400 4661 453 4714 in
486 4662 670 4716 animo
703 4664 908 4718 habens
941 4681 1071 4719 usus
1101 4682 1220 4721 esse
1245 4666 1657 4722 videatur?Non

120 4754 224 4810 puto
251 4749 417 4805 virum
466 4752 849 4807 doctissimum
882 4754 931 4809 id
965 4756 1121 4820 velle,
1149 4765 1207 4811 ut
1232 4758 1385 4813 aliter
1416 4759 1532 4813 haec
1572 4759 1658 4812 in-

120 4838 253 4910 telligi
282 4858 382 4897 non
416 4844 654 4912 possint,
690 4846 794 4899 nisi
822 4854 881 4899 ut
904 4845 1250 4901 Valentinum
1274 4847 1475 4903 feriant
1506 4865 1521 4902 :
1554 4848 1656 4903 hoc

121 4937 313 5001 tantum,
381 4937 600 5005 opinor,
650 4939 785 5004 vult,
843 4941 959 4994 tunc
1014 4940 1179 4995 verba
1226 4960 1244 4991 ι
1300 4956 1492 4997 omnes
1536 4941 1657 5011 ejus

119 5035 260 5093 nugas
305 5028 578 5099 disjicere.
618 5049 635 5079 ι
674 5029 781 5085 Sed
840 5033 965 5103 quis
1011 5033 1059 5086 ei
1096 5033 1180 5087 vel
1216 5032 1323 5087 hoc
1359 5033 1655 5089 concedet?

118 5110 181 5167 An
208 5120 287 5186 qui
316 5122 447 5177 dicit
474 5121 647 5177 Deum
684 5140 856 5179 unum
909 5140 968 5180 se
1016 5140 1113 5195 per
1161 5124 1441 5179 Christum
1473 5126 1653 5179 mani-

120 5204 310 5268 festassc
338 5217 471 5273 satis
501 5219 685 5274 omnia
721 5218 991 5274 Valentini
1030 5220 1282 5291 dogmata
1317 5219 1655 5275 confutavit?

118 5292 273 5358 Nonne
327 5308 465 5364 idem
519 5312 705 5380 potius
754 5311 887 5366 dicit
928 5311 1074 5381 quod
1119 5313 1257 5367 dixit
1305 5312 1649 5377 Valentinus,

120 5394 191 5457 ‘lui
219 5396 326 5452 ideo
351 5402 614 5458 emissum
639 5402 918 5457 Christum
951 5402 1156 5469 docuit,
1189 5414 1249 5458 ut
1280 5404 1653 5459 innominahi-

122 5481 202 5538 lem
236 5498 284 5543 et
320 5492 927 5564 incomprehensibilem
971 5495 1210 5563 Patrem,
1265 5512 1430 5566 quem
1478 5510 1650 5551 unum

122 5569 257 5631 Deum
279 5584 549 5651 professus
571 5595 675 5651 est,
693 5588 1030 5643 declararet?
1048 5587 1251 5655 Tertio,
1273 5590 1430 5644 docet
1457 5597 1651 5643 auctor

120 5660 269 5725 lesum
310 5675 580 5733 Christum
625 5695 747 5734 esse
775 5680 863 5735 Dei
895 5681 1041 5736 illius
1066 5684 1160 5750 qui
1189 5698 1247 5735 sc
1278 5680 1652 5736 manifestavit

123 5753 303 5822 Filium.
354 5766 559 5839 Ergone
605 5772 953 5827 Valentinum
1009 5773 1319 5831 necessario
1376 5774 1648 5847 respexit?

1763 4577 1997 4633 Dallams
2023 4578 2137 4647 ipse
2170 4578 2499 4633 sententiam
2535 4577 2660 4646 cjus
2690 4592 2755 4631 ex
2799 4577 3004 4629 Irenazo
3035 4575 3347 4639 delineavit,

1758 4671 2113 4739 reliquosque
2151 4684 2278 4723 eum
2323 4668 2478 4739 sequi
2518 4668 2596 4721 ait
2629 4684 2644 4722 :
2691 4667 2840 4720 nulla
2878 4666 2951 4720 ibi
2995 4664 3126 4737 Logi
3159 4681 3190 4719 e
3222 4664 3350 4735 Sige

1760 4762 2179 4833 progeneratio;
2212 4761 2359 4815 nulla
2394 4762 2578 4831 itaque
2612 4760 2701 4815 hic
2729 4760 2797 4814 ad
2823 4760 3170 4815 Valentinum
3201 4760 3344 4813 allu-

1760 4854 1862 4907 sio.
1905 4851 1971 4905 Et
2005 4867 2099 4907 sex
2132 4860 2452 4921 argumenta
2488 4867 2557 4906 ex
2592 4867 2701 4906 una
2733 4852 3001 4907 sententia
3033 4853 3170 4908 mire
3215 4867 3347 4911 con-

1758 4941 1885 4996 ﬂata
1915 4957 1983 4996 ne
2020 4942 2184 4997 unius
2215 4942 2436 5012 quidem
2466 4942 2576 4995 vim
2608 4943 2833 4997 habent.

1827 5034 2011 5102 Quare
2064 5035 2169 5089 hoc
2205 5033 2325 5089 loco
2364 5035 2501 5091 satis
2527 5034 2639 5106 jam
2690 5044 2884 5091 vexato
2919 5044 3082 5105 atque
3109 5035 3341 5093 detorto.

1754 5140 1817 5181 ea
1848 5126 2061 5181 tandem
2093 5126 2310 5192 recolit,
2339 5142 2461 5196 qute
2487 5127 2734 5195 proxima
2752 5126 2914 5196 paulo
2941 5135 3064 5179 ante
3085 5122 3340 5193 periocha

1752 5219 1819 5274 de
1847 5218 2066 5273 Christo
2098 5228 2289 5273 auctor
2318 5220 2558 5289 epistolae
2600 5220 2816 5272 dixerat
2849 5258 2864 5283 ,
2895 5225 2953 5269 nt
2991 5232 3056 5270 co
3087 5216 3209 5269 loco
3232 5216 3342 5269 hac-

1754 5312 1922 5368 resim
1956 5311 2235 5366 Valentini
2266 5312 2559 5368 refutatum
2597 5313 2859 5377 inveniat,
2885 5312 2938 5364 in
2967 5326 3076 5380 quo
3100 5308 3342 5380 lguatius

1752 5402 1820 5457 dc
1862 5404 2009 5458 nulla
2055 5404 2252 5460 haeresi
2279 5405 2543 5475 disputat,
2578 5405 2672 5458 sed
2716 5412 2924 5457 tantum
2956 5399 3339 5471 Magnesianos

1752 5506 1958 5561 monet,
2016 5506 2078 5551 ut
2134 5514 2164 5552 a
2224 5499 2523 5552 schismate
2581 5504 2832 5557 caveant,
2867 5502 2922 5547 et
2967 5492 3339 5551 Christianam

1754 5588 2043 5643 veritatem
2092 5598 2243 5644 arcte
2300 5590 2701 5659 amplexantur,
2746 5600 2909 5657 quam
2968 5586 3335 5658 particulatim

1750 5680 2005 5750 explicat,
2046 5680 2169 5735 dein
2220 5689 2543 5751 argumento
2589 5680 2657 5734 ab
2687 5680 2896 5735 unitate
2929 5678 3022 5735 Dei
3053 5690 3108 5736 et
3132 5678 3335 5735 Christi

1750 5774 1913 5833 ducto
1953 5785 2181 5831 exornat
2217 5794 2228 5831 :
2264 5774 2407 5844 quod
2444 5783 2496 5828 ct
2532 5789 2627 5845 per
2656 5789 2714 5829 sc
2754 5774 2889 5831 satis
2921 5775 3198 5848 proprium
3228 5787 3331 5841 est,
