3824 6198
371 296 479 353 815

1357 291 1414 346 S.
1446 290 1796 347 lGNATlUS.
1833 324 1900 333 ——
1940 292 2469 351 PBOLEGOMENA.

3522 302 3637 358 318

371 423 427 468 et
448 408 836 466 vetustissimis
859 408 1219 478 scriptoribus
1245 405 1534 463 familiare.
1554 407 1633 463 lta
1656 408 1955 464 Clementis
1981 415 2027 471 Α
2046 402 2269 469 dicitur,
2294 415 2348 460 et
2378 406 2593 473 initium
2620 407 2884 476 omnium,
2912 418 2966 466 et
2992 413 3210 483 proprie
3232 413 3623 486 Monogenes.»

374 498 727 552 Alexandrini
776 496 1152 550 Admonitione
1227 497 1296 549 ad
1369 506 1546 567 gentes
1602 506 1957 567 repraesentat

372 589 655 644 Christum
685 588 867 659 Logon
897 588 1325 643 innumerabiles
1346 590 1578 657 populos
1600 592 1666 643 ad
1692 590 1954 645 unitatem

375 681 636 737 Ecclesiae
667 681 719 734 in
764 681 911 734 hunc
947 680 1172 734 modum
1212 693 1624 744 commeantem,
1655 682 1852 733 Ἥκετε
1880 680 1957 745 ὡς

372 773 497 844 ἐμὲ,
532 773 622 842 ὑφ’
649 773 745 825 ἕνα
786 771 1183 843 ταχθησόμενοι
1215 772 1367 837 Θεὸν,
1403 774 1499 827 καὶ
1538 772 1629 825 τὸν
1660 773 1756 827 ἕνα
1786 772 1959 841 Λόγον

373 864 471 917 τοῦ
520 863 674 917 Θεοῦ.
709 865 785 918 Ita
833 863 1122 934 Pwdagog.
1158 865 1254 919 lib.
1304 881 1343 933 ι,
1385 864 1648 919 unitatem
1701 864 1959 920 Ecclesiae

372 956 604 1011 miriﬁce
637 956 914 1026 depingit:
952 952 1022 1008 Ὦ
1071 956 1352 1027 θαύματος
1400 956 1698 1027 μυστικοῦῑ
1743 953 1825 1019 εἷς
1860 956 1958 1027 μὲν

371 1051 403 1104 ὁ
434 1049 541 1103 τῶν
572 1050 711 1103 ὅλων
746 1050 938 1121 Πατήρ
957 1065 971 1080 ·
1007 1046 1087 1113 εἷς
1118 1049 1175 1102 δὲ
1208 1050 1303 1103 καὶ
1330 1050 1438 1103 τῶν
1465 1050 1601 1103 ὅλων
1631 1050 1830 1118 Λόγοςο
1864 1049 1959 1103 καὶ

372 1140 436 1195 τὸ
481 1140 705 1210 Πνεῦμα
738 1140 799 1193 τὸ
831 1140 986 1209 ἅγιον
1026 1140 1084 1192 ἓν
1117 1142 1211 1194 καὶ
1242 1141 1303 1195 τὸ
1333 1140 1463 1194 αὐτὸ
1502 1140 1796 1211 πανταχοῦ.
1844 1140 1961 1195 Μία

371 1230 431 1283 δὲ
467 1229 603 1300 μόνη
635 1229 845 1297 γίνεται
908 1230 1090 1300 μήτηρ
1129 1229 1439 1301 Παρθένοςο
1477 1230 1802 1302 Ἐκκλησίαν
1834 1228 1960 1301 ἐμοὶ

373 1322 528 1391 φίλον
587 1323 761 1394 αὐτὴν
817 1322 1026 1375 καλεῖν.
1080 1340 1100 1373 ‹
1148 1321 1193 1376 Ο
1250 1323 1577 1377 miraculum
1626 1323 1953 1394 mysticum!

376 1412 532 1469 Unus
579 1415 799 1484 quidem
844 1414 1223 1469 universorum
1266 1413 1457 1475 Pater:
1491 1432 1659 1470 unum
1696 1426 1875 1470 autem
1905 1423 1960 1470 et

374 1507 759 1561 universorum
810 1506 1077 1573 Verbum;
1105 1518 1159 1561 ct
1190 1504 1429 1575 Spiritus
1465 1516 1689 1563 sanctus
1719 1524 1863 1563 unus
1895 1524 1960 1563 ac

375 1597 520 1651 idem
546 1597 769 1667 ubique.
798 1595 915 1650 Una
945 1606 1129 1651 autem
1157 1596 1273 1651 sola
1302 1605 1388 1652 est
1417 1608 1590 1652 mater
1607 1601 1760 1664 virgo
1785 1616 1798 1651 :
1824 1598 1956 1651 mihi

374 1697 557 1742 autem
592 1689 769 1757 placet
814 1704 935 1743 eam
989 1705 1187 1744 vocare
1235 1689 1559 1746 Ecclesiam.
1595 1707 1614 1740 ι
1667 1688 1735 1743 Et
1770 1699 1959 1759 gentes

374 1779 543 1834 etiam
599 1778 795 1834 invitat
843 1781 910 1835 ad
967 1781 1107 1837 hanc
1152 1782 1438 1843 unitatem.
1472 1789 1731 1851 tanquam
1764 1781 1960 1835 unitati
1990 1780 2035 1835 Β

374 1872 580 1927 divina:
614 1870 952 1927 conformem
1002 1884 1055 1927 et
1087 1874 1155 1927 ad
1193 1873 1338 1927 illam
1387 1872 1605 1927 tandem
1650 1872 1956 1942 perducen-

374 1976 484 2022 tem
516 1984 529 2020 :
559 1964 890 2037 Σπεύσωμεν
946 1968 1027 2030 εἰς
1079 1966 1206 2037 μίαν
1257 1967 1479 2038 ἀγάπην
1528 1967 1859 2039 συναχθῆναι
1908 1968 1957 2020 οἱ

374 2058 560 2112 πολλοὶ
593 2058 734 2113 κατὰ
764 2060 863 2130 τὴν
896 2058 994 2129 τῆς
1030 2060 1322 2131 μοναδικῆς
1354 2059 1543 2124 οὐσίας
1573 2061 1766 2114 ἕνωσιν
1789 2077 1803 2091 ο
1839 2061 1962 2113 ἀνα-

372 2151 547 2221 λόγως
596 2152 824 2223 ἑνότητα
877 2151 1162 2223 διώκωμεν
1212 2153 1311 2224 τὴν
1353 2152 1567 2223 ἀγαθὴν
1600 2152 1961 2224 ὲκζητοῦντες

377 2243 597 2315 μονάδα.
634 2244 698 2296 'H
730 2230 786 2296 δὲ
820 2244 883 2296 ὲκ
918 2243 1128 2296 πολλῶν
1161 2244 1355 2305 ἓνωσις
1390 2245 1454 2297 ὲκ
1486 2243 1833 2313 πολυφωνίας
1866 2245 1962 2297 καὶ

372 2336 675 2407 διασπορᾶς
708 2336 973 2407 ἁρμονίαν
997 2334 1236 2388 λαϐοῦσα
1257 2334 1442 2407 Θεῖκὴν
1477 2336 1574 2407 μία
1592 2336 1800 2405 γίνεται
1826 2354 1963 2407 συμ-

374 2427 665 2497 φωνία,ὲνὶ
698 2429 930 2497 χορευτῇ
965 2427 1059 2479 καὶ
1090 2426 1501 2497 διδασκάλῳτῷ
1521 2426 1676 2497 Λόγῳ
1697 2427 1959 2498 ἑπομένη,

372 2520 460 2572 ἔπ’
480 2518 649 2589 αὐτὴν
669 2519 769 2591 τὴν
797 2518 1054 2589 ἀλήθειαν
1075 2518 1485 2589 ἀναπαυομένη,
1514 2516 1680 2571 Ἀὁΰᾶ
1707 2518 1957 2587 λέγουσα,

376 2613 407 2665 ὁ
461 2613 671 2683 Πατήρ.
714 2631 733 2663 ι
795 2611 1139 2667 Festinemus
1192 2622 1252 2666 ut
1306 2612 1360 2667 in
1405 2628 1569 2667 unam
1615 2612 1959 2668 dilectionem

376 2705 538 2763 multi
571 2720 852 2774 cogamur,
883 2706 1181 2760 secundum
1206 2706 1506 2762 monadicae
1533 2707 1963 2762 essentiaeunio-

373 2812 535 2864 nem;
582 2797 866 2866 analogice
915 2798 1175 2853 unionem
1228 2814 1625 2869 persequamur
1646 2801 1844 2855 bonam
1867 2816 1963 2855 ex-

374 2888 659 2959 quirentes
687 2888 973 2944 unitatem.
1004 2889 1138 2953 Quae
1172 2901 1258 2945 est
1295 2899 1476 2946 autem
1509 2907 1573 2946 ex
1611 2894 1800 2946 multis
1831 2892 1961 2947 unio

372 3000 441 3038 ex
495 2999 689 3039 vocum
738 2984 1088 3040 multitudine
1121 2994 1175 3040 et
1206 2986 1549 3055 dispersione
1588 2987 1831 3041 divinam
1865 3003 1961 3042 ca-

376 3073 531 3144 piens
582 3072 925 3128 harmoniam
962 3090 1106 3131 unus
1145 3076 1205 3129 tit
1233 3085 1557 3142 concentus,
1589 3092 1761 3130 unum
1807 3077 1961 3131 chori

374 3167 569 3221 ducem
622 3182 857 3237 sequens
902 3176 955 3222 et
1001 3168 1323 3237 magistrum
1357 3166 1616 3235 Verbum,
1646 3169 1698 3223 in
1727 3169 1842 3239 ipsa
1869 3184 1965 3223 ac-

375 3259 666 3329 quiescens
727 3260 983 3328 veritate,
1034 3262 1224 3316 dicens
1275 3262 1475 3317 :Abba
1530 3261 1713 3318 Pater.
1758 3282 1778 3317 ι
1840 3262 1964 3319 Ηίεο

378 3349 545 3419 igitur
578 3351 647 3406 de
679 3367 788 3407 uno
825 3351 937 3407 Deo
972 3350 1154 3420 Patre,
1191 3362 1246 3408 et
1286 3369 1397 3408 uno
1435 3354 1657 3409 Christo
1682 3354 1832 3425 Logo
1860 3356 1963 3409 do-

376 3442 576 3510 ctrina,
612 3459 829 3513 semper
874 3444 1060 3500 habita
1099 3456 1184 3500 est
1214 3461 1311 3515 per
1345 3462 1404 3501 se
1431 3446 1567 3502 satis
1602 3447 1669 3502 ad
1698 3447 1963 3501 unitatem

376 3535 807 3592 ecclesiasticam
850 3537 1201 3607 premendam
1257 3538 1474 3593 idonea.
1523 3537 1643 3593 Non
1686 3539 1843 3593 aliter
1875 3538 1967 3593 hic

378 3626 627 3696 lgnatius
678 3645 695 3682 :
734 3647 753 3679 ι
792 3626 1018 3695 Omnes,
1050 3629 1248 3699 inquit,
1270 3630 1324 3684 in
1350 3646 1519 3683 unum
1548 3631 1806 3703 templum
1835 3646 1969 3685 con-

377 3719 603 3784 currite,
640 3727 701 3773 ut
750 3720 803 3773 in
847 3736 1017 3774 unum
1059 3721 1256 3788 altare,
1292 3722 1346 3775 in
1374 3737 1544 3775 unum
1581 3719 1765 3774 Jesum
1808 3720 1970 3775 Chri-

378 3818 547 3877 stum,
573 3811 641 3865 ab
670 3826 782 3865 uno
812 3810 973 3866 Patre
993 3821 1379 3877 exeuntem,et
1404 3813 1456 3865 in
1488 3828 1662 3875 unum
1697 3812 1968 3868 exsisten-

378 3912 489 3955 tem
520 3911 575 3956 et
600 3902 1113 3957 revertentemallic
1139 3903 1326 3974 Logon
1356 3904 1630 3957 Valentini
1663 3905 1969 3973 respexisse

386 4001 674 4047 auctorem
705 3994 817 4048 vult
850 3993 1117 4059 Dallmus,
1142 4011 1266 4049 cum
1297 4006 1480 4050 tamen
1512 3996 1578 4051 de
1607 3995 1783 4051 Verbo
1830 3999 1968 4052 nihil

385 4086 569 4151 dicat;
606 4087 941 4157 conjungere
971 4087 1157 4158 itaque
1182 4104 1307 4143 cum
1349 4090 1574 4160 reliquis
1600 4090 1732 4146 satis
1766 4091 1836 4145 ab
1865 4091 1970 4146 hoc

381 4178 505 4233 loco
571 4178 862 4248 disjunctis
924 4188 975 4234 et
1037 4180 1092 4234 in
1136 4181 1245 4235 alio
1304 4191 1629 4253 argumento
1686 4184 1968 4252 occupatis

391 4284 616 4326 coactus
655 4279 760 4336 est,
791 4281 849 4326 ut
873 4272 1077 4342 aliquid
1109 4289 1175 4326 ex
1205 4282 1438 4344 utroque
1459 4276 1732 4346 exculpat.
1758 4293 1776 4326 ‹
1800 4273 1968 4345 Negat

389 4364 543 4419 exire
568 4380 598 4418 a
630 4362 777 4435 Sige,
801 4365 933 4420 dicit
963 4366 1115 4420 exire
1134 4381 1164 4420 a
1195 4365 1388 4421 Patre:
1422 4387 1439 4419 ι
1464 4382 1594 4439 ergo
1621 4367 1969 4425 Valentinum

2048 494 2229 550 Prima
2285 506 2450 553 tetras
2505 515 2571 553 ex
2612 500 2745 570 ipsis
2786 501 3281 561 Valentinianorum
3322 508 3482 562 libris
3534 509 3633 563 de.

2048 597 2265 657 sumpta
2300 590 2442 659 apud
2480 590 2844 661 Epiphanium
2885 595 3001 652 haec
3048 606 3165 663 est,
3206 600 3413 665 Buebg,
3455 602 3589 671 Σο.γὴ
3614 644 3629 668 ,

2048 677 2261 751 Πατὴρ,
2292 680 2564 751 Ἀλήθεια,
2594 684 2690 737 ubi
2715 700 2781 739 ex
2809 683 2967 741 Patre
2990 696 3046 743 et
3074 687 3312 745 Veritate
3337 703 3637 760 generatur

2058 773 2257 845 Logos.
2291 772 2470 828 Exivit
2500 774 2664 845 igitur
2682 774 2860 845 Logos
2891 777 3191 831 secundum
3225 777 3646 835 Valentiniano:

2059 883 2170 922 non
2205 884 2235 922 a
2269 865 2415 938 Sige,
2447 868 2541 923 sed
2578 883 2607 921 a
2654 866 2836 922 Patre.
2866 866 3047 934 Quare
3085 870 3130 923 si
3168 878 3364 924 auctor
3398 871 3648 940 epistola:

2061 958 2187 1013 illos
2243 959 2529 1013 haereticos
2564 959 2618 1012 in
2661 959 2849 1014 animo
2884 960 3188 1024 habuisset,
3226 978 3511 1032 nunquam
3547 978 3646 1017 ne-

2062 1060 2244 1120 gasset
2269 1051 2416 1121 quod
2446 1052 2524 1105 illi
2558 1067 2667 1107 non
2695 1052 3064 1123 aliirmarunt;
3101 1070 3383 1125 nunquam
3413 1055 3650 1112 dixisset

2061 1142 2208 1212 quod
2239 1142 2316 1197 illi
2346 1143 2621 1197 dixerunt.

2137 1234 2243 1291 Sed
2278 1236 2325 1291 si
2356 1235 2705 1292 Valentinum
2736 1252 2843 1292 non
2874 1235 3058 1303 feriat,
3083 1251 3206 1291 cum
3244 1237 3397 1292 exire
3426 1254 3457 1291 a
3485 1236 3648 1293 Patre

2063 1328 2276 1396 scribit,
2306 1329 2371 1385 ad
2414 1345 2539 1385 eum
2581 1338 2729 1386 certe
2765 1329 3043 1396 collineat,
3075 1330 3218 1399 quod
3250 1345 3317 1385 ex
3346 1346 3461 1384 uno
3488 1330 3647 1385 Patre

2061 1420 2212 1476 exire
2253 1422 2420 1477 dicat.
2454 1421 2677 1478 Minime
2716 1437 2879 1489 vero;
2911 1436 3021 1476 non
3048 1422 3193 1476 enim
3233 1422 3423 1477 docuit
3446 1420 3647 1477 Valen-

2062 1511 2212 1568 tinus
2265 1513 2449 1584 Logon
2499 1530 2566 1570 ex
2612 1515 2864 1585 pluribus
2909 1514 3161 1586 patribus
3211 1516 3435 1571 exiisse.
3484 1534 3504 1567 α
3554 1518 3645 1583 At,

2064 1609 2267 1679 inquit,
2298 1624 2407 1663 non
2444 1608 2582 1663 dixit
2609 1609 2679 1663 ab
2707 1624 2821 1664 uno
2863 1618 3019 1680 patre
3055 1608 3163 1677 Nu,
3198 1609 3292 1665 sed
3324 1618 3377 1663 et
3413 1625 3441 1663 a
3472 1618 3649 1665 matre

2063 1703 2330 1757 Aletheia.
2374 1720 2393 1754 ι
2434 1700 2765 1757 Praeclarum
2804 1702 3084 1758 enimvero
3112 1701 3648 1772 argumentumlAn

2062 1810 2129 1850 eo
2161 1794 2345 1849 minus
2389 1802 2509 1848 erat
2551 1810 2618 1848 ex
2656 1810 2768 1849 uno
2808 1793 2990 1860 Patre,
3016 1795 3161 1865 quod
3195 1802 3343 1849 esset
3372 1794 3539 1847 etiam
3579 1808 3653 1846 ex

2060 1889 2268 1944 matre?
2289 1888 2365 1943 De
2392 1888 2708 1958 posteritate
2732 1886 3032 1941 Abrahami
3056 1886 3353 1955 Apostolus
3386 1885 3647 1950 llebr.xu,

2061 1981 2130 2035 12
2166 1997 2183 2035 :
2214 1979 2311 2032 Διὸ
2334 1978 2433 2047 ἀφ’
2477 1976 2615 2043 ἐνὸς
2651 1976 3050 2046 ἐγενήθησαν,
3078 1974 3304 2043 Propter
3321 1973 3464 2043 quod
3493 1983 3541 2025 et
3581 1972 3651 2025 ab

2060 2092 2166 2129 uno
2193 2073 2297 2128 orti
2335 2081 2480 2127 sunt.
2520 2070 2638 2125 Non
2673 2070 2838 2141 igitur
2862 2069 3172 2124 habuerunt
3197 2078 3431 2122 matrem
3462 2068 3555 2137 qui
3580 2068 3651 2121 ab

2061 2168 2373 2221 Abrahamo
2398 2163 2836 2221 descenderant?
2862 2171 2957 2217 aut
2988 2162 3117 2233 quia
3145 2163 3210 2216 ab
3239 2179 3344 2215 uno
3370 2163 3479 2214 orti
3502 2171 3647 2225 sunt,

2062 2274 2223 2313 avum
2276 2268 2370 2312 aut
2399 2257 2577 2311 aviam
2604 2256 2807 2311 habere
2844 2270 2955 2310 non
2985 2254 3316 2325 potuerunt?
3346 2252 3653 2307 Nazianze-

2063 2367 2169 2407 nus
2199 2358 2338 2403 orat.
2370 2349 2395 2402 1
2438 2348 2511 2402 De
2543 2347 2784 2402 Adamo:
2811 2347 2999 2400 Πάντα
3032 2346 3173 2417 ὑπὲρ
3200 2345 3422 2399 πάντων
3456 2348 3537 2409 εἰς
3568 2347 3651 2409 ἓν,

2062 2444 2157 2498 καὶ
2189 2442 2331 2512 ὑπὲρ
2368 2440 2486 2503 ἑνὸς
2515 2439 2609 2493 τοῦ
2646 2439 3008 2512 προπάτορος.
3045 2437 3194 2503 Erat,
3248 2438 3464 2492 scilicet
3500 2439 3651 2491 Ada-

2064 2551 2209 2601 mus,
2258 2548 2400 2587 unus
2442 2533 2531 2585 ille
2560 2540 2819 2601 propator
2860 2530 3082 2585 humani
3115 2531 3354 2599 generis,
3392 2530 3653 2599 quamvis

2062 2625 2173 2680 Eva
2227 2627 2391 2679 etiam
2441 2622 2607 2678 fuerit
2656 2631 2829 2677 mater
2879 2622 3125 2676 omnium
3154 2622 3477 2675 viventium.
3515 2619 3660 2673 Tam

2065 2720 2223 2774 malis
2254 2718 2448 2773 avibus
2480 2717 2585 2772 hoc
2614 2717 2735 2771 loco
2774 2730 2911 2771 usus
2934 2715 3018 2769 vir
3041 2714 3395 2769 doctissimus
3422 2729 3656 2783 progre-

2063 2812 2210 2865 ditur
2237 2820 2440 2876 tamen,
2472 2817 2526 2863 et
2553 2816 2832 2877 postrema
2862 2807 3028 2861 etiam
3060 2805 3221 2861 verba
3249 2803 3462 2877 [Jesum
3493 2805 3659 2859 Chri-

2064 2913 2207 2959 stum
2240 2904 2294 2957 in
2320 2916 2512 2968 unum,
2544 2897 2761 2955 Patrem
2822 2899 3054 2966 scilicet,
3080 2898 3345 2953 exsistere
3374 2906 3431 2951 et
3470 2913 3659 2951 rever-

2065 3013 2185 3052 sum
2237 2993 2383 3066 esse]
2441 3012 2461 3045 ‹
2495 3008 2607 3047 non
2639 2992 2748 3047 alio
2793 3007 2957 3063 quam
2991 2992 3047 3045 in
3084 2990 3335 3045 ﬁctilium
3367 2988 3661 3043 Valentini

2067 3088 2348 3143 Christum
2383 3086 2655 3141 destinata
2681 3085 2890 3140 statuit.
2922 3102 2941 3136 ο
2967 3083 3037 3137 At
3058 3091 3335 3153 postrema
3364 3082 3658 3136 sententia:

2066 3180 2231 3235 verba
2260 3179 2511 3233 eumdem
2544 3177 2664 3232 sine
2700 3176 2869 3231 dubio
2894 3184 3160 3246 spectant,
3193 3188 3357 3243 quem
3401 3172 3667 3241 ejusdem

2067 3272 2349 3327 sententia:
2377 3271 2596 3339 priora;
2629 3268 2881 3323 eumdem
2909 3274 3097 3321 auctor
3132 3264 3388 3333 intelligit
3427 3281 3458 3318 a
3490 3263 3659 3318 Patre

2065 3372 2354 3419 exeuntem
2403 3371 2459 3417 et
2513 3362 2577 3416 ad
2649 3360 2869 3416 Patrem
2926 3366 3312 3414 revertentem.
3364 3356 3659 3411 Prioribus

2065 3456 2182 3510 vult
2227 3454 2467 3510 Dallzeus
2499 3451 2773 3508 Valentini
2818 3450 3003 3522 Logon
3048 3449 3221 3513 feriri,
3249 3450 3660 3520 posterioribus

2066 3548 2311 3619 ejusdem
2335 3548 2615 3602 Christum
2640 3565 2655 3615 ;
2687 3561 2813 3602 cum
2844 3545 2899 3600 in
2931 3543 3131 3599 Schola
3158 3540 3438 3598 Valentini
3475 3540 3661 3611 Logos

2068 3652 2121 3697 et
2162 3641 2420 3696 Christus
2467 3641 2579 3695 sint
2625 3654 2857 3710 prorsus
2901 3647 2954 3692 et
2999 3637 3159 3707 plane
3205 3634 3479 3689 distincti.
3526 3632 3657 3687 Non

2069 3735 2235 3806 igitur
2267 3743 2584 3803 utrumque,
2617 3734 2729 3786 imo
2760 3740 3014 3786 neutrum
3040 3728 3186 3783 ferit.
3225 3725 3523 3797 Utcunque
3563 3727 3660 3793 sit,

2068 3827 2196 3882 ferri
2254 3841 2363 3880 non
2420 3833 2622 3895 potest,
2652 3835 2711 3878 ut
2768 3838 2871 3878 nos
2930 3822 2998 3874 ad
3047 3818 3323 3875 Valentini
3378 3818 3571 3890 Logon
3605 3833 3662 3874 et

2067 3920 2350 3974 Christum
2384 3916 2616 3986 rejiciat,
2648 3925 2702 3971 et
2728 3915 2894 3970 simul
2916 3915 3031 3969 haec
3061 3912 3130 3968 ab
3164 3922 3388 3968 auctore
3409 3913 3678 3983 epistolae

2065 4009 2224 4080 juxta
2280 4006 2340 4063 S.
2395 4005 2661 4061 Joannem
2714 4006 2917 4075 scripta
2958 4002 3296 4074 pronuntiet.
3329 4002 3475 4069 Quid
3507 4004 3661 4059 enim

2070 4117 2209 4171 Opus
2239 4109 2324 4155 est
2345 4108 2406 4154 ut
2433 4097 2779 4154 Valentinum
2823 4096 3137 4166 respiceret,
3162 4094 3257 4165 qui
3291 4095 3361 4149 de
3398 4094 3458 4149 S.
3487 4093 3663 4150 Joan-

2070 4192 2158 4247 nis
2191 4199 2373 4246 mente
2413 4189 2766 4260 exprimenda
2799 4187 3094 4258 cogitavit?
3141 4186 3253 4241 Imo
3286 4185 3421 4255 quid
3453 4186 3559 4242 hoc
3589 4188 3660 4241 ad

2072 4283 2477 4355 generationem
2502 4280 2657 4352 Logi,
2687 4280 2833 4349 quod
2881 4280 2991 4349 agit
3017 4278 3084 4332 de
3126 4276 3514 4333 lncarnatione
3545 4279 3663 4333 sive

2073 4377 2310 4431 adventu
2360 4374 2415 4429 in
2465 4373 2767 4428 mundum?
2791 4380 2850 4427 ut
2898 4371 3152 4441 superius
3182 4386 3309 4425 eum
3339 4369 3528 4426 locum
3560 4386 3671 4426 exs

392 4456 541 4513 ferit.
576 4456 697 4524 Quo
737 4457 877 4513 nihil
917 4459 1023 4514 dici
1082 4459 1259 4529 potuit
1300 4459 1592 4517 infelicius.
1625 4461 1680 4516 Si
1711 4463 1857 4517 enim
1889 4464 1967 4519 sic
1998 4476 2042 4532 D
2072 4468 2386 4540 ponendum
2424 4481 2545 4522 esse
2582 4465 2766 4521 docui.

381 4560 577 4607 auctor
635 4549 984 4606 Valentinum
1028 4553 1268 4623 respicit,
1326 4569 1433 4608 non
1481 4571 1607 4609 eum
1658 4556 1961 4627 impugnat,

383 4644 478 4699 sed
516 4645 798 4715 sequitur;
837 4661 948 4700 non
1003 4646 1124 4715 ejus
1162 4646 1354 4702 deliria
1402 4647 1694 4713 refutasse,
1724 4649 1817 4704 sed
1866 4665 1966 4719 po—

385 4736 496 4791 tius
527 4739 812 4807 amplexus
841 4754 965 4794 esse
991 4740 1263 4794 videatur.
1304 4738 1476 4810 Negat
1521 4741 1668 4796 enim
1698 4741 1843 4811 quod
1873 4756 1969 4794 ne-

383 4831 551 4901 gavit,
599 4833 731 4888 dicit
775 4834 919 4902 quod
970 4834 1107 4888 dixit
1154 4834 1496 4889 Valentinus.
1554 4833 1727 4906 Negat
1779 4844 1969 4889 auctor

380 4926 627 4993 epistola:
662 4927 834 4995 Λόγον
879 4928 1031 4982 exire
1071 4943 1102 4981 a
1139 4926 1264 4998 Sige
1294 4928 1452 5000 Bythi
1491 4928 1759 4999 conjuge?
1798 4926 1971 4999 Negat

383 5027 438 5073 et
492 5018 832 5085 Valentinus,
863 5021 956 5090 qui
1011 5032 1136 5075 eum
1189 5035 1394 5076 caecum
1453 5019 1632 5075 lEona
1700 5020 1967 5088 depinxit,

382 5112 564 5183 qualis
599 5129 668 5169 ex
717 5112 845 5184 Sige
898 5114 1058 5186 Bythi
1100 5114 1332 5185 conjuge
1360 5114 1511 5169 exire
1548 5128 1658 5167 non
1685 5113 1887 5183 potuit;
1917 5122 1972 5167 et

383 5221 508 5260 cum
538 5206 592 5260 in
623 5206 1116 5262 deminorationem
1145 5208 1383 5262 emissus
1412 5214 1578 5271 esset,
1603 5220 1728 5259 eum
1752 5221 1819 5259 ex
1850 5204 1972 5260 aliis

386 5296 680 5365 Eonibus,
708 5297 1013 5370 Mouogeue
1051 5308 1106 5352 et
1148 5298 1392 5351 Aletheia
1423 5298 1733 5351 necessario
1761 5295 1970 5350 eduxit.

389 5388 530 5444 Dicit
583 5400 775 5446 auctor
821 5392 990 5461 Λόγον
1028 5390 1180 5447 exire
1216 5405 1246 5443 a
1289 5388 1485 5443 Patre?
1514 5386 1662 5441 Dixit
1686 5397 1741 5442 et
1774 5388 1975 5442 Valen-

390 5480 571 5547 tinus;
599 5496 667 5535 ex
710 5481 1014 5553 Monogene
1050 5483 1196 5537 enim
1244 5481 1509 5535 emissum
1559 5480 1745 5546 tradit,
1791 5479 1983 5533 Mono-

394 5584 559 5636 genes
625 5581 807 5626 autem
863 5572 1152 5628 Valentino
1189 5572 1411 5642 proprie
1439 5570 1600 5626 Pater
1628 5580 1729 5626 est.
1758 5572 1837 5623 Ita
1866 5567 1976 5621 [re-

397 5676 569 5725 nmus,
599 5661 688 5715 τὸν
718 5664 775 5716 δὲ
808 5665 951 5718 Νοῦν
980 5664 1170 5718 τοῦτον
1198 5667 1290 5718 καὶ
1322 5663 1603 5734 Μονογενῆ
1628 5661 1853 5717 καλοῦσι
1884 5661 1977 5714 καὶ

402 5753 639 5826 Πατέρα.
696 5755 1066 5812 Tertullianus
1119 5757 1183 5811 de
1239 5755 1355 5810 Nu:
1395 5776 1413 5808 ‹
1450 5755 1525 5810 lta
1575 5766 1627 5811 ct
1664 5755 1779 5825 ipse
1819 5753 1977 5808 Pater

2140 4564 2319 4633 Atque
2350 4564 2465 4617 haec
2491 4560 2710 4631 quidem
2741 4558 2924 4613 omnia
2952 4564 3081 4612 sunt
3110 4571 3234 4627 qua:
3264 4556 3349 4610 vir
3383 4558 3673 4612 doctissi-

2070 4671 2194 4711 mus
2224 4654 2407 4709 attulit
2438 4664 2500 4707 ut
2524 4651 2839 4708 ostenderet
2879 4659 3162 4705 auctorem
3197 4659 3492 4718 nostrum,
3525 4651 3661 4705 dum

2070 4748 2186 4801 haec
2206 4746 2491 4812 scriberet,
2523 4742 2876 4799 Valentinum
2901 4742 3129 4812 ejusque
3173 4740 3394 4797 fabulas
3433 4744 3490 4796 in
3528 4744 3658 4797 ani-

2071 4852 2162 4892 mo
2189 4837 2484 4904 habuisse;
2512 4850 2747 4906 quorum
2780 4834 2917 4888 nihil
2945 4842 3030 4889 est
3053 4834 3199 4903 quod
3230 4850 3531 4889 assensum
3562 4852 3666 4890 co-

2072 4938 2183 4999 gat,
2220 4930 2304 4983 vel
2332 4928 2487 4998 ipso,
2510 4928 2725 4997 opinor,
2752 4924 2965 4996 judice;
2998 4934 3058 4979 ut
3092 4940 3193 4995 ego
3218 4935 3400 4979 autem
3440 4927 3662 4992 sentio,

2072 5020 2210 5075 nihil
2254 5020 2401 5091 quod
2430 5034 2763 5092 quemquam
2796 5017 2885 5072 vel
2916 5017 3107 5072 leviter
3137 5025 3391 5080 moveat,
3419 5019 3516 5086 qui
3548 5035 3670 5073 non

2071 5115 2261 5171 eodem
2294 5113 2462 5171 modo
2490 5113 2683 5185 lgnatii
2714 5112 2976 5183 epistolas
3008 5111 3220 5181 legerit,
3255 5125 3368 5180 quo
3404 5111 3672 5182 Scriptuq

2073 5218 2164 5257 ras
2191 5203 2319 5257 olim
2353 5202 2566 5273 legebat
2585 5200 2932 5265 Valentinus,
2963 5210 3024 5255 ut
3051 5200 3259 5264 omnia,
3293 5199 3511 5254 scilicet
3532 5239 3550 5267 ,
3596 5204 3667 5258 ad

2075 5308 2236 5348 suum
2272 5308 2493 5349 sensum
2526 5294 2743 5360 trahat,
2776 5300 2831 5346 et
2872 5292 2927 5345 in
2961 5291 3243 5361 proprium
3277 5290 3669 5348 characterem

2075 5393 2382 5440 convertat.
2414 5384 2571 5451 Quod
2610 5385 2656 5441 si
2706 5384 2794 5438 cui
2836 5383 3030 5438 liberet
3062 5381 3280 5445 facere,
3326 5398 3502 5451 quam
3540 5400 3671 5453 pro-

2076 5476 2215 5531 clive
2237 5483 2383 5530 esset
2418 5474 2747 5530 catholicum
2789 5473 3039 5543 quemvis
3066 5470 3286 5526 Patrem
3320 5472 3374 5526 in
3412 5470 3672 5528 Valenti-

2077 5568 2304 5622 nianum
2338 5567 2687 5622 convertere!
2717 5564 2964 5634 Exempli
2994 5564 3165 5634 gratia
3201 5579 3366 5619 sumo
3390 5566 3669 5621 suavissi-

2080 5676 2200 5715 mos
2228 5659 2436 5730 Synesii
2468 5659 2731 5728 hymnos;
2768 5656 2821 5710 in
2853 5656 3053 5725 quibus
3082 5656 3197 5709 haec
3242 5654 3365 5724 lego
3437 5661 3499 5707 et
3538 5656 3670 5723 qui-

2082 5753 2199 5807 dem
2220 5752 2284 5806 dc
2307 5750 2452 5822 Logo
2474 5749 2690 5817 εθιὸγος,
2712 5748 2768 5801 ὃν
2787 5747 3008 5819 μεγάλῳ
3031 5745 3204 5817 Ila-:91
3232 5762 3404 5816 συνυμ
3417 5746 3494 5799 νῶ
3532 5747 3668 5807 Nic;
