3770 6310
118 334 211 394 δι’]

836 333 865 390 ι
875 376 889 390 .
932 330 1300 390 PEARSONII
1337 330 1662 389 VINDICL‘E

1862 330 2125 388 .TIANAE.
2166 364 2236 375 —
2262 334 2445 393 PARS
2483 335 2552 393 11.

3260 338 3376 402 518

119 450 347 521 ἀρρήτου
371 449 555 503 Τίκτει
588 465 646 503 σε
672 448 908 518 Πατρός.
944 468 963 500 ι
1007 448 1267 513 Verbum,
1293 447 1442 517 quod
1486 460 1677 516 magno

1862 446 2058 500 »οειοΙο
2090 446 2415 505 inculcatam
2439 494 2453 519 ,
2498 460 2579 507 tot
2615 454 2881 511 encomiis
2913 471 2943 511 a
2981 456 3081 513 SS.
3110 458 3368 521 Patribus

119 542 243 595 Cum
267 539 427 596 Patre
448 540 775 605 cano,Mens
802 540 1093 595 ineﬂabilis
1130 540 1316 611 Gignit
1347 549 1398 594 te
1423 539 1620 594 Patris.
1655 556 1673 589 ι

119 632 269 688 Vides
284 633 598 688 hmcomnia
627 648 752 687 esse
777 649 842 688 ex
860 631 1135 687 Valentini
1168 633 1377 688 schola.
1407 630 1681 686 Habemus

118 726 320 781 Patrem
349 726 610 798 ἄρρητον,
632 725 778 779 Νοῦν
830 735 884 781 et
910 726 1084 795 Λόγον
1116 734 1226 780 tres
1251 725 1460 795 primos
1474 723 1682 779 .iEonas

124 815 402 869 masculos.
444 813 761 869 Valentinus
798 815 914 883 ipse
967 814 1039 866 ita
1077 811 1321 867 deﬁnivit
1356 812 1521 867 δυάδα
1558 813 1683 864 ἀνο-

120 907 401 977 νὸμαστον,
439 901 508 977 ἧς
544 905 617 958 τὸ
664 905 762 975 μέν
797 922 852 957 τι
899 904 1179 956 καλεῖσθαι
1216 902 1487 973 ἄρρητον,
1527 902 1588 955 τὸ
1623 902 1682 956 δὲ

120 1002 282 1071 σιγήν.
314 1000 588 1071 ’Δρρητος
612 999 795 1070 itaque
824 1002 966 1056 idem
990 1002 1085 1071 qui
1122 1000 1365 1072 Bythus,
1402 1018 1470 1055 ex
1507 1000 1681 1072 Bytho

117 1093 240 1160 Nus,
263 1110 329 1149 ex
357 1094 439 1149 Nu
479 1093 681 1167 Logus.
710 1093 891 1149 Purus
918 1103 1083 1164 putus
1114 1094 1303 1162 itaque
1342 1092 1684 1150 Valentinia-

118 1204 217 1242 nus
243 1186 345 1241 erit
380 1185 664 1258 Synesius.
689 1185 826 1241 Nam
850 1195 905 1242 et
933 1202 1057 1257 quae
1077 1193 1382 1256 sequuntur
1401 1202 1467 1240 ex
1491 1188 1681 1242 eadem

118 1279 313 1335 ollicina
346 1296 471 1335 esse
519 1281 775 1335 videntur
804 1299 820 1334 :
860 1281 1086 1352 Πρῶτος
1127 1279 1355 1353 πρώτας
1387 1280 1682 1353 Προθορὼν

114 1365 272 1437 ῥίζας,
309 1365 464 1430 Ῥίςα
495 1366 552 1419 δὲ
600 1366 819 1420 πάντων
848 1366 968 1421 Τῶν
1004 1368 1143 1438 μετά
1182 1367 1397 1423 κλεινὰν
1424 1369 1537 1423 Τάν
1582 1370 1683 1426 σὰν

112 1458 307 1526 γένναν.
338 1477 356 1509 ι
389 1458 610 1517 Primus
632 1477 697 1517 ex
723 1462 899 1532 prima
924 1459 1232 1531 Prognatus
1261 1462 1475 1529 radice;
1506 1461 1681 1518 Radix

112 1556 276 1602 autem
314 1551 593 1615 omnium,
645 1551 777 1618 Quae
810 1552 1030 1607 condita
1070 1562 1201 1607 sunt
1242 1565 1367 1623 post
1419 1554 1680 1625 inclytum

112 1638 273 1695 Tuum
296 1653 501 1698 ortum.
527 1665 546 1697 ι
573 1645 813 1700 Primam
841 1646 983 1701 enim
1012 1647 1216 1701 tetrada
1234 1646 1390 1720 ῥίζαν
1412 1647 1523 1701 τῶν
1553 1647 1683 1701 πάν-

106 1750 201 1785 των
237 1738 603 1805 appellabant,
629 1748 683 1792 et
708 1738 914 1809 Logum
940 1754 1009 1794 ex
1047 1739 1139 1795 illa
1176 1741 1434 1796 eductum
1456 1740 1680 1812 Πατέρα

106 1795 429 1878 πάντων-τῶν
452 1828 568 1898 μετ’
586 1795 750 1881 αὑτὸν
773 1795 1068 1900 ἐσομένων.
1083 1831 1236 1901 Apud
1251 1795 1504 1887 eumdem
1525 1795 1675 1903 legi):
1707 1795 1747 1849 Β

113 1914 314 1983 Μάκαρ,
349 1915 497 1979 ὅστις
534 1915 673 1986 μετὰ
708 1917 901 1988 μοίρας
934 1919 1160 1983 Ἐπιὸὰς
1194 1922 1336 1973 Νόου
1364 1921 1634 1975 κελεύθων
1658 1962 1673 1983 ,

115 2006 262 2059 Βυθὸν
282 2003 422 2060 εἶδεν
467 2009 769 2081 θεολαμπῆ.
805 2029 823 2062 ι
860 2011 1082 2079 Beatus,
1123 2014 1216 2084 qtti
1267 2025 1389 2083 post
1439 2016 1545 2071 fata
1587 2015 1676 2071 ln-

114 2113 313 2168 gressus
346 2099 546 2156 Mentis
570 2104 710 2168 vias,
736 2103 970 2175 Bythum
997 2106 1133 2160 vidit
1175 2106 1359 2163 divina
1393 2109 1675 2180 refulgenv

114 2200 204 2245 tem
243 2193 378 2249 luce.
411 2214 431 2246 ι
462 2194 626 2252 Vides
656 2207 713 2251 ut
735 2207 938 2253 statuat
969 2216 1242 2256 summam
1279 2203 1672 2258 beatitudinem

113 2285 159 2341 in
188 2288 390 2344 visione
419 2288 611 2361 Bythi,
641 2307 817 2361 eaque
844 2292 1112 2362 patefacta
1136 2310 1234 2363 per
1260 2293 1403 2350 Nun.
1438 2294 1595 2360 Quod
1621 2304 1675 2350 et

114 2380 285 2435 iterum
308 2383 618 2453 exprimere
640 2384 694 2437 in
715 2385 860 2439 hunc
885 2386 1107 2441 modum
1131 2387 1346 2441 videtur
1376 2410 1387 2442 -.
1412 2388 1674 2442 Ἐπιϐαλ-

111 2472 311 2543 λὸμενος
342 2476 626 2548 Προσιδεῖν
659 2477 852 2546 αἴγλαν
882 2478 1184 2549 Ἀκάμαντι
1226 2479 1382 2551 Βυθῷ
1411 2481 1675 2551 Ἀμαρυσ-

114 2566 343 2637 σομέναν.
377 2587 395 2618 ι
432 2567 572 2622 Dum
620 2578 791 2625 tentat
835 2570 1037 2624 Intueri
1104 2571 1450 2642 splendorem
1508 2572 1666 2627 Inde-

114 2654 239 2713 l'esso
264 2658 440 2730 Bytho
468 2659 807 2731 Fulgentem.
842 2682 861 2713 ι
898 2664 1065 2717 Deum
1092 2674 1238 2718 certe
1267 2661 1483 2718 Patrem
1512 2673 1674 2718 vocat

112 2751 434 2822 προπάτορα,
487 2760 542 2806 et
589 2753 911 2806 αἰωνοτόκον
935 2793 951 2816 ,
995 2762 1049 2809 et
1084 2754 1216 2825 θῆλυ
1257 2756 1351 2807 καὶ¹
1380 2756 1564 2827 ἄρρεν.
1592 2755 1674 2808 An

113 2838 201 2909 ipsi
230 2840 593 2898 Valentiniani
646 2846 805 2899 aliter
856 2846 1254 2916 loquerentur?
1284 2846 1484 2902 Eodem
1515 2863 1676 2917 argu-

114 2945 274 2987 mento
294 2934 517 3004 probari
564 2945 751 3005 posset
801 2935 1103 2991 Lucianum
1138 2938 1193 2991 in
1236 2938 1534 3008 Philopatri
1573 2937 1675 2993 Va-

114 3022 350 3080 lentinum
376 3029 787 3096 perstrinxisse,
817 3029 911 3083 ubi
931 3028 1143 3084 deridet
1170 3030 1472 3085 doctrinam
1493 3031 1675 3085 Trini-

1783 548 2074 608 oruatam;
2131 542 2285 596 οὐδὲν
2324 544 2433 617 γὰρ
2461 548 2685 620 εἰρήνης
2726 548 2840 603 ἴσον
2874 551 2967 605 καὶ
3006 557 3365 625 συμφωνίας,

1786 640 1846 683 ut
1870 631 2114 700 loquitur
2140 632 2584 705 Chrysostomus.
2613 637 2704 693 Sic
2738 638 2903 710 igitur
2928 641 3126 698 alfatur
3148 644 3372 716 Magne-

1785 724 1898 779 sios
1914 723 2175 796 lgnatius,
2195 729 2252 779 ὲν
2272 729 2493 800 ὁμονοίᾳ
2504 731 2639 784 Θεοῦ
2655 733 2979 798 σπουδάζετε
2999 737 3174 790 πάντα
3190 740 3368 811 πράσ-

1788 830 1924 880 σειν,
1949 815 2031 869 ιίη
2047 819 2338 873 concordia
2358 819 2448 874 Dei
2475 822 2686 877 studete
2702 827 2883 879 omnia
2904 830 3139 897 operari,
3154 850 3173 880 ι
3196 830 3363 901 μηδὲν

1783 905 1927 959 ἔστω
1963 908 2022 959 ὲν
2075 908 2204 978 ὑμῖν
2233 909 2262 962 ὃ
2290 911 2577 982 δυνήσεται
2611 915 2752 985 ὑμᾶς
2785 916 3025 987 μερίσαι,
3063 938 3081 969 ι
3121 920 3256 975 nihil
3293 922 3367 976 sit

1784 998 1840 1053 in
1872 999 2028 1054 vobis
2053 1002 2199 1070 quod
2230 1004 2399 1072 possit
2430 1018 2526 1059 vos
2553 1006 2764 1075 partiri.
2799 1006 3075 1063 Uniamini
3106 1011 3365 1082 episcopo

1784 1100 1839 1148 et
1864 1093 2300 1163 praesidentibus.
2337 1095 2407 1151 Ut
2430 1096 2697 1154 Dominus
2726 1100 2843 1155 sine
2885 1099 3047 1157 Patre
3099 1104 3233 1157 nihil
3285 1104 3367 1159 fe-

1782 1185 1877 1250 cit,
1920 1204 1939 1237 ι
1970 1186 2245 1258 ἡνωμένος
2276 1187 2387 1253 ὢν,
2420 1208 2443 1255 ιΔ
2478 1190 2664 1245 unitus
2699 1192 2989 1259 exsistens,
3042 1210 3219 1264 neque
3270 1211 3367 1265 per

1783 1277 2046 1346 seipsum,
2078 1296 2255 1350 neque
2284 1297 2381 1351 per
2401 1283 2717 1351 apostolos;
2763 1287 2842 1340 sic
2878 1302 3055 1355 neque
3095 1303 3196 1343 vos
3245 1290 3365 1343 sine

1782 1370 2042 1438 episcopo
2066 1380 2120 1424 et
2145 1372 2479 1442 presbyteris
2507 1375 2714 1444 aliquid
2746 1379 3073 1446 Operamini.
3107 1398 3127 1431 ι
3157 1379 3261 1444 Sit,
3286 1380 3370 1434 in-

1785 1462 1926 1530 quit,
1955 1462 2049 1515 ὲπὶ
2080 1463 2139 1517 τὸ
2161 1464 2294 1517 αὐτὸ
2332 1485 2350 1516 ι
2388 1482 2493 1520 una
2527 1460 2686 1534 ratio,
2713 1485 2817 1523 una
2844 1469 3177 1541 deprecatio,
3203 1488 3361 1527 mens

1782 1554 1931 1605 una,
1982 1559 2089 1600 una
2143 1563 2289 1617 spes.
2332 1568 2351 1601 ι
2386 1555 2673 1609 Rationem
2715 1559 2895 1611 statim
2938 1561 3113 1616 reddit
3163 1574 3216 1618 et
3249 1580 3374 1620 eam

1782 1633 2001 1705 quidem
2050 1641 2402 1707 apostolicam
2462 1664 2475 1700 :
2525 1643 2622 1712 Εἷς
2669 1649 2815 1702 ἐστιν
2861 1651 3069 1722 Ἰησοῦς
3102 1655 3370 1725 Χριστός,

1786 1744 1806 1777 ι
1838 1725 1994 1784 Unus
2022 1729 2182 1788 Jesus
2224 1734 2479 1794 Christus
2527 1752 2630 1808 est,
2669 1761 2687 1794 ι
2724 1759 2831 1813 quo
2865 1746 3059 1802 melius
3093 1748 3231 1802 nihil
3260 1760 3368 1805 est.

1781 1816 1853 1873 Ut
1874 1818 1932 1875 S.
1961 1821 2159 1881 Paulus
2182 1825 2445 1896 Ephesios
2467 1835 2535 1866 ²⁹’
2557 1835 2854 1893 cohortans
2876 1847 2935 1891 ιιι
2956 1851 3174 1895 servent
3201 1859 3219 1891 ι
3255 1842 3372 1897 uni-

1777 1925 1942 1970 tatem
1973 1916 2198 1985 spirilus
2223 1917 2277 1970 in
2312 1919 2532 1972 vinculo
2558 1920 2729 1989 pacis,
2770 1919 2963 1975 Vocati
3004 1922 3139 1974 estis
3168 1921 3222 1975 in
3257 1937 3365 1975 una

1777 2027 1874 2081 spe
1904 2030 1917 2078 ;
1948 2026 2092 2065 unus
2144 2009 2443 2079 Dominus,
2478 2028 2586 2066 una
2626 2013 2780 2078 ﬁdes,
2834 2030 3002 2067 unum
3054 2014 3319 2082 baptisma
3344 2053 3361 2077 .

1776 2121 1920 2160 unus
1936 2105 2098 2171 Deus,
2128 2114 2182 2159 ct
2210 2104 2369 2160 Pater
2390 2106 2655 2172 omnium,
2671 2124 2689 2156 ι
2716 2106 2989 2177 πανταχοῦ
3004 2107 3062 2159 τὸ
3074 2106 3143 2159 ἓν
3157 2106 3250 2159 καὶ
3276 2101 3364 2172 εἷς

1776 2199 2038 2263 τέθεικεν,
2064 2200 2241 2269 inquit
2261 2201 2640 2255 Theodoretus
2658 2243 2672 2266 ,
2700 2202 2778 2263 είς
2812 2200 3127 2271 συμφωνίαν
3164 2200 3364 2253 συνάπ-

1776 2309 1886 2344 των
1915 2292 2014 2362 τὴν
2038 2291 2366 2363 Ἐκκλησίαν
2389 2310 2402 2345 ;
2424 2295 2495 2346 ita
2528 2294 2691 2347 etiam
2729 2302 2782 2347 et
2814 2291 3054 2363 lgnatius
3086 2292 3230 2346 idetn
3272 2307 3363 2346 ar-

1777 2392 2095 2455 gumentum
2127 2388 2498 2455 prosequitur.
2537 2404 2555 2437 ι
2586 2384 2789 2440 Omnes
2815 2385 2980 2455 igitur
3011 2394 3070 2437 ut
3099 2384 3154 2437 in
3189 2400 3360 2438 unum

1777 2476 2036 2544 templum
2073 2478 2360 2532 convenite
2385 2477 2621 2547 (quibus
2660 2478 2840 2531 verbis
2873 2477 3205 2547 primitivam
3253 2475 3362 2531 Ec-

1777 2568 1957 2623 clesia:
1988 2568 2249 2623 unitatem
2283 2569 2337 2623 in
2374 2569 2594 2623 Actibus
2626 2568 2986 2638 apostolorum
3030 2568 3361 2638 descriptam

1779 2671 2170 2730 reprtesentare
2198 2661 2457 2731 videtur),
2485 2661 2539 2715 in
2566 2678 2734 2715 unum
2766 2663 2958 2727 altare,
2987 2661 3039 2715 in
3069 2676 3238 2714 unum
3274 2658 3365 2714 Je-

1780 2770 1901 2808 sum
1932 2752 2245 2821 Christum,
2276 2775 2294 2807 »
2323 2771 2517 2825 quem,
2552 2755 2813 2824 quoniam
2845 2754 3038 2809 iterum
3063 2754 3319 2825 proponit
3343 2793 3361 2817 ,

1778 2846 1941 2901 latius
1970 2846 2266 2911 describit,
2286 2848 2354 2901 ab
2386 2864 2497 2902 uno
2524 2847 2685 2903 Patre
2709 2856 2997 2903 exeuntem
3030 2858 3082 2903 et
3108 2849 3162 2901 in
3192 2863 3362 2901 unum

1775 2937 2153 3004 exsistentem,
2186 2946 2239 2993 et
2270 2938 2751 2995 revertentcmas.
2788 2939 2957 2993 Paulo
3010 2938 3077 2993 S.
3095 2937 3361 2993 Joannem

1778 3029 2117 3099 adjungens,
2148 3029 2292 3099 apud
2331 3045 2490 3099 quem
2520 3030 2775 3085 Christus
2820 3030 2935 3099 ipse
2973 3030 3049 3083 ait
3084 3047 3097 3083 :
3145 3028 3300 3084 Exivi
3331 3046 3365 3082 α

116 3118 239 3173 tatis.
288 3118 363 3174 lta
417 3121 569 3174 enim
623 3121 859 3177 Critias:
889 3122 1002 3175 Οὐκ
1034 3119 1151 3176 οἶδα
1178 3124 1287 3194 γὰρ
1316 3125 1343 3177 ὃ
1372 3124 1549 3194 λέγεις
1571 3167 1586 3191 ,
1618 3126 1677 3180 ἓν

1868 3130 1964 3186 tre,
1989 3131 2039 3175 et
2095 3123 2210 3175 veni
2252 3123 2308 3175 in
2342 3122 2479 3176 hunc
2534 3123 2829 3185 mundum;
2892 3123 3083 3175 iterum
3126 3121 3366 3191 relinquo

116 3213 238 3283 τρία,
263 3216 387 3287 τρία
415 3218 507 3271 ἶν’
541 3216 615 3288 μὴ
659 3217 760 3289 τὴν
802 3220 1106 3290 τετρακτὺν
1151 3222 1258 3291 φῇς
1296 3222 1397 3293 τὴν
1433 3222 1678 3291 Πυθαγό-

118 3322 217 3375 ρου,
264 3308 427 3380 ῆτὴν
467 3309 716 3377 ὀγδοὰδα,
746 3310 841 3363 καὶ
894 3311 1180 3381 τριακάδα.
1234 3312 1334 3366 Cui
1386 3313 1678 3383 respondet

115 3395 360 3468 Triephon
389 3419 404 3455 :
434 3400 574 3469 Σίγα
596 3401 666 3454 τὰ
689 3401 878 3473 νέρθεν
897 3443 910 3467 ,
940 3403 1032 3455 καὶ
1061 3402 1130 3456 τὰ
1176 3404 1333 3475 σιγῆς
1362 3403 1506 3470 ἄξια.
1542 3404 1676 3470 Quis

119 3492 240 3544 enim
265 3493 437 3546 nescit
467 3492 755 3548 Tetradem
784 3503 838 3550 et
866 3492 1316 3561 Octonationem,
1352 3506 1406 3550 et
1443 3496 1670 3564 triginta

120 3585 299 3644 Eones
327 3587 869 3655 Valentinianorum,
913 3588 1007 3659 qui
1037 3588 1202 3643 etiam
1225 3629 1240 3653 ,
1268 3598 1405 3644 teste
1436 3588 1674 3655 lrenazo,

120 3674 377 3735 Tetradem
434 3678 665 3751 πρώτην
701 3680 795 3733 καὶ
848 3680 1146 3752 ἀρχέγονον
1175 3680 1557 3752 Πυθαγορικὴν
1590 3698 1678 3733 τε-

120 3770 329 3838 τρακτύν
366 3772 767 3829 nominabant?
812 3770 952 3839 Quid
996 3773 1142 3844 quod
1178 3772 1453 3843 Triepbon
1495 3775 1676 3828 statim

120 3866 426 3933 respondens
475 3867 627 3922 dicat
654 3866 773 3921 haec
815 3866 1033 3921 silentio
1062 3881 1186 3922 esse
1220 3867 1384 3936 digna
1405 3909 1419 3934 ,
1448 3875 1509 3920 ut
1536 3883 1679 3937 smpe

122 3959 260 4013 etiam
291 3962 344 4015 in
367 3963 473 4018 hac
496 3978 556 4017 re
585 3961 777 4019 Patres
806 3962 1145 4031 loquuntur?
1167 3960 1467 4028 Scilicet,si
1491 3962 1676 4030 verba,

121 4064 146 4103 a
170 4048 439 4108 Valentino
465 4053 772 4109 secundum
805 4052 1088 4122 proprium
1112 4053 1484 4108 characterem
1518 4068 1680 4107 usur-

123 4150 246 4208 pata,
273 4145 486 4215 quoties
512 4144 655 4215 apud
678 4145 818 4199 alios
849 4144 1149 4215 scriptores
1179 4144 1457 4213 leguntur,
1485 4146 1680 4201 eodem

123 4248 259 4291 sensu
299 4239 442 4309 apud
468 4253 566 4292 eos
606 4236 969 4308 accipiantur;
1004 4251 1389 4306 quemcunque
1428 4236 1681 4291 volumus

122 4336 199 4380 aut
219 4327 449 4395 hostem,
482 4331 841 4384 autamicum
883 4328 1149 4384 Valentini
1179 4329 1471 4384 faciamus.
1505 4327 1578 4383 Ut
1601 4328 1676 4383 illi

124 4418 382 4488 lgnatium,
408 4424 484 4477 ita
509 4439 610 4493 ego
632 4422 934 4477 Lucianum
968 4423 1205 4489 hostem,
1231 4421 1469 4476 amicum
1496 4430 1678 4476 autem

1779 3214 2057 3279 mundum,
2100 3222 2148 3267 et
2182 3215 2317 3269 vado
2350 3216 2419 3268 ad
2470 3214 2682 3269 Patrem
2710 3215 2773 3266 ‘°.
2802 3214 2886 3268 Ab
2938 3214 3147 3268 unitate
3198 3214 3365 3283 igitur

1777 3304 1981 3359 Christi
2005 3314 2057 3359 et
2082 3305 2174 3359 Dei
2198 3307 2374 3361 Patris
2402 3291 2527 3361 cum
2559 3307 2823 3377 Apostolo
2846 3314 3229 3377 argumentum
3259 3305 3365 3359 du-

1778 3397 1856 3453 cit
1879 3399 2122 3468 lgnatius
2157 3399 2225 3453 ad
2260 3398 2753 3453 commendandam
2798 3397 3062 3450 unitatem
3096 3394 3365 3449 ecclesia-

1779 3488 1994 3543 sticam.
2024 3486 2185 3554 Nam,
2230 3470 2291 3541 ut
2345 3488 2550 3556 optime
2584 3484 2895 3540 observavit
2938 3482 2997 3537 S.
3035 3480 3368 3553 Chrysostn-

1780 3596 1935 3647 mus,
1959 3580 2127 3634 Ὅταν
2155 3579 2247 3632 ἐπί
2267 3597 2319 3632 τι
2343 3580 2526 3650 μεῖζον
2545 3576 2838 3650 παρακαλῇ
2867 3578 2896 3629 ὁ
2924 3572 3194 3645 μακάριος
3220 3572 3371 3625 Παῦ-

1779 3672 1897 3739 λος,
1935 3672 2155 3735 συνετὸς
2195 3671 2270 3725 ὢν
2314 3671 2520 3743 σφόδρα
2558 3671 2650 3724 καὶ
2682 3667 3083 3739 πνευματικὸς,
3124 3664 3231 3719 ἀπὸ
3260 3663 3370 3716 τῶν

1780 3764 1839 3815 ὲν
1870 3766 1984 3825 τοῖς
2023 3763 2274 3834 οὐρανοῖς
2314 3764 2545 3814 ποιεῖται
2576 3760 2674 3831 τὴν
2715 3757 3081 3831 παράκλησιν.
3110 3776 3128 3807 ι
3172 3755 3372 3810 Beatus

1782 3855 2008 3923 Paulus,
2040 3856 2338 3911 admodum
2384 3854 2629 3926 prudens
2680 3868 2745 3908 ac
2774 3850 3113 3922 spiritualis,
3147 3864 3273 3905 cum
3300 3846 3370 3901 ad

1783 3948 1993 4020 aliquid
2040 3948 2391 4019 praestantius
2442 3947 2712 4012 hortatur,
2760 3944 2829 3999 ab
2879 3943 2946 3998 iis
2975 3957 3097 4013 qua:
3134 3942 3187 3995 in
3217 3940 3373 3995 cmlis

1783 4054 1914 4099 sunt
1935 4041 2376 4099 exhortationem
2402 4038 2625 4110 promit.
2667 4057 2685 4089 ι
2722 4036 2934 4103 Quare,
2961 4050 3085 4089 cum
3110 4040 3225 4088 tota
3256 4033 3373 4085 lucc

1782 4136 2042 4209 perioche
2076 4134 2214 4189 nihil
2243 4131 2391 4187 aliud
2425 4132 2497 4186 sit
2534 4146 2698 4199 quam
2734 4127 3047 4185 exhortatio
3084 4125 3153 4180 ad
3193 4126 3374 4179 unita-

1786 4241 1915 4295 tem,
1946 4244 2122 4300 eaque
2150 4227 2331 4283 verbis
2354 4235 2409 4281 et
2439 4225 2693 4280 sensibus
2716 4220 3048 4292 evangelicis
3073 4227 3128 4275 et
3153 4226 3373 4288 aposto-

1784 4324 1906 4378 licis
1937 4334 2197 4392 expressa
2224 4337 2238 4387 ;
2277 4334 2401 4374 cum
2436 4318 2505 4371 ab
2532 4316 2740 4370 unitate
2764 4313 2968 4369 Christi
2995 4321 3049 4367 et
3071 4310 3165 4365 Dei
3193 4308 3374 4366 Patris

1786 4417 1840 4470 in
1879 4416 1983 4470 hac
2023 4415 2141 4484 ipsa
2193 4427 2253 4467 re
2308 4418 2693 4481 argumentum
2742 4408 2943 4461 ducere
2996 4404 3239 4459 solemne
3273 4402 3373 4467 sit;

127 4509 382 4580 Synesiutn
418 4482 705 4571 leeiiPari
727 4516 852 4587 jure
885 4527 1183 4586 utrumque
1213 4514 1417 4571 factum
1442 4524 1546 4582 est,
1572 4517 1680 4570 hoc
1712 4482 1758 4536 D
1791 4510 2103 4580 importuna
2146 4506 2307 4577 plane
2336 4513 2421 4559 est
2467 4505 2538 4558 de
2594 4504 2753 4573 longe
2799 4500 2965 4569 petita
2990 4497 3372 4553 haereticorum

123 4613 204 4668 est,
228 4607 388 4663 nullo.

182 4694 440 4756 Utautem
466 4702 678 4772 liquido
707 4711 967 4772 appareat
990 4702 1090 4756 has
1119 4714 1312 4754 omnes
1341 4699 1443 4754 viri
1482 4699 1682 4755 doctis-

127 4789 229 4845 simi
254 4795 644 4865 explicationes
685 4804 740 4847 et
774 4794 841 4847 ad
877 4792 1151 4848 Valentini
1200 4792 1392 4847 deliria
1446 4792 1678 4846 allusio-

128 4898 205 4938 nes
220 4902 319 4941 non
351 4904 473 4944 esse
497 4889 725 4943 omnino
749 4888 831 4942 vel
852 4887 1189 4943 necessarias
1213 4886 1296 4941 vel
1318 4896 1675 4955 opportunas,

128 4977 204 5033 sed
228 4980 451 5049 potiusa
485 4990 667 5037 mente
710 4990 763 5035 et
789 4996 958 5051 sc0po
1004 4980 1246 5035 auctoris
1279 4995 1508 5049 prorsus
1543 4978 1678 5031 alie-

129 5082 228 5135 nas,
284 5073 392 5128 imo
450 5082 762 5129 commenta
815 5088 939 5129 esse
965 5113 981 5138 ,
1011 5088 1134 5143 quae
1176 5082 1345 5127 totam
1387 5070 1685 5141 lgnatianae

130 5163 361 5222 orationis
412 5167 612 5222 seriem
639 5166 749 5221 alio
798 5166 1068 5221 violenter
1102 5165 1466 5234 detorquent;
1500 5164 1683 5219 locum

131 5250 280 5321 ipsum
310 5259 582 5333 integrum
615 5275 1021 5331 proponemus,
1057 5269 1113 5314 et
1151 5258 1518 5329 explicatione
1550 5258 1686 5313 sim—

133 5345 392 5412 plicissima
424 5362 479 5409 et
501 5354 569 5408 ad
596 5369 709 5408 rem
737 5369 901 5424 quam
922 5354 1178 5408 volumus
1200 5354 1438 5408 maxime
1460 5369 1684 5409 accom—

134 5440 316 5497 mndata
340 5446 407 5500 ab
432 5446 767 5516 importunis
807 5446 1007 5517 glossis
1045 5447 1471 5505 vindicabimus.
1522 5448 1683 5504 Prior

136 5531 354 5596 perioche
384 5537 524 5591 nihil
553 5538 703 5593 aliud
735 5547 821 5593 est
853 5555 1020 5609 quam
1046 5540 1340 5596 vehemens
1365 5542 1679 5597 exhortatio

136 5622 189 5675 ad
219 5627 467 5685 unitatem
493 5633 944 5699 ecclesiasticam,
972 5632 1132 5688 toties
1159 5633 1229 5687 ab
1261 5633 1401 5703 ipso,
1433 5634 1593 5691 toties
1611 5634 1680 5691 ab

220 5817 409 5891 "‘Cap.
445 5834 519 5887 tv,
566 5820 683 5875 5-6.
736 5822 806 5895 3°
837 5819 994 5877 Joan.
1025 5836 1135 5889 xvr,
1162 5821 1251 5877 28.

1789 4606 2106 4675 dogmatum
2148 4598 2488 4668 expositione
2510 4606 2603 4651 aut
2630 4595 2959 4649 refutatione
2990 4588 3290 4661 cogitatio;
3317 4594 3375 4642 et

1791 4697 1961 4751 animi
2018 4693 2262 4748 auctoris
2313 4692 2380 4745 ad
2422 4703 2579 4745 suam
2623 4684 2970 4757 hypothcsitn
3020 4681 3259 4738 maxime
3287 4690 3374 4737 at-

1795 4788 1931 4843 tenti
1961 4786 2197 4839 violenta
2228 4781 2531 4838 distractio.

1862 4881 2049 4935 Altera
2100 4892 2233 4932 vero
2274 4891 2396 4947 qua:
2432 4873 2676 4944 sequitur
2716 4871 3009 4943 perioche,
3052 4879 3108 4926 et
3153 4870 3376 4942 quidem

1789 4977 1926 5031 satis
1957 4972 2192 5045 prolixa,
2217 4980 2327 5027 tota
2353 4977 2557 5040 Quanta
2580 4977 2663 5022 est
2691 4965 2758 5021 ad
2787 4964 3037 5020 haeresim
3067 4963 3378 5019 evitandam

1788 5077 2105 5138 comparata
2146 5074 2247 5119 est.
2283 5063 2374 5136 Μὴ
2420 5060 2695 5116 πλανᾶσθε
2732 5062 2855 5123 ταῖς
2890 5055 3279 5130 ὲτεροδοξίαις,
3320 5062 3383 5109 ut

1785 5161 2015 5233 epistola
2069 5158 2136 5213 ad
2193 5155 2526 5231 Smyrnteos,
2573 5152 2920 5225 καταμάθετε
2949 5149 3044 5203 καὶ
3084 5147 3212 5209 τοὺς
3264 5147 3382 5199 ἐτε-

1791 5253 2162 5327 ροδοξοῦνταςθ
2197 5251 2346 5306 unde
2375 5248 2596 5320 Origeni
2629 5244 2928 5318 ἑτερόδοξοι
2955 5257 3062 5296 vox
3107 5240 3244 5295 adeo
3292 5236 3371 5292 fa-

1786 5349 2044 5415 miliaris,
2066 5360 2232 5416 quam
2262 5344 2406 5399 male
2444 5340 2724 5397 transtulit
2758 5336 3145 5405 Hieronymus.
3178 5330 3378 5398 Quales

1793 5454 1977 5498 autem
2022 5441 2078 5495 hi
2118 5436 2439 5494 heterodoxi
2469 5436 2585 5491 sive
2622 5430 2864 5486 haeretici
2902 5426 3147 5492 fuerint,
3185 5432 3377 5480 contra

1789 5551 2026 5610 quorum
2080 5533 2339 5602 dogmata
2385 5527 2771 5610 Magnesianos
2820 5519 3155 5594 praemunit,
3189 5516 3377 5574 statim

1789 5603 1879 5691 his
1912 5628 2095 5688 verbis
2133 5626 2332 5695 docet,
2364 5621 2498 5694 μηδὲ
2527 5603 2844 5692 μυθεύμασι
2882 5614 3133 5679 παλαιοῖς
3163 5611 3376 5681 ἀνωφε-
