  <div class='ocr_page' id='page_1' title='image "/cluster/home/n/w/nwhite01/storage/ocr_20150623/5/hvd.32044019206598/167.png"; bbox 0 0 3770 6354; ppageno 0'>
   <div class='ocr_carea' id='block_1_1' title="bbox 382 303 489 359">
    <p class='ocr_par' dir='ltr' id='par_1_1' title="bbox 382 303 489 359">
     <span class='ocr_line' id='line_1_1' title="bbox 382 303 489 359; baseline 0 -1"><span class='ocrx_word' id='word_1_1' title='bbox 382 303 489 359; x_wconf 73' lang='grc'><strong>319</strong></span> 
     </span>
    </p>
   </div>
   <div class='ocr_carea' id='block_1_2' title="bbox 1420 293 2552 356">
    <p class='ocr_par' dir='ltr' id='par_1_2' title="bbox 1420 293 2552 356">
     <span class='ocr_line' id='line_1_2' title="bbox 1420 293 2552 356; baseline -0.003 -3"><span class='ocrx_word' id='word_1_2' title='bbox 1420 298 1478 355; x_wconf 82' lang='lat' dir='ltr'><strong>S.</strong></span> <span class='ocrx_word' id='word_1_3' title='bbox 1521 298 1870 356; x_wconf 75' lang='lat' dir='ltr'><strong>IGNATIUS.</strong></span> <span class='ocrx_word' id='word_1_4' title='bbox 1914 328 1977 339; x_wconf 90' lang='lat'><strong>-—</strong></span> <span class='ocrx_word' id='word_1_5' title='bbox 2018 293 2552 353; x_wconf 76' lang='lat' dir='ltr'><strong>PROLEGOMENA.</strong></span> 
     </span>
    </p>
   </div>
   <div class='ocr_carea' id='block_1_3' title="bbox 3537 289 3633 345">
    <p class='ocr_par' dir='ltr' id='par_1_3' title="bbox 3537 289 3633 345">
     <span class='ocr_line' id='line_1_3' title="bbox 3537 289 3633 345; baseline -0.021 -1"><span class='ocrx_word' id='word_1_6' title='bbox 3537 289 3633 345; x_wconf 62' lang='grc' dir='ltr'>δεῖ)</span> 
     </span>
    </p>
   </div>
   <div class='ocr_carea' id='block_1_4' title="bbox 380 382 3631 489">
    <p class='ocr_par' dir='ltr' id='par_1_4' title="bbox 380 382 3631 489">
     <span class='ocr_line' id='line_1_4' title="bbox 380 382 3631 489; baseline -0.003 -13"><span class='ocrx_word' id='word_1_7' title='bbox 380 421 530 476; x_wconf 78' lang='grc' dir='ltr'>λέσιν</span> <span class='ocrx_word' id='word_1_8' title='bbox 556 414 746 474; x_wconf 73' lang='grc' dir='ltr'>οὖσιν·</span> <span class='ocrx_word' id='word_1_9' title='bbox 780 432 890 475; x_wconf 86' lang='lat' dir='ltr'><strong>non</strong></span> <span class='ocrx_word' id='word_1_10' title='bbox 923 417 1069 488; x_wconf 81' lang='lat' dir='ltr'><strong>quod</strong></span> <span class='ocrx_word' id='word_1_11' title='bbox 1096 425 1306 484; x_wconf 80' lang='lat' dir='ltr'><strong>auctor,</strong></span> <span class='ocrx_word' id='word_1_12' title='bbox 1331 417 1459 488; x_wconf 90' lang='lat' dir='ltr'><strong>quia</strong></span> <span class='ocrx_word' id='word_1_13' title='bbox 1482 426 1604 489; x_wconf 91' lang='lat' dir='ltr'><strong>post</strong></span> <span class='ocrx_word' id='word_1_14' title='bbox 1630 417 1961 473; x_wconf 82' lang='lat' dir='ltr'><strong>Clementem</strong></span> <span class='ocrx_word' id='word_1_15' title='bbox 1991 427 2040 483; x_wconf 74' lang='grc' dir='ltr'>Α</span> <span class='ocrx_word' id='word_1_16' title='bbox 2147 414 2302 473; x_wconf 87' lang='lat' dir='ltr'><strong>Unde</strong></span> <span class='ocrx_word' id='word_1_17' title='bbox 2332 415 2651 470; x_wconf 81' lang='lat' dir='ltr'><strong>ﬁrmissime</strong></span> <span class='ocrx_word' id='word_1_18' title='bbox 2686 411 2996 484; x_wconf 78' lang='lat' dir='ltr'><strong>colligitur,</strong></span> <span class='ocrx_word' id='word_1_19' title='bbox 3030 409 3166 466; x_wconf 91' lang='lat' dir='ltr'><strong>adeo</strong></span> <span class='ocrx_word' id='word_1_20' title='bbox 3201 418 3260 466; x_wconf 82' lang='lat' dir='ltr'><strong>ut</strong></span> <span class='ocrx_word' id='word_1_21' title='bbox 3302 424 3377 466; x_wconf 84' lang='lat' dir='ltr'><strong>ne</strong></span> <span class='ocrx_word' id='word_1_22' title='bbox 3422 411 3631 480; x_wconf 81' lang='lat' dir='ltr'><strong>quidem</strong></span> 
     </span>
    </p>
   </div>
   <div class='ocr_carea' id='block_1_5' title="bbox 385 510 1958 582">
    <p class='ocr_par' dir='ltr' id='par_1_5' title="bbox 385 510 1958 582">
     <span class='ocr_line' id='line_1_5' title="bbox 385 510 1958 582; baseline -0.003 -15"><span class='ocrx_word' id='word_1_23' title='bbox 385 512 819 568; x_wconf 82' lang='lat' dir='ltr'><strong>Alexandrinum</strong></span> <span class='ocrx_word' id='word_1_24' title='bbox 851 512 1105 582; x_wconf 92' lang='lat' dir='ltr'><strong>scripsit,</strong></span> <span class='ocrx_word' id='word_1_25' title='bbox 1144 520 1206 566; x_wconf 91' lang='lat' dir='ltr'><strong>ut</strong></span> <span class='ocrx_word' id='word_1_26' title='bbox 1235 510 1549 566; x_wconf 82' lang='lat' dir='ltr'><strong>Blondellus</strong></span> <span class='ocrx_word' id='word_1_27' title='bbox 1576 510 1782 575; x_wconf 90' lang='lat' dir='ltr'><strong>voluit,</strong></span> <span class='ocrx_word' id='word_1_28' title='bbox 1806 526 1958 566; x_wconf 85' lang='lat' dir='ltr'><strong>com-</strong></span> 
     </span>
    </p>
   </div>
   <div class='ocr_carea' id='block_1_6' title="bbox 384 602 1958 673">
    <p class='ocr_par' dir='ltr' id='par_1_6' title="bbox 384 602 1958 673">
     <span class='ocr_line' id='line_1_6' title="bbox 384 602 1958 673; baseline 0.001 -15"><span class='ocrx_word' id='word_1_29' title='bbox 384 615 565 660; x_wconf 89' lang='lat' dir='ltr'><strong>menta</strong></span> <span class='ocrx_word' id='word_1_30' title='bbox 603 602 1107 658; x_wconf 75' lang='lat' dir='ltr'><strong>Valcntinianorum</strong></span> <span class='ocrx_word' id='word_1_31' title='bbox 1135 603 1361 673; x_wconf 89' lang='lat' dir='ltr'><strong>antiqua</strong></span> <span class='ocrx_word' id='word_1_32' title='bbox 1408 603 1524 658; x_wconf 88' lang='lat' dir='ltr'><strong>sive</strong></span> <span class='ocrx_word' id='word_1_33' title='bbox 1554 612 1763 658; x_wconf 90' lang='lat' dir='ltr'><strong>vetusta</strong></span> <span class='ocrx_word' id='word_1_34' title='bbox 1785 619 1958 659; x_wconf 82' lang='lat' dir='ltr'><strong>.voea-</strong></span> 
     </span>
    </p>
   </div>
   <div class='ocr_carea' id='block_1_7' title="bbox 386 695 1961 767">
    <p class='ocr_par' dir='ltr' id='par_1_7' title="bbox 386 695 1961 767">
     <span class='ocr_line' id='line_1_7' title="bbox 386 695 1961 767; baseline -0.001 -15"><span class='ocrx_word' id='word_1_35' title='bbox 386 706 728 767; x_wconf 88' lang='lat' dir='ltr'><strong>rct;pugnat</strong></span> <span class='ocrx_word' id='word_1_36' title='bbox 750 697 854 751; x_wconf 90' lang='lat' dir='ltr'><strong>hoc</strong></span> <span class='ocrx_word' id='word_1_37' title='bbox 877 696 1021 751; x_wconf 92' lang='lat' dir='ltr'><strong>enim</strong></span> <span class='ocrx_word' id='word_1_38' title='bbox 1049 711 1174 751; x_wconf 90' lang='lat' dir='ltr'><strong>cum</strong></span> <span class='ocrx_word' id='word_1_39' title='bbox 1205 695 1461 751; x_wconf 89' lang='lat' dir='ltr'><strong>omnibus</strong></span> <span class='ocrx_word' id='word_1_40' title='bbox 1504 696 1667 751; x_wconf 83' lang='lat' dir='ltr'><strong>istius</strong></span> <span class='ocrx_word' id='word_1_41' title='bbox 1693 698 1790 751; x_wconf 72' lang='lat' dir='ltr'><strong>aevi</strong></span> <span class='ocrx_word' id='word_1_42' title='bbox 1824 697 1961 752; x_wconf 82' lang='lat' dir='ltr'><strong>scri-</strong></span> 
     </span>
    </p>
   </div>
   <div class='ocr_carea' id='block_1_8' title="bbox 385 787 1959 862">
    <p class='ocr_par' dir='ltr' id='par_1_8' title="bbox 385 787 1959 862">
     <span class='ocr_line' id='line_1_8' title="bbox 385 787 1959 862; baseline 0 -18"><span class='ocrx_word' id='word_1_43' title='bbox 385 791 495 862; x_wconf 87' lang='lat' dir='ltr'><strong>ptis</strong></span> <span class='ocrx_word' id='word_1_44' title='bbox 508 805 627 858; x_wconf 70' lang='lat' dir='ltr'><strong>qua:</strong></span> <span class='ocrx_word' id='word_1_45' title='bbox 650 790 1024 845; x_wconf 66' lang='lat' dir='ltr'><strong>hmreticorum</strong></span> <span class='ocrx_word' id='word_1_46' title='bbox 1043 787 1299 859; x_wconf 76' lang='lat' dir='ltr'><strong>dogmata</strong></span> <span class='ocrx_word' id='word_1_47' title='bbox 1315 800 1798 859; x_wconf 88' lang='lat' dir='ltr'><strong>sempertanquam</strong></span> <span class='ocrx_word' id='word_1_48' title='bbox 1818 805 1959 844; x_wconf 87' lang='lat' dir='ltr'><strong>nova</strong></span> 
     </span>
    </p>
   </div>
   <div class='ocr_carea' id='block_1_9' title="bbox 387 879 1960 950">
    <p class='ocr_par' dir='ltr' id='par_1_9' title="bbox 387 879 1960 950">
     <span class='ocr_line' id='line_1_9' title="bbox 387 879 1960 950; baseline 0 -16"><span class='ocrx_word' id='word_1_49' title='bbox 387 881 700 950; x_wconf 81' lang='lat' dir='ltr'><strong>exagitant;</strong></span> <span class='ocrx_word' id='word_1_50' title='bbox 733 880 825 935; x_wconf 89' lang='lat' dir='ltr'><strong>sed</strong></span> <span class='ocrx_word' id='word_1_51' title='bbox 854 881 1099 936; x_wconf 88' lang='lat' dir='ltr'><strong>instituta</strong></span> <span class='ocrx_word' id='word_1_52' title='bbox 1143 879 1368 935; x_wconf 89' lang='lat' dir='ltr'><strong>Judaica</strong></span> <span class='ocrx_word' id='word_1_53' title='bbox 1406 895 1530 935; x_wconf 91' lang='lat' dir='ltr'><strong>cum</strong></span> <span class='ocrx_word' id='word_1_54' title='bbox 1568 879 1767 935; x_wconf 85' lang='lat' dir='ltr'><strong>fabulis</strong></span> <span class='ocrx_word' id='word_1_55' title='bbox 1807 895 1960 936; x_wconf 91' lang='lat' dir='ltr'><strong>com-</strong></span> 
     </span>
    </p>
   </div>
   <div class='ocr_carea' id='block_1_10' title="bbox 387 971 1960 1044">
    <p class='ocr_par' dir='ltr' id='par_1_10' title="bbox 387 971 1960 1044">
     <span class='ocr_line' id='line_1_10' title="bbox 387 971 1960 1044; baseline -0.001 -16"><span class='ocrx_word' id='word_1_56' title='bbox 387 974 546 1029; x_wconf 90' lang='lat' dir='ltr'><strong>mista</strong></span> <span class='ocrx_word' id='word_1_57' title='bbox 570 1013 587 1038; x_wconf 95' lang='lat'><strong>,</strong></span> <span class='ocrx_word' id='word_1_58' title='bbox 640 990 763 1043; x_wconf 69' lang='lat' dir='ltr'><strong>qua:</strong></span> <span class='ocrx_word' id='word_1_59' title='bbox 811 982 1069 1044; x_wconf 81' lang='lat' dir='ltr'><strong>tanquam</strong></span> <span class='ocrx_word' id='word_1_60' title='bbox 1106 971 1310 1027; x_wconf 79' lang='grc' dir='ltr'>παλαιὰ</span> <span class='ocrx_word' id='word_1_61' title='bbox 1345 982 1399 1028; x_wconf 91' lang='lat' dir='ltr'><strong>et</strong></span> <span class='ocrx_word' id='word_1_62' title='bbox 1430 973 1679 1044; x_wconf 81' lang='grc' dir='ltr'><strong>ἀνωφελῆ</strong></span> <span class='ocrx_word' id='word_1_63' title='bbox 1711 988 1853 1042; x_wconf 67' lang='lat' dir='ltr'><strong>saepe</strong></span> <span class='ocrx_word' id='word_1_64' title='bbox 1892 972 1960 1028; x_wconf 86' lang='lat' dir='ltr'><strong>ab</strong></span> 
     </span>
    </p>
   </div>
   <div class='ocr_carea' id='block_1_11' title="bbox 381 1061 1960 1133">
    <p class='ocr_par' dir='ltr' id='par_1_11' title="bbox 381 1061 1960 1133">
     <span class='ocr_line' id='line_1_11' title="bbox 381 1061 1960 1133; baseline -0.001 -14"><span class='ocrx_word' id='word_1_65' title='bbox 381 1065 630 1133; x_wconf 82' lang='lat' dir='ltr'><strong>apostolo</strong></span> <span class='ocrx_word' id='word_1_66' title='bbox 650 1064 1032 1120; x_wconf 89' lang='lat' dir='ltr'><strong>traducuntur.</strong></span> <span class='ocrx_word' id='word_1_67' title='bbox 1059 1062 1133 1118; x_wconf 90' lang='lat' dir='ltr'><strong>lta</strong></span> <span class='ocrx_word' id='word_1_68' title='bbox 1162 1062 1278 1132; x_wconf 91' lang='lat' dir='ltr'><strong>ipse</strong></span> <span class='ocrx_word' id='word_1_69' title='bbox 1296 1063 1459 1132; x_wconf 86' lang='lat' dir='ltr'><strong>paulo</strong></span> <span class='ocrx_word' id='word_1_70' title='bbox 1485 1072 1605 1133; x_wconf 88' lang='lat' dir='ltr'><strong>post</strong></span> <span class='ocrx_word' id='word_1_71' title='bbox 1627 1073 1836 1118; x_wconf 83' lang='lat' dir='ltr'><strong>veteres</strong></span> <span class='ocrx_word' id='word_1_72' title='bbox 1861 1061 1960 1117; x_wconf 88' lang='lat' dir='ltr'><strong>Ju-</strong></span> 
     </span>
    </p>
   </div>
   <div class='ocr_carea' id='block_1_12' title="bbox 382 1153 1950 1226">
    <p class='ocr_par' dir='ltr' id='par_1_12' title="bbox 382 1153 1950 1226">
     <span class='ocr_line' id='line_1_12' title="bbox 382 1153 1950 1226; baseline 0 -18"><span class='ocrx_word' id='word_1_73' title='bbox 382 1153 530 1209; x_wconf 69' lang='lat' dir='ltr'><strong>daeos</strong></span> <span class='ocrx_word' id='word_1_74' title='bbox 543 1157 600 1208; x_wconf 84' lang='grc' dir='ltr'><strong>ὲν</strong></span> <span class='ocrx_word' id='word_1_75' title='bbox 622 1154 874 1217; x_wconf 84' lang='grc' dir='ltr'><strong>παλαιοῖς</strong></span> <span class='ocrx_word' id='word_1_76' title='bbox 896 1156 1213 1226; x_wconf 82' lang='grc' dir='ltr'><strong>πράγμασιν</strong></span> <span class='ocrx_word' id='word_1_77' title='bbox 1226 1155 1688 1225; x_wconf 79' lang='grc' dir='ltr'>ἁναστραφὲντας,</span> <span class='ocrx_word' id='word_1_78' title='bbox 1706 1156 1760 1207; x_wconf 83' lang='lat' dir='ltr'><strong>in</strong></span> <span class='ocrx_word' id='word_1_79' title='bbox 1776 1155 1950 1210; x_wconf 79' lang='lat' dir='ltr'><strong>veteri-</strong></span> 
     </span>
    </p>
   </div>
   <div class='ocr_carea' id='block_1_13' title="bbox 385 1234 1941 1318">
    <p class='ocr_par' dir='ltr' id='par_1_13' title="bbox 385 1234 1941 1318">
     <span class='ocr_line' id='line_1_13' title="bbox 385 1234 1941 1318; baseline 0.001 -17"><span class='ocrx_word' id='word_1_80' title='bbox 385 1248 478 1301; x_wconf 85' lang='lat' dir='ltr'><strong>bus</strong></span> <span class='ocrx_word' id='word_1_81' title='bbox 500 1252 651 1302; x_wconf 78' lang='lat' dir='ltr'><strong>rebus</strong></span> <span class='ocrx_word' id='word_1_82' title='bbox 682 1261 1020 1304; x_wconf 76' lang='lat' dir='ltr'><strong>convcrsatos</strong></span> <span class='ocrx_word' id='word_1_83' title='bbox 1042 1266 1154 1303; x_wconf 82' lang='lat' dir='ltr'><strong>esse</strong></span> <span class='ocrx_word' id='word_1_84' title='bbox 1175 1234 1338 1314; x_wconf 84' lang='lat' dir='ltr'><strong>dicit;</strong></span> <span class='ocrx_word' id='word_1_85' title='bbox 1360 1250 1432 1303; x_wconf 90' lang='lat' dir='ltr'><strong>ita</strong></span> <span class='ocrx_word' id='word_1_86' title='bbox 1458 1248 1795 1318; x_wconf 83' lang='lat' dir='ltr'><strong>Epiphanius</strong></span> <span class='ocrx_word' id='word_1_87' title='bbox 1822 1265 1941 1303; x_wconf 89' lang='lat' dir='ltr'><strong>con-</strong></span> 
     </span>
    </p>
   </div>
   <div class='ocr_carea' id='block_1_14' title="bbox 385 1340 1961 1412">
    <p class='ocr_par' dir='ltr' id='par_1_14' title="bbox 385 1340 1961 1412">
     <span class='ocr_line' id='line_1_14' title="bbox 385 1340 1961 1412; baseline 0 -18"><span class='ocrx_word' id='word_1_88' title='bbox 385 1350 467 1394; x_wconf 89' lang='lat' dir='ltr'><strong>tra</strong></span> <span class='ocrx_word' id='word_1_89' title='bbox 501 1340 760 1395; x_wconf 84' lang='lat' dir='ltr'><strong>Ebionem</strong></span> <span class='ocrx_word' id='word_1_90' title='bbox 779 1341 1037 1409; x_wconf 83' lang='lat' dir='ltr'><strong>disputat,</strong></span> <span class='ocrx_word' id='word_1_91' title='bbox 1061 1341 1142 1393; x_wconf 85' lang='grc' dir='ltr'><strong>ὃτι</strong></span> <span class='ocrx_word' id='word_1_92' title='bbox 1163 1341 1221 1393; x_wconf 87' lang='grc' dir='ltr'><strong>οὐ</strong></span> <span class='ocrx_word' id='word_1_93' title='bbox 1245 1341 1350 1411; x_wconf 86' lang='grc' dir='ltr'>χρὴ</span> <span class='ocrx_word' id='word_1_94' title='bbox 1380 1341 1707 1411; x_wconf 83' lang='grc' dir='ltr'>βαπτισμοῖς</span> <span class='ocrx_word' id='word_1_95' title='bbox 1727 1340 1961 1412; x_wconf 80' lang='grc' dir='ltr'>χρῆσθαι</span> 
     </span>
    </p>
   </div>
   <div class='ocr_carea' id='block_1_15' title="bbox 386 1427 1962 1499">
    <p class='ocr_par' dir='ltr' id='par_1_15' title="bbox 386 1427 1962 1499">
     <span class='ocr_line' id='line_1_15' title="bbox 386 1427 1962 1499; baseline 0.004 -20"><span class='ocrx_word' id='word_1_96' title='bbox 386 1428 475 1480; x_wconf 75' lang='grc' dir='ltr'>καὶ</span> <span class='ocrx_word' id='word_1_97' title='bbox 508 1427 682 1481; x_wconf 78' lang='grc' dir='ltr'>ἔθεσιν</span> <span class='ocrx_word' id='word_1_98' title='bbox 712 1428 1062 1496; x_wconf 70' lang='grc' dir='ltr'>ἀνωφελέσιν,</span> <span class='ocrx_word' id='word_1_99' title='bbox 1094 1446 1111 1479; x_wconf 82' lang='grc' dir='ltr'><strong>ι</strong></span> <span class='ocrx_word' id='word_1_100' title='bbox 1136 1430 1280 1498; x_wconf 86' lang='lat' dir='ltr'><strong>quod</strong></span> <span class='ocrx_word' id='word_1_101' title='bbox 1323 1444 1430 1482; x_wconf 88' lang='lat' dir='ltr'><strong>non</strong></span> <span class='ocrx_word' id='word_1_102' title='bbox 1461 1438 1705 1499; x_wconf 84' lang='lat' dir='ltr'><strong>oporteat</strong></span> <span class='ocrx_word' id='word_1_103' title='bbox 1731 1431 1962 1485; x_wconf 82' lang='lat' dir='ltr'><strong>lavacris</strong></span> 
     </span>
    </p>
   </div>
   <div class='ocr_carea' id='block_1_16' title="bbox 388 1518 1961 1585">
    <p class='ocr_par' dir='ltr' id='par_1_16' title="bbox 388 1518 1961 1585">
     <span class='ocr_line' id='line_1_16' title="bbox 388 1518 1961 1585; baseline 0.003 -15"><span class='ocrx_word' id='word_1_104' title='bbox 388 1519 462 1572; x_wconf 86' lang='lat' dir='ltr'><strong>uti</strong></span> <span class='ocrx_word' id='word_1_105' title='bbox 493 1529 545 1572; x_wconf 90' lang='lat' dir='ltr'><strong>et</strong></span> <span class='ocrx_word' id='word_1_106' title='bbox 567 1519 1057 1573; x_wconf 74' lang='lat' dir='ltr'><strong>consuetudinibus</strong></span> <span class='ocrx_word' id='word_1_107' title='bbox 1081 1518 1386 1575; x_wconf 84' lang='lat' dir='ltr'><strong>inutilibus.</strong></span> <span class='ocrx_word' id='word_1_108' title='bbox 1430 1536 1449 1571; x_wconf 71' lang='grc' dir='ltr'><strong>ι</strong></span> <span class='ocrx_word' id='word_1_109' title='bbox 1480 1518 1613 1585; x_wconf 85' lang='lat' dir='ltr'><strong>Quis</strong></span> <span class='ocrx_word' id='word_1_110' title='bbox 1644 1529 1824 1574; x_wconf 87' lang='lat' dir='ltr'><strong>autem</strong></span> <span class='ocrx_word' id='word_1_111' title='bbox 1854 1538 1961 1575; x_wconf 83' lang='lat' dir='ltr'><strong>uu-</strong></span> 
     </span>
    </p>
   </div>
   <div class='ocr_carea' id='block_1_17' title="bbox 388 1608 1964 1677">
    <p class='ocr_par' dir='ltr' id='par_1_17' title="bbox 388 1608 1964 1677">
     <span class='ocr_line' id='line_1_17' title="bbox 388 1608 1964 1677; baseline 0.004 -17"><span class='ocrx_word' id='word_1_112' title='bbox 388 1626 551 1677; x_wconf 87' lang='lat' dir='ltr'><strong>quam</strong></span> <span class='ocrx_word' id='word_1_113' title='bbox 569 1608 1075 1664; x_wconf 80' lang='lat' dir='ltr'><strong>Valentinianorum</strong></span> <span class='ocrx_word' id='word_1_114' title='bbox 1104 1610 1314 1665; x_wconf 87' lang='lat' dir='ltr'><strong>fabulas</strong></span> <span class='ocrx_word' id='word_1_115' title='bbox 1340 1619 1549 1665; x_wconf 89' lang='lat' dir='ltr'><strong>tantum</strong></span> <span class='ocrx_word' id='word_1_116' title='bbox 1567 1612 1772 1667; x_wconf 78' lang='lat' dir='ltr'><strong>diceret</strong></span> <span class='ocrx_word' id='word_1_117' title='bbox 1794 1632 1812 1664; x_wconf 77' lang='grc' dir='ltr'><strong>ι</strong></span> <span class='ocrx_word' id='word_1_118' title='bbox 1842 1615 1964 1667; x_wconf 84' lang='lat' dir='ltr'><strong>inu-</strong></span> 
     </span>
    </p>
   </div>
   <div class='ocr_carea' id='block_1_18' title="bbox 386 1701 1961 1772">
    <p class='ocr_par' dir='ltr' id='par_1_18' title="bbox 386 1701 1961 1772">
     <span class='ocr_line' id='line_1_18' title="bbox 386 1701 1961 1772; baseline 0.003 -18"><span class='ocrx_word' id='word_1_119' title='bbox 386 1702 564 1767; x_wconf 65' lang='lat' dir='ltr'><strong>tiles,»</strong></span> <span class='ocrx_word' id='word_1_120' title='bbox 592 1704 659 1755; x_wconf 91' lang='lat' dir='ltr'><strong>de</strong></span> <span class='ocrx_word' id='word_1_121' title='bbox 679 1702 878 1771; x_wconf 88' lang='lat' dir='ltr'><strong>quibus</strong></span> <span class='ocrx_word' id='word_1_122' title='bbox 907 1703 1142 1758; x_wconf 72' lang='lat' dir='ltr'><strong>Irenaeus</strong></span> <span class='ocrx_word' id='word_1_123' title='bbox 1173 1718 1187 1754; x_wconf 89' lang='lat'><strong>:</strong></span> <span class='ocrx_word' id='word_1_124' title='bbox 1225 1720 1243 1753; x_wconf 72' lang='grc' dir='ltr'><strong>ι</strong></span> <span class='ocrx_word' id='word_1_125' title='bbox 1280 1701 1455 1772; x_wconf 86' lang='lat' dir='ltr'><strong>Super</strong></span> <span class='ocrx_word' id='word_1_126' title='bbox 1487 1718 1678 1759; x_wconf 89' lang='lat' dir='ltr'><strong>omnes</strong></span> <span class='ocrx_word' id='word_1_127' title='bbox 1703 1714 1784 1758; x_wconf 73' lang='lat' dir='ltr'><strong>est</strong></span> <span class='ocrx_word' id='word_1_128' title='bbox 1814 1706 1961 1760; x_wconf 79' lang='lat' dir='ltr'><strong>blas-</strong></span> 
     </span>
    </p>
   </div>
   <div class='ocr_carea' id='block_1_19' title="bbox 390 1777 2038 1867">
    <p class='ocr_par' dir='ltr' id='par_1_19' title="bbox 390 1777 2038 1867">
     <span class='ocr_line' id='line_1_19' title="bbox 390 1777 2038 1867; baseline 0.002 -21"><span class='ocrx_word' id='word_1_129' title='bbox 390 1793 588 1863; x_wconf 88' lang='lat' dir='ltr'><strong>pbema</strong></span> <span class='ocrx_word' id='word_1_130' title='bbox 636 1795 822 1864; x_wconf 84' lang='lat' dir='ltr'><strong>regula</strong></span> <span class='ocrx_word' id='word_1_131' title='bbox 864 1795 1129 1865; x_wconf 86' lang='lat' dir='ltr'><strong>ipsorum.</strong></span> <span class='ocrx_word' id='word_1_132' title='bbox 1164 1814 1183 1848; x_wconf 76' lang='grc' dir='ltr'><strong>ι</strong></span> <span class='ocrx_word' id='word_1_133' title='bbox 1247 1795 1399 1852; x_wconf 88' lang='lat' dir='ltr'><strong>Licet</strong></span> <span class='ocrx_word' id='word_1_134' title='bbox 1440 1797 1585 1852; x_wconf 82' lang='lat' dir='ltr'><strong>enim</strong></span> <span class='ocrx_word' id='word_1_135' title='bbox 1616 1797 1967 1867; x_wconf 83' lang='lat' dir='ltr'><strong>philosopho-</strong></span> <span class='ocrx_word' id='word_1_136' title='bbox 1993 1777 2038 1836; x_wconf 71' lang='grc' dir='ltr'><strong><em>Β</em></strong></span> 
     </span>
    </p>
   </div>
   <div class='ocr_carea' id='block_1_20' title="bbox 389 1885 1965 1957">
    <p class='ocr_par' dir='ltr' id='par_1_20' title="bbox 389 1885 1965 1957">
     <span class='ocr_line' id='line_1_20' title="bbox 389 1885 1965 1957; baseline 0.003 -18"><span class='ocrx_word' id='word_1_137' title='bbox 389 1900 513 1939; x_wconf 87' lang='lat' dir='ltr'><strong>rum</strong></span> <span class='ocrx_word' id='word_1_138' title='bbox 540 1885 845 1940; x_wconf 87' lang='lat' dir='ltr'><strong>doctrinam</strong></span> <span class='ocrx_word' id='word_1_139' title='bbox 867 1927 884 1953; x_wconf 94' lang='lat'><strong>,</strong></span> <span class='ocrx_word' id='word_1_140' title='bbox 932 1902 999 1941; x_wconf 74' lang='lat' dir='ltr'><strong>ex</strong></span> <span class='ocrx_word' id='word_1_141' title='bbox 1029 1903 1136 1957; x_wconf 89' lang='lat' dir='ltr'><strong>qua</strong></span> <span class='ocrx_word' id='word_1_142' title='bbox 1174 1902 1328 1941; x_wconf 87' lang='lat' dir='ltr'><strong>suam</strong></span> <span class='ocrx_word' id='word_1_143' title='bbox 1359 1887 1707 1957; x_wconf 85' lang='lat' dir='ltr'><strong>aliquatenus</strong></span> <span class='ocrx_word' id='word_1_144' title='bbox 1744 1888 1965 1943; x_wconf 67' lang='lat' dir='ltr'><strong>deriva~</strong></span> 
     </span>
    </p>
   </div>
   <div class='ocr_carea' id='block_1_21' title="bbox 387 1977 1968 2046">
    <p class='ocr_par' dir='ltr' id='par_1_21' title="bbox 387 1977 1968 2046">
     <span class='ocr_line' id='line_1_21' title="bbox 387 1977 1968 2046; baseline 0.005 -18"><span class='ocrx_word' id='word_1_145' title='bbox 387 1985 538 2038; x_wconf 88' lang='lat' dir='ltr'><strong>runt,</strong></span> <span class='ocrx_word' id='word_1_146' title='bbox 569 1977 770 2031; x_wconf 87' lang='lat' dir='ltr'><strong>alicubi</strong></span> <span class='ocrx_word' id='word_1_147' title='bbox 810 1988 1046 2033; x_wconf 82' lang='lat' dir='ltr'><strong>veterem</strong></span> <span class='ocrx_word' id='word_1_148' title='bbox 1084 1988 1139 2033; x_wconf 89' lang='lat' dir='ltr'><strong>et</strong></span> <span class='ocrx_word' id='word_1_149' title='bbox 1169 1978 1415 2034; x_wconf 90' lang='lat' dir='ltr'><strong>inutilem</strong></span> <span class='ocrx_word' id='word_1_150' title='bbox 1445 1988 1634 2046; x_wconf 89' lang='lat' dir='ltr'><strong>vocet,</strong></span> <span class='ocrx_word' id='word_1_151' title='bbox 1664 1994 1853 2034; x_wconf 88' lang='lat' dir='ltr'><strong>eorum</strong></span> <span class='ocrx_word' id='word_1_152' title='bbox 1883 1991 1968 2036; x_wconf 79' lang='lat' dir='ltr'><strong>ta—</strong></span> 
     </span>
    </p>
   </div>
   <div class='ocr_carea' id='block_1_22' title="bbox 389 2068 1963 2140">
    <p class='ocr_par' dir='ltr' id='par_1_22' title="bbox 389 2068 1963 2140">
     <span class='ocr_line' id='line_1_22' title="bbox 389 2068 1963 2140; baseline 0.003 -20"><span class='ocrx_word' id='word_1_153' title='bbox 389 2082 516 2121; x_wconf 89' lang='lat' dir='ltr'><strong>men</strong></span> <span class='ocrx_word' id='word_1_154' title='bbox 546 2068 941 2138; x_wconf 70' lang='lat' dir='ltr'><strong>mataeologiam</strong></span> <span class='ocrx_word' id='word_1_155' title='bbox 970 2078 1025 2124; x_wconf 91' lang='lat' dir='ltr'><strong>et</strong></span> <span class='ocrx_word' id='word_1_156' title='bbox 1064 2078 1325 2138; x_wconf 88' lang='lat' dir='ltr'><strong>tanquam</strong></span> <span class='ocrx_word' id='word_1_157' title='bbox 1352 2085 1549 2125; x_wconf 89' lang='lat' dir='ltr'><strong>novam</strong></span> <span class='ocrx_word' id='word_1_158' title='bbox 1572 2111 1587 2134; x_wconf 96' lang='lat'><strong>,</strong></span> <span class='ocrx_word' id='word_1_159' title='bbox 1621 2080 1676 2125; x_wconf 89' lang='lat' dir='ltr'><strong>et</strong></span> <span class='ocrx_word' id='word_1_160' title='bbox 1702 2080 1963 2140; x_wconf 89' lang='lat' dir='ltr'><strong>tanquam</strong></span> 
     </span>
    </p>
   </div>
   <div class='ocr_carea' id='block_1_23' title="bbox 388 2158 1967 2232">
    <p class='ocr_par' dir='ltr' id='par_1_23' title="bbox 388 2158 1967 2232">
     <span class='ocr_line' id='line_1_23' title="bbox 388 2158 1967 2232; baseline 0.002 -19"><span class='ocrx_word' id='word_1_161' title='bbox 388 2158 761 2229; x_wconf 87' lang='lat' dir='ltr'><strong>blasphemam</strong></span> <span class='ocrx_word' id='word_1_162' title='bbox 791 2162 1145 2216; x_wconf 80' lang='lat' dir='ltr'><strong>condemnat.</strong></span> <span class='ocrx_word' id='word_1_163' title='bbox 1177 2160 1409 2232; x_wconf 85' lang='lat' dir='ltr'><strong>Ideoque</strong></span> <span class='ocrx_word' id='word_1_164' title='bbox 1440 2162 1826 2231; x_wconf 83' lang='lat' dir='ltr'><strong>interpolator,</strong></span> <span class='ocrx_word' id='word_1_165' title='bbox 1851 2163 1967 2217; x_wconf 89' lang='lat' dir='ltr'><strong>sive</strong></span> 
     </span>
    </p>
   </div>
   <div class='ocr_carea' id='block_1_24' title="bbox 388 2252 1971 2320">
    <p class='ocr_par' dir='ltr' id='par_1_24' title="bbox 388 2252 1971 2320">
     <span class='ocr_line' id='line_1_24' title="bbox 388 2252 1971 2320; baseline 0.003 -16"><span class='ocrx_word' id='word_1_166' title='bbox 388 2252 795 2320; x_wconf 84' lang='lat' dir='ltr'><strong>paraphrastcs,</strong></span> <span class='ocrx_word' id='word_1_167' title='bbox 827 2267 1050 2307; x_wconf 87' lang='lat' dir='ltr'><strong>sensum</strong></span> <span class='ocrx_word' id='word_1_168' title='bbox 1075 2262 1313 2319; x_wconf 86' lang='lat' dir='ltr'><strong>secutus,</strong></span> <span class='ocrx_word' id='word_1_169' title='bbox 1349 2254 1587 2308; x_wconf 87' lang='lat' dir='ltr'><strong>auctoris</strong></span> <span class='ocrx_word' id='word_1_170' title='bbox 1618 2262 1853 2308; x_wconf 88' lang='lat' dir='ltr'><strong>mentem</strong></span> <span class='ocrx_word' id='word_1_171' title='bbox 1879 2254 1971 2309; x_wconf 83' lang='lat' dir='ltr'><strong>his</strong></span> 
     </span>
    </p>
   </div>
   <div class='ocr_carea' id='block_1_25' title="bbox 387 2344 1966 2417">
    <p class='ocr_par' dir='ltr' id='par_1_25' title="bbox 387 2344 1966 2417">
     <span class='ocr_line' id='line_1_25' title="bbox 387 2344 1966 2417; baseline 0.001 -21"><span class='ocrx_word' id='word_1_172' title='bbox 387 2345 570 2399; x_wconf 81' lang='lat' dir='ltr'><strong>verbis</strong></span> <span class='ocrx_word' id='word_1_173' title='bbox 601 2347 868 2414; x_wconf 77' lang='lat' dir='ltr'><strong>expressit</strong></span> <span class='ocrx_word' id='word_1_174' title='bbox 902 2363 915 2399; x_wconf 87' lang='lat'><strong>:</strong></span> <span class='ocrx_word' id='word_1_175' title='bbox 941 2345 1089 2416; x_wconf 81' lang='grc' dir='ltr'><strong>Μηδὲ</strong></span> <span class='ocrx_word' id='word_1_176' title='bbox 1125 2344 1313 2417; x_wconf 79' lang='grc' dir='ltr'><strong>μύθοις</strong></span> <span class='ocrx_word' id='word_1_177' title='bbox 1337 2346 1551 2417; x_wconf 82' lang='grc' dir='ltr'>ὲνέχετε</span> <span class='ocrx_word' id='word_1_178' title='bbox 1582 2346 1674 2399; x_wconf 82' lang='grc' dir='ltr'><strong>καὶ</strong></span> <span class='ocrx_word' id='word_1_179' title='bbox 1714 2345 1966 2415; x_wconf 80' lang='grc' dir='ltr'>γενεαλο-</span> 
     </span>
    </p>
   </div>
   <div class='ocr_carea' id='block_1_26' title="bbox 391 2436 1971 2506">
    <p class='ocr_par' dir='ltr' id='par_1_26' title="bbox 391 2436 1971 2506">
     <span class='ocr_line' id='line_1_26' title="bbox 391 2436 1971 2506; baseline 0.003 -18"><span class='ocrx_word' id='word_1_180' title='bbox 391 2437 535 2505; x_wconf 82' lang='grc' dir='ltr'>γίαις</span> <span class='ocrx_word' id='word_1_181' title='bbox 581 2437 937 2506; x_wconf 73' lang='grc' dir='ltr'>ἀπεράντως,</span> <span class='ocrx_word' id='word_1_182' title='bbox 989 2437 1082 2490; x_wconf 70' lang='grc' dir='ltr'>καὶ</span> <span class='ocrx_word' id='word_1_183' title='bbox 1134 2437 1443 2501; x_wconf 67' lang='grc' dir='ltr'>Ἰουδαϊκοῖς</span> <span class='ocrx_word' id='word_1_184' title='bbox 1489 2436 1696 2506; x_wconf 76' lang='grc' dir='ltr'>τύφοις,</span> <span class='ocrx_word' id='word_1_185' title='bbox 1744 2456 1763 2489; x_wconf 79' lang='grc' dir='ltr'><strong>ι</strong></span> <span class='ocrx_word' id='word_1_186' title='bbox 1796 2452 1971 2506; x_wconf 88' lang='lat' dir='ltr'><strong>neque</strong></span> 
     </span>
    </p>
   </div>
   <div class='ocr_carea' id='block_1_27' title="bbox 389 2526 1971 2598">
    <p class='ocr_par' dir='ltr' id='par_1_27' title="bbox 389 2526 1971 2598">
     <span class='ocr_line' id='line_1_27' title="bbox 389 2526 1971 2598; baseline 0.003 -19"><span class='ocrx_word' id='word_1_187' title='bbox 389 2526 684 2582; x_wconf 89' lang='lat' dir='ltr'><strong>intendatis</strong></span> <span class='ocrx_word' id='word_1_188' title='bbox 725 2526 962 2592; x_wconf 89' lang='lat' dir='ltr'><strong>fabulis,</strong></span> <span class='ocrx_word' id='word_1_189' title='bbox 1004 2538 1058 2582; x_wconf 89' lang='lat' dir='ltr'><strong>et</strong></span> <span class='ocrx_word' id='word_1_190' title='bbox 1106 2528 1439 2598; x_wconf 84' lang='lat' dir='ltr'><strong>genealogiis</strong></span> <span class='ocrx_word' id='word_1_191' title='bbox 1488 2529 1876 2594; x_wconf 86' lang='lat' dir='ltr'><strong>interminatis,</strong></span> <span class='ocrx_word' id='word_1_192' title='bbox 1916 2538 1971 2584; x_wconf 89' lang='lat' dir='ltr'><strong>et</strong></span> 
     </span>
    </p>
   </div>
   <div class='ocr_carea' id='block_1_28' title="bbox 385 2615 1970 2690">
    <p class='ocr_par' dir='ltr' id='par_1_28' title="bbox 385 2615 1970 2690">
     <span class='ocr_line' id='line_1_28' title="bbox 385 2615 1970 2690; baseline 0.004 -20"><span class='ocrx_word' id='word_1_193' title='bbox 385 2615 628 2672; x_wconf 82' lang='lat' dir='ltr'><strong>Jiulaicis</strong></span> <span class='ocrx_word' id='word_1_194' title='bbox 652 2619 1053 2685; x_wconf 84' lang='lat' dir='ltr'><strong>inflationibus,</strong></span> <span class='ocrx_word' id='word_1_195' title='bbox 1088 2638 1105 2670; x_wconf 73' lang='grc' dir='ltr'><strong>ι</strong></span> <span class='ocrx_word' id='word_1_196' title='bbox 1144 2620 1328 2675; x_wconf 89' lang='lat' dir='ltr'><strong>locum</strong></span> <span class='ocrx_word' id='word_1_197' title='bbox 1361 2620 1418 2674; x_wconf 89' lang='lat' dir='ltr'><strong>S.</strong></span> <span class='ocrx_word' id='word_1_198' title='bbox 1464 2619 1621 2674; x_wconf 87' lang='lat' dir='ltr'><strong>Pauli</strong></span> <span class='ocrx_word' id='word_1_199' title='bbox 1667 2621 1970 2690; x_wconf 81' lang='lat' dir='ltr'><strong>respiciens</strong></span> 
     </span>
    </p>
   </div>
   <div class='ocr_carea' id='block_1_29' title="bbox 387 2708 1969 2776">
    <p class='ocr_par' dir='ltr' id='par_1_29' title="bbox 387 2708 1969 2776">
     <span class='ocr_line' id='line_1_29' title="bbox 387 2708 1969 2776; baseline 0.003 -14"><span class='ocrx_word' id='word_1_200' title='bbox 387 2710 455 2763; x_wconf 58' lang='lat' dir='ltr'><strong>all</strong></span> <span class='ocrx_word' id='word_1_201' title='bbox 479 2708 824 2775; x_wconf 77' lang='lat' dir='ltr'><strong>Timotheum</strong></span> <span class='ocrx_word' id='word_1_202' title='bbox 853 2711 917 2776; x_wconf 74' lang='grc'><strong>³³,</strong></span> <span class='ocrx_word' id='word_1_203' title='bbox 949 2711 1036 2766; x_wconf 92' lang='lat' dir='ltr'><strong>cui</strong></span> <span class='ocrx_word' id='word_1_204' title='bbox 1087 2712 1249 2766; x_wconf 88' lang='lat' dir='ltr'><strong>etiam</strong></span> <span class='ocrx_word' id='word_1_205' title='bbox 1286 2712 1495 2768; x_wconf 89' lang='lat' dir='ltr'><strong>addidit</strong></span> <span class='ocrx_word' id='word_1_206' title='bbox 1537 2713 1631 2769; x_wconf 90' lang='lat' dir='ltr'><strong>illa</strong></span> <span class='ocrx_word' id='word_1_207' title='bbox 1675 2713 1744 2769; x_wconf 89' lang='lat' dir='ltr'><strong>ad</strong></span> <span class='ocrx_word' id='word_1_208' title='bbox 1774 2713 1969 2768; x_wconf 89' lang='lat' dir='ltr'><strong>Corin-</strong></span> 
     </span>
    </p>
   </div>
   <div class='ocr_carea' id='block_1_30' title="bbox 392 2802 1962 2876">
    <p class='ocr_par' dir='ltr' id='par_1_30' title="bbox 392 2802 1962 2876">
     <span class='ocr_line' id='line_1_30' title="bbox 392 2802 1962 2876; baseline 0.003 -20"><span class='ocrx_word' id='word_1_209' title='bbox 392 2802 576 2858; x_wconf 85' lang='lat' dir='ltr'><strong>thios:</strong></span> <span class='ocrx_word' id='word_1_210' title='bbox 614 2802 803 2857; x_wconf 80' lang='lat' dir='ltr'><strong>Vetera</strong></span> <span class='ocrx_word' id='word_1_211' title='bbox 840 2805 978 2858; x_wconf 81' lang='lat' dir='ltr'><strong>enim</strong></span> <span class='ocrx_word' id='word_1_212' title='bbox 1024 2805 1387 2870; x_wconf 82' lang='lat' dir='ltr'><strong>transierunt,</strong></span> <span class='ocrx_word' id='word_1_213' title='bbox 1424 2818 1473 2859; x_wconf 84' lang='lat' dir='ltr'><strong>et</strong></span> <span class='ocrx_word' id='word_1_214' title='bbox 1512 2822 1627 2860; x_wconf 84' lang='lat' dir='ltr'><strong>ecce</strong></span> <span class='ocrx_word' id='word_1_215' title='bbox 1655 2806 1802 2876; x_wconf 80' lang='lat' dir='ltr'><strong>facta</strong></span> <span class='ocrx_word' id='word_1_216' title='bbox 1838 2817 1962 2860; x_wconf 84' lang='lat' dir='ltr'><strong>sunt</strong></span> 
     </span>
    </p>
   </div>
   <div class='ocr_carea' id='block_1_31' title="bbox 388 2892 1959 2967">
    <p class='ocr_par' dir='ltr' id='par_1_31' title="bbox 388 2892 1959 2967">
     <span class='ocr_line' id='line_1_31' title="bbox 388 2892 1959 2967; baseline 0.003 -22"><span class='ocrx_word' id='word_1_217' title='bbox 388 2893 570 2947; x_wconf 83' lang='lat' dir='ltr'><strong>omnia</strong></span> <span class='ocrx_word' id='word_1_218' title='bbox 603 2909 736 2946; x_wconf 86' lang='lat' dir='ltr'><strong>nova</strong></span> <span class='ocrx_word' id='word_1_219' title='bbox 763 2894 826 2947; x_wconf 86' lang='grc'><strong>³¹.</strong></span> <span class='ocrx_word' id='word_1_220' title='bbox 860 2892 1071 2947; x_wconf 85' lang='lat' dir='ltr'><strong>Nullam</strong></span> <span class='ocrx_word' id='word_1_221' title='bbox 1101 2903 1248 2949; x_wconf 89' lang='lat' dir='ltr'><strong>certe</strong></span> <span class='ocrx_word' id='word_1_222' title='bbox 1274 2896 1438 2951; x_wconf 91' lang='lat' dir='ltr'><strong>aliam</strong></span> <span class='ocrx_word' id='word_1_223' title='bbox 1466 2896 1631 2966; x_wconf 90' lang='lat' dir='ltr'><strong>hujus</strong></span> <span class='ocrx_word' id='word_1_224' title='bbox 1661 2897 1764 2953; x_wconf 85' lang='lat' dir='ltr'><strong>loci</strong></span> <span class='ocrx_word' id='word_1_225' title='bbox 1791 2911 1959 2967; x_wconf 76' lang='lat' dir='ltr'><strong>expo-</strong></span> 
     </span>
    </p>
   </div>
   <div class='ocr_carea' id='block_1_32' title="bbox 392 2982 1965 3059">
    <p class='ocr_par' dir='ltr' id='par_1_32' title="bbox 392 2982 1965 3059">
     <span class='ocr_line' id='line_1_32' title="bbox 392 2982 1965 3059; baseline 0.004 -22"><span class='ocrx_word' id='word_1_226' title='bbox 392 2982 646 3037; x_wconf 89' lang='lat' dir='ltr'><strong>sitionem</strong></span> <span class='ocrx_word' id='word_1_227' title='bbox 690 2984 895 3053; x_wconf 89' lang='lat' dir='ltr'><strong>patitur</strong></span> <span class='ocrx_word' id='word_1_228' title='bbox 930 2986 1068 3040; x_wconf 89' lang='lat' dir='ltr'><strong>ratio</strong></span> <span class='ocrx_word' id='word_1_229' title='bbox 1109 2986 1229 3056; x_wconf 85' lang='lat' dir='ltr'><strong>ipsa</strong></span> <span class='ocrx_word' id='word_1_230' title='bbox 1277 2989 1678 3044; x_wconf 81' lang='lat' dir='ltr'><strong>exhortationis</strong></span> <span class='ocrx_word' id='word_1_231' title='bbox 1708 3005 1829 3059; x_wconf 64' lang='lat' dir='ltr'><strong>quae</strong></span> <span class='ocrx_word' id='word_1_232' title='bbox 1859 2990 1965 3043; x_wconf 89' lang='lat' dir='ltr'><strong>im-</strong></span> 
     </span>
    </p>
   </div>
   <div class='ocr_carea' id='block_1_33' title="bbox 391 3073 2040 3169">
    <p class='ocr_par' dir='ltr' id='par_1_33' title="bbox 391 3073 2040 3169">
     <span class='ocr_line' id='line_1_33' title="bbox 391 3073 2040 3169; baseline 0.005 -43"><span class='ocrx_word' id='word_1_233' title='bbox 391 3073 625 3128; x_wconf 85' lang='lat' dir='ltr'><strong>mediate</strong></span> <span class='ocrx_word' id='word_1_234' title='bbox 652 3074 1003 3145; x_wconf 79' lang='lat' dir='ltr'><strong>subjungitur</strong></span> <span class='ocrx_word' id='word_1_235' title='bbox 1032 3093 1044 3129; x_wconf 92' lang='lat'><strong>:</strong></span> <span class='ocrx_word' id='word_1_236' title='bbox 1081 3096 1098 3128; x_wconf 82' lang='grc' dir='ltr'><strong>ι</strong></span> <span class='ocrx_word' id='word_1_237' title='bbox 1140 3076 1195 3132; x_wconf 87' lang='lat' dir='ltr'><strong>Si</strong></span> <span class='ocrx_word' id='word_1_238' title='bbox 1216 3080 1361 3133; x_wconf 91' lang='lat' dir='ltr'><strong>enim</strong></span> <span class='ocrx_word' id='word_1_239' title='bbox 1394 3095 1569 3149; x_wconf 90' lang='lat' dir='ltr'><strong>usque</strong></span> <span class='ocrx_word' id='word_1_240' title='bbox 1592 3096 1741 3135; x_wconf 90' lang='lat' dir='ltr'><strong>nunc</strong></span> <span class='ocrx_word' id='word_1_241' title='bbox 1770 3095 1968 3135; x_wconf 76' lang='lat' dir='ltr'><strong>secun~</strong></span> <span class='ocrx_word' id='word_1_242' title='bbox 1993 3110 2040 3169; x_wconf 67' lang='grc' dir='ltr'>ο</span> 
     </span>
    </p>
   </div>
   <div class='ocr_carea' id='block_1_34' title="bbox 391 3165 1967 3244">
    <p class='ocr_par' dir='ltr' id='par_1_34' title="bbox 391 3165 1967 3244">
     <span class='ocr_line' id='line_1_34' title="bbox 391 3165 1967 3244; baseline 0.004 -25"><span class='ocrx_word' id='word_1_243' title='bbox 391 3165 520 3219; x_wconf 87' lang='lat' dir='ltr'><strong>dum</strong></span> <span class='ocrx_word' id='word_1_244' title='bbox 560 3166 910 3222; x_wconf 85' lang='lat' dir='ltr'><strong>Judaismum</strong></span> <span class='ocrx_word' id='word_1_245' title='bbox 942 3168 1203 3235; x_wconf 81' lang='lat' dir='ltr'><strong>vivimus,</strong></span> <span class='ocrx_word' id='word_1_246' title='bbox 1243 3171 1572 3227; x_wconf 82' lang='lat' dir='ltr'><strong>confitemur</strong></span> <span class='ocrx_word' id='word_1_247' title='bbox 1603 3172 1834 3244; x_wconf 75' lang='lat' dir='ltr'><strong>gratiam</strong></span> <span class='ocrx_word' id='word_1_248' title='bbox 1858 3188 1967 3226; x_wconf 90' lang='lat' dir='ltr'><strong>non</strong></span> 
     </span>
    </p>
   </div>
   <div class='ocr_carea' id='block_1_35' title="bbox 392 3256 1972 3329">
    <p class='ocr_par' dir='ltr' id='par_1_35' title="bbox 392 3256 1972 3329">
     <span class='ocr_line' id='line_1_35' title="bbox 392 3256 1972 3329; baseline 0.002 -19"><span class='ocrx_word' id='word_1_249' title='bbox 392 3258 684 3327; x_wconf 83' lang='lat' dir='ltr'><strong>recepisse.</strong></span> <span class='ocrx_word' id='word_1_250' title='bbox 724 3277 741 3307; x_wconf 72' lang='grc' dir='ltr'><strong>ι</strong></span> <span class='ocrx_word' id='word_1_251' title='bbox 775 3256 888 3311; x_wconf 83' lang='lat' dir='ltr'><strong>Nisi</strong></span> <span class='ocrx_word' id='word_1_252' title='bbox 918 3259 1065 3314; x_wconf 89' lang='lat' dir='ltr'><strong>enim</strong></span> <span class='ocrx_word' id='word_1_253' title='bbox 1109 3261 1296 3329; x_wconf 88' lang='lat' dir='ltr'><strong>priora</strong></span> <span class='ocrx_word' id='word_1_254' title='bbox 1347 3261 1415 3317; x_wconf 90' lang='lat' dir='ltr'><strong>de</strong></span> <span class='ocrx_word' id='word_1_255' title='bbox 1445 3260 1728 3316; x_wconf 89' lang='lat' dir='ltr'><strong>Judaismo</strong></span> <span class='ocrx_word' id='word_1_256' title='bbox 1770 3261 1972 3315; x_wconf 66' lang='lat' dir='ltr'><strong>intellio</strong></span> 
     </span>
    </p>
   </div>
   <div class='ocr_carea' id='block_1_36' title="bbox 392 3350 1967 3423">
    <p class='ocr_par' dir='ltr' id='par_1_36' title="bbox 392 3350 1967 3423">
     <span class='ocr_line' id='line_1_36' title="bbox 392 3350 1967 3423; baseline 0.003 -22"><span class='ocrx_word' id='word_1_257' title='bbox 392 3358 609 3420; x_wconf 80' lang='lat' dir='ltr'><strong>gnnlur,</strong></span> <span class='ocrx_word' id='word_1_258' title='bbox 644 3350 759 3405; x_wconf 62' lang='lat' dir='ltr'><strong>haec</strong></span> <span class='ocrx_word' id='word_1_259' title='bbox 782 3352 941 3420; x_wconf 87' lang='lat' dir='ltr'><strong>plane</strong></span> <span class='ocrx_word' id='word_1_260' title='bbox 970 3363 1131 3407; x_wconf 91' lang='lat' dir='ltr'><strong>erunt</strong></span> <span class='ocrx_word' id='word_1_261' title='bbox 1152 3354 1403 3408; x_wconf 90' lang='lat' dir='ltr'><strong>ridicula.</strong></span> <span class='ocrx_word' id='word_1_262' title='bbox 1434 3353 1730 3421; x_wconf 86' lang='lat' dir='ltr'><strong>Quorsum,</strong></span> <span class='ocrx_word' id='word_1_263' title='bbox 1756 3368 1967 3423; x_wconf 71' lang='lat' dir='ltr'><strong>quaeso,</strong></span> 
     </span>
    </p>
   </div>
   <div class='ocr_carea' id='block_1_37' title="bbox 396 3441 1972 3506">
    <p class='ocr_par' dir='ltr' id='par_1_37' title="bbox 396 3441 1972 3506">
     <span class='ocr_line' id='line_1_37' title="bbox 396 3441 1972 3506; baseline 0.002 -10"><span class='ocrx_word' id='word_1_264' title='bbox 396 3441 651 3506; x_wconf 80' lang='lat' dir='ltr'><strong>luee,nisi</strong></span> <span class='ocrx_word' id='word_1_265' title='bbox 681 3442 791 3498; x_wconf 89' lang='lat' dir='ltr'><strong>illis</strong></span> <span class='ocrx_word' id='word_1_266' title='bbox 834 3443 1035 3501; x_wconf 89' lang='lat' dir='ltr'><strong>fabulis</strong></span> <span class='ocrx_word' id='word_1_267' title='bbox 1065 3446 1292 3502; x_wconf 73' lang='lat' dir='ltr'><strong>vetustis</strong></span> <span class='ocrx_word' id='word_1_268' title='bbox 1320 3455 1374 3500; x_wconf 91' lang='lat' dir='ltr'><strong>et</strong></span> <span class='ocrx_word' id='word_1_269' title='bbox 1404 3446 1689 3501; x_wconf 88' lang='lat' dir='ltr'><strong>inutilibus</strong></span> <span class='ocrx_word' id='word_1_270' title='bbox 1710 3444 1972 3500; x_wconf 89' lang='lat' dir='ltr'><strong>adJudai-</strong></span> 
     </span>
    </p>
   </div>
   <div class='ocr_carea' id='block_1_38' title="bbox 393 3532 1969 3592">
    <p class='ocr_par' dir='ltr' id='par_1_38' title="bbox 393 3532 1969 3592">
     <span class='ocr_line' id='line_1_38' title="bbox 393 3532 1969 3592; baseline 0.004 -9"><span class='ocrx_word' id='word_1_271' title='bbox 393 3545 518 3585; x_wconf 90' lang='lat' dir='ltr'><strong>cum</strong></span> <span class='ocrx_word' id='word_1_272' title='bbox 554 3532 677 3587; x_wconf 67' lang='lat' dir='ltr'><strong>vitae</strong></span> <span class='ocrx_word' id='word_1_273' title='bbox 715 3534 1089 3591; x_wconf 83' lang='lat' dir='ltr'><strong>characterem</strong></span> <span class='ocrx_word' id='word_1_274' title='bbox 1130 3536 1481 3592; x_wconf 87' lang='lat' dir='ltr'><strong>Christianos</strong></span> <span class='ocrx_word' id='word_1_275' title='bbox 1514 3547 1830 3591; x_wconf 86' lang='lat' dir='ltr'><strong>revocarent</strong></span> <span class='ocrx_word' id='word_1_276' title='bbox 1855 3536 1969 3590; x_wconf 65' lang='lat' dir='ltr'><strong>hae-</strong></span> 
     </span>
    </p>
   </div>
   <div class='ocr_carea' id='block_1_39' title="bbox 395 3624 1974 3699">
    <p class='ocr_par' dir='ltr' id='par_1_39' title="bbox 395 3624 1974 3699">
     <span class='ocr_line' id='line_1_39' title="bbox 395 3624 1974 3699; baseline 0.002 -21"><span class='ocrx_word' id='word_1_277' title='bbox 395 3624 548 3678; x_wconf 81' lang='lat' dir='ltr'><strong>retici</strong></span> <span class='ocrx_word' id='word_1_278' title='bbox 586 3625 686 3691; x_wconf 89' lang='lat' dir='ltr'><strong>illi,</strong></span> <span class='ocrx_word' id='word_1_279' title='bbox 721 3640 915 3682; x_wconf 89' lang='lat' dir='ltr'><strong>contra</strong></span> <span class='ocrx_word' id='word_1_280' title='bbox 962 3644 1104 3699; x_wconf 90' lang='lat' dir='ltr'><strong>quos</strong></span> <span class='ocrx_word' id='word_1_281' title='bbox 1131 3629 1419 3699; x_wconf 86' lang='lat' dir='ltr'><strong>disputat?</strong></span> <span class='ocrx_word' id='word_1_282' title='bbox 1449 3630 1533 3682; x_wconf 80' lang='lat' dir='ltr'><strong>At.</strong></span> <span class='ocrx_word' id='word_1_283' title='bbox 1570 3629 1708 3682; x_wconf 89' lang='lat' dir='ltr'><strong>nihil</strong></span> <span class='ocrx_word' id='word_1_284' title='bbox 1737 3629 1842 3682; x_wconf 88' lang='lat' dir='ltr'><strong>tale</strong></span> <span class='ocrx_word' id='word_1_285' title='bbox 1872 3628 1974 3681; x_wconf 74' lang='lat' dir='ltr'><strong>do-</strong></span> 
     </span>
    </p>
   </div>
   <div class='ocr_carea' id='block_1_40' title="bbox 394 3713 1972 3787">
    <p class='ocr_par' dir='ltr' id='par_1_40' title="bbox 394 3713 1972 3787">
     <span class='ocr_line' id='line_1_40' title="bbox 394 3713 1972 3787; baseline 0.001 -18"><span class='ocrx_word' id='word_1_286' title='bbox 394 3729 461 3769; x_wconf 85' lang='lat' dir='ltr'><strong>cu</strong></span> <span class='ocrx_word' id='word_1_287' title='bbox 490 3723 509 3767; x_wconf 96' lang='lat' dir='ltr'><strong>t</strong></span> <span class='ocrx_word' id='word_1_288' title='bbox 539 3713 806 3771; x_wconf 79' lang='lat' dir='ltr'><strong>Valentini</strong></span> <span class='ocrx_word' id='word_1_289' title='bbox 840 3718 1064 3783; x_wconf 81' lang='lat' dir='ltr'><strong>schola;</strong></span> <span class='ocrx_word' id='word_1_290' title='bbox 1103 3720 1197 3787; x_wconf 92' lang='lat' dir='ltr'><strong>qui</strong></span> <span class='ocrx_word' id='word_1_291' title='bbox 1226 3728 1335 3772; x_wconf 90' lang='lat' dir='ltr'><strong>tam</strong></span> <span class='ocrx_word' id='word_1_292' title='bbox 1386 3718 1594 3787; x_wconf 89' lang='lat' dir='ltr'><strong>abjecte</strong></span> <span class='ocrx_word' id='word_1_293' title='bbox 1618 3718 1685 3772; x_wconf 92' lang='lat' dir='ltr'><strong>de</strong></span> <span class='ocrx_word' id='word_1_294' title='bbox 1723 3717 1972 3772; x_wconf 88' lang='lat' dir='ltr'><strong>Demiur—</strong></span> 
     </span>
    </p>
   </div>
   <div class='ocr_carea' id='block_1_41' title="bbox 396 3807 1973 3879">
    <p class='ocr_par' dir='ltr' id='par_1_41' title="bbox 396 3807 1973 3879">
     <span class='ocr_line' id='line_1_41' title="bbox 396 3807 1973 3879; baseline 0.003 -20"><span class='ocrx_word' id='word_1_295' title='bbox 396 3822 465 3876; x_wconf 81' lang='lat' dir='ltr'><strong>go</strong></span> <span class='ocrx_word' id='word_1_296' title='bbox 513 3807 767 3876; x_wconf 87' lang='lat' dir='ltr'><strong>scripsit,</strong></span> <span class='ocrx_word' id='word_1_297' title='bbox 817 3810 884 3862; x_wconf 89' lang='lat' dir='ltr'><strong>ad</strong></span> <span class='ocrx_word' id='word_1_298' title='bbox 942 3810 1110 3878; x_wconf 79' lang='lat' dir='ltr'><strong>legem</strong></span> <span class='ocrx_word' id='word_1_299' title='bbox 1150 3809 1446 3865; x_wconf 82' lang='lat' dir='ltr'><strong>Mosaicam</strong></span> <span class='ocrx_word' id='word_1_300' title='bbox 1489 3810 1792 3879; x_wconf 86' lang='lat' dir='ltr'><strong>discipulos</strong></span> <span class='ocrx_word' id='word_1_301' title='bbox 1831 3826 1973 3864; x_wconf 89' lang='lat' dir='ltr'><strong>nun-</strong></span> 
     </span>
    </p>
   </div>
   <div class='ocr_carea' id='block_1_42' title="bbox 395 3898 1973 3971">
    <p class='ocr_par' dir='ltr' id='par_1_42' title="bbox 395 3898 1973 3971">
     <span class='ocr_line' id='line_1_42' title="bbox 395 3898 1973 3971; baseline 0.004 -21"><span class='ocrx_word' id='word_1_302' title='bbox 395 3913 561 3965; x_wconf 87' lang='lat' dir='ltr'><strong>quam</strong></span> <span class='ocrx_word' id='word_1_303' title='bbox 588 3900 883 3953; x_wconf 88' lang='lat' dir='ltr'><strong>revocavit.</strong></span> <span class='ocrx_word' id='word_1_304' title='bbox 918 3898 1157 3955; x_wconf 85' lang='lat' dir='ltr'><strong>Ebionaei</strong></span> <span class='ocrx_word' id='word_1_305' title='bbox 1205 3902 1309 3957; x_wconf 94' lang='lat' dir='ltr'><strong>hoc</strong></span> <span class='ocrx_word' id='word_1_306' title='bbox 1355 3902 1654 3971; x_wconf 83' lang='lat' dir='ltr'><strong>urgebant,</strong></span> <span class='ocrx_word' id='word_1_307' title='bbox 1686 3901 1780 3971; x_wconf 91' lang='lat' dir='ltr'><strong>qui</strong></span> <span class='ocrx_word' id='word_1_308' title='bbox 1812 3900 1973 3956; x_wconf 81' lang='lat' dir='ltr'><strong>Chri-</strong></span> 
     </span>
    </p>
   </div>
   <div class='ocr_carea' id='block_1_43' title="bbox 396 3988 1969 4057">
    <p class='ocr_par' dir='ltr' id='par_1_43' title="bbox 396 3988 1969 4057">
     <span class='ocr_line' id='line_1_43' title="bbox 396 3988 1969 4057; baseline 0.006 -18"><span class='ocrx_word' id='word_1_309' title='bbox 396 3995 542 4045; x_wconf 81' lang='lat' dir='ltr'><strong>stum</strong></span> <span class='ocrx_word' id='word_1_310' title='bbox 581 3989 758 4057; x_wconf 89' lang='lat' dir='ltr'><strong>ipsum</strong></span> <span class='ocrx_word' id='word_1_311' title='bbox 787 3988 1032 4045; x_wconf 89' lang='lat' dir='ltr'><strong>Judaicis</strong></span> <span class='ocrx_word' id='word_1_312' title='bbox 1054 3991 1253 4046; x_wconf 88' lang='lat' dir='ltr'><strong>ritibus</strong></span> <span class='ocrx_word' id='word_1_313' title='bbox 1280 3992 1628 4047; x_wconf 89' lang='lat' dir='ltr'><strong>obedientem</strong></span> <span class='ocrx_word' id='word_1_314' title='bbox 1669 3991 1837 4048; x_wconf 90' lang='lat' dir='ltr'><strong>fuisse</strong></span> <span class='ocrx_word' id='word_1_315' title='bbox 1866 3993 1969 4047; x_wconf 88' lang='lat' dir='ltr'><strong>ob-</strong></span> 
     </span>
    </p>
   </div>
   <div class='ocr_carea' id='block_1_44' title="bbox 396 4081 1971 4152">
    <p class='ocr_par' dir='ltr' id='par_1_44' title="bbox 396 4081 1971 4152">
     <span class='ocr_line' id='line_1_44' title="bbox 396 4081 1971 4152; baseline 0.003 -17"><span class='ocrx_word' id='word_1_316' title='bbox 396 4081 706 4145; x_wconf 85' lang='lat' dir='ltr'><strong>servabant,</strong></span> <span class='ocrx_word' id='word_1_317' title='bbox 745 4090 798 4135; x_wconf 91' lang='lat' dir='ltr'><strong>et</strong></span> <span class='ocrx_word' id='word_1_318' title='bbox 824 4082 971 4137; x_wconf 92' lang='lat' dir='ltr'><strong>illius</strong></span> <span class='ocrx_word' id='word_1_319' title='bbox 1001 4083 1251 4152; x_wconf 84' lang='lat' dir='ltr'><strong>exemplo</strong></span> <span class='ocrx_word' id='word_1_320' title='bbox 1281 4084 1626 4140; x_wconf 90' lang='lat' dir='ltr'><strong>Christianos</strong></span> <span class='ocrx_word' id='word_1_321' title='bbox 1663 4102 1853 4141; x_wconf 90' lang='lat' dir='ltr'><strong>omnes</strong></span> <span class='ocrx_word' id='word_1_322' title='bbox 1902 4086 1971 4140; x_wconf 90' lang='lat' dir='ltr'><strong>ad</strong></span> 
     </span>
    </p>
   </div>
   <div class='ocr_carea' id='block_1_45' title="bbox 395 4173 1972 4247">
    <p class='ocr_par' dir='ltr' id='par_1_45' title="bbox 395 4173 1972 4247">
     <span class='ocr_line' id='line_1_45' title="bbox 395 4173 1972 4247; baseline 0.003 -20"><span class='ocrx_word' id='word_1_323' title='bbox 395 4173 613 4227; x_wconf 88' lang='lat' dir='ltr'><strong>eosdem</strong></span> <span class='ocrx_word' id='word_1_324' title='bbox 654 4174 795 4228; x_wconf 88' lang='lat' dir='ltr'><strong>ritus</strong></span> <span class='ocrx_word' id='word_1_325' title='bbox 835 4174 1210 4231; x_wconf 80' lang='lat' dir='ltr'><strong>observandas</strong></span> <span class='ocrx_word' id='word_1_326' title='bbox 1266 4176 1507 4247; x_wconf 78' lang='lat' dir='ltr'><strong>obligare</strong></span> <span class='ocrx_word' id='word_1_327' title='bbox 1552 4177 1859 4231; x_wconf 88' lang='lat' dir='ltr'><strong>voluerunt.</strong></span> <span class='ocrx_word' id='word_1_328' title='bbox 1908 4176 1972 4233; x_wconf 80' lang='lat' dir='ltr'><strong>Hi</strong></span> 
     </span>
    </p>
   </div>
   <div class='ocr_carea' id='block_1_46' title="bbox 392 4261 1973 4338">
    <p class='ocr_par' dir='ltr' id='par_1_46' title="bbox 392 4261 1973 4338">
     <span class='ocr_line' id='line_1_46' title="bbox 392 4261 1973 4338; baseline 0.001 -20"><span class='ocrx_word' id='word_1_329' title='bbox 392 4261 539 4319; x_wconf 82' lang='lat' dir='ltr'><strong>en&#39;m</strong></span> <span class='ocrx_word' id='word_1_330' title='bbox 586 4262 891 4318; x_wconf 90' lang='lat' dir='ltr'><strong>docuerunt</strong></span> <span class='ocrx_word' id='word_1_331' title='bbox 940 4264 1052 4317; x_wconf 84' lang='grc' dir='ltr'>δεῖν</span> <span class='ocrx_word' id='word_1_332' title='bbox 1114 4264 1330 4328; x_wconf 74' lang='grc' dir='ltr'>πάντως</span> <span class='ocrx_word' id='word_1_333' title='bbox 1389 4266 1572 4328; x_wconf 85' lang='grc' dir='ltr'>αὐτοῖς</span> <span class='ocrx_word' id='word_1_334' title='bbox 1620 4266 1717 4337; x_wconf 80' lang='grc' dir='ltr'><strong>τῆς</strong></span> <span class='ocrx_word' id='word_1_335' title='bbox 1746 4267 1973 4338; x_wconf 83' lang='grc' dir='ltr'>νομικῆς</span> 
     </span>
    </p>
   </div>
   <div class='ocr_carea' id='block_1_47' title="bbox 396 4355 1974 4429">
    <p class='ocr_par' dir='ltr' id='par_1_47' title="bbox 396 4355 1974 4429">
     <span class='ocr_line' id='line_1_47' title="bbox 396 4355 1974 4429; baseline 0.003 -20"><span class='ocrx_word' id='word_1_336' title='bbox 396 4355 712 4428; x_wconf 77' lang='grc' dir='ltr'>Θρησκείας,</span> <span class='ocrx_word' id='word_1_337' title='bbox 738 4356 813 4420; x_wconf 83' lang='grc' dir='ltr'>ὡς</span> <span class='ocrx_word' id='word_1_338' title='bbox 855 4356 929 4428; x_wconf 84' lang='grc' dir='ltr'>μὴ</span> <span class='ocrx_word' id='word_1_339' title='bbox 962 4357 1026 4412; x_wconf 85' lang='grc' dir='ltr'><strong>ἂν</strong></span> <span class='ocrx_word' id='word_1_340' title='bbox 1052 4356 1143 4410; x_wconf 79' lang='grc' dir='ltr'><strong>διὰ</strong></span> <span class='ocrx_word' id='word_1_341' title='bbox 1167 4358 1332 4429; x_wconf 80' lang='grc' dir='ltr'>μόνης</span> <span class='ocrx_word' id='word_1_342' title='bbox 1357 4358 1457 4429; x_wconf 81' lang='grc' dir='ltr'>τῆς</span> <span class='ocrx_word' id='word_1_343' title='bbox 1484 4360 1563 4423; x_wconf 80' lang='grc' dir='ltr'><strong>εἰς</strong></span> <span class='ocrx_word' id='word_1_344' title='bbox 1605 4359 1695 4412; x_wconf 83' lang='grc' dir='ltr'>τὸν</span> <span class='ocrx_word' id='word_1_345' title='bbox 1741 4361 1974 4429; x_wconf 82' lang='grc' dir='ltr'>Χριστὸν</span> 
     </span>
    </p>
   </div>
   <div class='ocr_carea' id='block_1_48' title="bbox 2063 500 3633 579">
    <p class='ocr_par' dir='ltr' id='par_1_48' title="bbox 2063 500 3633 579">
     <span class='ocr_line' id='line_1_48' title="bbox 2063 500 3633 579; baseline -0.005 -14"><span class='ocrx_word' id='word_1_346' title='bbox 2063 511 2130 565; x_wconf 87' lang='lat' dir='ltr'><strong>ab</strong></span> <span class='ocrx_word' id='word_1_347' title='bbox 2174 511 2472 565; x_wconf 90' lang='lat' dir='ltr'><strong>incredulis</strong></span> <span class='ocrx_word' id='word_1_348' title='bbox 2511 508 2644 579; x_wconf 86' lang='lat' dir='ltr'><strong>ipsis</strong></span> <span class='ocrx_word' id='word_1_349' title='bbox 2686 505 2958 562; x_wconf 75' lang='lat' dir='ltr'><strong>hzereticis</strong></span> <span class='ocrx_word' id='word_1_350' title='bbox 2984 504 3171 575; x_wconf 82' lang='lat' dir='ltr'><strong>negari</strong></span> <span class='ocrx_word' id='word_1_351' title='bbox 3206 505 3384 574; x_wconf 84' lang='lat' dir='ltr'><strong>possit</strong></span> <span class='ocrx_word' id='word_1_352' title='bbox 3409 545 3426 570; x_wconf 97' lang='lat'><strong>,</strong></span> <span class='ocrx_word' id='word_1_353' title='bbox 3456 504 3538 557; x_wconf 78' lang='grc' dir='ltr'>ὅτι.</span> <span class='ocrx_word' id='word_1_354' title='bbox 3563 500 3633 567; x_wconf 79' lang='grc' dir='ltr'>εἷς</span> 
     </span>
    </p>
   </div>
   <div class='ocr_carea' id='block_1_49' title="bbox 2065 590 3630 669">
    <p class='ocr_par' dir='ltr' id='par_1_49' title="bbox 2065 590 3630 669">
     <span class='ocr_line' id='line_1_49' title="bbox 2065 590 3630 669; baseline -0.006 -14"><span class='ocrx_word' id='word_1_355' title='bbox 2065 601 2196 665; x_wconf 86' lang='grc' dir='ltr'>Θεός</span> <span class='ocrx_word' id='word_1_356' title='bbox 2219 603 2367 653; x_wconf 80' lang='grc' dir='ltr'>ἐστιν</span> <span class='ocrx_word' id='word_1_357' title='bbox 2395 601 2423 652; x_wconf 89' lang='grc' dir='ltr'><strong>ὁ</strong></span> <span class='ocrx_word' id='word_1_358' title='bbox 2448 596 2770 669; x_wconf 85' lang='grc' dir='ltr'>φανερώσας</span> <span class='ocrx_word' id='word_1_359' title='bbox 2795 593 2988 648; x_wconf 79' lang='grc' dir='ltr'>ἑαυτὸν</span> <span class='ocrx_word' id='word_1_360' title='bbox 3031 593 3121 646; x_wconf 85' lang='grc' dir='ltr'>διὰ</span> <span class='ocrx_word' id='word_1_361' title='bbox 3150 591 3323 661; x_wconf 81' lang='grc' dir='ltr'>Ἰησοῦ</span> <span class='ocrx_word' id='word_1_362' title='bbox 3366 590 3630 661; x_wconf 74' lang='grc' dir='ltr'>Χριστοῦ.</span> 
     </span>
    </p>
   </div>
   <div class='ocr_carea' id='block_1_50' title="bbox 2060 682 3632 762">
    <p class='ocr_par' dir='ltr' id='par_1_50' title="bbox 2060 682 3632 762">
     <span class='ocr_line' id='line_1_50' title="bbox 2060 682 3632 762; baseline -0.006 -17"><span class='ocrx_word' id='word_1_363' title='bbox 2060 692 2204 762; x_wconf 92' lang='lat' dir='ltr'><strong>quod</strong></span> <span class='ocrx_word' id='word_1_364' title='bbox 2238 690 2380 746; x_wconf 90' lang='lat' dir='ltr'><strong>Deus</strong></span> <span class='ocrx_word' id='word_1_365' title='bbox 2409 704 2570 759; x_wconf 88' lang='lat' dir='ltr'><strong>quem</strong></span> <span class='ocrx_word' id='word_1_366' title='bbox 2597 688 2675 743; x_wconf 91' lang='lat' dir='ltr'><strong>illi</strong></span> <span class='ocrx_word' id='word_1_367' title='bbox 2699 687 3007 748; x_wconf 85' lang='lat' dir='ltr'><strong>coluerunt,</strong></span> <span class='ocrx_word' id='word_1_368' title='bbox 3036 700 3181 739; x_wconf 91' lang='lat' dir='ltr'><strong>unus</strong></span> <span class='ocrx_word' id='word_1_369' title='bbox 3202 693 3256 738; x_wconf 89' lang='lat' dir='ltr'><strong>et</strong></span> <span class='ocrx_word' id='word_1_370' title='bbox 3277 682 3424 737; x_wconf 87' lang='lat' dir='ltr'><strong>idem</strong></span> <span class='ocrx_word' id='word_1_371' title='bbox 3444 682 3632 750; x_wconf 90' lang='lat' dir='ltr'><strong>sit,qui</strong></span> 
     </span>
    </p>
   </div>
   <div class='ocr_carea' id='block_1_51' title="bbox 2060 773 3633 855">
    <p class='ocr_par' dir='ltr' id='par_1_51' title="bbox 2060 773 3633 855">
     <span class='ocr_line' id='line_1_51' title="bbox 2060 773 3633 855; baseline -0.01 -15"><span class='ocrx_word' id='word_1_372' title='bbox 2060 801 2120 840; x_wconf 90' lang='lat' dir='ltr'><strong>se</strong></span> <span class='ocrx_word' id='word_1_373' title='bbox 2150 800 2244 855; x_wconf 90' lang='lat' dir='ltr'><strong>per</strong></span> <span class='ocrx_word' id='word_1_374' title='bbox 2269 782 2454 838; x_wconf 82' lang='lat' dir='ltr'><strong>Jesuin</strong></span> <span class='ocrx_word' id='word_1_375' title='bbox 2476 781 2753 836; x_wconf 87' lang='lat' dir='ltr'><strong>Christum</strong></span> <span class='ocrx_word' id='word_1_376' title='bbox 2777 777 3052 841; x_wconf 86' lang='lat' dir='ltr'><strong>revelavit,</strong></span> <span class='ocrx_word' id='word_1_377' title='bbox 3080 777 3238 845; x_wconf 90' lang='lat' dir='ltr'><strong>cujus</strong></span> <span class='ocrx_word' id='word_1_378' title='bbox 3255 774 3327 828; x_wconf 90' lang='lat' dir='ltr'><strong>illi</strong></span> <span class='ocrx_word' id='word_1_379' title='bbox 3353 773 3531 843; x_wconf 75' lang='lat' dir='ltr'><strong>gratia</strong></span> <span class='ocrx_word' id='word_1_380' title='bbox 3562 790 3633 825; x_wconf 86' lang='lat' dir='ltr'><strong>re-</strong></span> 
     </span>
    </p>
   </div>
   <div class='ocr_carea' id='block_1_52' title="bbox 2062 866 3630 948">
    <p class='ocr_par' dir='ltr' id='par_1_52' title="bbox 2062 866 3630 948">
     <span class='ocr_line' id='line_1_52' title="bbox 2062 866 3630 948; baseline -0.01 -17"><span class='ocrx_word' id='word_1_381' title='bbox 2062 878 2191 948; x_wconf 89' lang='lat' dir='ltr'><strong>pleti</strong></span> <span class='ocrx_word' id='word_1_382' title='bbox 2223 885 2379 931; x_wconf 90' lang='lat' dir='ltr'><strong>erant</strong></span> <span class='ocrx_word' id='word_1_383' title='bbox 2406 893 2419 928; x_wconf 88' lang='lat'><strong>:</strong></span> <span class='ocrx_word' id='word_1_384' title='bbox 2454 869 3215 941; x_wconf 88' lang='lat' dir='ltr'><strong>Jesum,inquam,Christum</strong></span> <span class='ocrx_word' id='word_1_385' title='bbox 3238 866 3445 922; x_wconf 82' lang='lat' dir='ltr'><strong>Filium</strong></span> <span class='ocrx_word' id='word_1_386' title='bbox 3462 881 3630 924; x_wconf 79' lang='lat' dir='ltr'><strong>suum.</strong></span> 
     </span>
    </p>
   </div>
   <div class='ocr_carea' id='block_1_53' title="bbox 2060 958 3633 1036">
    <p class='ocr_par' dir='ltr' id='par_1_53' title="bbox 2060 958 3633 1036">
     <span class='ocr_line' id='line_1_53' title="bbox 2060 958 3633 1036; baseline -0.011 -11"><span class='ocrx_word' id='word_1_387' title='bbox 2060 985 2168 1024; x_wconf 90' lang='lat' dir='ltr'><strong>non</strong></span> <span class='ocrx_word' id='word_1_388' title='bbox 2232 969 2417 1032; x_wconf 87' lang='lat' dir='ltr'><strong>talem,</strong></span> <span class='ocrx_word' id='word_1_389' title='bbox 2472 967 2689 1036; x_wconf 89' lang='lat' dir='ltr'><strong>qualem</strong></span> <span class='ocrx_word' id='word_1_390' title='bbox 2731 964 2809 1018; x_wconf 89' lang='lat' dir='ltr'><strong>illi</strong></span> <span class='ocrx_word' id='word_1_391' title='bbox 2860 964 3059 1018; x_wconf 88' lang='lat' dir='ltr'><strong>docent</strong></span> <span class='ocrx_word' id='word_1_392' title='bbox 3105 960 3290 1031; x_wconf 86' lang='grc' dir='ltr'>(λιτόν,</span> <span class='ocrx_word' id='word_1_393' title='bbox 3346 958 3439 1012; x_wconf 86' lang='lat' dir='ltr'><strong>vel</strong></span> <span class='ocrx_word' id='word_1_394' title='bbox 3471 960 3633 1010; x_wconf 78' lang='grc' dir='ltr'>κοινόν</span> 
     </span>
    </p>
   </div>
   <div class='ocr_carea' id='block_1_54' title="bbox 2061 1052 3632 1132">
    <p class='ocr_par' dir='ltr' id='par_1_54' title="bbox 2061 1052 3632 1132">
     <span class='ocr_line' id='line_1_54' title="bbox 2061 1052 3632 1132; baseline -0.008 -17"><span class='ocrx_word' id='word_1_395' title='bbox 2061 1061 2148 1117; x_wconf 90' lang='lat' dir='ltr'><strong>vel</strong></span> <span class='ocrx_word' id='word_1_396' title='bbox 2186 1060 2340 1131; x_wconf 73' lang='grc' dir='ltr'>ψιλὸν</span> <span class='ocrx_word' id='word_1_397' title='bbox 2373 1059 2679 1132; x_wconf 79' lang='grc' dir='ltr'>ἄνθρωπον,</span> <span class='ocrx_word' id='word_1_398' title='bbox 2722 1057 2999 1113; x_wconf 88' lang='lat' dir='ltr'><strong>hominem</strong></span> <span class='ocrx_word' id='word_1_399' title='bbox 3036 1056 3267 1120; x_wconf 90' lang='lat' dir='ltr'><strong>nudum,</strong></span> <span class='ocrx_word' id='word_1_400' title='bbox 3306 1052 3632 1122; x_wconf 83' lang='lat' dir='ltr'><strong>simplicem,</strong></span> 
     </span>
    </p>
   </div>
   <div class='ocr_carea' id='block_1_55' title="bbox 2061 1144 3634 1223">
    <p class='ocr_par' dir='ltr' id='par_1_55' title="bbox 2061 1144 3634 1223">
     <span class='ocr_line' id='line_1_55' title="bbox 2061 1144 3634 1223; baseline -0.01 -13"><span class='ocrx_word' id='word_1_401' title='bbox 2061 1163 2158 1211; x_wconf 84' lang='lat' dir='ltr'><strong>aut</strong></span> <span class='ocrx_word' id='word_1_402' title='bbox 2205 1155 2505 1223; x_wconf 78' lang='lat' dir='ltr'><strong>vulgarem,</strong></span> <span class='ocrx_word' id='word_1_403' title='bbox 2556 1152 2697 1206; x_wconf 78' lang='grc' dir='ltr'>κατὰ</span> <span class='ocrx_word' id='word_1_404' title='bbox 2730 1151 2961 1221; x_wconf 75' lang='grc' dir='ltr'><strong>ἐκλογὴν</strong></span> <span class='ocrx_word' id='word_1_405' title='bbox 2996 1150 3126 1202; x_wconf 85' lang='grc' dir='ltr'>Υἱὸν</span> <span class='ocrx_word' id='word_1_406' title='bbox 3156 1147 3292 1201; x_wconf 77' lang='grc' dir='ltr'>Θεοῦ</span> <span class='ocrx_word' id='word_1_407' title='bbox 3333 1144 3634 1214; x_wconf 76' lang='grc' dir='ltr'>κληθέντα,</span> 
     </span>
    </p>
   </div>
   <div class='ocr_carea' id='block_1_56' title="bbox 2065 1236 3637 1304">
    <p class='ocr_par' dir='ltr' id='par_1_56' title="bbox 2065 1236 3637 1304">
     <span class='ocr_line' id='line_1_56' title="bbox 2065 1236 3637 1304; baseline -0.011 0"><span class='ocrx_word' id='word_1_408' title='bbox 2065 1246 2365 1304; x_wconf 89' lang='lat' dir='ltr'><strong>secundum</strong></span> <span class='ocrx_word' id='word_1_409' title='bbox 2388 1246 2706 1301; x_wconf 84' lang='lat' dir='ltr'><strong>electionem</strong></span> <span class='ocrx_word' id='word_1_410' title='bbox 2737 1242 2938 1296; x_wconf 85' lang='lat' dir='ltr'><strong>Filium</strong></span> <span class='ocrx_word' id='word_1_411' title='bbox 2973 1240 3067 1295; x_wconf 88' lang='lat' dir='ltr'><strong>Dei</strong></span> <span class='ocrx_word' id='word_1_412' title='bbox 3100 1248 3383 1303; x_wconf 87' lang='lat' dir='ltr'><strong>vocatum,</strong></span> <span class='ocrx_word' id='word_1_413' title='bbox 3418 1236 3481 1289; x_wconf 78' lang='grc' dir='ltr'>ὃν</span> <span class='ocrx_word' id='word_1_414' title='bbox 3510 1236 3637 1303; x_wconf 74' lang='grc' dir='ltr'><strong>φᾶς-</strong></span> 
     </span>
    </p>
   </div>
   <div class='ocr_carea' id='block_1_57' title="bbox 2062 1329 3639 1407">
    <p class='ocr_par' dir='ltr' id='par_1_57' title="bbox 2062 1329 3639 1407">
     <span class='ocr_line' id='line_1_57' title="bbox 2062 1329 3639 1407; baseline -0.008 -15"><span class='ocrx_word' id='word_1_415' title='bbox 2062 1355 2248 1392; x_wconf 82' lang='grc' dir='ltr'>κουσιν</span> <span class='ocrx_word' id='word_1_416' title='bbox 2268 1338 2369 1391; x_wconf 76' lang='grc' dir='ltr'><strong>οὐκ</strong></span> <span class='ocrx_word' id='word_1_417' title='bbox 2396 1339 2459 1391; x_wconf 80' lang='grc' dir='ltr'><strong>ὲκ</strong></span> <span class='ocrx_word' id='word_1_418' title='bbox 2487 1336 2620 1389; x_wconf 89' lang='grc' dir='ltr'><strong>Θεοῦ</strong></span> <span class='ocrx_word' id='word_1_419' title='bbox 2641 1334 2856 1407; x_wconf 82' lang='grc' dir='ltr'>Πατρὺς</span> <span class='ocrx_word' id='word_1_420' title='bbox 2881 1332 3207 1403; x_wconf 76' lang='grc' dir='ltr'>γεγενῆσθαι</span> <span class='ocrx_word' id='word_1_421' title='bbox 3223 1374 3237 1395; x_wconf 89' lang='grc'><strong>,</strong></span> <span class='ocrx_word' id='word_1_422' title='bbox 3268 1345 3440 1400; x_wconf 86' lang='lat' dir='ltr'><strong>quem</strong></span> <span class='ocrx_word' id='word_1_423' title='bbox 3464 1329 3639 1383; x_wconf 83' lang='lat' dir='ltr'><strong>dicunt</strong></span> 
     </span>
    </p>
   </div>
   <div class='ocr_carea' id='block_1_58' title="bbox 2063 1418 3638 1496">
    <p class='ocr_par' dir='ltr' id='par_1_58' title="bbox 2063 1418 3638 1496">
     <span class='ocr_line' id='line_1_58' title="bbox 2063 1418 3638 1496; baseline -0.006 -15"><span class='ocrx_word' id='word_1_424' title='bbox 2063 1443 2169 1483; x_wconf 91' lang='lat' dir='ltr'><strong>non</strong></span> <span class='ocrx_word' id='word_1_425' title='bbox 2222 1445 2251 1484; x_wconf 91' lang='lat' dir='ltr'><strong>a</strong></span> <span class='ocrx_word' id='word_1_426' title='bbox 2316 1428 2426 1483; x_wconf 87' lang='lat' dir='ltr'><strong>Deo</strong></span> <span class='ocrx_word' id='word_1_427' title='bbox 2467 1427 2628 1482; x_wconf 87' lang='lat' dir='ltr'><strong>Patre</strong></span> <span class='ocrx_word' id='word_1_428' title='bbox 2664 1428 2981 1496; x_wconf 77' lang='lat' dir='ltr'><strong>genitum),</strong></span> <span class='ocrx_word' id='word_1_429' title='bbox 3035 1424 3130 1480; x_wconf 89' lang='lat' dir='ltr'><strong>sed</strong></span> <span class='ocrx_word' id='word_1_430' title='bbox 3170 1424 3229 1485; x_wconf 82' lang='grc' dir='ltr'>ὃς</span> <span class='ocrx_word' id='word_1_431' title='bbox 3273 1425 3433 1476; x_wconf 80' lang='grc' dir='ltr'>ἐστιν</span> <span class='ocrx_word' id='word_1_432' title='bbox 3487 1418 3638 1474; x_wconf 71' lang='grc' dir='ltr'>αὐτοῦ</span> 
     </span>
    </p>
   </div>
   <div class='ocr_carea' id='block_1_59' title="bbox 2061 1515 3638 1587">
    <p class='ocr_par' dir='ltr' id='par_1_59' title="bbox 2061 1515 3638 1587">
     <span class='ocr_line' id='line_1_59' title="bbox 2061 1515 3638 1587; baseline -0.005 -15"><span class='ocrx_word' id='word_1_433' title='bbox 2061 1519 2233 1587; x_wconf 85' lang='grc' dir='ltr'>Λόγος</span> <span class='ocrx_word' id='word_1_434' title='bbox 2275 1518 2461 1582; x_wconf 74' lang='grc' dir='ltr'>ἀΐδιος,</span> <span class='ocrx_word' id='word_1_435' title='bbox 2513 1519 2606 1587; x_wconf 87' lang='lat' dir='ltr'><strong>qui</strong></span> <span class='ocrx_word' id='word_1_436' title='bbox 2672 1518 2844 1587; x_wconf 90' lang='lat' dir='ltr'><strong>ipsius</strong></span> <span class='ocrx_word' id='word_1_437' title='bbox 2894 1515 2989 1571; x_wconf 90' lang='lat' dir='ltr'><strong>Dei</strong></span> <span class='ocrx_word' id='word_1_438' title='bbox 3052 1515 3282 1571; x_wconf 82' lang='lat' dir='ltr'><strong>Verbum</strong></span> <span class='ocrx_word' id='word_1_439' title='bbox 3340 1521 3435 1567; x_wconf 80' lang='lat' dir='ltr'><strong>est</strong></span> <span class='ocrx_word' id='word_1_440' title='bbox 3492 1520 3638 1567; x_wconf 63' lang='lat' dir='ltr'><strong>eter-</strong></span> 
     </span>
    </p>
   </div>
   <div class='ocr_carea' id='block_1_60' title="bbox 2063 1605 3633 1675">
    <p class='ocr_par' dir='ltr' id='par_1_60' title="bbox 2063 1605 3633 1675">
     <span class='ocr_line' id='line_1_60' title="bbox 2063 1605 3633 1675; baseline -0.006 -10"><span class='ocrx_word' id='word_1_441' title='bbox 2063 1627 2231 1674; x_wconf 88' lang='lat' dir='ltr'><strong>num,</strong></span> <span class='ocrx_word' id='word_1_442' title='bbox 2265 1611 2564 1665; x_wconf 88' lang='lat' dir='ltr'><strong>secundum</strong></span> <span class='ocrx_word' id='word_1_443' title='bbox 2607 1609 2737 1663; x_wconf 91' lang='lat' dir='ltr'><strong>illud</strong></span> <span class='ocrx_word' id='word_1_444' title='bbox 2778 1608 2837 1663; x_wconf 91' lang='lat' dir='ltr'><strong>S.</strong></span> <span class='ocrx_word' id='word_1_445' title='bbox 2881 1607 3112 1664; x_wconf 86' lang='lat' dir='ltr'><strong>Joannis</strong></span> <span class='ocrx_word' id='word_1_446' title='bbox 3155 1608 3246 1662; x_wconf 79' lang='lat'><strong>”:</strong></span> <span class='ocrx_word' id='word_1_447' title='bbox 3288 1605 3354 1659; x_wconf 85' lang='grc' dir='ltr'><strong>1η</strong></span> <span class='ocrx_word' id='word_1_448' title='bbox 3380 1606 3633 1675; x_wconf 75' lang='lat' dir='ltr'><strong>principia</strong></span> 
     </span>
    </p>
   </div>
   <div class='ocr_carea' id='block_1_61' title="bbox 2063 1696 3637 1770">
    <p class='ocr_par' dir='ltr' id='par_1_61' title="bbox 2063 1696 3637 1770">
     <span class='ocr_line' id='line_1_61' title="bbox 2063 1696 3637 1770; baseline -0.006 -13"><span class='ocrx_word' id='word_1_449' title='bbox 2063 1711 2177 1757; x_wconf 84' lang='lat' dir='ltr'><strong>erat</strong></span> <span class='ocrx_word' id='word_1_450' title='bbox 2222 1700 2446 1756; x_wconf 84' lang='lat' dir='ltr'><strong>Verbum</strong></span> <span class='ocrx_word' id='word_1_451' title='bbox 2465 1701 2750 1766; x_wconf 79' lang='lat' dir='ltr'><strong>,Verbum,</strong></span> <span class='ocrx_word' id='word_1_452' title='bbox 2768 1701 3014 1770; x_wconf 87' lang='lat' dir='ltr'><strong>inquam,</strong></span> <span class='ocrx_word' id='word_1_453' title='bbox 3028 1708 3211 1754; x_wconf 90' lang='lat' dir='ltr'><strong>tamen</strong></span> <span class='ocrx_word' id='word_1_454' title='bbox 3226 1708 3526 1761; x_wconf 72' lang='lat' dir='ltr'><strong>aeternum,</strong></span> <span class='ocrx_word' id='word_1_455' title='bbox 3544 1696 3637 1749; x_wconf 75' lang='grc' dir='ltr'><strong>Δό-</strong></span> 
     </span>
    </p>
   </div>
   <div class='ocr_carea' id='block_1_62' title="bbox 2066 1788 3641 1864">
    <p class='ocr_par' dir='ltr' id='par_1_62' title="bbox 2066 1788 3641 1864">
     <span class='ocr_line' id='line_1_62' title="bbox 2066 1788 3641 1864; baseline -0.006 -17"><span class='ocrx_word' id='word_1_456' title='bbox 2066 1812 2160 1864; x_wconf 83' lang='grc' dir='ltr'><strong>γος</strong></span> <span class='ocrx_word' id='word_1_457' title='bbox 2187 1795 2288 1847; x_wconf 83' lang='grc' dir='ltr'>οὐκ</span> <span class='ocrx_word' id='word_1_458' title='bbox 2325 1793 2434 1847; x_wconf 82' lang='grc' dir='ltr'>ἀπὸ</span> <span class='ocrx_word' id='word_1_459' title='bbox 2474 1794 2629 1864; x_wconf 79' lang='grc' dir='ltr'>σιγῆς</span> <span class='ocrx_word' id='word_1_460' title='bbox 2673 1791 2969 1864; x_wconf 86' lang='grc' dir='ltr'>προελθών.</span> <span class='ocrx_word' id='word_1_461' title='bbox 3012 1790 3201 1861; x_wconf 86' lang='lat' dir='ltr'><strong>Neque</strong></span> <span class='ocrx_word' id='word_1_462' title='bbox 3236 1790 3388 1845; x_wconf 87' lang='lat' dir='ltr'><strong>enim</strong></span> <span class='ocrx_word' id='word_1_463' title='bbox 3432 1788 3641 1858; x_wconf 81' lang='lat' dir='ltr'><strong>vulgare</strong></span> 
     </span>
    </p>
   </div>
   <div class='ocr_carea' id='block_1_63' title="bbox 2068 1881 3641 1957">
    <p class='ocr_par' dir='ltr' id='par_1_63' title="bbox 2068 1881 3641 1957">
     <span class='ocr_line' id='line_1_63' title="bbox 2068 1881 3641 1957; baseline -0.006 -15"><span class='ocrx_word' id='word_1_464' title='bbox 2068 1886 2291 1957; x_wconf 88' lang='lat' dir='ltr'><strong>aliquod</strong></span> <span class='ocrx_word' id='word_1_465' title='bbox 2322 1886 2547 1941; x_wconf 87' lang='lat' dir='ltr'><strong>verbum</strong></span> <span class='ocrx_word' id='word_1_466' title='bbox 2590 1895 2693 1949; x_wconf 91' lang='lat' dir='ltr'><strong>est,</strong></span> <span class='ocrx_word' id='word_1_467' title='bbox 2720 1885 2881 1955; x_wconf 87' lang='lat' dir='ltr'><strong>quale</strong></span> <span class='ocrx_word' id='word_1_468' title='bbox 2900 1893 2985 1939; x_wconf 88' lang='lat' dir='ltr'><strong>est</strong></span> <span class='ocrx_word' id='word_1_469' title='bbox 3017 1882 3259 1938; x_wconf 89' lang='lat' dir='ltr'><strong>hominis</strong></span> <span class='ocrx_word' id='word_1_470' title='bbox 3283 1881 3532 1943; x_wconf 87' lang='lat' dir='ltr'><strong>scilicet,</strong></span> <span class='ocrx_word' id='word_1_471' title='bbox 3560 1890 3641 1933; x_wconf 87' lang='lat' dir='ltr'><strong>aut</strong></span> 
     </span>
    </p>
   </div>
   <div class='ocr_carea' id='block_1_64' title="bbox 2068 1971 3637 2047">
    <p class='ocr_par' dir='ltr' id='par_1_64' title="bbox 2068 1971 3637 2047">
     <span class='ocr_line' id='line_1_64' title="bbox 2068 1971 3637 2047; baseline -0.003 -13"><span class='ocrx_word' id='word_1_472' title='bbox 2068 1978 2359 2047; x_wconf 79' lang='lat' dir='ltr'><strong>cujuslibet</strong></span> <span class='ocrx_word' id='word_1_473' title='bbox 2387 1986 2671 2041; x_wconf 82' lang='lat' dir='ltr'><strong>creaturae,</strong></span> <span class='ocrx_word' id='word_1_474' title='bbox 2708 1976 2857 2046; x_wconf 88' lang='lat' dir='ltr'><strong>quod</strong></span> <span class='ocrx_word' id='word_1_475' title='bbox 2881 1991 2949 2031; x_wconf 79' lang='lat' dir='ltr'><strong>ex</strong></span> <span class='ocrx_word' id='word_1_476' title='bbox 2983 1975 3202 2031; x_wconf 89' lang='lat' dir='ltr'><strong>silentio</strong></span> <span class='ocrx_word' id='word_1_477' title='bbox 3237 1973 3471 2043; x_wconf 89' lang='lat' dir='ltr'><strong>prodire</strong></span> <span class='ocrx_word' id='word_1_478' title='bbox 3493 1971 3637 2029; x_wconf 81' lang='lat' dir='ltr'><strong>solet.</strong></span> 
     </span>
    </p>
   </div>
   <div class='ocr_carea' id='block_1_65' title="bbox 2068 2062 3637 2141">
    <p class='ocr_par' dir='ltr' id='par_1_65' title="bbox 2068 2062 3637 2141">
     <span class='ocr_line' id='line_1_65' title="bbox 2068 2062 3637 2141; baseline -0.008 -14"><span class='ocrx_word' id='word_1_479' title='bbox 2068 2072 2315 2141; x_wconf 90' lang='lat' dir='ltr'><strong>adeoque</strong></span> <span class='ocrx_word' id='word_1_480' title='bbox 2348 2070 2554 2140; x_wconf 90' lang='lat' dir='ltr'><strong>aliquid</strong></span> <span class='ocrx_word' id='word_1_481' title='bbox 2578 2069 2895 2139; x_wconf 73' lang='lat' dir='ltr'><strong>praecedens</strong></span> <span class='ocrx_word' id='word_1_482' title='bbox 2919 2081 3218 2138; x_wconf 83' lang='lat' dir='ltr'><strong>agnoscere</strong></span> <span class='ocrx_word' id='word_1_483' title='bbox 3242 2108 3259 2131; x_wconf 92' lang='lat'><strong>,</strong></span> <span class='ocrx_word' id='word_1_484' title='bbox 3285 2066 3384 2121; x_wconf 89' lang='lat' dir='ltr'><strong>sed</strong></span> <span class='ocrx_word' id='word_1_485' title='bbox 3412 2062 3637 2119; x_wconf 78' lang='lat' dir='ltr'><strong>Verbum</strong></span> 
     </span>
    </p>
   </div>
   <div class='ocr_carea' id='block_1_66' title="bbox 2069 2156 3641 2232">
    <p class='ocr_par' dir='ltr' id='par_1_66' title="bbox 2069 2156 3641 2232">
     <span class='ocr_line' id='line_1_66' title="bbox 2069 2156 3641 2232; baseline -0.006 -15"><span class='ocrx_word' id='word_1_486' title='bbox 2069 2163 2163 2217; x_wconf 85' lang='lat' dir='ltr'><strong>Dei</strong></span> <span class='ocrx_word' id='word_1_487' title='bbox 2210 2162 2429 2232; x_wconf 90' lang='lat' dir='ltr'><strong>Deoque</strong></span> <span class='ocrx_word' id='word_1_488' title='bbox 2455 2171 2810 2217; x_wconf 62' lang='lat' dir='ltr'><strong>comternum.</strong></span> <span class='ocrx_word' id='word_1_489' title='bbox 2860 2160 2985 2216; x_wconf 60' lang='lat' dir='ltr'><strong>llaec</strong></span> <span class='ocrx_word' id='word_1_490' title='bbox 3028 2168 3210 2214; x_wconf 89' lang='lat' dir='ltr'><strong>autem</strong></span> <span class='ocrx_word' id='word_1_491' title='bbox 3241 2159 3457 2213; x_wconf 89' lang='lat' dir='ltr'><strong>directe</strong></span> <span class='ocrx_word' id='word_1_492' title='bbox 3493 2156 3641 2209; x_wconf 82' lang='lat' dir='ltr'><strong>Ebio-</strong></span> 
     </span>
    </p>
   </div>
   <div class='ocr_carea' id='block_1_67' title="bbox 2070 2249 3639 2324">
    <p class='ocr_par' dir='ltr' id='par_1_67' title="bbox 2070 2249 3639 2324">
     <span class='ocr_line' id='line_1_67' title="bbox 2070 2249 3639 2324; baseline -0.006 -15"><span class='ocrx_word' id='word_1_493' title='bbox 2070 2270 2219 2309; x_wconf 67' lang='lat' dir='ltr'><strong>naaos</strong></span> <span class='ocrx_word' id='word_1_494' title='bbox 2243 2254 2511 2310; x_wconf 86' lang='lat' dir='ltr'><strong>feriebant</strong></span> <span class='ocrx_word' id='word_1_495' title='bbox 2535 2296 2550 2319; x_wconf 95' lang='lat'><strong>,</strong></span> <span class='ocrx_word' id='word_1_496' title='bbox 2585 2269 2820 2324; x_wconf 88' lang='lat' dir='ltr'><strong>quorum</strong></span> <span class='ocrx_word' id='word_1_497' title='bbox 2854 2254 3019 2308; x_wconf 91' lang='lat' dir='ltr'><strong>etiam</strong></span> <span class='ocrx_word' id='word_1_498' title='bbox 3052 2252 3130 2306; x_wconf 91' lang='lat' dir='ltr'><strong>illi</strong></span> <span class='ocrx_word' id='word_1_499' title='bbox 3161 2251 3253 2321; x_wconf 91' lang='lat' dir='ltr'><strong>qui</strong></span> <span class='ocrx_word' id='word_1_500' title='bbox 3283 2249 3508 2304; x_wconf 62' lang='lat' dir='ltr'><strong>caeteris</strong></span> <span class='ocrx_word' id='word_1_501' title='bbox 3538 2263 3639 2300; x_wconf 88' lang='lat' dir='ltr'><strong>mc-</strong></span> 
     </span>
    </p>
   </div>
   <div class='ocr_carea' id='block_1_68' title="bbox 2071 2341 3640 2415">
    <p class='ocr_par' dir='ltr' id='par_1_68' title="bbox 2071 2341 3640 2415">
     <span class='ocr_line' id='line_1_68' title="bbox 2071 2341 3640 2415; baseline -0.003 -16"><span class='ocrx_word' id='word_1_502' title='bbox 2071 2345 2235 2401; x_wconf 87' lang='lat' dir='ltr'><strong>liores</strong></span> <span class='ocrx_word' id='word_1_503' title='bbox 2259 2361 2380 2401; x_wconf 89' lang='lat' dir='ltr'><strong>esse</strong></span> <span class='ocrx_word' id='word_1_504' title='bbox 2405 2346 2731 2401; x_wconf 87' lang='lat' dir='ltr'><strong>videbantur</strong></span> <span class='ocrx_word' id='word_1_505' title='bbox 2751 2387 2766 2412; x_wconf 95' lang='lat'><strong>,</strong></span> <span class='ocrx_word' id='word_1_506' title='bbox 2798 2345 2890 2415; x_wconf 86' lang='lat' dir='ltr'><strong>qui</strong></span> <span class='ocrx_word' id='word_1_507' title='bbox 2926 2346 3207 2400; x_wconf 85' lang='lat' dir='ltr'><strong>Christum</strong></span> <span class='ocrx_word' id='word_1_508' title='bbox 3242 2359 3309 2398; x_wconf 80' lang='lat' dir='ltr'><strong>ex</strong></span> <span class='ocrx_word' id='word_1_509' title='bbox 3350 2341 3572 2412; x_wconf 71' lang='lat' dir='ltr'><strong>Virgine</strong></span> <span class='ocrx_word' id='word_1_510' title='bbox 3595 2350 3640 2394; x_wconf 88' lang='lat' dir='ltr'><strong>et</strong></span> 
     </span>
    </p>
   </div>
   <div class='ocr_carea' id='block_1_69' title="bbox 2072 2429 3640 2506">
    <p class='ocr_par' dir='ltr' id='par_1_69' title="bbox 2072 2429 3640 2506">
     <span class='ocr_line' id='line_1_69' title="bbox 2072 2429 3640 2506; baseline -0.004 -16"><span class='ocrx_word' id='word_1_511' title='bbox 2072 2435 2277 2506; x_wconf 91' lang='lat' dir='ltr'><strong>Spiritu</strong></span> <span class='ocrx_word' id='word_1_512' title='bbox 2309 2445 2499 2491; x_wconf 89' lang='lat' dir='ltr'><strong>sancto</strong></span> <span class='ocrx_word' id='word_1_513' title='bbox 2532 2436 2773 2505; x_wconf 83' lang='lat' dir='ltr'><strong>genitum</strong></span> <span class='ocrx_word' id='word_1_514' title='bbox 2798 2449 2920 2488; x_wconf 86' lang='lat' dir='ltr'><strong>esse</strong></span> <span class='ocrx_word' id='word_1_515' title='bbox 2958 2449 3067 2488; x_wconf 90' lang='lat' dir='ltr'><strong>non</strong></span> <span class='ocrx_word' id='word_1_516' title='bbox 3101 2432 3409 2502; x_wconf 84' lang='lat' dir='ltr'><strong>negabant,</strong></span> <span class='ocrx_word' id='word_1_517' title='bbox 3440 2430 3504 2483; x_wconf 81' lang='grc' dir='ltr'><strong>οὐ</strong></span> <span class='ocrx_word' id='word_1_518' title='bbox 3547 2429 3640 2499; x_wconf 72' lang='grc' dir='ltr'><strong>μὴν</strong></span> 
     </span>
    </p>
   </div>
   <div class='ocr_carea' id='block_1_70' title="bbox 2071 2522 3640 2597">
    <p class='ocr_par' dir='ltr' id='par_1_70' title="bbox 2071 2522 3640 2597">
     <span class='ocr_line' id='line_1_70' title="bbox 2071 2522 3640 2597; baseline -0.004 -17"><span class='ocrx_word' id='word_1_519' title='bbox 2071 2527 2147 2580; x_wconf 76' lang='grc' dir='ltr'><strong>ἔθ’</strong></span> <span class='ocrx_word' id='word_1_520' title='bbox 2182 2526 2381 2597; x_wconf 76' lang='grc' dir='ltr'>ὁμοίως</span> <span class='ocrx_word' id='word_1_521' title='bbox 2412 2528 2505 2580; x_wconf 76' lang='grc' dir='ltr'><strong>καὶ</strong></span> <span class='ocrx_word' id='word_1_522' title='bbox 2532 2522 2675 2581; x_wconf 75' lang='grc' dir='ltr'>οὗτοι</span> <span class='ocrx_word' id='word_1_523' title='bbox 2710 2526 3085 2597; x_wconf 74' lang='grc' dir='ltr'>προϋπάρχειν</span> <span class='ocrx_word' id='word_1_524' title='bbox 3118 2523 3281 2577; x_wconf 79' lang='grc' dir='ltr'>αὐτὸν</span> <span class='ocrx_word' id='word_1_525' title='bbox 3312 2523 3453 2576; x_wconf 74' lang='grc' dir='ltr'>Θεὸν</span> <span class='ocrx_word' id='word_1_526' title='bbox 3484 2522 3640 2587; x_wconf 74' lang='grc' dir='ltr'>Λόγον</span> 
     </span>
    </p>
   </div>
   <div class='ocr_carea' id='block_1_71' title="bbox 2069 2615 3639 2689">
    <p class='ocr_par' dir='ltr' id='par_1_71' title="bbox 2069 2615 3639 2689">
     <span class='ocr_line' id='line_1_71' title="bbox 2069 2615 3639 2689; baseline -0.005 -17"><span class='ocrx_word' id='word_1_527' title='bbox 2069 2617 2199 2672; x_wconf 73' lang='grc' dir='ltr'>ὄντα</span> <span class='ocrx_word' id='word_1_528' title='bbox 2222 2618 2323 2670; x_wconf 75' lang='grc' dir='ltr'><strong>καὶ</strong></span> <span class='ocrx_word' id='word_1_529' title='bbox 2355 2618 2546 2686; x_wconf 71' lang='grc' dir='ltr'>σοφίαν</span> <span class='ocrx_word' id='word_1_530' title='bbox 2580 2617 2966 2689; x_wconf 77' lang='grc' dir='ltr'>ὁμολογοῦντες</span> <span class='ocrx_word' id='word_1_531' title='bbox 2996 2620 3062 2688; x_wconf 82' lang='grc' dir='ltr'><strong>τῇ</strong></span> <span class='ocrx_word' id='word_1_532' title='bbox 3094 2615 3205 2669; x_wconf 84' lang='grc' dir='ltr'><strong>τῶν</strong></span> <span class='ocrx_word' id='word_1_533' title='bbox 3236 2615 3527 2687; x_wconf 82' lang='grc' dir='ltr'>προτέρων</span> <span class='ocrx_word' id='word_1_534' title='bbox 3553 2628 3639 2663; x_wconf 72' lang='grc' dir='ltr'>πε-</span> 
     </span>
    </p>
   </div>
   <div class='ocr_carea' id='block_1_72' title="bbox 2074 2707 3639 2782">
    <p class='ocr_par' dir='ltr' id='par_1_72' title="bbox 2074 2707 3639 2782">
     <span class='ocr_line' id='line_1_72' title="bbox 2074 2707 3639 2782; baseline -0.004 -19"><span class='ocrx_word' id='word_1_535' title='bbox 2074 2710 2421 2781; x_wconf 81' lang='grc' dir='ltr'>ριετρὲποντο</span> <span class='ocrx_word' id='word_1_536' title='bbox 2448 2711 2754 2782; x_wconf 79' lang='grc' dir='ltr'>δυσσεϐείᾳ,</span> <span class='ocrx_word' id='word_1_537' title='bbox 2780 2730 2798 2761; x_wconf 84' lang='grc'><strong>‹</strong></span> <span class='ocrx_word' id='word_1_538' title='bbox 2825 2709 3186 2765; x_wconf 90' lang='lat' dir='ltr'><strong>nihilominus</strong></span> <span class='ocrx_word' id='word_1_539' title='bbox 3205 2707 3639 2767; x_wconf 79' lang='lat' dir='ltr'><strong>cumChristum,</strong></span> 
     </span>
    </p>
   </div>
   <div class='ocr_carea' id='block_1_73' title="bbox 2071 2796 3638 2873">
    <p class='ocr_par' dir='ltr' id='par_1_73' title="bbox 2071 2796 3638 2873">
     <span class='ocr_line' id='line_1_73' title="bbox 2071 2796 3638 2873; baseline -0.004 -16"><span class='ocrx_word' id='word_1_540' title='bbox 2071 2812 2255 2873; x_wconf 87' lang='lat' dir='ltr'><strong>utpote</strong></span> <span class='ocrx_word' id='word_1_541' title='bbox 2282 2803 2450 2859; x_wconf 88' lang='lat' dir='ltr'><strong>Deum</strong></span> <span class='ocrx_word' id='word_1_542' title='bbox 2477 2803 2714 2859; x_wconf 88' lang='lat' dir='ltr'><strong>Verbum</strong></span> <span class='ocrx_word' id='word_1_543' title='bbox 2731 2817 2785 2859; x_wconf 90' lang='lat' dir='ltr'><strong>et</strong></span> <span class='ocrx_word' id='word_1_544' title='bbox 2800 2804 3154 2873; x_wconf 87' lang='lat' dir='ltr'><strong>sapientiam,</strong></span> <span class='ocrx_word' id='word_1_545' title='bbox 3170 2811 3296 2856; x_wconf 87' lang='lat' dir='ltr'><strong>ante</strong></span> <span class='ocrx_word' id='word_1_546' title='bbox 3311 2800 3502 2855; x_wconf 91' lang='lat' dir='ltr'><strong>omnia</strong></span> <span class='ocrx_word' id='word_1_547' title='bbox 3524 2796 3638 2852; x_wconf 88' lang='lat' dir='ltr'><strong>sub—</strong></span> 
     </span>
    </p>
   </div>
   <div class='ocr_carea' id='block_1_74' title="bbox 2070 2893 3640 2964">
    <p class='ocr_par' dir='ltr' id='par_1_74' title="bbox 2070 2893 3640 2964">
     <span class='ocr_line' id='line_1_74' title="bbox 2070 2893 3640 2964; baseline -0.004 -14"><span class='ocrx_word' id='word_1_548' title='bbox 2070 2897 2279 2951; x_wconf 80' lang='lat' dir='ltr'><strong>stitisse</strong></span> <span class='ocrx_word' id='word_1_549' title='bbox 2320 2897 2544 2950; x_wconf 88' lang='lat' dir='ltr'><strong>minime</strong></span> <span class='ocrx_word' id='word_1_550' title='bbox 2585 2895 2895 2963; x_wconf 81' lang='lat' dir='ltr'><strong>fateantur,</strong></span> <span class='ocrx_word' id='word_1_551' title='bbox 2933 2916 2952 2949; x_wconf 72' lang='grc' dir='ltr'><strong>ι</strong></span> <span class='ocrx_word' id='word_1_552' title='bbox 2986 2896 3236 2964; x_wconf 90' lang='lat' dir='ltr'><strong>adeoque</strong></span> <span class='ocrx_word' id='word_1_553' title='bbox 3268 2893 3640 2950; x_wconf 85' lang='lat' dir='ltr'><strong>sanctissimos</strong></span> 
     </span>
    </p>
   </div>
   <div class='ocr_carea' id='block_1_75' title="bbox 2070 2984 3640 3060">
    <p class='ocr_par' dir='ltr' id='par_1_75' title="bbox 2070 2984 3640 3060">
     <span class='ocr_line' id='line_1_75' title="bbox 2070 2984 3640 3060; baseline -0.003 -18"><span class='ocrx_word' id='word_1_554' title='bbox 2070 2988 2365 3059; x_wconf 88' lang='lat' dir='ltr'><strong>prophetas</strong></span> <span class='ocrx_word' id='word_1_555' title='bbox 2392 2989 2539 3043; x_wconf 91' lang='lat' dir='ltr'><strong>illius</strong></span> <span class='ocrx_word' id='word_1_556' title='bbox 2561 2990 2734 3060; x_wconf 89' lang='lat' dir='ltr'><strong>gratia</strong></span> <span class='ocrx_word' id='word_1_557' title='bbox 2766 2988 3060 3058; x_wconf 86' lang='lat' dir='ltr'><strong>inspiratos</strong></span> <span class='ocrx_word' id='word_1_558' title='bbox 3082 2988 3251 3042; x_wconf 86' lang='lat' dir='ltr'><strong>fuisse</strong></span> <span class='ocrx_word' id='word_1_559' title='bbox 3282 2996 3509 3057; x_wconf 86' lang='lat' dir='ltr'><strong>negent,</strong></span> <span class='ocrx_word' id='word_1_560' title='bbox 3539 3002 3557 3035; x_wconf 80' lang='grc' dir='ltr'><strong>ι</strong></span> <span class='ocrx_word' id='word_1_561' title='bbox 3593 2984 3640 3037; x_wconf 91' lang='lat' dir='ltr'><strong>in</strong></span> 
     </span>
    </p>
   </div>
   <div class='ocr_carea' id='block_1_76' title="bbox 2070 3079 3634 3152">
    <p class='ocr_par' dir='ltr' id='par_1_76' title="bbox 2070 3079 3634 3152">
     <span class='ocr_line' id='line_1_76' title="bbox 2070 3079 3634 3152; baseline -0.003 -17"><span class='ocrx_word' id='word_1_562' title='bbox 2070 3082 2318 3136; x_wconf 87' lang='lat' dir='ltr'><strong>eamdem</strong></span> <span class='ocrx_word' id='word_1_563' title='bbox 2359 3098 2483 3136; x_wconf 86' lang='lat' dir='ltr'><strong>cum</strong></span> <span class='ocrx_word' id='word_1_564' title='bbox 2520 3082 2797 3152; x_wconf 87' lang='lat' dir='ltr'><strong>prioribus</strong></span> <span class='ocrx_word' id='word_1_565' title='bbox 2830 3081 3162 3151; x_wconf 88' lang='lat' dir='ltr'><strong>impietatem</strong></span> <span class='ocrx_word' id='word_1_566' title='bbox 3193 3079 3406 3149; x_wconf 88' lang='lat' dir='ltr'><strong>delapsi</strong></span> <span class='ocrx_word' id='word_1_567' title='bbox 3436 3087 3591 3138; x_wconf 88' lang='lat' dir='ltr'><strong>sunt;</strong></span> <span class='ocrx_word' id='word_1_568' title='bbox 3618 3094 3634 3125; x_wconf 77' lang='grc' dir='ltr'><strong>ι</strong></span> 
     </span>
    </p>
   </div>
   <div class='ocr_carea' id='block_1_77' title="bbox 2074 3169 3638 3245">
    <p class='ocr_par' dir='ltr' id='par_1_77' title="bbox 2074 3169 3638 3245">
     <span class='ocr_line' id='line_1_77' title="bbox 2074 3169 3638 3245; baseline -0.004 -18"><span class='ocrx_word' id='word_1_569' title='bbox 2074 3173 2311 3244; x_wconf 76' lang='grc' dir='ltr'>μάλιστα</span> <span class='ocrx_word' id='word_1_570' title='bbox 2353 3174 2441 3227; x_wconf 82' lang='grc' dir='ltr'><strong>ὅτε</strong></span> <span class='ocrx_word' id='word_1_571' title='bbox 2470 3174 2565 3227; x_wconf 77' lang='grc' dir='ltr'><strong>καὶ</strong></span> <span class='ocrx_word' id='word_1_572' title='bbox 2594 3174 2694 3245; x_wconf 80' lang='grc' dir='ltr'><strong>τὴν</strong></span> <span class='ocrx_word' id='word_1_573' title='bbox 2725 3174 3045 3244; x_wconf 81' lang='grc' dir='ltr'>σωματικὴν</span> <span class='ocrx_word' id='word_1_574' title='bbox 3074 3171 3203 3244; x_wconf 83' lang='grc' dir='ltr'>περὶ</span> <span class='ocrx_word' id='word_1_575' title='bbox 3246 3171 3338 3223; x_wconf 79' lang='grc' dir='ltr'>τὸν</span> <span class='ocrx_word' id='word_1_576' title='bbox 3371 3172 3535 3241; x_wconf 77' lang='grc' dir='ltr'>νόμον</span> <span class='ocrx_word' id='word_1_577' title='bbox 3558 3169 3638 3219; x_wconf 65' lang='grc' dir='ltr'><strong>λα-</strong></span> 
     </span>
    </p>
   </div>
   <div class='ocr_carea' id='block_1_78' title="bbox 2071 3264 3635 3337">
    <p class='ocr_par' dir='ltr' id='par_1_78' title="bbox 2071 3264 3635 3337">
     <span class='ocr_line' id='line_1_78' title="bbox 2071 3264 3635 3337; baseline -0.005 -18"><span class='ocrx_word' id='word_1_578' title='bbox 2071 3265 2259 3336; x_wconf 78' lang='grc' dir='ltr'>τρείαν</span> <span class='ocrx_word' id='word_1_579' title='bbox 2290 3265 2490 3335; x_wconf 76' lang='grc' dir='ltr'>ὁμοίως</span> <span class='ocrx_word' id='word_1_580' title='bbox 2511 3266 2737 3330; x_wconf 83' lang='grc' dir='ltr'>ἐκείνοις</span> <span class='ocrx_word' id='word_1_581' title='bbox 2764 3265 3047 3337; x_wconf 82' lang='grc' dir='ltr'>περιέπειν</span> <span class='ocrx_word' id='word_1_582' title='bbox 3082 3264 3444 3328; x_wconf 76' lang='grc' dir='ltr'>ἐσπούδαζον,</span> <span class='ocrx_word' id='word_1_583' title='bbox 3472 3282 3489 3313; x_wconf 82' lang='grc' dir='ltr'><strong>ι</strong></span> <span class='ocrx_word' id='word_1_584' title='bbox 3516 3277 3635 3330; x_wconf 66' lang='lat' dir='ltr'><strong>pra!—</strong></span> 
     </span>
    </p>
   </div>
   <div class='ocr_carea' id='block_1_79' title="bbox 2073 3352 3639 3427">
    <p class='ocr_par' dir='ltr' id='par_1_79' title="bbox 2073 3352 3639 3427">
     <span class='ocr_line' id='line_1_79' title="bbox 2073 3352 3639 3427; baseline -0.006 -16"><span class='ocrx_word' id='word_1_585' title='bbox 2073 3359 2259 3411; x_wconf 80' lang='lat' dir='ltr'><strong>sertim</strong></span> <span class='ocrx_word' id='word_1_586' title='bbox 2297 3373 2419 3412; x_wconf 91' lang='lat' dir='ltr'><strong>cum</strong></span> <span class='ocrx_word' id='word_1_587' title='bbox 2461 3357 2781 3427; x_wconf 86' lang='lat' dir='ltr'><strong>corporales</strong></span> <span class='ocrx_word' id='word_1_588' title='bbox 2822 3357 2959 3427; x_wconf 80' lang='lat' dir='ltr'><strong>legis</strong></span> <span class='ocrx_word' id='word_1_589' title='bbox 2994 3355 3248 3411; x_wconf 56' lang='lat' dir='ltr'><strong>Mosaicae</strong></span> <span class='ocrx_word' id='word_1_590' title='bbox 3294 3352 3639 3410; x_wconf 81' lang='lat' dir='ltr'><strong>caeremonias</strong></span> 
     </span>
    </p>
   </div>
   <div class='ocr_carea' id='block_1_80' title="bbox 2072 3441 3639 3515">
    <p class='ocr_par' dir='ltr' id='par_1_80' title="bbox 2072 3441 3639 3515">
     <span class='ocr_line' id='line_1_80' title="bbox 2072 3441 3639 3515; baseline -0.004 -15"><span class='ocrx_word' id='word_1_591' title='bbox 2072 3448 2300 3515; x_wconf 86' lang='lat' dir='ltr'><strong>perinde</strong></span> <span class='ocrx_word' id='word_1_592' title='bbox 2329 3464 2392 3503; x_wconf 92' lang='lat' dir='ltr'><strong>ac</strong></span> <span class='ocrx_word' id='word_1_593' title='bbox 2418 3448 2493 3502; x_wconf 91' lang='lat' dir='ltr'><strong>illi</strong></span> <span class='ocrx_word' id='word_1_594' title='bbox 2533 3457 2790 3503; x_wconf 89' lang='lat' dir='ltr'><strong>accurate</strong></span> <span class='ocrx_word' id='word_1_595' title='bbox 2825 3448 3164 3513; x_wconf 89' lang='lat' dir='ltr'><strong>custodiant,</strong></span> <span class='ocrx_word' id='word_1_596' title='bbox 3204 3465 3222 3498; x_wconf 79' lang='grc' dir='ltr'><strong>ι</strong></span> <span class='ocrx_word' id='word_1_597' title='bbox 3258 3454 3321 3501; x_wconf 92' lang='lat' dir='ltr'><strong>ut</strong></span> <span class='ocrx_word' id='word_1_598' title='bbox 3352 3445 3521 3499; x_wconf 90' lang='lat' dir='ltr'><strong>docet</strong></span> <span class='ocrx_word' id='word_1_599' title='bbox 3548 3441 3639 3494; x_wconf 80' lang='lat' dir='ltr'><strong>Eu-</strong></span> 
     </span>
    </p>
   </div>
   <div class='ocr_carea' id='block_1_81' title="bbox 2073 3537 3636 3609">
    <p class='ocr_par' dir='ltr' id='par_1_81' title="bbox 2073 3537 3636 3609">
     <span class='ocr_line' id='line_1_81' title="bbox 2073 3537 3636 3609; baseline -0.005 -17"><span class='ocrx_word' id='word_1_600' title='bbox 2073 3538 2277 3593; x_wconf 90' lang='lat' dir='ltr'><strong>sebius.</strong></span> <span class='ocrx_word' id='word_1_601' title='bbox 2305 3538 2484 3605; x_wconf 85' lang='lat' dir='ltr'><strong>Quare</strong></span> <span class='ocrx_word' id='word_1_602' title='bbox 2507 3539 2576 3593; x_wconf 91' lang='lat' dir='ltr'><strong>ab</strong></span> <span class='ocrx_word' id='word_1_603' title='bbox 2608 3538 2918 3609; x_wconf 88' lang='lat' dir='ltr'><strong>Epiphanio</strong></span> <span class='ocrx_word' id='word_1_604' title='bbox 2948 3538 3113 3593; x_wconf 90' lang='lat' dir='ltr'><strong>etiam</strong></span> <span class='ocrx_word' id='word_1_605' title='bbox 3151 3537 3510 3591; x_wconf 88' lang='lat' dir='ltr'><strong>observatum</strong></span> <span class='ocrx_word' id='word_1_606' title='bbox 3549 3541 3636 3591; x_wconf 84' lang='lat' dir='ltr'><strong>est,</strong></span> 
     </span>
    </p>
   </div>
   <div class='ocr_carea' id='block_1_82' title="bbox 2072 3625 3638 3701">
    <p class='ocr_par' dir='ltr' id='par_1_82' title="bbox 2072 3625 3638 3701">
     <span class='ocr_line' id='line_1_82' title="bbox 2072 3625 3638 3701; baseline -0.006 -17"><span class='ocrx_word' id='word_1_607' title='bbox 2072 3631 2218 3700; x_wconf 88' lang='lat' dir='ltr'><strong>quod</strong></span> <span class='ocrx_word' id='word_1_608' title='bbox 2261 3630 2320 3687; x_wconf 88' lang='lat' dir='ltr'><strong>S.</strong></span> <span class='ocrx_word' id='word_1_609' title='bbox 2366 3629 2609 3686; x_wconf 83' lang='lat' dir='ltr'><strong>Joannes</strong></span> <span class='ocrx_word' id='word_1_610' title='bbox 2635 3672 2649 3696; x_wconf 95' lang='lat'><strong>,</strong></span> <span class='ocrx_word' id='word_1_611' title='bbox 2683 3631 2898 3701; x_wconf 78' lang='grc' dir='ltr'>ἐλέγχει</span> <span class='ocrx_word' id='word_1_612' title='bbox 2929 3630 3128 3693; x_wconf 73' lang='grc' dir='ltr'>αὐτοὺς</span> <span class='ocrx_word' id='word_1_613' title='bbox 3151 3630 3296 3683; x_wconf 79' lang='grc' dir='ltr'>κατὰ</span> <span class='ocrx_word' id='word_1_614' title='bbox 3326 3630 3512 3683; x_wconf 76' lang='grc' dir='ltr'>πάντα</span> <span class='ocrx_word' id='word_1_615' title='bbox 3536 3625 3638 3696; x_wconf 60' lang='lat'><strong>190&#39;-</strong></span> 
     </span>
    </p>
   </div>
   <div class='ocr_carea' id='block_1_83' title="bbox 2072 3716 3638 3789">
    <p class='ocr_par' dir='ltr' id='par_1_83' title="bbox 2072 3716 3638 3789">
     <span class='ocr_line' id='line_1_83' title="bbox 2072 3716 3638 3789; baseline 0 -16"><span class='ocrx_word' id='word_1_616' title='bbox 2072 3737 2193 3786; x_wconf 88' lang='grc' dir='ltr'>πον,</span> <span class='ocrx_word' id='word_1_617' title='bbox 2216 3720 2411 3789; x_wconf 81' lang='grc' dir='ltr'>λέγων,</span> <span class='ocrx_word' id='word_1_618' title='bbox 2443 3721 2524 3774; x_wconf 84' lang='grc' dir='ltr'>ὃτι</span> <span class='ocrx_word' id='word_1_619' title='bbox 2540 3721 2609 3773; x_wconf 77' lang='grc' dir='ltr'><strong>ἐν</strong></span> <span class='ocrx_word' id='word_1_620' title='bbox 2630 3719 2787 3789; x_wconf 78' lang='grc' dir='ltr'><strong>ἀρχῇ</strong></span> <span class='ocrx_word' id='word_1_621' title='bbox 2803 3720 2884 3789; x_wconf 80' lang='grc' dir='ltr'><strong>ἦν</strong></span> <span class='ocrx_word' id='word_1_622' title='bbox 2905 3723 2939 3773; x_wconf 86' lang='grc' dir='ltr'><strong><em>ό</em></strong></span> <span class='ocrx_word' id='word_1_623' title='bbox 2963 3721 3153 3789; x_wconf 79' lang='grc' dir='ltr'>Λόγος</span> <span class='ocrx_word' id='word_1_624' title='bbox 3168 3759 3184 3785; x_wconf 90' lang='grc'><strong>,</strong></span> <span class='ocrx_word' id='word_1_625' title='bbox 3208 3720 3305 3773; x_wconf 73' lang='grc' dir='ltr'><strong>καὶ</strong></span> <span class='ocrx_word' id='word_1_626' title='bbox 3324 3722 3356 3773; x_wconf 87' lang='grc' dir='ltr'><strong><em>ό</em></strong></span> <span class='ocrx_word' id='word_1_627' title='bbox 3374 3720 3561 3788; x_wconf 60' lang='grc' dir='ltr'>Λόγος</span> <span class='ocrx_word' id='word_1_628' title='bbox 3576 3716 3638 3779; x_wconf 72' lang='grc' dir='ltr'><strong>ἦν</strong></span> 
     </span>
    </p>
   </div>
   <div class='ocr_carea' id='block_1_84' title="bbox 2073 3807 3638 3880">
    <p class='ocr_par' dir='ltr' id='par_1_84' title="bbox 2073 3807 3638 3880">
     <span class='ocr_line' id='line_1_84' title="bbox 2073 3807 3638 3880; baseline -0.008 -13"><span class='ocrx_word' id='word_1_629' title='bbox 2073 3812 2222 3880; x_wconf 76' lang='grc' dir='ltr'>πρὸς</span> <span class='ocrx_word' id='word_1_630' title='bbox 2255 3812 2360 3865; x_wconf 82' lang='grc' dir='ltr'><strong>τὸν</strong></span> <span class='ocrx_word' id='word_1_631' title='bbox 2381 3811 2547 3875; x_wconf 77' lang='grc' dir='ltr'>Θεὸν,</span> <span class='ocrx_word' id='word_1_632' title='bbox 2581 3810 2675 3864; x_wconf 79' lang='grc' dir='ltr'><strong>καὶ</strong></span> <span class='ocrx_word' id='word_1_633' title='bbox 2702 3811 2845 3877; x_wconf 79' lang='grc' dir='ltr'>Θεὸς</span> <span class='ocrx_word' id='word_1_634' title='bbox 2867 3810 2947 3878; x_wconf 79' lang='grc' dir='ltr'><em>ἦν</em></span> <span class='ocrx_word' id='word_1_635' title='bbox 2976 3811 3188 3879; x_wconf 72' lang='grc' dir='ltr'>Λόγος,</span> <span class='ocrx_word' id='word_1_636' title='bbox 3216 3828 3235 3861; x_wconf 78' lang='grc' dir='ltr'><strong>ι</strong></span> <span class='ocrx_word' id='word_1_637' title='bbox 3270 3808 3473 3863; x_wconf 78' lang='lat' dir='ltr'><strong>refutat</strong></span> <span class='ocrx_word' id='word_1_638' title='bbox 3498 3807 3638 3860; x_wconf 81' lang='lat' dir='ltr'><strong>Ebio-</strong></span> 
     </span>
    </p>
   </div>
   <div class='ocr_carea' id='block_1_85' title="bbox 2074 3900 3636 3972">
    <p class='ocr_par' dir='ltr' id='par_1_85' title="bbox 2074 3900 3636 3972">
     <span class='ocr_line' id='line_1_85' title="bbox 2074 3900 3636 3972; baseline -0.007 -16"><span class='ocrx_word' id='word_1_639' title='bbox 2074 3919 2223 3957; x_wconf 76' lang='lat' dir='ltr'><strong>nzeos</strong></span> <span class='ocrx_word' id='word_1_640' title='bbox 2254 3903 2511 3957; x_wconf 90' lang='lat' dir='ltr'><strong>omnibus</strong></span> <span class='ocrx_word' id='word_1_641' title='bbox 2532 3902 2727 3965; x_wconf 85' lang='lat' dir='ltr'><strong>modis,</strong></span> <span class='ocrx_word' id='word_1_642' title='bbox 2757 3902 2968 3967; x_wconf 90' lang='lat' dir='ltr'><strong>dicens,</strong></span> <span class='ocrx_word' id='word_1_643' title='bbox 2991 3900 3137 3972; x_wconf 89' lang='lat' dir='ltr'><strong>quod</strong></span> <span class='ocrx_word' id='word_1_644' title='bbox 3162 3902 3218 3953; x_wconf 80' lang='lat' dir='ltr'><strong>in</strong></span> <span class='ocrx_word' id='word_1_645' title='bbox 3253 3901 3519 3970; x_wconf 79' lang='lat' dir='ltr'><strong>principio</strong></span> <span class='ocrx_word' id='word_1_646' title='bbox 3542 3905 3636 3950; x_wconf 71' lang='lat' dir='ltr'><strong>erat</strong></span> 
     </span>
    </p>
   </div>
   <div class='ocr_carea' id='block_1_86' title="bbox 2086 3989 3637 4064">
    <p class='ocr_par' dir='ltr' id='par_1_86' title="bbox 2086 3989 3637 4064">
     <span class='ocr_line' id='line_1_86' title="bbox 2086 3989 3637 4064; baseline -0.005 -15"><span class='ocrx_word' id='word_1_647' title='bbox 2086 3994 2309 4050; x_wconf 78' lang='lat' dir='ltr'><strong>Verbum</strong></span> <span class='ocrx_word' id='word_1_648' title='bbox 2324 4006 2374 4049; x_wconf 85' lang='lat' dir='ltr'><strong>et</strong></span> <span class='ocrx_word' id='word_1_649' title='bbox 2402 3994 2623 4049; x_wconf 84' lang='lat' dir='ltr'><strong>Verbum</strong></span> <span class='ocrx_word' id='word_1_650' title='bbox 2640 4004 2753 4049; x_wconf 85' lang='lat' dir='ltr'><strong>erat</strong></span> <span class='ocrx_word' id='word_1_651' title='bbox 2781 3995 2921 4064; x_wconf 86' lang='lat' dir='ltr'><strong>apud</strong></span> <span class='ocrx_word' id='word_1_652' title='bbox 2949 3994 3136 4059; x_wconf 88' lang='lat' dir='ltr'><strong>Deum;</strong></span> <span class='ocrx_word' id='word_1_653' title='bbox 3152 4002 3201 4048; x_wconf 84' lang='lat' dir='ltr'><strong>et</strong></span> <span class='ocrx_word' id='word_1_654' title='bbox 3224 3992 3363 4047; x_wconf 74' lang='lat' dir='ltr'><strong>Deus</strong></span> <span class='ocrx_word' id='word_1_655' title='bbox 3389 4005 3507 4046; x_wconf 83' lang='lat' dir='ltr'><strong>erat</strong></span> <span class='ocrx_word' id='word_1_656' title='bbox 3526 3989 3637 4045; x_wconf 78' lang='lat' dir='ltr'><strong>Ver-</strong></span> 
     </span>
    </p>
   </div>
   <div class='ocr_carea' id='block_1_87' title="bbox 2076 4079 3637 4152">
    <p class='ocr_par' dir='ltr' id='par_1_87' title="bbox 2076 4079 3637 4152">
     <span class='ocr_line' id='line_1_87' title="bbox 2076 4079 3637 4152; baseline -0.005 -15"><span class='ocrx_word' id='word_1_657' title='bbox 2076 4085 2219 4138; x_wconf 87' lang='lat' dir='ltr'><strong>bum.</strong></span> <span class='ocrx_word' id='word_1_658' title='bbox 2253 4103 2272 4137; x_wconf 75' lang='grc' dir='ltr'><strong>ι</strong></span> <span class='ocrx_word' id='word_1_659' title='bbox 2328 4084 2489 4139; x_wconf 89' lang='lat' dir='ltr'><strong>Certe</strong></span> <span class='ocrx_word' id='word_1_660' title='bbox 2534 4085 2579 4140; x_wconf 93' lang='lat' dir='ltr'><strong>si</strong></span> <span class='ocrx_word' id='word_1_661' title='bbox 2628 4083 2867 4139; x_wconf 81' lang='lat' dir='ltr'><strong>Joannes</strong></span> <span class='ocrx_word' id='word_1_662' title='bbox 2912 4085 3054 4151; x_wconf 91' lang='lat' dir='ltr'><strong>illis,</strong></span> <span class='ocrx_word' id='word_1_663' title='bbox 3090 4084 3256 4138; x_wconf 83' lang='lat' dir='ltr'><strong>etiam</strong></span> <span class='ocrx_word' id='word_1_664' title='bbox 3292 4082 3537 4152; x_wconf 87' lang='lat' dir='ltr'><strong>lgnatius</strong></span> <span class='ocrx_word' id='word_1_665' title='bbox 3568 4079 3637 4132; x_wconf 84' lang='lat' dir='ltr'><strong>his</strong></span> 
     </span>
    </p>
   </div>
   <div class='ocr_carea' id='block_1_88' title="bbox 2075 4174 3638 4255">
    <p class='ocr_par' dir='ltr' id='par_1_88' title="bbox 2075 4174 3638 4255">
     <span class='ocr_line' id='line_1_88' title="bbox 2075 4174 3638 4255; baseline -0.006 -24"><span class='ocrx_word' id='word_1_666' title='bbox 2075 4177 2260 4233; x_wconf 82' lang='lat' dir='ltr'><strong>verbis</strong></span> <span class='ocrx_word' id='word_1_667' title='bbox 2297 4175 2587 4255; x_wconf 64' lang='lat' dir='ltr'><strong>Ebionazos</strong></span> <span class='ocrx_word' id='word_1_668' title='bbox 2634 4177 2867 4242; x_wconf 85' lang='lat' dir='ltr'><strong>refutat;</strong></span> <span class='ocrx_word' id='word_1_669' title='bbox 2908 4191 3086 4246; x_wconf 90' lang='lat' dir='ltr'><strong>neque</strong></span> <span class='ocrx_word' id='word_1_670' title='bbox 3136 4175 3189 4230; x_wconf 88' lang='lat' dir='ltr'><strong>id</strong></span> <span class='ocrx_word' id='word_1_671' title='bbox 3240 4174 3449 4229; x_wconf 87' lang='lat' dir='ltr'><strong>clarius</strong></span> <span class='ocrx_word' id='word_1_672' title='bbox 3479 4182 3638 4243; x_wconf 84' lang='lat' dir='ltr'><strong>patere</strong></span> 
     </span>
    </p>
   </div>
   <div class='ocr_carea' id='block_1_89' title="bbox 2077 4264 3637 4335">
    <p class='ocr_par' dir='ltr' id='par_1_89' title="bbox 2077 4264 3637 4335">
     <span class='ocr_line' id='line_1_89' title="bbox 2077 4264 3637 4335; baseline -0.004 -17"><span class='ocrx_word' id='word_1_673' title='bbox 2077 4273 2257 4333; x_wconf 89' lang='lat' dir='ltr'><strong>potest</strong></span> <span class='ocrx_word' id='word_1_674' title='bbox 2279 4281 2441 4335; x_wconf 91' lang='lat' dir='ltr'><strong>quam</strong></span> <span class='ocrx_word' id='word_1_675' title='bbox 2473 4281 2541 4319; x_wconf 77' lang='lat' dir='ltr'><strong>ex</strong></span> <span class='ocrx_word' id='word_1_676' title='bbox 2576 4265 2667 4329; x_wconf 91' lang='lat' dir='ltr'><strong>iis,</strong></span> <span class='ocrx_word' id='word_1_677' title='bbox 2691 4265 3143 4335; x_wconf 70' lang='lat' dir='ltr'><strong>quzeimtnediate</strong></span> <span class='ocrx_word' id='word_1_678' title='bbox 3160 4272 3214 4318; x_wconf 92' lang='lat' dir='ltr'><strong>et</strong></span> <span class='ocrx_word' id='word_1_679' title='bbox 3245 4264 3475 4318; x_wconf 72' lang='lat' dir='ltr'><strong>eosdem</strong></span> <span class='ocrx_word' id='word_1_680' title='bbox 3504 4276 3637 4331; x_wconf 84' lang='lat' dir='ltr'><strong>aper-</strong></span> 
     </span>
    </p>
   </div>
   <div class='ocr_carea' id='block_1_90' title="bbox 2077 4356 3637 4428">
    <p class='ocr_par' dir='ltr' id='par_1_90' title="bbox 2077 4356 3637 4428">
     <span class='ocr_line' id='line_1_90' title="bbox 2077 4356 3637 4428; baseline -0.006 -15"><span class='ocrx_word' id='word_1_681' title='bbox 2077 4367 2129 4413; x_wconf 89' lang='lat' dir='ltr'><strong>te</strong></span> <span class='ocrx_word' id='word_1_682' title='bbox 2163 4357 2388 4413; x_wconf 85' lang='lat' dir='ltr'><strong>feriunt.</strong></span> <span class='ocrx_word' id='word_1_683' title='bbox 2420 4377 2438 4408; x_wconf 75' lang='lat' dir='ltr'><strong>t</strong></span> <span class='ocrx_word' id='word_1_684' title='bbox 2475 4356 2530 4410; x_wconf 90' lang='lat' dir='ltr'><strong>Si</strong></span> <span class='ocrx_word' id='word_1_685' title='bbox 2568 4358 2754 4428; x_wconf 80' lang='lat' dir='ltr'><strong>igitur,</strong></span> <span class='ocrx_word' id='word_1_686' title='bbox 2806 4358 3007 4427; x_wconf 87' lang='lat' dir='ltr'><strong>inquit,</strong></span> <span class='ocrx_word' id='word_1_687' title='bbox 3047 4357 3124 4410; x_wconf 91' lang='lat' dir='ltr'><strong>illi</strong></span> <span class='ocrx_word' id='word_1_688' title='bbox 3160 4357 3500 4410; x_wconf 87' lang='lat' dir='ltr'><strong>divinissimi</strong></span> <span class='ocrx_word' id='word_1_689' title='bbox 3532 4368 3637 4423; x_wconf 84' lang='lat' dir='ltr'><strong>pro-</strong></span> 
     </span>
    </p>
   </div>
   <div class='ocr_carea' id='block_1_91' title="bbox 393 4446 1935 4521">
    <p class='ocr_par' dir='ltr' id='par_1_91' title="bbox 393 4446 1935 4520">
     <span class='ocr_line' id='line_1_91' title="bbox 393 4446 1935 4520; baseline 0.004 -21"><span class='ocrx_word' id='word_1_690' title='bbox 393 4446 629 4510; x_wconf 74' lang='grc' dir='ltr'>πίστεως</span> <span class='ocrx_word' id='word_1_691' title='bbox 656 4447 748 4501; x_wconf 75' lang='grc' dir='ltr'><strong>καὶ</strong></span> <span class='ocrx_word' id='word_1_692' title='bbox 779 4447 871 4500; x_wconf 81' lang='grc' dir='ltr'><strong>τοῦ</strong></span> <span class='ocrx_word' id='word_1_693' title='bbox 900 4450 1019 4501; x_wconf 81' lang='grc' dir='ltr'><strong>κατ’</strong></span> <span class='ocrx_word' id='word_1_694' title='bbox 1038 4448 1206 4519; x_wconf 79' lang='grc' dir='ltr'>αὐτὴν</span> <span class='ocrx_word' id='word_1_695' title='bbox 1231 4448 1344 4518; x_wconf 78' lang='grc' dir='ltr'>βίου</span> <span class='ocrx_word' id='word_1_696' title='bbox 1371 4448 1786 4520; x_wconf 77' lang='grc' dir='ltr'>σωθησομένοις.</span> <span class='ocrx_word' id='word_1_697' title='bbox 1824 4469 1842 4501; x_wconf 77' lang='grc' dir='ltr'><strong>ι</strong></span> <span class='ocrx_word' id='word_1_698' title='bbox 1871 4449 1935 4505; x_wconf 78' lang='lat' dir='ltr'><strong>Le</strong></span> 
     </span>
    </p>
   </div>
   <div class='ocr_carea' id='block_1_92' title="bbox 2075 4446 3634 4521">
    <p class='ocr_par' dir='ltr' id='par_1_92' title="bbox 2080 4449 3634 4521">
     <span class='ocr_line' id='line_1_92' title="bbox 2080 4449 3634 4521; baseline -0.007 -17"><span class='ocrx_word' id='word_1_699' title='bbox 2080 4451 2257 4521; x_wconf 84' lang='lat' dir='ltr'><strong>phetae</strong></span> <span class='ocrx_word' id='word_1_700' title='bbox 2293 4451 2345 4504; x_wconf 91' lang='lat' dir='ltr'><strong>in</strong></span> <span class='ocrx_word' id='word_1_701' title='bbox 2382 4451 2656 4504; x_wconf 82' lang='lat' dir='ltr'><strong>veteribus</strong></span> <span class='ocrx_word' id='word_1_702' title='bbox 2707 4450 2873 4505; x_wconf 91' lang='lat' dir='ltr'><strong>rebus</strong></span> <span class='ocrx_word' id='word_1_703' title='bbox 2899 4449 3204 4504; x_wconf 83' lang='lat' dir='ltr'><strong>conversati</strong></span> <span class='ocrx_word' id='word_1_704' title='bbox 3256 4449 3312 4502; x_wconf 89' lang='lat' dir='ltr'><strong>in</strong></span> <span class='ocrx_word' id='word_1_705' title='bbox 3361 4450 3634 4503; x_wconf 84' lang='lat' dir='ltr'><strong>novitatem</strong></span> 
     </span>
    </p>
   </div>
   <div class='ocr_carea' id='block_1_93' title="bbox 396 4541 1975 4612">
    <p class='ocr_par' dir='ltr' id='par_1_93' title="bbox 396 4541 1975 4612">
     <span class='ocr_line' id='line_1_93' title="bbox 396 4541 1975 4612; baseline 0.003 -20"><span class='ocrx_word' id='word_1_706' title='bbox 396 4541 478 4612; x_wconf 84' lang='lat' dir='ltr'><strong>gis</strong></span> <span class='ocrx_word' id='word_1_707' title='bbox 504 4542 942 4597; x_wconf 88' lang='lat' dir='ltr'><strong>observationem</strong></span> <span class='ocrx_word' id='word_1_708' title='bbox 976 4542 1080 4598; x_wconf 90' lang='lat' dir='ltr'><strong>sibi</strong></span> <span class='ocrx_word' id='word_1_709' title='bbox 1127 4542 1353 4597; x_wconf 90' lang='lat' dir='ltr'><strong>omnino</strong></span> <span class='ocrx_word' id='word_1_710' title='bbox 1400 4543 1766 4598; x_wconf 87' lang='lat' dir='ltr'><strong>necessariam</strong></span> <span class='ocrx_word' id='word_1_711' title='bbox 1815 4544 1975 4597; x_wconf 90' lang='lat' dir='ltr'><strong>duce-</strong></span> 
     </span>
    </p>
   </div>
   <div class='ocr_carea' id='block_1_94' title="bbox 397 4632 1975 4705">
    <p class='ocr_par' dir='ltr' id='par_1_94' title="bbox 397 4632 1975 4705">
     <span class='ocr_line' id='line_1_94' title="bbox 397 4632 1975 4705; baseline 0.001 -17"><span class='ocrx_word' id='word_1_712' title='bbox 397 4632 549 4700; x_wconf 86' lang='lat' dir='ltr'><strong>bant,</strong></span> <span class='ocrx_word' id='word_1_713' title='bbox 580 4634 738 4703; x_wconf 86' lang='lat' dir='ltr'><strong>quasi</strong></span> <span class='ocrx_word' id='word_1_714' title='bbox 778 4650 874 4704; x_wconf 84' lang='lat' dir='ltr'><strong>per</strong></span> <span class='ocrx_word' id='word_1_715' title='bbox 897 4636 1072 4691; x_wconf 91' lang='lat' dir='ltr'><strong>solam</strong></span> <span class='ocrx_word' id='word_1_716' title='bbox 1105 4634 1160 4689; x_wconf 91' lang='lat' dir='ltr'><strong>in</strong></span> <span class='ocrx_word' id='word_1_717' title='bbox 1184 4633 1467 4690; x_wconf 85' lang='lat' dir='ltr'><strong>Christum</strong></span> <span class='ocrx_word' id='word_1_718' title='bbox 1513 4634 1673 4689; x_wconf 85' lang='lat' dir='ltr'><strong>ﬁdem</strong></span> <span class='ocrx_word' id='word_1_719' title='bbox 1697 4635 1975 4705; x_wconf 86' lang='lat' dir='ltr'><strong>vitamque</strong></span> 
     </span>
    </p>
   </div>
   <div class='ocr_carea' id='block_1_95' title="bbox 396 4727 1973 4797">
    <p class='ocr_par' dir='ltr' id='par_1_95' title="bbox 396 4727 1973 4797">
     <span class='ocr_line' id='line_1_95' title="bbox 396 4727 1973 4797; baseline 0.002 -18"><span class='ocrx_word' id='word_1_720' title='bbox 396 4740 463 4779; x_wconf 80' lang='lat' dir='ltr'><strong>ex</strong></span> <span class='ocrx_word' id='word_1_721' title='bbox 487 4741 551 4779; x_wconf 88' lang='lat' dir='ltr'><strong>ea</strong></span> <span class='ocrx_word' id='word_1_722' title='bbox 605 4727 708 4778; x_wconf 82' lang='lat' dir='ltr'><strong>lide</strong></span> <span class='ocrx_word' id='word_1_723' title='bbox 766 4727 1069 4782; x_wconf 87' lang='lat' dir='ltr'><strong>traductam</strong></span> <span class='ocrx_word' id='word_1_724' title='bbox 1130 4728 1358 4783; x_wconf 88' lang='lat' dir='ltr'><strong>salutem</strong></span> <span class='ocrx_word' id='word_1_725' title='bbox 1386 4728 1650 4797; x_wconf 86' lang='lat' dir='ltr'><strong>consequi</strong></span> <span class='ocrx_word' id='word_1_726' title='bbox 1688 4743 1798 4783; x_wconf 92' lang='lat' dir='ltr'><strong>non</strong></span> <span class='ocrx_word' id='word_1_727' title='bbox 1825 4728 1973 4782; x_wconf 90' lang='lat' dir='ltr'><strong>valc-</strong></span> 
     </span>
    </p>
   </div>
   <div class='ocr_carea' id='block_1_96' title="bbox 398 4808 1975 4892">
    <p class='ocr_par' dir='ltr' id='par_1_96' title="bbox 398 4808 1975 4892">
     <span class='ocr_line' id='line_1_96' title="bbox 398 4808 1975 4892; baseline 0.001 -18"><span class='ocrx_word' id='word_1_728' title='bbox 398 4827 542 4874; x_wconf 89' lang='lat' dir='ltr'><strong>rcnt.</strong></span> <span class='ocrx_word' id='word_1_729' title='bbox 574 4837 593 4870; x_wconf 76' lang='grc' dir='ltr'><strong>ι</strong></span> <span class='ocrx_word' id='word_1_730' title='bbox 618 4808 966 4882; x_wconf 75' lang='grc' dir='ltr'><strong>Ευεθι)..ἰὶι).</strong></span> <span class='ocrx_word' id='word_1_731' title='bbox 999 4837 1083 4887; x_wconf 87' lang='lat' dir='ltr'><strong>m,</strong></span> <span class='ocrx_word' id='word_1_732' title='bbox 1112 4836 1232 4890; x_wconf 91' lang='lat' dir='ltr'><strong>cap.</strong></span> <span class='ocrx_word' id='word_1_733' title='bbox 1263 4821 1353 4875; x_wconf 70' lang='lat'><strong>27.</strong></span> <span class='ocrx_word' id='word_1_734' title='bbox 1383 4820 1454 4876; x_wconf 88' lang='lat' dir='ltr'><strong>Ut</strong></span> <span class='ocrx_word' id='word_1_735' title='bbox 1479 4822 1550 4876; x_wconf 91' lang='lat' dir='ltr'><strong>ab</strong></span> <span class='ocrx_word' id='word_1_736' title='bbox 1573 4822 1658 4877; x_wconf 91' lang='lat' dir='ltr'><strong>his</strong></span> <span class='ocrx_word' id='word_1_737' title='bbox 1694 4822 1859 4892; x_wconf 84' lang='lat' dir='ltr'><strong>igitur</strong></span> <span class='ocrx_word' id='word_1_738' title='bbox 1882 4836 1975 4875; x_wconf 86' lang='lat' dir='ltr'><strong>ca-</strong></span> 
     </span>
    </p>
   </div>
   <div class='ocr_carea' id='block_1_97' title="bbox 404 4910 1971 4983">
    <p class='ocr_par' dir='ltr' id='par_1_97' title="bbox 404 4910 1971 4983">
     <span class='ocr_line' id='line_1_97' title="bbox 404 4910 1971 4983; baseline 0 -18"><span class='ocrx_word' id='word_1_739' title='bbox 404 4920 586 4977; x_wconf 89' lang='lat' dir='ltr'><strong>veant,</strong></span> <span class='ocrx_word' id='word_1_740' title='bbox 615 4910 994 4981; x_wconf 79' lang='lat' dir='ltr'><strong>Magnesianos</strong></span> <span class='ocrx_word' id='word_1_741' title='bbox 1022 4920 1209 4966; x_wconf 89' lang='lat' dir='ltr'><strong>monet</strong></span> <span class='ocrx_word' id='word_1_742' title='bbox 1248 4911 1527 4983; x_wconf 79' lang='lat' dir='ltr'><strong>lgnatius;</strong></span> <span class='ocrx_word' id='word_1_743' title='bbox 1559 4914 1762 4983; x_wconf 90' lang='lat' dir='ltr'><strong>quippe</strong></span> <span class='ocrx_word' id='word_1_744' title='bbox 1796 4912 1971 4967; x_wconf 90' lang='lat' dir='ltr'><strong>Ebion</strong></span> 
     </span>
    </p>
   </div>
   <div class='ocr_carea' id='block_1_98' title="bbox 408 5002 1972 5073">
    <p class='ocr_par' dir='ltr' id='par_1_98' title="bbox 408 5002 1972 5073">
     <span class='ocr_line' id='line_1_98' title="bbox 408 5002 1972 5073; baseline 0.001 -19"><span class='ocrx_word' id='word_1_745' title='bbox 408 5002 460 5055; x_wconf 92' lang='lat' dir='ltr'><strong>in</strong></span> <span class='ocrx_word' id='word_1_746' title='bbox 492 5002 621 5055; x_wconf 81' lang='lat' dir='ltr'><strong>Asia</strong></span> <span class='ocrx_word' id='word_1_747' title='bbox 648 5016 809 5057; x_wconf 87' lang='lat' dir='ltr'><strong>suum</strong></span> <span class='ocrx_word' id='word_1_748' title='bbox 841 5002 1034 5072; x_wconf 83' lang='lat' dir='ltr'><strong>degma</strong></span> <span class='ocrx_word' id='word_1_749' title='bbox 1057 5003 1529 5067; x_wconf 88' lang='lat' dir='ltr'><strong>disseminaverat,</strong></span> <span class='ocrx_word' id='word_1_750' title='bbox 1568 5005 1813 5058; x_wconf 90' lang='lat' dir='ltr'><strong>tradente</strong></span> <span class='ocrx_word' id='word_1_751' title='bbox 1844 5002 1972 5073; x_wconf 85' lang='lat' dir='ltr'><strong>Epi-</strong></span> 
     </span>
    </p>
   </div>
   <div class='ocr_carea' id='block_1_99' title="bbox 406 5090 1977 5168">
    <p class='ocr_par' dir='ltr' id='par_1_99' title="bbox 406 5090 1977 5168">
     <span class='ocr_line' id='line_1_99' title="bbox 406 5090 1977 5168; baseline 0.001 -20"><span class='ocrx_word' id='word_1_752' title='bbox 406 5097 629 5165; x_wconf 87' lang='lat' dir='ltr'><strong>phanio,</strong></span> <span class='ocrx_word' id='word_1_753' title='bbox 658 5090 811 5159; x_wconf 70' lang='grc' dir='ltr'>οὗτος</span> <span class='ocrx_word' id='word_1_754' title='bbox 833 5096 929 5166; x_wconf 80' lang='grc' dir='ltr'>μὲν</span> <span class='ocrx_word' id='word_1_755' title='bbox 952 5091 1046 5149; x_wconf 80' lang='grc' dir='ltr'>οὖν</span> <span class='ocrx_word' id='word_1_756' title='bbox 1067 5097 1095 5148; x_wconf 84' lang='grc' dir='ltr'><strong>ὁ</strong></span> <span class='ocrx_word' id='word_1_757' title='bbox 1118 5096 1311 5149; x_wconf 81' lang='grc' dir='ltr'>Ἐϐίων</span> <span class='ocrx_word' id='word_1_758' title='bbox 1336 5096 1429 5150; x_wconf 77' lang='grc' dir='ltr'>καὶ</span> <span class='ocrx_word' id='word_1_759' title='bbox 1453 5096 1615 5159; x_wconf 78' lang='grc' dir='ltr'>αὐτὸς</span> <span class='ocrx_word' id='word_1_760' title='bbox 1645 5098 1703 5149; x_wconf 84' lang='grc' dir='ltr'><strong>ὲν</strong></span> <span class='ocrx_word' id='word_1_761' title='bbox 1724 5100 1790 5168; x_wconf 80' lang='grc' dir='ltr'>τῇ</span> <span class='ocrx_word' id='word_1_762' title='bbox 1820 5095 1977 5168; x_wconf 81' lang='grc' dir='ltr'>Ἀσίᾳ</span> 
     </span>
    </p>
   </div>
   <div class='ocr_carea' id='block_1_100' title="bbox 401 5184 1976 5261">
    <p class='ocr_par' dir='ltr' id='par_1_100' title="bbox 401 5184 1976 5261">
     <span class='ocr_line' id='line_1_100' title="bbox 401 5184 1976 5261; baseline 0.001 -19"><span class='ocrx_word' id='word_1_763' title='bbox 401 5184 514 5259; x_wconf 69' lang='grc' dir='ltr'>εἶχε</span> <span class='ocrx_word' id='word_1_764' title='bbox 540 5188 600 5242; x_wconf 76' lang='grc' dir='ltr'><strong>τὸ</strong></span> <span class='ocrx_word' id='word_1_765' title='bbox 632 5189 914 5261; x_wconf 83' lang='grc' dir='ltr'>κήρυγμα.</span> <span class='ocrx_word' id='word_1_766' title='bbox 950 5188 1149 5244; x_wconf 86' lang='lat' dir='ltr'><strong>Contra</strong></span> <span class='ocrx_word' id='word_1_767' title='bbox 1194 5188 1294 5243; x_wconf 89' lang='lat' dir='ltr'><strong>hos</strong></span> <span class='ocrx_word' id='word_1_768' title='bbox 1323 5188 1488 5259; x_wconf 82' lang='lat' dir='ltr'><strong>igitur</strong></span> <span class='ocrx_word' id='word_1_769' title='bbox 1536 5186 1881 5256; x_wconf 84' lang='lat' dir='ltr'><strong>judaizantes</strong></span> <span class='ocrx_word' id='word_1_770' title='bbox 1921 5199 1976 5243; x_wconf 84' lang='lat' dir='ltr'><strong>et</strong></span> 
     </span>
    </p>
   </div>
   <div class='ocr_carea' id='block_1_101' title="bbox 401 5279 1972 5353">
    <p class='ocr_par' dir='ltr' id='par_1_101' title="bbox 401 5279 1972 5353">
     <span class='ocr_line' id='line_1_101' title="bbox 401 5279 1972 5353; baseline 0.004 -22"><span class='ocrx_word' id='word_1_771' title='bbox 401 5282 619 5353; x_wconf 76' lang='lat' dir='ltr'><strong>proprie</strong></span> <span class='ocrx_word' id='word_1_772' title='bbox 661 5291 716 5337; x_wconf 93' lang='lat' dir='ltr'><strong>et</strong></span> <span class='ocrx_word' id='word_1_773' title='bbox 762 5281 882 5338; x_wconf 84' lang='lat' dir='ltr'><strong>fuse</strong></span> <span class='ocrx_word' id='word_1_774' title='bbox 921 5282 1182 5352; x_wconf 91' lang='lat' dir='ltr'><strong>disputat.</strong></span> <span class='ocrx_word' id='word_1_775' title='bbox 1225 5299 1243 5331; x_wconf 79' lang='grc' dir='ltr'><strong>ι</strong></span> <span class='ocrx_word' id='word_1_776' title='bbox 1278 5279 1611 5336; x_wconf 88' lang='lat' dir='ltr'><strong>Divinissimi</strong></span> <span class='ocrx_word' id='word_1_777' title='bbox 1660 5280 1807 5335; x_wconf 91' lang='lat' dir='ltr'><strong>enim</strong></span> <span class='ocrx_word' id='word_1_778' title='bbox 1844 5296 1972 5351; x_wconf 90' lang='lat' dir='ltr'><strong>pro-</strong></span> 
     </span>
    </p>
   </div>
   <div class='ocr_carea' id='block_1_102' title="bbox 400 5373 1969 5447">
    <p class='ocr_par' dir='ltr' id='par_1_102' title="bbox 400 5373 1969 5447">
     <span class='ocr_line' id='line_1_102' title="bbox 400 5373 1969 5447; baseline 0.001 -20"><span class='ocrx_word' id='word_1_779' title='bbox 400 5374 595 5445; x_wconf 62' lang='lat' dir='ltr'><strong>phetae,</strong></span> <span class='ocrx_word' id='word_1_780' title='bbox 616 5377 813 5447; x_wconf 85' lang='lat' dir='ltr'><strong>inquit,</strong></span> <span class='ocrx_word' id='word_1_781' title='bbox 836 5376 1136 5432; x_wconf 90' lang='lat' dir='ltr'><strong>secundum</strong></span> <span class='ocrx_word' id='word_1_782' title='bbox 1155 5374 1435 5429; x_wconf 90' lang='lat' dir='ltr'><strong>Christum</strong></span> <span class='ocrx_word' id='word_1_783' title='bbox 1459 5373 1646 5429; x_wconf 89' lang='lat' dir='ltr'><strong>Jcsum</strong></span> <span class='ocrx_word' id='word_1_784' title='bbox 1676 5377 1929 5429; x_wconf 81' lang='lat' dir='ltr'><strong>vixerunt</strong></span> <span class='ocrx_word' id='word_1_785' title='bbox 1956 5394 1969 5435; x_wconf 85' lang='lat'><strong>:</strong></span> 
     </span>
    </p>
   </div>
   <div class='ocr_carea' id='block_1_103' title="bbox 403 5467 1972 5542">
    <p class='ocr_par' dir='ltr' id='par_1_103' title="bbox 403 5467 1972 5542">
     <span class='ocr_line' id='line_1_103' title="bbox 403 5467 1972 5542; baseline 0.003 -24"><span class='ocrx_word' id='word_1_786' title='bbox 403 5476 623 5536; x_wconf 85' lang='lat' dir='ltr'><strong>propter</strong></span> <span class='ocrx_word' id='word_1_787' title='bbox 651 5469 757 5524; x_wconf 91' lang='lat' dir='ltr'><strong>hoc</strong></span> <span class='ocrx_word' id='word_1_788' title='bbox 779 5479 833 5525; x_wconf 92' lang='lat' dir='ltr'><strong>et</strong></span> <span class='ocrx_word' id='word_1_789' title='bbox 855 5468 1291 5542; x_wconf 90' lang='lat' dir='ltr'><strong>persecutionem</strong></span> <span class='ocrx_word' id='word_1_790' title='bbox 1334 5467 1481 5537; x_wconf 86' lang='lat' dir='ltr'><strong>passi</strong></span> <span class='ocrx_word' id='word_1_791' title='bbox 1507 5476 1637 5522; x_wconf 89' lang='lat' dir='ltr'><strong>sunt</strong></span> <span class='ocrx_word' id='word_1_792' title='bbox 1664 5467 1915 5537; x_wconf 87' lang='lat' dir='ltr'><strong>inspirati</strong></span> <span class='ocrx_word' id='word_1_793' title='bbox 1942 5483 1972 5522; x_wconf 89' lang='lat' dir='ltr'><strong>a</strong></span> 
     </span>
    </p>
   </div>
   <div class='ocr_carea' id='block_1_104' title="bbox 402 5560 852 5632">
    <p class='ocr_par' dir='ltr' id='par_1_104' title="bbox 402 5560 852 5632">
     <span class='ocr_line' id='line_1_104' title="bbox 402 5560 852 5632; baseline 0.009 -20"><span class='ocrx_word' id='word_1_794' title='bbox 402 5561 575 5632; x_wconf 62' lang='lat' dir='ltr'><strong>gratia</strong></span> <span class='ocrx_word' id='word_1_795' title='bbox 605 5560 796 5632; x_wconf 88' lang='lat' dir='ltr'><strong>ipsius.</strong></span> <span class='ocrx_word' id='word_1_796' title='bbox 833 5581 852 5616; x_wconf 75' lang='grc' dir='ltr'><strong>ι</strong></span> 
     </span>
    </p>
   </div>
   <div class='ocr_carea' id='block_1_105' title="bbox 446 5730 1892 5809">
    <p class='ocr_par' dir='ltr' id='par_1_105' title="bbox 446 5730 1892 5809">
     <span class='ocr_line' id='line_1_105' title="bbox 446 5730 1892 5809; baseline 0.001 -18"><span class='ocrx_word' id='word_1_797' title='bbox 446 5730 485 5765; x_wconf 72' lang='grc'><strong>³¹</strong></span> <span class='ocrx_word' id='word_1_798' title='bbox 528 5732 706 5795; x_wconf 78' lang='grc' dir='ltr'><strong>ΙΤῙιη.</strong></span> <span class='ocrx_word' id='word_1_799' title='bbox 735 5756 770 5801; x_wconf 81' lang='lat' dir='ltr'><strong>I,</strong></span> <span class='ocrx_word' id='word_1_800' title='bbox 796 5738 844 5793; x_wconf 70' lang='grc'><strong>4.</strong></span> <span class='ocrx_word' id='word_1_801' title='bbox 920 5743 962 5773; x_wconf 79' lang='grc'><strong>³²</strong></span> <span class='ocrx_word' id='word_1_802' title='bbox 988 5741 1027 5794; x_wconf 91' lang='lat' dir='ltr'><strong>ll</strong></span> <span class='ocrx_word' id='word_1_803' title='bbox 1052 5743 1176 5796; x_wconf 83' lang='lat' dir='ltr'><strong>Cor.</strong></span> <span class='ocrx_word' id='word_1_804' title='bbox 1206 5759 1256 5807; x_wconf 91' lang='lat' dir='ltr'><strong>v,</strong></span> <span class='ocrx_word' id='word_1_805' title='bbox 1292 5742 1370 5795; x_wconf 81' lang='grc' dir='ltr'><strong>Π.</strong></span> <span class='ocrx_word' id='word_1_806' title='bbox 1452 5742 1495 5772; x_wconf 76' lang='grc'><strong>³³</strong></span> <span class='ocrx_word' id='word_1_807' title='bbox 1530 5741 1659 5809; x_wconf 81' lang='lat' dir='ltr'><strong>Cap.</strong></span> <span class='ocrx_word' id='word_1_808' title='bbox 1699 5757 1734 5804; x_wconf 89' lang='lat' dir='ltr'><strong>l,</strong></span> <span class='ocrx_word' id='word_1_809' title='bbox 1769 5755 1817 5791; x_wconf 91' lang='lat' dir='ltr'><strong>v.</strong></span> <span class='ocrx_word' id='word_1_810' title='bbox 1849 5740 1892 5793; x_wconf 89' lang='lat' dir='ltr'><strong>l.</strong></span> 
     </span>
    </p>
   </div>
   <div class='ocr_carea' id='block_1_106' title="bbox 2078 4539 3634 4612">
    <p class='ocr_par' dir='ltr' id='par_1_106' title="bbox 2078 4539 3634 4612">
     <span class='ocr_line' id='line_1_106' title="bbox 2078 4539 3634 4612; baseline -0.006 -15"><span class='ocrx_word' id='word_1_811' title='bbox 2078 4542 2191 4612; x_wconf 90' lang='lat' dir='ltr'><strong>spei</strong></span> <span class='ocrx_word' id='word_1_812' title='bbox 2230 4550 2524 4609; x_wconf 87' lang='lat' dir='ltr'><strong>venerunt,</strong></span> <span class='ocrx_word' id='word_1_813' title='bbox 2578 4557 2687 4595; x_wconf 91' lang='lat' dir='ltr'><strong>non</strong></span> <span class='ocrx_word' id='word_1_814' title='bbox 2744 4542 3182 4607; x_wconf 82' lang='lat' dir='ltr'><strong>sabbatizantes,</strong></span> <span class='ocrx_word' id='word_1_815' title='bbox 3220 4541 3313 4596; x_wconf 88' lang='lat' dir='ltr'><strong>sed</strong></span> <span class='ocrx_word' id='word_1_816' title='bbox 3352 4539 3634 4596; x_wconf 84' lang='lat' dir='ltr'><strong>secundum</strong></span> 
     </span>
    </p>
   </div>
   <div class='ocr_carea' id='block_1_107' title="bbox 2078 4634 3638 4704">
    <p class='ocr_par' dir='ltr' id='par_1_107' title="bbox 2078 4634 3638 4704">
     <span class='ocr_line' id='line_1_107' title="bbox 2078 4634 3638 4704; baseline 0.001 -16"><span class='ocrx_word' id='word_1_817' title='bbox 2078 4634 2419 4690; x_wconf 89' lang='lat' dir='ltr'><strong>Dominicam</strong></span> <span class='ocrx_word' id='word_1_818' title='bbox 2459 4638 2624 4691; x_wconf 89' lang='lat' dir='ltr'><strong>vitam</strong></span> <span class='ocrx_word' id='word_1_819' title='bbox 2661 4635 2926 4698; x_wconf 88' lang='lat' dir='ltr'><strong>viventes,</strong></span> <span class='ocrx_word' id='word_1_820' title='bbox 2956 4644 3087 4701; x_wconf 88' lang='lat' dir='ltr'><strong>etc.,</strong></span> <span class='ocrx_word' id='word_1_821' title='bbox 3122 4634 3403 4704; x_wconf 89' lang='lat' dir='ltr'><strong>quomodo</strong></span> <span class='ocrx_word' id='word_1_822' title='bbox 3435 4650 3534 4689; x_wconf 85' lang='lat' dir='ltr'><strong>nos</strong></span> <span class='ocrx_word' id='word_1_823' title='bbox 3564 4643 3638 4701; x_wconf 83' lang='lat' dir='ltr'><strong>p0-</strong></span> 
     </span>
    </p>
   </div>
   <div class='ocr_carea' id='block_1_108' title="bbox 2078 4722 3635 4799">
    <p class='ocr_par' dir='ltr' id='par_1_108' title="bbox 2078 4722 3635 4799">
     <span class='ocr_line' id='line_1_108' title="bbox 2078 4722 3635 4799; baseline -0.002 -20"><span class='ocrx_word' id='word_1_824' title='bbox 2078 4726 2307 4783; x_wconf 90' lang='lat' dir='ltr'><strong>terimus</strong></span> <span class='ocrx_word' id='word_1_825' title='bbox 2342 4727 2525 4784; x_wconf 86' lang='lat' dir='ltr'><strong>vivere</strong></span> <span class='ocrx_word' id='word_1_826' title='bbox 2557 4728 2676 4783; x_wconf 88' lang='lat' dir='ltr'><strong>sine</strong></span> <span class='ocrx_word' id='word_1_827' title='bbox 2708 4729 2822 4794; x_wconf 91' lang='lat' dir='ltr'><strong>illo,</strong></span> <span class='ocrx_word' id='word_1_828' title='bbox 2858 4727 3019 4799; x_wconf 86' lang='lat' dir='ltr'><strong>cujus</strong></span> <span class='ocrx_word' id='word_1_829' title='bbox 3072 4735 3128 4781; x_wconf 92' lang='lat' dir='ltr'><strong>et</strong></span> <span class='ocrx_word' id='word_1_830' title='bbox 3168 4726 3456 4797; x_wconf 78' lang='lat' dir='ltr'><strong>propheta:</strong></span> <span class='ocrx_word' id='word_1_831' title='bbox 3491 4722 3635 4781; x_wconf 88' lang='lat' dir='ltr'><strong>disci-</strong></span> 
     </span>
    </p>
   </div>
   <div class='ocr_carea' id='block_1_109' title="bbox 2076 4821 3635 4894">
    <p class='ocr_par' dir='ltr' id='par_1_109' title="bbox 2076 4821 3635 4894">
     <span class='ocr_line' id='line_1_109' title="bbox 2076 4821 3635 4894; baseline 0.001 -21"><span class='ocrx_word' id='word_1_832' title='bbox 2076 4821 2189 4890; x_wconf 84' lang='lat' dir='ltr'><strong>puli</strong></span> <span class='ocrx_word' id='word_1_833' title='bbox 2218 4821 2544 4877; x_wconf 75' lang='lat' dir='ltr'><strong>exsistentcs</strong></span> <span class='ocrx_word' id='word_1_834' title='bbox 2578 4823 2774 4893; x_wconf 91' lang='lat' dir='ltr'><strong>spiritu</strong></span> <span class='ocrx_word' id='word_1_835' title='bbox 2826 4823 3006 4894; x_wconf 90' lang='lat' dir='ltr'><strong>ipsum</strong></span> <span class='ocrx_word' id='word_1_836' title='bbox 3042 4829 3105 4875; x_wconf 90' lang='lat' dir='ltr'><strong>ut</strong></span> <span class='ocrx_word' id='word_1_837' title='bbox 3145 4821 3435 4879; x_wconf 85' lang='lat' dir='ltr'><strong>doctorem</strong></span> <span class='ocrx_word' id='word_1_838' title='bbox 3470 4830 3635 4887; x_wconf 50' lang='lat' dir='ltr'><strong>exspe</strong></span> 
     </span>
    </p>
   </div>
   <div class='ocr_carea' id='block_1_110' title="bbox 2078 4912 3636 4985">
    <p class='ocr_par' dir='ltr' id='par_1_110' title="bbox 2078 4912 3636 4985">
     <span class='ocr_line' id='line_1_110' title="bbox 2078 4912 3636 4985; baseline -0.004 -17"><span class='ocrx_word' id='word_1_839' title='bbox 2078 4912 2338 4968; x_wconf 86' lang='lat' dir='ltr'><strong>ctabant?</strong></span> <span class='ocrx_word' id='word_1_840' title='bbox 2365 4933 2383 4966; x_wconf 87' lang='grc'><strong>›</strong></span> <span class='ocrx_word' id='word_1_841' title='bbox 2416 4912 2554 4968; x_wconf 93' lang='lat' dir='ltr'><strong>Cum</strong></span> <span class='ocrx_word' id='word_1_842' title='bbox 2588 4915 2753 4985; x_wconf 82' lang='lat' dir='ltr'><strong>igitur</strong></span> <span class='ocrx_word' id='word_1_843' title='bbox 2774 4915 2888 4969; x_wconf 64' lang='lat' dir='ltr'><strong>hate</strong></span> <span class='ocrx_word' id='word_1_844' title='bbox 2909 4913 3094 4969; x_wconf 89' lang='lat' dir='ltr'><strong>omnia</strong></span> <span class='ocrx_word' id='word_1_845' title='bbox 3118 4928 3241 4983; x_wconf 76' lang='lat' dir='ltr'><strong>quze</strong></span> <span class='ocrx_word' id='word_1_846' title='bbox 3270 4912 3327 4965; x_wconf 93' lang='lat' dir='ltr'><strong>in</strong></span> <span class='ocrx_word' id='word_1_847' title='bbox 3353 4913 3459 4967; x_wconf 89' lang='lat' dir='ltr'><strong>hac</strong></span> <span class='ocrx_word' id='word_1_848' title='bbox 3480 4912 3636 4982; x_wconf 84' lang='lat' dir='ltr'><strong>perio—</strong></span> 
     </span>
    </p>
   </div>
   <div class='ocr_carea' id='block_1_111' title="bbox 2076 5002 3635 5072">
    <p class='ocr_par' dir='ltr' id='par_1_111' title="bbox 2076 5002 3635 5072">
     <span class='ocr_line' id='line_1_111' title="bbox 2076 5002 3635 5072; baseline -0.004 -13"><span class='ocrx_word' id='word_1_849' title='bbox 2076 5005 2177 5059; x_wconf 92' lang='lat' dir='ltr'><strong>che</strong></span> <span class='ocrx_word' id='word_1_850' title='bbox 2209 5006 2563 5061; x_wconf 89' lang='lat' dir='ltr'><strong>continentur</strong></span> <span class='ocrx_word' id='word_1_851' title='bbox 2586 5015 2695 5061; x_wconf 90' lang='lat' dir='ltr'><strong>tam</strong></span> <span class='ocrx_word' id='word_1_852' title='bbox 2723 5007 2934 5061; x_wconf 89' lang='lat' dir='ltr'><strong>directe</strong></span> <span class='ocrx_word' id='word_1_853' title='bbox 2961 5004 3227 5061; x_wconf 86' lang='lat' dir='ltr'><strong>Ebionem</strong></span> <span class='ocrx_word' id='word_1_854' title='bbox 3258 5002 3501 5072; x_wconf 88' lang='lat' dir='ltr'><strong>feriant,</strong></span> <span class='ocrx_word' id='word_1_855' title='bbox 3533 5016 3635 5057; x_wconf 86' lang='lat' dir='ltr'><strong>cum</strong></span> 
     </span>
    </p>
   </div>
   <div class='ocr_carea' id='block_1_112' title="bbox 2076 5091 3635 5168">
    <p class='ocr_par' dir='ltr' id='par_1_112' title="bbox 2076 5091 3635 5168">
     <span class='ocr_line' id='line_1_112' title="bbox 2076 5091 3635 5168; baseline -0.006 -16"><span class='ocrx_word' id='word_1_856' title='bbox 2076 5113 2144 5152; x_wconf 92' lang='lat' dir='ltr'><strong>ne</strong></span> <span class='ocrx_word' id='word_1_857' title='bbox 2178 5098 2405 5152; x_wconf 90' lang='lat' dir='ltr'><strong>minima</strong></span> <span class='ocrx_word' id='word_1_858' title='bbox 2440 5098 2658 5168; x_wconf 90' lang='lat' dir='ltr'><strong>quidem</strong></span> <span class='ocrx_word' id='word_1_859' title='bbox 2695 5098 3021 5154; x_wconf 85' lang='lat' dir='ltr'><strong>sententiola</strong></span> <span class='ocrx_word' id='word_1_860' title='bbox 3069 5096 3247 5152; x_wconf 88' lang='lat' dir='ltr'><strong>otiosa</strong></span> <span class='ocrx_word' id='word_1_861' title='bbox 3296 5096 3370 5149; x_wconf 91' lang='lat' dir='ltr'><strong>sit</strong></span> <span class='ocrx_word' id='word_1_862' title='bbox 3416 5105 3513 5149; x_wconf 89' lang='lat' dir='ltr'><strong>aut</strong></span> <span class='ocrx_word' id='word_1_863' title='bbox 3548 5091 3635 5146; x_wconf 82' lang='lat' dir='ltr'><strong>alio</strong></span> 
     </span>
    </p>
   </div>
   <div class='ocr_carea' id='block_1_113' title="bbox 2076 5185 3633 5258">
    <p class='ocr_par' dir='ltr' id='par_1_113' title="bbox 2076 5185 3633 5258">
     <span class='ocr_line' id='line_1_113' title="bbox 2076 5185 3633 5258; baseline -0.004 -16"><span class='ocrx_word' id='word_1_864' title='bbox 2076 5197 2352 5258; x_wconf 79' lang='lat' dir='ltr'><strong>spectans,</strong></span> <span class='ocrx_word' id='word_1_865' title='bbox 2383 5189 2478 5243; x_wconf 90' lang='lat' dir='ltr'><strong>sed</strong></span> <span class='ocrx_word' id='word_1_866' title='bbox 2509 5199 2706 5245; x_wconf 90' lang='lat' dir='ltr'><strong>cuncta</strong></span> <span class='ocrx_word' id='word_1_867' title='bbox 2742 5188 3034 5243; x_wconf 89' lang='lat' dir='ltr'><strong>confertim</strong></span> <span class='ocrx_word' id='word_1_868' title='bbox 3062 5198 3116 5242; x_wconf 91' lang='lat' dir='ltr'><strong>et</strong></span> <span class='ocrx_word' id='word_1_869' title='bbox 3142 5185 3516 5255; x_wconf 84' lang='lat' dir='ltr'><strong>conglobatim</strong></span> <span class='ocrx_word' id='word_1_870' title='bbox 3550 5187 3633 5238; x_wconf 73' lang='lat' dir='ltr'><strong>ha:-</strong></span> 
     </span>
    </p>
   </div>
   <div class='ocr_carea' id='block_1_114' title="bbox 2076 5277 3634 5351">
    <p class='ocr_par' dir='ltr' id='par_1_114' title="bbox 2076 5277 3634 5351">
     <span class='ocr_line' id='line_1_114' title="bbox 2076 5277 3634 5351; baseline -0.007 -18"><span class='ocrx_word' id='word_1_871' title='bbox 2076 5281 2305 5334; x_wconf 85' lang='lat' dir='ltr'><strong>reticum</strong></span> <span class='ocrx_word' id='word_1_872' title='bbox 2354 5297 2478 5335; x_wconf 90' lang='lat' dir='ltr'><strong>eum</strong></span> <span class='ocrx_word' id='word_1_873' title='bbox 2528 5290 2711 5351; x_wconf 88' lang='lat' dir='ltr'><strong>petant</strong></span> <span class='ocrx_word' id='word_1_874' title='bbox 2756 5290 2810 5336; x_wconf 92' lang='lat' dir='ltr'><strong>et</strong></span> <span class='ocrx_word' id='word_1_875' title='bbox 2847 5280 3128 5351; x_wconf 86' lang='lat' dir='ltr'><strong>jugulent;</strong></span> <span class='ocrx_word' id='word_1_876' title='bbox 3175 5278 3363 5333; x_wconf 91' lang='lat' dir='ltr'><strong>nullus</strong></span> <span class='ocrx_word' id='word_1_877' title='bbox 3432 5277 3634 5333; x_wconf 83' lang='lat' dir='ltr'><strong>omnino</strong></span> 
     </span>
    </p>
   </div>
   <div class='ocr_carea' id='block_1_115' title="bbox 2075 5363 3633 5441">
    <p class='ocr_par' dir='ltr' id='par_1_115' title="bbox 2075 5363 3633 5441">
     <span class='ocr_line' id='line_1_115' title="bbox 2075 5363 3633 5441; baseline -0.006 -14"><span class='ocrx_word' id='word_1_878' title='bbox 2075 5371 2285 5427; x_wconf 86' lang='lat' dir='ltr'><strong>deliriis</strong></span> <span class='ocrx_word' id='word_1_879' title='bbox 2314 5373 2712 5428; x_wconf 70' lang='lat' dir='ltr'><strong>\‘alentinianis</strong></span> <span class='ocrx_word' id='word_1_880' title='bbox 2743 5373 2897 5428; x_wconf 91' lang='lat' dir='ltr'><strong>locus</strong></span> <span class='ocrx_word' id='word_1_881' title='bbox 2929 5386 3051 5427; x_wconf 90' lang='lat' dir='ltr'><strong>esse</strong></span> <span class='ocrx_word' id='word_1_882' title='bbox 3087 5378 3285 5441; x_wconf 90' lang='lat' dir='ltr'><strong>potest.</strong></span> <span class='ocrx_word' id='word_1_883' title='bbox 3322 5368 3484 5424; x_wconf 89' lang='lat' dir='ltr'><strong>Unde</strong></span> <span class='ocrx_word' id='word_1_884' title='bbox 3516 5363 3633 5421; x_wconf 81' lang='lat' dir='ltr'><strong>haud</strong></span> 
     </span>
    </p>
   </div>
   <div class='ocr_carea' id='block_1_116' title="bbox 2076 5459 3634 5540">
    <p class='ocr_par' dir='ltr' id='par_1_116' title="bbox 2076 5459 3634 5540">
     <span class='ocr_line' id='line_1_116' title="bbox 2076 5459 3634 5540; baseline -0.006 -19"><span class='ocrx_word' id='word_1_885' title='bbox 2076 5467 2276 5538; x_wconf 90' lang='lat' dir='ltr'><strong>injuria</strong></span> <span class='ocrx_word' id='word_1_886' title='bbox 2314 5470 2473 5525; x_wconf 89' lang='lat' dir='ltr'><strong>nobis</strong></span> <span class='ocrx_word' id='word_1_887' title='bbox 2514 5470 2693 5540; x_wconf 90' lang='lat' dir='ltr'><strong>posita</strong></span> <span class='ocrx_word' id='word_1_888' title='bbox 2726 5470 2941 5524; x_wconf 89' lang='lat' dir='ltr'><strong>videtur</strong></span> <span class='ocrx_word' id='word_1_889' title='bbox 2977 5467 3211 5523; x_wconf 89' lang='lat' dir='ltr'><strong>assertio</strong></span> <span class='ocrx_word' id='word_1_890' title='bbox 3250 5459 3634 5528; x_wconf 46' lang='lat' dir='ltr'><strong>secundaﬁcc</strong></span> 
     </span>
    </p>
   </div>
   <div class='ocr_carea' id='block_1_117' title="bbox 2075 5550 3631 5632">
    <p class='ocr_par' dir='ltr' id='par_1_117' title="bbox 2075 5550 3631 5632">
     <span class='ocr_line' id='line_1_117' title="bbox 2075 5550 3631 5632; baseline -0.006 -19"><span class='ocrx_word' id='word_1_891' title='bbox 2075 5562 2239 5616; x_wconf 82' lang='lat' dir='ltr'><strong>verba</strong></span> <span class='ocrx_word' id='word_1_892' title='bbox 2294 5562 2407 5632; x_wconf 79' lang='lat' dir='ltr'><strong>ipsa</strong></span> <span class='ocrx_word' id='word_1_893' title='bbox 2458 5562 2561 5616; x_wconf 79' lang='grc' dir='ltr'><strong>οὐκ</strong></span> <span class='ocrx_word' id='word_1_894' title='bbox 2614 5562 2721 5616; x_wconf 80' lang='grc' dir='ltr'>ἀπὸ</span> <span class='ocrx_word' id='word_1_895' title='bbox 2752 5561 2912 5632; x_wconf 82' lang='grc' dir='ltr'>σιγῆς</span> <span class='ocrx_word' id='word_1_896' title='bbox 2941 5555 3249 5627; x_wconf 82' lang='grc' dir='ltr'>προελθών.</span> <span class='ocrx_word' id='word_1_897' title='bbox 3271 5570 3370 5608; x_wconf 70' lang='lat' dir='ltr'><strong>nec</strong></span> <span class='ocrx_word' id='word_1_898' title='bbox 3402 5555 3515 5600; x_wconf 66' lang='lat' dir='ltr'><strong>alia</strong></span> <span class='ocrx_word' id='word_1_899' title='bbox 3548 5550 3631 5598; x_wconf 64' lang='lat' dir='ltr'><strong>&quot;lin</strong></span> 
     </span>
    </p>
   </div>
  </div>
