3770 6310
87 328 165 385 521
747 315 798 373 ι.
841 313 1208 371 PEARSONII
1250 309 1574 369 VINDICIJE
1615 358 1616 363 η

1784 305 2040 362 ΤΙΔΝΕ.
2081 335 2152 348 -
2189 302 2374 360 PARS
2411 301 2478 367 ll.

3197 297 3302 352 5‘22

90 447 157 497 his
185 441 382 498 duabus
414 436 686 509 periochis
720 446 997 501 contenta,
1023 436 1090 489 ad
1120 434 1468 488 Valentinum
1499 446 1620 486 om-
1648 436 1695 495 Α
1722 441 1792 482 ex
1817 425 1906 481 bis
1941 423 2185 480 secunda
2216 420 2520 477 emissione
2550 417 2792 474 hominis
2815 425 2870 471 et
2903 415 3162 471 Ecclesia:
3200 415 3301 483 ipsi

87 536 194 588 nino
215 541 450 602 spectare
474 573 489 595 ,
520 529 768 599 adeoque
797 543 862 582 ea
895 529 1016 582 sine
1060 527 1296 581 violenta
1325 524 1619 580 verborum

85 625 360 679 detorsione
408 623 473 676 ad
509 621 658 674 illius
695 619 928 674 haeresin
983 619 1362 688 exponendam
1396 626 1492 671 aut
1529 631 1620 670 re-

85 714 330 770 futandam
363 712 624 783 applicari
670 725 776 764 non
805 725 987 780 posse.

649 869 883 926 CAPUT
923 868 1009 923 Vl.

81 993 282 1046 Assertio
309 991 464 1044 tertia
487 1029 502 1053 ,
534 989 754 1043 luet-asin
782 987 917 1039 hanc
957 985 1237 1038 Valentino
1279 983 1444 1053 fuisse
1483 983 1623 1053 anti-

135 1064 369 1133 quiorem,
407 1071 455 1114 et
483 1052 514 1114 α
541 1058 798 1133 ueteribus
823 1056 1098 1133 fnestieis
1137 1052 1423 1133 acceptant.
1471 1052 1622 1133 idem

133 1124 370 1186 disseritur
422 1136 485 1184 ab
534 1129 772 1194 Irena'o,
823 1126 1186 1188 Tertulliano,
1223 1124 1522 1194 Epiphanio
1571 1133 1621 1177 et

138 1204 456 1258 Theodureto.
515 1200 825 1255 Ostenditur
877 1197 1106 1265 Hyl/mm
1162 1205 1209 1248 et
1273 1197 1432 1264 Sigen
1483 1195 1623 1246 inter

137 1275 482 1327 Gnosticomm
507 1281 736 1324 veterum
775 1268 1185 1321 combinationes
1220 1265 1402 1334 fuisse,
1435 1275 1622 1318 contra

134 1343 471 1398 Blondellnm.
505 1341 771 1394 Probatur
799 1339 1004 1392 eosdem
1038 1347 1085 1390 et
1117 1336 1240 1390 Nam
1270 1346 1317 1390 et
1347 1335 1621 1388 Alet/teian

131 1432 188 1468 ex
215 1414 376 1482 Bytlto
409 1425 458 1466 et
489 1411 611 1481 Sige
640 1411 904 1482 eduxisse,
934 1425 997 1462 ex
1025 1407 1124 1482 tyrr
1147 1424 1264 1482 vero
1293 1405 1368 1482 vel
1399 1406 1623 1482 {int/tro-

132 1502 188 1555 ρο
219 1475 422 1554 ιοθοη,
468 1475 650 1555 con-tre
696 1480 978 1555 bellicum.
1033 1477 1168 1555 Trio
1215 1475 1410 1529 Dallwi
1461 1493 1622 1546 argu-

135 1548 375 1609 utenta'in
407 1553 735 1608 contrarium
758 1551 991 1603 adducta
1019 1548 1351 1619 refelluntur.

132 1666 372 1734 Quamvis
401 1666 653 1736 exposita
688 1663 1158 1733 comprobataque
1187 1661 1497 1716 assertione
1533 1673 1620 1713 se-

75 1761 225 1816 cunda
267 1759 705 1815 adversariorum
737 1764 1064 1824 argumento
1114 1753 1451 1808 satisfecisse
1484 1753 1616 1806 mihi

75 1854 262 1917 videar,
310 1851 526 1905 tertiam
572 1859 754 1903 tamen
799 1845 1201 1917 adjuugendam
1229 1844 1436 1915 putavi.
1467 1843 1618 1898 Licet

73 1946 193 1999 enim
231 1945 356 1998 mihi
400 1942 882 2014 persuasissimum
931 1941 1002 1996 sit
1047 1949 1326 1994 auctorem
1361 1937 1620 2008 epistola-

75 2056 172 2094 rum
198 2050 285 2094 aut
315 2037 666 2093 Valentinum
704 2035 906 2106 ipsum.
941 2043 1034 2088 aut
1056 2033 1290 2088 limresin
1319 2031 1439 2100 ejus
1477 2048 1620 2086 nun-

72 2146 209 2199 quam
247 2129 452 2183 diserte
492 2125 819 2196 respexisse,
869 2123 1033 2192 idque
1079 2130 1264 2190 putem
1314 2135 1344 2174 a
1379 2135 1467 2175 me
1498 2134 1620 2174 esse

74 2225 184 2277 satis
223 2231 404 2290 aperte
436 2218 879 2274 demonstratum
904 2257 917 2280 ,
956 2224 1136 2268 tamen
1165 2227 1233 2266 ne
1262 2211 1387 2281 quis
1419 2211 1472 2264 in
1500 2209 1621 2264 ani-

73 2313 157 2366 iuis
178 2327 380 2375 eorum,
413 2309 508 2379 qui
545 2306 825 2371 Salmasii,
862 2303 1129 2359 Blondelli
1154 2311 1209 2358 et
1233 2301 1418 2357 Dallrei
1446 2301 1618 2356 ratio-

73 2405 206 2458 nibus
242 2407 507 2458 hactenus
532 2400 737 2455 assueti
765 2407 922 2465 sunt,
960 2397 1255 2466 serupulus
1296 2395 1530 2458 haereat,
1566 2400 1621 2448 et

73 2517 125 2554 ne
145 2510 346 2554 nostros
373 2499 540 2554 etiam
578 2495 861 2550 Usserium
891 2534 903 2557 ,
930 2491 1185 2547 Vossium
1232 2499 1286 2545 et
1320 2487 1621 2543 Hammon-

73 2592 176 2644 dum
206 2593 452 2647 deserere
484 2589 691 2654 videar,
727 2602 964 2658 quorum
999 2583 1383 2653 responsiones
1417 2580 1622 2635 ﬁrmis-

73 2684 212 2737 simas
241 2699 360 2738 esse
401 2681 570 2735 credo
590 2721 604 2745 ,
637 2694 730 2734 cas
771 2693 1052 2732 resumere
1083 2684 1248 2745 atque
1293 2674 1620 2729 confirmare

74 2777 247 2830 statui:
282 2778 420 2833 adeo
459 2787 550 2844 ut,
587 2777 634 2832 si
685 2775 811 2846 quis
854 2775 1034 2828 adhuc
1084 2773 1154 2828 sit
1201 2771 1293 2842 qui
1342 2770 1622 2824 existimat

73 2881 314 2924 auctorem
352 2871 420 2925 ad
460 2869 690 2924 haeresin
717 2883 881 2938 quam
927 2865 1215 2935 amplexus
1254 2873 1338 2918 est
1380 2861 1619 2916 Valenti-

72 2976 172 3025 nus,
209 2963 556 3028 eoilineasse,
594 2977 660 3015 ne
692 2961 797 3016 hoc
839 2958 1059 3028 quidem
1107 2956 1410 3026 quidquam
1443 2952 1620 3008 valeat

73 3055 122 3107 ad
146 3055 481 3111 vioiationem
511 3065 821 3124 temporum
856 3051 1274 3116 ostendendam,
1307 3048 1391 3103 vel
1429 3059 1620 3102 aucto-

1719 526 1905 587 patres
1936 530 2162 580 eorum,
2214 512 2354 568 falso
2402 509 2774 582 cognominati
2811 507 3076 572 Gnostici,
3125 506 3303 574 impu-

1720 614 1890 677 gnant
1916 603 2180 658 adversus
2207 602 2462 666 invicem,
2497 615 2596 655 sua
2623 599 2844 670 propria
2874 597 3180 651 indicantes
3200 637 3216 662 ,
3249 605 3305 649 et

1720 697 1896 751 malos
1930 693 2080 749 fures
2108 692 2434 761 semetipsos
2469 689 2884 745 convincentes.
2919 706 2938 739 ι
2980 686 3300 753 Querehan—

1720 799 1808 844 tur
1857 788 2023 858 igitur
2079 784 2325 840 Gnostiei
2373 780 2784 836 Valentinianos
2838 789 3098 848 tanquam
3151 777 3301 830 fures

1721 896 1822 935 sua
1853 879 2217 949 subripuisse,
2248 885 2302 930 et
2327 874 2546 945 quidem
2593 872 2745 928 fures
2781 886 2849 927 eo
2882 871 3121 941 pejores,
3152 869 3299 940 quod

1722 971 1867 1024 male
1910 969 1964 1022 in
2009 966 2291 1037 proprium
2339 965 2712 1019 characterem
2746 977 2810 1017 ea
2865 961 3298 1016 transtulissent.

1720 1058 1855 1114 Post
1905 1057 2168 1112 Irenaeum
2213 1056 2402 1111 statim
2450 1053 2820 1108 Tertullianus
2867 1050 2936 1106 de
2970 1049 3298 1104 Valentino:

1728 1170 1746 1203 ι
1783 1149 2086 1220 Cujusdam
2115 1147 2317 1202 veteris
2344 1143 2626 1215 opinionis
2663 1157 2851 1197 semen
2885 1149 3079 1194 nactus
3112 1137 3303 1192 Colar—

1723 1240 1857 1294 baso
1898 1239 2042 1292 viam
2092 1236 2408 1292 delineavit.
2453 1253 2472 1286 ι
2511 1234 2593 1288 Ad
2624 1248 2788 1304 quem
2835 1246 3056 1286 sensum
3098 1228 3301 1284 intelli-

1722 1331 1894 1401 genda
1933 1330 2185 1384 videntur
2239 1327 2329 1381 illa
2359 1341 2482 1397 qua:
2528 1325 2624 1378 lib.
2670 1322 2748 1377 De
2801 1323 3002 1389 anima,
3054 1335 3175 1390 cap.
3211 1318 3302 1382 l8,

1723 1423 1925 1476 habet:
1963 1439 1981 1472 ι
2018 1419 2354 1476 Relucentne
2381 1419 2496 1487 jam
2529 1416 2786 1471 haeretica
2832 1414 3041 1469 semina
3077 1411 3304 1467 Gnosti-

1723 1528 1914 1567 corum
1961 1521 2016 1566 et
2059 1506 2620 1564 Valcntinianorum?
2659 1526 2678 1558 ι
2721 1504 3063 1575 Epiphanius
3115 1502 3304 1570 etiam,

1723 1620 1848 1659 eum
1878 1613 2117 1674 quatuor
2145 1602 2249 1658 sibi
2283 1603 2351 1657 de
2380 1600 2674 1656 Valentino
2706 1599 2937 1654 dicenda
2980 1597 3305 1668 proposuis-

1725 1705 1828 1762 set,
1853 1697 1996 1751 unde
2012 1697 2180 1763 venit,
2209 1695 2432 1766 quando
2454 1694 2612 1760 vixit,
2631 1710 2752 1764 qua:
2771 1691 2892 1763 ejus
2913 1690 3185 1756 doctrina,
3210 1689 3310 1743 καὶ

1649 1794 1693 1848 Β
1721 1787 1828 1841 ἀπὸ
1855 1789 2031 1854 ¹ποίων
2063 1788 2162 1852 τὰς
2195 1787 2505 1860 προφάσεις
2549 1786 2761 1856 εἴληφε,
2795 1804 2813 1836 ι
2845 1793 2897 1838 et
2925 1800 2954 1838 a
2984 1783 3184 1853 quibus
3217 1798 3309 1834 ar-

1721 1891 1979 1950 gumenta
2016 1881 2274 1950 sumpsit,
2311 1899 2330 1932 ι
2363 1896 2556 1934 eorum
2589 1879 2841 1934 ultimum
2876 1877 2961 1932 his
2996 1875 3176 1930 verbis
3209 1890 3309 1928 ex-

1718 1973 1948 2042 pressit:
1968 1972 2076 2025 Καὶ
2098 1972 2258 2035 αὐτὸς
2285 1972 2383 2043 τὴν
2406 1971 2697 2042 ὲθνόμυθον
2722 1970 2939 2042 ποίησιν
2965 1969 3046 2032 εἰς
3069 1967 3161 2021 τὸν
3177 1969 3308 2020 ἑαυ-

1719 2060 1812 2115 τοῦ
1840 2059 1964 2114 νοῦν
1986 2059 2188 2124 λαϐὼν,
2209 2061 2304 2114 καὶ
2333 2060 2440 2113 ἀπὸ
2464 2059 2575 2113 τῶν
2600 2059 2696 2111 σὺν
2721 2057 2870 2130 αὐτῷ
2894 2059 2987 2111 καὶ
3015 2057 3122 2128 πρὸ
3140 2055 3307 2110 αὑτοῦ

1718 2151 1815 2222 τῆς
1831 2151 2084 2222 ἀληθείας
2101 2151 2533 2207 ἐκπεπτωκότων
2549 2150 2648 2221 τὴν
2666 2149 2920 2202 ὑπόνοιαν
2945 2147 3305 2219 κτησάμενος.

1725 2261 1744 2295 ι
1788 2243 1908 2315 Ipse
1957 2245 2125 2300 etiam
2171 2243 2447 2298 cthnicam
2499 2241 2690 2313 poesiu
2741 2240 2930 2296 animo
2988 2255 3092 2295 suo
3122 2240 3309 2294 conci-

1723 2337 1898 2405 piens,
1930 2344 1986 2390 et
2013 2335 2083 2390 ab
2114 2335 2182 2389 iis
2205 2335 2299 2404 qui
2332 2351 2456 2388 cum
2489 2333 2606 2402 ipso
2628 2339 2682 2386 et
2717 2341 2842 2385 ante
2885 2331 3066 2402 ipsum
3103 2347 3133 2384 a
3164 2330 3310 2383 veri-

1724 2436 1834 2482 tate
1885 2427 2022 2496 lapsi
2075 2437 2226 2492 sunt,
2262 2424 2591 2481 sententiam
2624 2433 2943 2490 mutuatus,
2992 2442 3009 2473 ι
3051 2431 3158 2477 etc.
3199 2419 3308 2487 Qui

1722 2527 1905 2571 autem
1925 2517 1999 2570 illi
2033 2516 2271 2571 bmretiei
2308 2514 2532 2580 fuerint,
2556 2532 2586 2569 a
2617 2514 2820 2584 quibus
2852 2513 3043 2568 deliria
3072 2529 3170 2566 sua
3195 2511 3306 2564 Va-

1722 2609 1962 2663 lentinus
1991 2608 2215 2674 hausit,
2248 2607 2388 2662 idem
2425 2606 2665 2662 ostendit
2694 2624 2708 2660 :
2740 2606 2887 2675 Φημὶ
2925 2605 2980 2658 δὲ
3022 2605 3309 2658 Οὐαλεντῖ-

1721 2720 1810 2756 νον
1832 2702 1927 2755 καὶ¹
1959 2701 2058 2773 τὴν
2084 2701 2250 2755 αὐτοῦ
2271 2699 2618 2753 διδασκαλίαν
2635 2741 2648 2764 ,
2680 2699 2779 2772 τὴν
2807 2699 2914 2753 ἀπὸ
2942 2699 3042 2768 τῆς
3068 2697 3309 2769 μεγάλης

1720 2793 1924 2864 ταύτης
1957 2793 2267 2863 γνωπικῆς
2291 2789 2620 2860 ἐπαγγελίας
2651 2790 3026 2862 ὑπάρχουσαν.
3056 2812 3071 2843 ι
3111 2791 3312 2846 Valen-

1722 2885 1898 2940 tinum
1929 2886 2171 2957 intelligo
2203 2895 2258 2941 et
2304 2885 2452 2939 illius
2476 2884 2807 2950 doctrinam,
2836 2900 2958 2955 quze
2999 2901 3028 2938 a
3058 2885 3308 2954 speciosa

1723 2979 1817 3033 illa
1862 2978 2252 3034 Gnosticorum
2283 2977 2626 3048 professione
2663 2978 2884 3047 prodiit.
2923 2996 2942 3028 ι
2979 2976 3130 3031 Licet
3159 2979 3307 3031 enim

1724 3069 2064 3142 Epiphanius
2108 3072 2471 3146 αἰρεσιάρχην
2513 3069 2858 3125 Valentinum
2903 3072 3166 3142 appellet,
3202 3070 3308 3126 d0-

71 3156 253 3202 ”mem
283 3148 644 3216 episwlamm
680 3146 792 3201 “"0
827 3144 992 3199 “mdo
1036 3142 1380 3198 el°"a“da'“°
1415 3140 1621 3195 Assem
1647 3138 1690 3197 Ο
1724 3165 1956 3220 ctrinam
1993 3138 2358 3218 tamen-suam
2387 3179 2515 3218 eum
2551 3178 2581 3216 a
2611 3161 2889 3218 Gnosticis
2917 3138 3169 3218 hausisse
3198 3174 3309 3218 tra-

70 3240 186 3293 enim
229 3241 386 3295 tertio
453 3241 596 3295 banc
638 3240 814 3311 ipsam
847 3237 1080 3292 lueresin
1112 3235 1404 3291 Valentino
1446 3233 1621 3290 fuisse

71 3331 397 3399 antiquiorem
422 3373 438 3396 ,
485 3342 539 3386 et
580 3347 610 3386 a
661 3329 1055 3386 vetustioribus
1088 3327 1364 3383 Gnosticis
1405 3327 1622 3381 deriva-

71 3423 182 3482 tam;
212 3434 446 3489 eamque
473 3435 584 3490 prae
611 3427 771 3474 aetate
794 3419 1068 3488 respicere
1089 3417 1336 3488 potuisse
1369 3417 1426 3470 S.
1458 3415 1618 3486 lgna-

71 3504 177 3560 tiuin
225 3521 558 3582 martyrem,
605 3521 880 3580 quatenus
933 3510 1039 3564 fuit
1093 3510 1162 3564 ab
1216 3508 1618 3578 antiquioribus

71 3599 564 3674 Gnosticisprolata,
581 3615 634 3660 et
658 3614 954 3676 antequam
974 3605 1026 3659 in
1046 3604 1318 3659 Valentini
1337 3603 1619 3658 characte-

70 3707 160 3746 rem
200 3694 300 3751 fuit
343 3698 768 3765 transformata,
806 3707 865 3751 ut
898 3712 1122 3752 necesse
1157 3713 1266 3751 non
1304 3697 1376 3752 sit
1409 3697 1474 3750 ad
1511 3694 1618 3750 Va-

70 3781 295 3840 lentinum
323 3787 412 3844 hic
440 3804 743 3844 recun‘ere.
780 3786 916 3842 Nam
943 3797 994 3843 et
1027 3787 1160 3858 ipse
1182 3786 1458 3843 Dallmus:
1503 3806 1522 3839 ι
1559 3785 1615 3841 Si

69 3877 186 3943 quis,
230 3879 428 3950 inquit,
482 3881 557 3936 sit
588 3879 876 3936 Valentino
926 3881 1214 3945 vetustior,
1262 3879 1357 3951 qui
1409 3879 1514 3935 hoc
1544 3879 1614 3933 ita

71 3973 295 4038 posuerit,
330 3973 547 4029 fatebor
575 3975 643 4030 ad
675 3975 802 4040 hoc,
835 3983 894 4029 ut
934 3975 1130 4030 horum
1167 3991 1288 4045 quae
1328 3974 1616 4029 attulimus

70 4062 275 4127 epistola:
299 4066 597 4119 verborum
628 4075 812 4120 rectus
843 4066 1043 4137 aliquis
1085 4075 1138 4120 et
1180 4065 1456 4136 legitimus
1481 4081 1616 4120 con-

71 4154 293 4210 stituatut‘
327 4173 551 4224 sensus,
579 4159 729 4213 nulla
767 4174 871 4215 nos
904 4159 1234 4216 necessitate
1258 4161 1378 4232 cogi
1405 4160 1473 4214 ad
1507 4158 1616 4214 Va-

70 4241 224 4299 lculini
248 4247 480 4301 fuerosin
507 4264 811 4304 recurrere.
851 4269 870 4302 ι

124 4334 255 4392 lianc
281 4340 452 4410 igitur
479 4341 842 4397 assertionem
878 4341 1335 4398 luculentissimis
1364 4351 1611 4398 veterum

70 4428 142 4493 qui
168 4429 225 4484 de
251 4431 353 4486 bac
384 4433 584 4488 haeresi
615 4433 1000 4489 disseruerunt
1041 4434 1375 4491 testimoniis
1419 4436 1614 4505 proha-

72 4529 158 4573 tam
193 4523 360 4592 dabo;
416 4539 581 4578 nemo
611 4525 758 4580 enim
793 4540 985 4579 eorum
1020 4535 1104 4581 est
1128 4525 1221 4597 qui
1258 4525 1611 4582 Valentinum

70 4623 266 4669 veterem
288 4617 606 4687 opinionem
641 4619 1005 4673 resuscitasse
1031 4634 1143 4672 non
1171 4617 1377 4673 diserte
1411 4619 1611 4674 tradat.

73 4701 271 4762 lremeus
296 4709 391 4762 lib.
424 4724 464 4773 ι,
488 4725 611 4779 cap.
645 4709 678 4763 5
705 4728 717 4763 :
753 4729 773 4760 ι
805 4709 910 4777 Qui
949 4709 1095 4764 enim
1130 4720 1215 4765 est
1245 4710 1458 4780 primus
1480 4751 1496 4777 ,
1544 4711 1614 4766 ab

70 4809 118 4847 ca
137 4815 242 4866 qua:
273 4801 476 4856 dicitur
515 4802 763 4872 guostica
799 4802 1044 4867 hazresis,
1076 4802 1333 4873 antiquas
1358 4801 1412 4856 in
1449 4817 1610 4858 suum

71 4879 402 4947 characterem
431 4894 718 4948 doctrinas
751 4893 1112 4959 transferens,
1151 4893 1494 4962 Valentinus,
1531 4897 1612 4952 sic

70 4983 299 5041 diﬁinivit.
330 5008 349 5040 ι
398 4987 657 5058 Antiqua:-
692 4987 1144 5064 igitur‘doetrinze
1173 4987 1436 5055 fuerunt,
1470 5005 1611 5059 quas

73 5073 112 5127 ia
138 5077 496 5135 characterem
537 5096 698 5134 suum
739 5077 1062 5135 Valentinus
1107 5081 1407 5135 transtulit.
1460 5081 1607 5136 Idem

71 5165 142 5221 lib.
166 5185 218 5236 ιι,
237 5188 355 5242 cap.
393 5172 464 5227 18
489 5192 502 5227 :
539 5192 558 5224 ι
590 5171 714 5227 llaec
744 5182 927 5228 autem
967 5188 1090 5242 qua:
1115 5172 1356 5228 diximus
1377 5174 1444 5228 de
1471 5171 1612 5229 Sen-

71 5272 143 5313 sus
169 5264 237 5330 (id
266 5275 348 5319 est
377 5264 473 5319 τοῦ
495 5265 629 5335 Νοῦ)
654 5266 970 5333 emissione,
997 5267 1248 5322 similiter
1270 5276 1323 5322 et
1348 5268 1610 5323 adversus

69 5363 143 5404 eos
163 5353 245 5420 qui
278 5370 307 5409 a
345 5353 585 5411 Basilide
621 5365 779 5422 sunt,
826 5365 1011 5426 aptata
1043 5367 1173 5412 sunt
1208 5379 1219 5414 :
1258 5367 1312 5414 et
1340 5358 1607 5414 adversus

71 5440 271 5509 reliquus
318 5445 633 5511 Gnosticos,
671 5463 700 5500 a
730 5449 934 5518 quibus
981 5458 1033 5503 et
1081 5448 1133 5502 hi
1170 5449 1321 5503 initia
1355 5450 1607 5506 emissio-

70 5545 172 5588 llltll)
203 5541 527 5609 accipientes
574 5541 809 5594 convicti
855 5550 985 5595 sunt
1037 5541 1092 5596 in
1145 5543 1325 5612 primo
1383 5543 1543 5598 libro.
1582 5563 1602 5597 ι

69 5620 448 5708 Generationem
475 5631 640 5702 igitur
656 5629 750 5683 τοῦ
766 5631 899 5697 Νοῦ,
917 5642 970 5686 et
991 5633 1348 5686 emissionqu
1372 5634 1604 5688 aliarum

73 5713 192 5801 Initia
218 5732 244 5770 a
270 5717 503 5773 Basilide
532 5729 585 5773 et
613 5721 838 5789 reliquis
869 5722 1142 5777 Gnosticis
1165 5724 1373 5792 accepit
1406 5723 1604 5780 Valen-

73 5808 208 5856 tinus.
237 5809 375 5864 Idem
401 5809 588 5867 eodem
615 5811 791 5880 capite
822 5830 832 5866 :
877 5831 894 5865 ι
936 5811 1011 5869 De
1037 5829 1100 5870 ea
1137 5824 1318 5870 autem
1367 5832 1489 5886 qua:
1519 5829 1602 5873 est

1723 3257 1823 3324 dit,
1856 3257 2089 3326 ideoque
2126 3271 2318 3310 eorum
2363 3271 2560 3310 nomen
2601 3255 2706 3310 sibi
2743 3264 2796 3309 et
2828 3255 2945 3310 suis
2974 3255 3308 3324 imposuisse

1723 3349 1924 3418 sapius
1957 3349 2230 3404 observat.
2271 3348 2394 3400 Ἐπὶ
2427 3348 2526 3417 τὴν
2559 3348 2668 3399 τῶν
2696 3347 3066 3401 Οὐαλεντίνων
3098 3349 3309 3420 αἵρεσιν

1720 3439 1983 3510 διέξειμι,
2019 3438 2129 3492 τῶν
2163 3439 2228 3510 δὴ
2263 3439 2356 3492 καὶ
2393 3438 2714 3492 Γνωστικῶν
2761 3439 2976 3503 ἑαυτοῖς
3011 3440 3309 3494 ὲπιθέντων

1719 3533 1909 3604 ὄνομα.
1951 3553 1968 3584 ι
2001 3533 2081 3586 Ad
2115 3532 2346 3586 haeresim
2381 3531 2900 3586 Valentiuianorum
2938 3543 3181 3596 transeo,
3210 3532 3307 3602 qui

1721 3624 2108 3680 Gttoslicorum
2143 3641 2341 3679 nomen
2387 3624 2492 3679 sibi
2536 3623 2941 3693 imposuerunt.
2981 3642 2998 3674 ι
3041 3622 3104 3676 Ει
3144 3623 3309 3692 paulo

1719 3727 1890 3785 post:
1936 3716 2046 3770 Καὶ
2098 3717 2301 3779 πάντες
2348 3713 2689 3778 Γνωστικοὺς
2755 3715 2982 3777 ἑαυτοὺς
3039 3714 3304 3778 ἐκάλουν,

1719 3807 2069 3872 Οὐαλεντῖνός
2099 3825 2190 3872 τε,
2225 3807 2400 3879 φημὶ,
2436 3806 2528 3861 καὶ
2560 3807 2610 3860 ol
2653 3805 2761 3878 πρὸ
2801 3805 2965 3859 αὑτοῦ
2990 3806 3305 3860 Γνωστικοί.

1725 3919 1745 3952 ι
1775 3899 1842 3954 Et
1864 3914 2059 3954 omnes
2078 3899 2370 3955 Gnostieos
2407 3907 2578 3954 semet
2607 3898 2986 3968 appellabant,
3016 3906 3071 3951 et
3108 3895 3308 3952 Valeno

1722 3991 1894 4057 tinus,
1920 3991 2171 4061 inquam,
2188 3999 2242 4044 et
2263 3989 2356 4060 qui
2381 3988 2534 4043 illum
2563 3996 2962 4057 praecesserunt
2995 3987 3300 4043 Gnostici.»

1718 4081 1784 4137 Et
1808 4097 2003 4136 rursus
2035 4082 2103 4136 de
2141 4079 2334 4136 eodem
2367 4098 2382 4134 :
2430 4080 2526 4143 Εἰς
2561 4077 2790 4142 πολλοὺς
2847 4076 2955 4150 γὰρ
3009 4070 3163 4141 οὗτος
3207 4077 3305 4148 τὴν

1717 4175 1910 4230 ἑαυτοῦ
1944 4173 2314 4247 ὀνειροπολίαν
2343 4170 2672 4242 ὲπισπείρας
2698 4210 2712 4236 ,
2762 4171 3066 4226 Γνωστικὸν
3113 4173 3304 4226 ἑαυτὸν

1716 4270 1974 4333 καλέσας.
2017 4287 2036 4320 ι
2075 4266 2174 4322 llic
2203 4266 2348 4322 enim
2391 4265 2459 4319 ad
2510 4265 2716 4319 multos
2747 4279 2844 4317 sua
2881 4264 3095 4318 somnia
3145 4281 3303 4335 spar-

1717 4378 1886 4433 gens,
1938 4360 2262 4416 Gnostienm
2307 4357 2548 4426 seipsum
2602 4355 2917 4424 appellans,
2965 4374 2984 4407 ι
3019 4365 3124 4410 etc.
3169 4355 3299 4410 Post

1721 4452 2084 4524 Epiphanium
2120 4447 2502 4504 Theodoretus
2550 4461 2676 4501 cum
2719 4447 2956 4501 haereses
3009 4445 3301 4512 Simonis,

1696 4538 2028 4603 .Menandri,
2056 4536 2350 4601 Saturnili,
2381 4533 2668 4601 Basilidis,
2709 4533 3078 4604 Carpocratis,
3103 4534 3299 4590 Prodi-

1715 4626 1877 4698 cique
1908 4627 2207 4696 explicatas
2234 4625 2495 4691 dedisset,
2524 4625 2588 4677 ὲκ
2611 4623 2841 4690 τούτων,
2879 4625 3079 4695 inquit,
3108 4625 3301 4680 πασῶν

1713 4720 1824 4773 τῶν
1845 4722 2109 4792 αἱρέσεων
2139 4720 2167 4772 ὁ
2201 4718 2515 4782 Βαλεντῖνος
2545 4715 2723 4770 λαϐὼν
2749 4717 3002 4790 ἀφορμὰς
3022 4718 3148 4782 τοὺς
3171 4720 3301 4773 ἁπε-

1715 4810 1946 4882 ράντους
1979 4807 2247 4880 συνέθηκε
2281 4806 2506 4878 μύθους,
2549 4825 2566 4855 ι
2604 4821 2669 4860 ex
2714 4806 2800 4861 Itis
2836 4809 3092 4862 omnibus
3125 4809 3296 4864 luere‘

1715 4902 1868 4957 sibus
1903 4898 2226 4954 Valentinus
2270 4897 2548 4970 accipiens
2580 4899 2866 4954 materiam
2915 4899 3300 4955 interminabi‘

1715 4995 1796 5052 les
1816 4992 2032 5048 fabulas
2063 4993 2399 5061 composuit.
2437 5010 2458 5044 ι

1784 5083 1922 5140 Cum
1953 5084 2132 5154 aliqua
2161 5102 2228 5140 ex
2260 5085 2346 5140 his
2378 5085 2691 5141 testimonia
2723 5085 2776 5141 in
2806 5087 3112 5156 Appendiee
3141 5085 3296 5156 Igna-

1715 5178 1862 5231 tiana
1896 5176 2121 5231 citasset
2145 5173 2405 5232 Usserius
2431 5185 2639 5242 noster,
2664 5177 2892 5246 epistola
2921 5177 2987 5231 ad
3007 5193 3130 5231 eum
3157 5178 3295 5230 scri-

1713 5279 1802 5338 pta
1833 5268 1902 5324 ab
1929 5267 2272 5324 llammondo
2303 5269 2449 5324 edita
2493 5270 2608 5324 haec
2648 5270 2892 5339 reposuit
2934 5268 3246 5323 Blondcllus
3275 5288 3289 5322 :

1717 5379 1736 5412 ε
1776 5359 1963 5415 lremei
1994 5360 2190 5424 nostri,
2227 5376 2339 5430 quo
2370 5361 2645 5431 prtecipue
2684 5360 2898 5422 niteris,
2942 5359 3115 5426 locus,
3145 5360 3294 5430 quod

1713 5469 1994 5524 nunquam
2035 5453 2248 5522 negavi,
2275 5453 2433 5507 docet
2463 5452 2808 5508 Valentinum
2839 5451 3072 5506 aliorttm
3115 5468 3288 5506 exenr

1714 5539 1803 5609 plo
1843 5538 2103 5608 συζυγίας
2136 5555 2266 5595 suas
2293 5541 2589 5594 efliuxissc.
2631 5560 2649 5592 ι
2675 5539 3016 5595 Bloudellum
3043 5541 3293 5609 sequitur

1713 5632 1946 5685 Dallteus
1980 5649 1993 5684 :
2033 5651 2049 5679 ι
2079 5631 2217 5684 lllud
2247 5648 2348 5702 ego
2379 5631 2600 5701 quidem
2631 5648 2697 5687 ex
2731 5633 2834 5687 hoc
2866 5631 3052 5688 Irena-i
3079 5633 3198 5688 loco
3237 5645 3292 5689 et

1711 5724 1836 5778 aliis
1860 5722 2190 5777 Theodoreti
2217 5734 2268 5777 et
2296 5723 2588 5793 Epiphanii
2631 5725 2906 5780 similibus
2947 5726 3080 5779 locis
3108 5726 3286 5795 legiti-

1710 5834 1796 5874 me
1827 5813 2022 5872 eonlici
2054 5824 2108 5870 et
2141 5815 2320 5887 colligi
2353 5817 2623 5887 concedo,
2667 5817 2841 5889 ipsam
2877 5835 3059 5875 rerum
3092 5819 3285 5873 silvam
