3824 6198
392 262 499 321 523

1489 262 1548 319 S.
1577 255 1929 317 IGNATIUS.
1966 288 2035 300 ——
2075 257 2619 315 PROLEGOMENA.

3548 253 3655 308 524

396 398 559 455 atque
590 381 899 443 materiam,
927 395 993 435 ex
1020 395 1127 450 qua
1158 377 1481 435 Valentinus
1508 394 1608 435 sua
1638 375 1964 447 composuit,
1996 380 2043 435 Α
2072 372 2180 429 illa:
2207 376 2462 446 syzygiaz,
2496 391 2639 445 quas
2670 376 2905 430 aliorum
2934 377 3185 447 exemplo
3218 389 3345 429 eum
3376 371 3659 428 efﬁnxiSSe

392 478 508 546 jam
538 473 683 544 apud
715 473 1043 527 vetustiores
1074 472 1273 541 partim
1316 472 1612 527 Gnosticos
1651 472 1967 538 haereticos,

397 566 597 636 partim
626 565 791 619 etiam
820 573 1011 633 poetas
1052 574 1145 617 aut
1172 564 1530 633 philosophos
1557 564 1805 619 ethnicos
1836 563 1972 618 fuis-

399 674 479 712 se.
519 676 539 709 ι
581 656 855 711 Habemus
887 656 1053 725 igitur
1094 656 1199 710 hoc
1236 658 1304 710 ab
1347 657 1455 711 illis
1484 672 1830 723 concessum,
1863 654 1971 709 Va-

402 752 669 805 lentinum
707 750 942 803 altorum
984 747 1519 821 exemplo'syzygias
1549 749 1842 814 efﬁnxisse,
1892 750 1975 819 ip-

400 860 629 914 samque
662 860 845 897 rerum
889 843 1083 898 silvam
1117 853 1283 912 atque
1321 843 1605 897 materiam
1650 858 1679 896 a
1712 843 1976 897 vetustioo

399 939 554 992 ribus
601 937 878 992 Gnosticis
922 938 1194 992 hausisse.
1256 936 1439 990 Potuit
1500 936 1683 1006 itaque
1734 935 1975 1005 Ignatius

398 1042 564 1080 verus
594 1026 661 1079 ad
696 1043 815 1080 eam
852 1028 1086 1081 hzeresin
1118 1026 1360 1081 alludere
1383 1066 1397 1090 ,
1432 1041 1596 1095 quam
1640 1035 1827 1095 postea
1861 1040 1977 1079 am-

398 1117 595 1187 plexus
633 1134 755 1172 esse
793 1118 997 1173 dicitur
1026 1117 1368 1181 Valentinus,
1418 1119 1462 1171 si
1490 1119 1679 1173 silvam
1718 1128 1767 1173 et
1807 1127 1978 1172 mate-

399 1209 541 1262 riam
574 1208 693 1278 ejus
721 1218 969 1279 spectes;
1002 1224 1063 1263 ea
1094 1211 1240 1263 enim
1274 1210 1546 1265 haereseos
1571 1212 1796 1265 materia
1822 1220 1979 1266 aetate

399 1298 593 1369 lgnatii
624 1316 655 1353 a
683 1301 1079 1354 vetustioribus
1107 1300 1383 1355 Gnosticis
1416 1302 1755 1371 promulgata
1782 1302 1976 1357 fuerat.

399 1391 581 1460 Atque
625 1390 893 1445 hactenus
937 1391 1334 1446 consentimus.
1368 1390 1426 1445 In
1460 1392 1549 1446 illa
1592 1403 1773 1447 autem
1819 1394 1976 1459 silva,

400 1480 545 1533 inter
572 1482 936 1535 vetustiorum
987 1483 1237 1552 syzygias
1269 1484 1496 1552 reperiri
1523 1494 1821 1553 potuerunt
1847 1480 1982 1540 Aio-

400 1586 500 1624 nes
531 1571 635 1635 illi,
664 1587 807 1639 quos
838 1575 1149 1643 respexisse
1175 1575 1368 1630 volunt
1399 1576 1642 1645 epistola:
1676 1586 1978 1645 auctorem,

403 1662 531 1731 Sige
566 1666 777 1719 scilicet
804 1676 857 1720 et
883 1665 1083 1735 Logos.
1382 1738 1383 1743 η
1726 1710 1729 1711 ν

473 1756 579 1810 Sed
614 1759 817 1828 excipit
842 1758 1190 1814 Blondellus:
1231 1779 1249 1810 ι
1280 1761 1432 1815 Alios
1457 1759 1746 1816 Valentino
1768 1764 1981 1832 priores

400 1845 667 1902 Profundi
709 1859 764 1903 et
816 1849 1029 1905 Silentii
1062 1852 1520 1907 combinationem
1553 1854 1835 1910 induxisse
1873 1872 1978 1912 non

399 1938 565 1992 modo
591 1948 769 1994 tecum
803 1942 900 2012 (ita
924 1939 1210 1997 Usserium
1240 1943 1585 2014 alloquitur),
1616 1960 1725 1999 non
1753 1945 1983 2000 afﬁrmat

398 2028 658 2096 Irenaeus,
700 2032 795 2087 sed
843 2048 1094 2101 mecum,
1127 2034 1172 2089 si
1223 2035 1353 2103 quid
1386 2038 1581 2106 capio,
1626 2053 1691 2091 ex
1732 2036 1981 2107 professo

401 2133 599 2190 negat,
638 2139 764 2178 cum
813 2125 1100 2196 preprium
1129 2124 1403 2181 Valentini
1430 2128 1799 2182 characterem
1833 2143 1983 2183 com-

398 2214 739 2271 hinationem
770 2218 920 2272 illam
944 2219 1244 2288 protulisse
1274 2219 1460 2274 refert.
1502 2238 1521 2271 ι
1562 2220 1797 2274 Dallaeus
1818 2221 1981 2288 paulo

400 2309 560 2366 aliter
592 2314 737 2368 hanc
780 2329 896 2369 rem
953 2322 1170 2380 tractat,
1213 2324 1270 2369 et
1317 2315 1371 2367 in
1416 2330 1482 2369 eo
1517 2316 1827 2385 argumenti
1874 2316 1981 2370 vim

400 2403 671 2465 collocat,
706 2403 856 2471 quod
901 2417 1064 2457 nemo
1113 2411 1239 2456 ante
1284 2400 1633 2456 Valentinum
1680 2400 1920 2456 Verbum
1951 2417 1982 2458 e

404 2492 534 2561 Sige
561 2493 834 2547 eduxerit.
878 2492 983 2547 Sed
1016 2509 1348 2562 quocunque
1389 2493 1552 2547 modo
1594 2495 1983 2564 responsiones

403 2598 536 2637 suas
584 2582 894 2649 eﬂ‘ormant,
943 2584 1083 2638 elabi
1127 2600 1236 2638 non
1288 2594 1538 2653 possunt.
1598 2586 1735 2639 Cum
1787 2586 1984 2640 asserit

403 2675 719 2730 Blondellus
756 2675 1023 2731 lrenzeum
1068 2697 1086 2729 ι
1136 2693 1205 2732 ex
1247 2676 1499 2747 professo
1530 2693 1758 2748 negare,
1792 2698 1811 2731 ι
1844 2678 1985 2734 Gno-

402 2770 572 2824 sticos
604 2779 813 2825 veteres
864 2768 1129 2824 Profundi
1159 2779 1213 2825 et
1262 2769 1475 2826 Silentii
1522 2772 1981 2827 combinationem

403 2859 728 2925 induxisse,
776 2876 903 2916 cum
952 2862 1236 2931 preprium
1291 2860 1563 2917 Valentini
1609 2863 1983 2918 characterem

402 2953 873 3009 combinationem
899 2955 1049 3009 illam
1083 2956 1380 3026 protulisse
1414 2957 1611 3025 refert;
1658 2959 1713 3014 id
1756 2960 1984 3014 omnino

2076 466 2281 521 fatetur
2306 466 2657 522 Blondellus?
2684 468 2775 523 ubi
2802 468 2892 523 illa
2916 469 3051 524 silva
3080 479 3135 523 et
3160 467 3414 533 materia,
3445 480 3515 520 ex
3540 481 3651 534 qua

2073 573 2171 612 sua
2221 559 2312 612 ille
2350 560 2700 629 composuit,
2746 560 2978 616 docente
3019 560 3257 616 Dallzeo?
3314 568 3414 615 aut
3456 558 3589 629 quid
3624 574 3656 612 ιι

2075 647 2350 703 Gnosticis
2381 649 2584 716 hausit,
2615 651 2659 705 si
2692 652 2865 721 ipsius
2896 653 3179 707 character
3210 651 3659 707 combinationcs

2075 753 2268 794 omnes
2299 747 2579 809 totamque
2608 742 3006 812 mataaologiam
3030 743 3301 812 protulit?

2147 828 2252 883 Sed
2304 831 2495 886 relicta
2547 834 2953 888 concertatione
3019 836 3348 891 sententiam
3409 844 3658 891 nostram

2067 905 2415 977 conﬁrmabo
2443 963 2459 989 ,
2493 924 2890 995 ostendamque
2925 927 3102 996 primo
3124 965 3141 992 ,
3189 927 3461 981 adversus
3490 927 3658 980 Blon-

2076 1011 2277 1065 dellum
2305 1054 2320 1078 ,
2371 1014 2603 1081 primam
2635 1013 2907 1070 Valentini
2950 1018 3411 1073 combinationem
3436 1060 3452 1085 ,
3501 1018 3661 1089 Bythi

2079 1101 2290 1155 scilicet
2325 1111 2378 1156 et
2425 1101 2616 1172 Siges,
2672 1104 2841 1160 fuisse
2883 1122 2913 1160 a
2960 1109 3353 1163 vetustioribus
3382 1109 3663 1163 Gnosticis

2080 1192 2330 1247 haustam
2356 1212 2370 1259 ;
2404 1196 2665 1259 secundo,
2682 1197 2943 1253 adversus
2972 1198 3249 1263 Dallazum,
3279 1199 3470 1271 Logon
3495 1200 3659 1254 etiam

2079 1283 2251 1339 fuisse
2280 1301 2309 1338 a
2339 1285 2419 1338 Nu
2452 1288 2802 1355 productum,
2830 1291 2924 1360 qui
2951 1307 2981 1345 a
3011 1291 3138 1361 Sige
3160 1294 3404 1347 emissus
3433 1303 3541 1353 est,
3571 1310 3660 1347 se.

2078 1378 2317 1431 cundum
2363 1378 2652 1436 Gnosticos
2695 1384 3057 1439 vetustiores:
3087 1383 3323 1439 lrenaeus
3356 1386 3410 1439 in
3464 1385 3661 1455 praefa-

2082 1470 2227 1522 tione
2265 1469 2387 1523 libri
2433 1473 2660 1527 secundi
2704 1483 3090 1543 argumentum
3125 1476 3246 1531 libri
3294 1476 3459 1545 primi
3506 1492 3663 1546 repe-

2081 1562 2517 1629 tensprofitetur
2544 1580 2603 1618 se
2634 1563 3142 1622 Valentinianorum
3174 1583 3480 1638 eorumque
3503 1569 3599 1638 qui
3634 1584 3665 1621 a

2084 1651 2309 1709 Simone
2333 1665 2461 1710 sunt
2487 1655 2874 1713 Gnosticorum
2911 1660 3191 1715 doctrinas
3216 1663 3579 1731 exposuisse;
3608 1663 3663 1716 in

2012 1726 2054 1782 Β
2083 1745 2188 1799 hoc
2225 1756 2404 1799 autem
2436 1749 2702 1816 promittit
2746 1765 2807 1805 se
2848 1765 3166 1806 eversurum
3204 1768 3425 1807 omnem
3471 1744 3695 1808 eorum'

2082 1835 2347 1903 regulam.
2385 1834 2537 1901 Quod
2564 1848 2621 1891 ιιι
2656 1842 2768 1905 tiat,
2803 1858 2821 1891 ι
2860 1849 3099 1910 oportet,
3131 1842 3331 1913 inquit,
3368 1843 3667 1899 abscondi-

2082 1938 2166 1983 tas
2194 1929 2441 1998 ipsorum
2473 1932 2890 2003 conjugationes
2913 1950 3010 2003 per
3036 1935 3455 1991 manifestarum
3480 1936 3671 2006 conju-

2082 2019 2363 2087 gationum
2413 2021 2674 2077 indicium
2717 2032 2771 2078 et
2814 2026 3150 2081 eversionem
3188 2026 3427 2098 Bythum
3461 2027 3667 2083 dissol-

2081 2124 2227 2165 vere.
2267 2134 2285 2164 ι
2318 2110 2526 2182 Bythus
2554 2114 2719 2183 igitur
2746 2125 2857 2169 tam
2893 2117 2960 2171 ad
2990 2128 3233 2173 veterum
3266 2118 3665 2175 Gnosticorum

2084 2216 2247 2270 quam
2283 2204 2351 2257 ad
2386 2201 2890 2261 Valentinianorum
2929 2210 3173 2277 regulam
3208 2211 3545 2279 pertinebat.
3576 2211 3672 2266 Ti-

2086 2296 2233 2350 tulus
2254 2297 2323 2351 52
2353 2298 2549 2368 capitis
2577 2298 2671 2354 lib.
2698 2314 2715 2353 ι
2747 2300 2837 2357 hic
2865 2311 2948 2357 est
2975 2320 2989 2357 :
3023 2321 3040 2355 ι
3072 2301 3205 2368 Quae
3235 2303 3349 2359 sint
3374 2304 3671 2361 Gnosticoo

2084 2403 2204 2442 rum
2221 2404 2441 2458 genera,
2461 2399 2515 2444 et
2540 2407 2661 2461 qua:
2688 2394 2989 2447 secundum
3017 2410 3111 2449 eos
3136 2396 3452 2462 sententia;
3477 2416 3496 2449 ι
3525 2408 3672 2451 certe

2084 2481 2153 2536 de
2197 2480 2536 2537 Simonianis
2582 2484 2657 2538 ibi
2697 2500 2858 2555 agere
2897 2485 3161 2541 Irenaeum
3195 2487 3333 2541 satis
3377 2502 3446 2542 ex
3488 2490 3674 2558 priore

2084 2575 2262 2643 capite
2294 2586 2461 2643 patet.
2505 2594 2524 2627 ι
2569 2576 2675 2629 Alii
2713 2586 2894 2631 autem
2922 2619 2937 2643 ,
2975 2577 3182 2647 inquit,
3214 2594 3410 2634 rursus
3446 2590 3673 2650 porten-

2086 2680 2207 2724 tnsa
2246 2670 2545 2739 loquuntur
2591 2686 2605 2720 :
2654 2685 2775 2725 esse
2808 2671 3083 2739 quoddam
3127 2671 3365 2740 primum
3396 2672 3584 2726 lumen
3618 2673 3671 2724 in

2084 2761 2289 2819 virtute
2302 2763 2462 2835 Bythi
2486 2763 2727 2831 beatum,
2753 2774 2807 2819 et
2831 2766 3243 2834 incorruptibile
3271 2776 3326 2821 et
3348 2766 3676 2820 intermina—

2088 2865 2224 2910 tum.
2263 2876 2283 2908 ι
2321 2854 2432 2909 Hos
2473 2865 2653 2910 autem
2702 2854 3051 2912 Simonianos
3079 2854 3371 2912 Valentino
3406 2857 3677 2912 vetustio-

2087 2964 2176 3004 res
2218 2947 2388 3003 fuisse
2424 2948 2559 3003 satis
2604 2949 2850 3003 indicant
2889 2950 3053 3003 verba
3093 2950 3289 3020 capitis
3332 2951 3621 3020 sequentis
3656 2961 3674 3001 :

404 3042 639 3097 animum
662 3087 677 3111 ν
720 3045 864 3115 quod
900 3061 965 3100 εχ
1011 3061 1079 3100 ρο
1122 3045 1311 3102 ιι-εηεηί
1354 3048 1496 3115 loco,
1528 3064 1690 3117 quem
1740 3050 1984 3113 adducit,
2014 3074 2057 3133 ο
2093 3058 2114 3091 ι
2224 3039 2423 3133 talibus
2454 3040 2743 3107 matribus,
2773 3052 2827 3095 et
2857 3040 3106 3110 patribus
3124 3053 3177 3096 et
3198 3042 3423 3111 proavis
3457 3058 3558 3098 eos
3579 3043 3676 3111 qui

403 3135 652 3205 exsculpi
703 3152 808 3191 non
853 3147 1054 3207 potest.
1094 3137 1178 3193 An
1206 3138 1299 3208 qui
1330 3139 1466 3194 dicit
1497 3158 1511 3194 :
1543 3159 1560 3192 ι
1594 3140 1697 3207 Qui
1730 3142 1875 3195 enim
1904 3150 1990 3196 est

405 3226 649 3294 primus,
690 3228 758 3281 ab
794 3244 857 3282 ea
880 3245 1004 3299 qua:
1033 3230 1234 3285 dicitur
1262 3231 1525 3287 Gnostica
1563 3233 1808 3298 lizercsis,
1852 3233 1993 3287 anti-

404 3330 545 3385 quas
591 3317 646 3371 in
689 3335 851 3373 suum
898 3322 1271 3377 characterem
1323 3323 1604 3380 doctrinas
1649 3326 1988 3381 transferens

404 3409 729 3468 Valentinus
769 3414 848 3469 sic
885 3416 1169 3481 dilliuivit,
1215 3418 1530 3472 dualitatem
1565 3420 1858 3489 quamdam
1901 3422 1989 3475 in-

404 3505 824 3574 nominabilem,
865 3509 1024 3578 cujus
1055 3511 1277 3579 quidem
1308 3511 1515 3580 aliquid
1553 3514 1736 3566 vocari
1770 3514 1991 3568 inenar-

404 3596 601 3661 rabile,
635 3599 784 3653 aliud
808 3610 992 3654 autem
1029 3601 1217 3671 Sigen,
1256 3622 1273 3654 ι
1314 3612 1476 3672 negat
1508 3601 1801 3659 Gnosticos
1836 3615 1988 3660 vete-

406 3704 494 3743 res
519 3689 784 3744 Prufundi
818 3702 875 3746 et
914 3691 1128 3746 Silentii
1165 3695 1631 3748 combinationem
1673 3693 1991 3749 induxisse?

405 3791 503 3834 aut
531 3782 663 3835 illud
693 3783 947 3849 allirmat,
979 3786 1126 3838 unde
1154 3801 1218 3840 ea
1254 3786 1474 3855 negatio
1515 3794 1811 3855 sequatur,
1843 3786 1991 3841 scili-

404 3876 493 3921 cet
544 3870 826 3938 proprium
869 3870 1142 3926 Valentini
1199 3874 1567 3929 characterem
1627 3876 1992 3931 combinatio-

408 3974 533 4012 nem
577 3960 722 4013 illam
752 3960 1017 4017 Profundi
1047 3972 1101 4016 ct
1126 3961 1339 4018 Silentii
1372 3965 1703 4033 protulisse?
1746 3965 1859 4036 Ego
1890 3984 1989 4023 nec

405 4048 648 4116 priorem
690 4053 1063 4120 negationem,
1110 4068 1213 4107 nec
1270 4055 1627 4123 posteriorem
1675 4055 1991 4112 aﬂirmatioo

408 4153 532 4192 nem
571 4139 625 4192 in
657 4141 838 4194 verbis
869 4139 1054 4195 lrenzei
1087 4144 1339 4211 reperio;
1375 4144 1487 4198 imo
1525 4161 1592 4199 ne
1628 4162 1827 4201 nomen
1857 4146 1991 4201 Pro-

408 4227 587 4293 fundi,
615 4229 731 4284 sive
764 4230 923 4301 Bythi
954 4234 1095 4287 inter
1123 4232 1363 4288 [Eonum
1403 4236 1627 4291 nomina
1658 4252 1723 4292 eo
1755 4238 1860 4293 loci
1907 4240 1990 4293 in-

407 4320 590 4383 venio,
616 4321 722 4375 nisi
753 4334 1052 4392 postquam
1074 4324 1295 4395 triginta
1321 4325 1525 4381 Aiones
1547 4327 1659 4397 jam
1681 4330 1987 4384 enumerati

2090 3148 2121 3187 a
2148 3130 2436 3187 Valentino
2483 3142 2644 3199 sunt,
2688 3133 2831 3188 sicut
2878 3136 3007 3204 ipsa;
3050 3133 3337 3189 sententize
3386 3144 3440 3189 et
3472 3134 3682 3205 regulae

2090 3224 2387 3278 ostendunt
2431 3239 2530 3279 eos
2554 3264 2567 3289 ,
2608 3239 2832 3279 necesse
2882 3224 2985 3279 fuit
3023 3224 3313 3280 manifeste
3358 3240 3615 3295 arguere.
3653 3242 3673 3275 ι

2090 3312 2206 3369 lloc
2243 3322 2425 3369 autem
2467 3322 2522 3369 et
2565 3315 2674 3370 alio
2721 3314 2907 3370 lrenaei
2945 3317 3066 3371 loco
3095 3316 3190 3371 lib.
3227 3331 3279 3380 ι,
3308 3330 3359 3371 c.
3406 3316 3499 3381 l9,
3532 3316 3682 3370 clare

2096 3407 2488 3476 comprobatur
2517 3425 2531 3462 :
2559 3428 2578 3459 ι
2600 3408 2736 3462 Cum
2758 3410 2827 3464 sit
2858 3410 3023 3477 igitur
3036 3408 3299 3462 adversus
3331 3422 3530 3462 omnes
3561 3407 3679 3461 [183'-

2090 3514 2241 3554 reses
2268 3498 2501 3553 detectio
2548 3509 2713 3571 atque
2758 3500 3030 3555 convictio
3058 3500 3205 3553 varia
3242 3506 3299 3553 et
3338 3498 3677 3563 multifaria,

2090 3601 2144 3644 et
2167 3592 2327 3646 nobis
2357 3593 2698 3661 propositum
2731 3601 2834 3659 est,
2867 3592 3123 3647 omnibus
3149 3592 3217 3646 iis
3246 3592 3556 3646 secundum
3588 3593 3680 3661 ip-

2091 3698 2277 3737 surum
2304 3685 2676 3739 characterem
2722 3685 3099 3739 contradicere
3120 3724 3136 3750 ,
3182 3686 3564 3739 necessarium
3592 3701 3684 3738 ar-

2090 3772 2273 3827 bitrati
2290 3789 2482 3828 sumus
2496 3777 2649 3843 prius
2673 3774 2880 3829 referre
2896 3775 3100 3829 fontem
3116 3784 3170 3828 et
3190 3775 3431 3829 radicem
3461 3792 3681 3841 eorum,

2095 3873 2155 3917 ut
2180 3863 2637 3919 sublimissimum
2670 3882 2859 3919 eorum
2893 3865 3124 3936 Bythum
3162 3868 3685 3936 cognoscensintel-

2091 3953 2230 4021 ligas
2247 3956 2499 4010 arborem
2522 3956 2588 4011 de
2608 3973 2715 4026 qua
2738 3957 3081 4013 deﬂuxerunt
3105 3959 3240 4013 tales
3260 3961 3499 4014 fructus.
3516 3979 3534 4010 ›
3558 3956 3686 4012 Fuit

2091 4045 2258 4114 igitur
2282 4046 2338 4098 in
2372 4046 2521 4101 fonte
2553 4058 2608 4103 et
2629 4050 2811 4104 radice
2838 4051 3102 4104 doctrinae
3133 4049 3408 4105 Gnostica:
3448 4050 3681 4122 Bytbus.

2090 4135 2217 4191 Fuit
2246 4148 2427 4193 autem
2467 4138 2595 4211 Sige
2642 4151 2735 4195 aut
2768 4140 2941 4212 Bytho
2975 4157 3177 4204 comva,
3212 4152 3306 4196 aut
3327 4143 3564 4197 fortasse
3593 4160 3687 4198 no-

2091 4245 2213 4284 men
2232 4230 2350 4300 ejus
2370 4232 2463 4286 illo
2475 4232 2629 4303 Bythi
2648 4234 2952 4304 antiquius;
2978 4234 3078 4303 ipsi
3095 4244 3240 4289 certe
3258 4233 3473 4289 Simoni
3498 4237 3687 4291 aderat

2090 4319 2319 4388 Elimea,
2342 4340 2463 4392 quze
2482 4333 2536 4377 et
2557 4324 2701 4395 Sige,
2723 4338 2777 4379 et
2796 4327 3014 4395 quidem
3035 4327 3102 4379 ab
3120 4326 3275 4381 initio
3299 4326 3427 4397 Sige
3452 4329 3687 4398 appella-

408 4421 620 4477 essent;
660 4412 810 4481 quod
859 4430 1141 4484 nunquam
1182 4427 1327 4472 certe
1371 4418 1593 4474 fecisset
1627 4421 1864 4476 lrcnmus
1883 4461 1897 4483 ,
1939 4422 1984 4475 si
2017 4425 2064 4484 D
2089 4422 2166 4477 la,
2186 4424 2245 4469 ut
2264 4416 2499 4470 ostendit
2530 4416 2799 4473 Eusebius
2820 4419 2893 4473 De
2920 4419 3047 4472 eccl.
3073 4418 3353 4488 theologia,
3378 4419 3416 4473 Ι.
3445 4436 3506 4484 ιι,
3534 4437 3584 4475 c.
3610 4422 3643 4476 9
3666 4441 3691 4476 ι

407 4518 607 4557 nomen
627 4503 782 4575 Bythi
810 4521 840 4560 a
861 4504 1152 4561 Valentino
1172 4508 1429 4577 primitus
1458 4511 1737 4567 inventum
1762 4523 1815 4567 et
1840 4514 1988 4568 illius

409 4595 712 4650 charaetcri
764 4600 1043 4666 peculiare
1078 4599 1293 4656 fuisset.
1324 4602 1495 4657 Miror
1527 4604 1781 4674 equidem
1825 4605 1987 4659 talem

409 4688 611 4753 virum,
634 4689 849 4757 qualem
874 4690 1046 4747 fuisse
1070 4692 1411 4747 Blondellum
1445 4695 1669 4761 volunt,
1694 4705 1805 4750 tam
1836 4712 1991 4751 secu-

409 4793 470 4832 re
515 4789 737 4849 tamque
776 4783 973 4851 supine
1019 4784 1284 4840 adversus
1342 4786 1754 4840 Armaclianum
1801 4788 1991 4857 dispu-

412 4881 581 4925 tasse.
625 4873 840 4927 Asserit
882 4874 1119 4931 lrenmus
1148 4876 1501 4932 Valentinum
1551 4880 1807 4949 antiquas
1838 4880 1991 4935 Gno-

411 4968 679 5033 sticorum
723 4967 1004 5025 doctrinas
1048 4970 1102 5024 in
1140 4986 1300 5026 suum
1343 4974 1716 5027 characterem
1750 4956 1992 5026 transtu-

410 5059 571 5125 lisse;
598 5075 707 5114 non
729 5071 910 5115 autem
931 5079 1050 5117 eam
1077 5065 1274 5127 solam,
1300 5068 1393 5118 sed
1417 5075 1469 5118 et
1492 5065 1730 5133 reliquas
1756 5066 1991 5120 breviter

410 5152 718 5222 percurrit,
767 5162 1048 5225 totamque
1076 5154 1349 5209 Valentini
1407 5158 1807 5226 mataaologiam
1846 5175 1994 5213 sum-

412 5244 600 5297 matim
642 5245 981 5317 perstringit.
1035 5245 1094 5301 Si
1141 5247 1308 5318 igitur
1336 5262 1401 5301 eo
1431 5248 1535 5302 loci
1566 5246 1803 5305 lrenazus
1832 5262 1995 5321 negat

412 5344 623 5389 veteres
643 5336 938 5394 Gnosticos
952 5340 1183 5409 primam
1202 5340 1668 5395 combinationem
1690 5342 1991 5410 induxisse,

414 5423 557 5476 idem
588 5427 794 5493 pariter
817 5427 886 5483 de
908 5430 1168 5487 omnibus
1192 5431 1483 5487 dicendum
1514 5432 1637 5486 erit.
1674 5432 1745 5487 At
1773 5433 1818 5487 si
1845 5435 1993 5489 nulla

415 5527 481 5565 ex
510 5514 616 5575 illis
638 5518 1146 5576 combinationibus
1170 5537 1200 5576 a
1234 5520 1514 5575 veteribus
1542 5530 1763 5590 accepta
1789 5522 1880 5587 sit,
1901 5523 1992 5576 ubi

416 5616 578 5659 erunt
607 5606 711 5663 ille
735 5611 975 5682 antiqua:
1000 5612 1263 5668 doctrinae
1287 5653 1302 5677 ,
1335 5628 1473 5682 quas
1521 5613 1574 5666 in
1608 5629 1770 5668 suum
1801 5614 1994 5669 chara-

416 5702 618 5749 cterem
659 5702 1000 5757 transtulisse
1034 5701 1375 5757 Valentinum
1405 5704 1568 5756 tradit
1602 5702 1876 5757 lrcnarus?
1903 5705 1990 5758 ubi

2090 4505 2226 4558 Κατ’
2256 4506 2419 4559 αὐτὸν
2448 4507 2650 4562 ἐκεῖνον
2681 4510 2772 4563 τὸν
2799 4509 2906 4563 τῶν
2935 4509 3107 4563 ἀθέων
3137 4509 3483 4582 αἰρεσιωτῶν
3506 4512 3683 4584 ἀρχη-

2089 4597 2205 4666 γὸν,
2223 4598 2281 4661 ὃς
2293 4598 2361 4651 τὰ
2373 4599 2507 4654 ἄθεα
2519 4601 2858 4673 δογματίζων
2877 4602 3206 4672 ἀπεφαίνετο
3220 4599 3536 4671 λέγων,Ἦν
3552 4605 3685 4668 Θεὸς

2092 4690 2184 4743 καὶ
2204 4692 2356 4762 Σιγὴ.
2389 4710 2407 4742 ι
2439 4692 2749 4747 Secundum
2775 4695 2926 4749 illum
2950 4694 3243 4764 impiorum
3294 4693 3684 4749 haereticorum

2091 4782 2416 4853 principem,
2448 4786 2540 4854 qui
2580 4786 2745 4856 impia
2779 4787 3159 4856 dogmatizans
3188 4789 3571 4856 pronuntiavit
3609 4789 3685 4841 di-

2092 4892 2259 4932 cens:
2294 4877 2425 4932 Erat
2455 4878 2598 4935 Deus
2621 4891 2674 4935 et
2707 4878 2853 4950 Sige.
2886 4899 2903 4930 ι
2938 4877 3003 4934 Ει
3033 4881 3101 4935 de
3138 4880 3312 4950 prima
3337 4882 3563 4952 syzygia
3588 4880 3686 4951 By.

2092 4968 2171 5022 thi
2208 4978 2262 5023 et
2304 4968 2478 5039 Siges,
2521 4980 2781 5039 tanquam
2826 4972 2895 5025 ab
2922 4972 3179 5026 omnibus
3218 4973 3504 5027 veteribus
3536 4973 3688 5026 Gno-

2094 5061 2266 5127 sticis,
2309 5078 2414 5116 non
2446 5061 2844 5117 Valentinianis
2892 5071 3141 5127 tantum,
3193 5064 3379 5132 agnita
3433 5064 3685 5133 loquitur

2094 5153 2330 5207 Irenaaus
2361 5154 2457 5209 lib.
2487 5170 2525 5219 1,
2568 5170 2688 5224 cap.
2732 5155 2785 5209 5.
2817 5153 2952 5208 Nam
2988 5171 3113 5209 cum
3146 5170 3346 5208 novam
3378 5154 3686 5225 quamdam

2094 5242 2443 5313 archegonon
2495 5245 2901 5299 octonationem
2962 5245 3030 5299 ab
3094 5244 3374 5314 aliquibus
3404 5243 3687 5299 Valentini

2094 5333 2380 5402 discipulis
2416 5336 2779 5406 excogitatam
2824 5346 3085 5403 notasset,
3136 5356 3154 5388 ι
3187 5337 3288 5391 has
3318 5337 3559 5404 volunt,
3603 5338 3692 5391 in-

2095 5424 2245 5494 quit,
2274 5424 2504 5478 virtutes
2540 5424 2711 5481 fuisse
2753 5434 2880 5480 ante
2914 5425 3150 5496 Bythum
3186 5436 3241 5480 et
3293 5423 3504 5495 Sigen,
3544 5446 3563 5479 ι
3602 5426 3693 5479 ἴνα

2095 5516 2313 5572 τελείων
2356 5517 2677 5588 τελειότεροι
2724 5518 2962 5586 φανῶσιν
2998 5517 3185 5581 ὄντες,
3222 5516 3315 5570 καὶ
3363 5517 3695 5586 γνωστικῶν

2095 5608 2563 5682 γνωστικώτεροι,
2595 5620 2750 5665 vetus
2783 5609 3052 5679 interpres
3094 5625 3193 5679 pro
3226 5625 3330 5664 sua
3380 5610 3439 5663 in
3484 5610 3693 5665 Gram-is

2101 5703 2389 5774 inqua-ilia,
2428 5723 2446 5753 ι
2484 5714 2534 5757 ιιι
2571 5701 2937 5773 perfecturum
2974 5701 3332 5772 perfectiores
3358 5706 3687 5773 appareant,
