  <div class='ocr_page' id='page_1' title='image "/cluster/home/n/w/nwhite01/storage/ocr_20150623/5/hvd.32044019206598/170.png"; bbox 0 0 3770 6310; ppageno 0'>
   <div class='ocr_carea' id='block_1_1' title="bbox 76 298 1623 371">
    <p class='ocr_par' dir='ltr' id='par_1_1' title="bbox 76 298 1623 371">
     <span class='ocr_line' id='line_1_1' title="bbox 76 298 1623 371; baseline -0.007 0"><span class='ocrx_word' id='word_1_1' title='bbox 76 313 161 371; x_wconf 54' lang='grc' dir='ltr'><strong>ὖὲό</strong></span> <span class='ocrx_word' id='word_1_2' title='bbox 747 309 798 368; x_wconf 77' lang='lat'><strong>1.</strong></span> <span class='ocrx_word' id='word_1_3' title='bbox 839 298 1212 366; x_wconf 73' lang='lat' dir='ltr'><strong>PEARSONII</strong></span> <span class='ocrx_word' id='word_1_4' title='bbox 1246 307 1571 364; x_wconf 63' lang='lat' dir='ltr'><strong>VlNDlCIIE</strong></span> <span class='ocrx_word' id='word_1_5' title='bbox 1616 306 1623 360; x_wconf 91' lang='lat' dir='ltr'>l</span> 
     </span>
    </p>
   </div>
   <div class='ocr_carea' id='block_1_2' title="bbox 1800 298 2468 371">
    <p class='ocr_par' dir='ltr' id='par_1_2' title="bbox 1800 304 2468 363">
     <span class='ocr_line' id='line_1_2' title="bbox 1800 304 2468 363; baseline -0.003 -3"><span class='ocrx_word' id='word_1_6' title='bbox 1800 304 2035 363; x_wconf 78' lang='grc' dir='ltr'><strong>ΙΊΑΝᾹΞ.</strong></span> <span class='ocrx_word' id='word_1_7' title='bbox 2082 339 2148 348; x_wconf 85' lang='grc'><strong>--</strong></span> <span class='ocrx_word' id='word_1_8' title='bbox 2186 306 2367 361; x_wconf 80' lang='lat' dir='ltr'><strong>PARS</strong></span> <span class='ocrx_word' id='word_1_9' title='bbox 2406 304 2468 359; x_wconf 89' lang='lat' dir='ltr'><strong>ll.</strong></span> 
     </span>
    </p>
   </div>
   <div class='ocr_carea' id='block_1_3' title="bbox 3204 302 3309 361">
    <p class='ocr_par' dir='ltr' id='par_1_3' title="bbox 3204 302 3309 361">
     <span class='ocr_line' id='line_1_3' title="bbox 3204 302 3309 361; baseline 0.029 -3"><span class='ocrx_word' id='word_1_10' title='bbox 3204 302 3309 361; x_wconf 67' lang='lat'><strong>316</strong></span> 
     </span>
    </p>
   </div>
   <div class='ocr_carea' id='block_1_4' title="bbox 74 426 3309 502">
    <p class='ocr_par' dir='ltr' id='par_1_4' title="bbox 74 426 3309 502">
     <span class='ocr_line' id='line_1_4' title="bbox 74 426 3309 502; baseline -0.002 -16"><span class='ocrx_word' id='word_1_11' title='bbox 74 444 118 486; x_wconf 85' lang='lat' dir='ltr'><strong>et</strong></span> <span class='ocrx_word' id='word_1_12' title='bbox 162 429 537 486; x_wconf 85' lang='lat' dir='ltr'><strong>Gnosticorum</strong></span> <span class='ocrx_word' id='word_1_13' title='bbox 586 426 763 502; x_wconf 82' lang='lat' dir='ltr'><strong>magis</strong></span> <span class='ocrx_word' id='word_1_14' title='bbox 794 432 1040 488; x_wconf 80' lang='lat' dir='ltr'><strong>Gnostiei</strong></span> <span class='ocrx_word' id='word_1_15' title='bbox 1079 432 1205 487; x_wconf 90' lang='lat' dir='ltr'><strong>viri.</strong></span> <span class='ocrx_word' id='word_1_16' title='bbox 1251 454 1268 486; x_wconf 75' lang='grc' dir='ltr'>ι</span> <span class='ocrx_word' id='word_1_17' title='bbox 1322 431 1385 487; x_wconf 85' lang='lat' dir='ltr'><strong>Et</strong></span> <span class='ocrx_word' id='word_1_18' title='bbox 1435 432 1621 487; x_wconf 89' lang='lat' dir='ltr'><strong>statim</strong></span> <span class='ocrx_word' id='word_1_19' title='bbox 1650 433 1697 488; x_wconf 81' lang='grc' dir='ltr'>Α</span> <span class='ocrx_word' id='word_1_20' title='bbox 1720 429 1838 483; x_wconf 90' lang='lat' dir='ltr'><strong>dito</strong></span> <span class='ocrx_word' id='word_1_21' title='bbox 1869 430 2153 485; x_wconf 89' lang='lat' dir='ltr'><strong>continere</strong></span> <span class='ocrx_word' id='word_1_22' title='bbox 2179 445 2274 500; x_wconf 91' lang='lat' dir='ltr'><strong>per</strong></span> <span class='ocrx_word' id='word_1_23' title='bbox 2305 430 2605 485; x_wconf 75' lang='lat' dir='ltr'><strong>silentium.</strong></span> <span class='ocrx_word' id='word_1_24' title='bbox 2647 448 2666 481; x_wconf 69' lang='grc' dir='ltr'><strong><em>ι</em></strong></span> <span class='ocrx_word' id='word_1_25' title='bbox 2699 426 2861 486; x_wconf 84' lang='lat' dir='ltr'><strong>Certe</strong></span> <span class='ocrx_word' id='word_1_26' title='bbox 2884 426 3016 481; x_wconf 91' lang='lat' dir='ltr'><strong>illud</strong></span> <span class='ocrx_word' id='word_1_27' title='bbox 3052 444 3071 477; x_wconf 74' lang='grc' dir='ltr'>ι</span> <span class='ocrx_word' id='word_1_28' title='bbox 3111 439 3207 496; x_wconf 85' lang='lat' dir='ltr'><strong>per</strong></span> <span class='ocrx_word' id='word_1_29' title='bbox 3229 428 3309 480; x_wconf 86' lang='lat' dir='ltr'><strong>si-</strong></span> 
     </span>
    </p>
   </div>
   <div class='ocr_carea' id='block_1_5' title="bbox 72 516 1621 595">
    <p class='ocr_par' dir='ltr' id='par_1_5' title="bbox 72 516 1621 595">
     <span class='ocr_line' id='line_1_5' title="bbox 72 516 1621 595; baseline 0 -18"><span class='ocrx_word' id='word_1_30' title='bbox 72 522 312 577; x_wconf 79' lang='lat' dir='ltr'><strong>cxelamat</strong></span> <span class='ocrx_word' id='word_1_31' title='bbox 334 539 346 575; x_wconf 94' lang='lat'><strong>:</strong></span> <span class='ocrx_word' id='word_1_32' title='bbox 371 516 441 574; x_wconf 79' lang='grc' dir='ltr'><strong><em>Ὦ</em></strong></span> <span class='ocrx_word' id='word_1_33' title='bbox 469 521 751 595; x_wconf 81' lang='grc' dir='ltr'>ληρολόγοι</span> <span class='ocrx_word' id='word_1_34' title='bbox 786 523 1035 592; x_wconf 78' lang='grc' dir='ltr'><strong>σοφισταὶ</strong></span> <span class='ocrx_word' id='word_1_35' title='bbox 1057 564 1073 588; x_wconf 84' lang='grc'><em>,</em></span> <span class='ocrx_word' id='word_1_36' title='bbox 1110 524 1214 587; x_wconf 91' lang='lat' dir='ltr'><strong>vel,</strong></span> <span class='ocrx_word' id='word_1_37' title='bbox 1243 524 1381 577; x_wconf 91' lang='lat' dir='ltr'><strong>utin</strong></span> <span class='ocrx_word' id='word_1_38' title='bbox 1412 521 1621 577; x_wconf 75' lang='lat' dir='ltr'><strong>Latinis</strong></span> 
     </span>
    </p>
   </div>
   <div class='ocr_carea' id='block_1_6' title="bbox 72 612 1622 685">
    <p class='ocr_par' dir='ltr' id='par_1_6' title="bbox 72 612 1622 685">
     <span class='ocr_line' id='line_1_6' title="bbox 72 612 1622 685; baseline -0.001 -16"><span class='ocrx_word' id='word_1_39' title='bbox 72 616 316 684; x_wconf 82' lang='lat' dir='ltr'><strong>legimus:</strong></span> <span class='ocrx_word' id='word_1_40' title='bbox 358 631 377 666; x_wconf 72' lang='grc' dir='ltr'>ι</span> <span class='ocrx_word' id='word_1_41' title='bbox 415 612 460 669; x_wconf 94' lang='grc' dir='ltr'>Ο</span> <span class='ocrx_word' id='word_1_42' title='bbox 486 630 727 685; x_wconf 90' lang='lat' dir='ltr'><strong>pepones</strong></span> <span class='ocrx_word' id='word_1_43' title='bbox 751 656 765 677; x_wconf 85' lang='lat'><strong>,</strong></span> <span class='ocrx_word' id='word_1_44' title='bbox 800 617 1062 685; x_wconf 73' lang='lat' dir='ltr'><strong>sOphista:</strong></span> <span class='ocrx_word' id='word_1_45' title='bbox 1101 614 1527 684; x_wconf 88' lang='lat' dir='ltr'><strong>vituperabiles,</strong></span> <span class='ocrx_word' id='word_1_46' title='bbox 1566 623 1622 667; x_wconf 93' lang='lat' dir='ltr'><strong>et</strong></span> 
     </span>
    </p>
   </div>
   <div class='ocr_carea' id='block_1_7' title="bbox 74 705 1623 776">
    <p class='ocr_par' dir='ltr' id='par_1_7' title="bbox 74 705 1623 776">
     <span class='ocr_line' id='line_1_7' title="bbox 74 705 1623 776; baseline -0.001 -16"><span class='ocrx_word' id='word_1_47' title='bbox 74 724 167 760; x_wconf 89' lang='lat' dir='ltr'><strong>non</strong></span> <span class='ocrx_word' id='word_1_48' title='bbox 194 706 307 761; x_wconf 86' lang='lat' dir='ltr'><strong>viri.</strong></span> <span class='ocrx_word' id='word_1_49' title='bbox 348 724 367 758; x_wconf 70' lang='grc' dir='ltr'><strong><em>ι</em></strong></span> <span class='ocrx_word' id='word_1_50' title='bbox 407 705 720 776; x_wconf 77' lang='lat' dir='ltr'><strong>Respondet</strong></span> <span class='ocrx_word' id='word_1_51' title='bbox 746 708 810 761; x_wconf 91' lang='lat' dir='ltr'><strong>ad</strong></span> <span class='ocrx_word' id='word_1_52' title='bbox 851 709 997 763; x_wconf 88' lang='lat' dir='ltr'><strong>hunc</strong></span> <span class='ocrx_word' id='word_1_53' title='bbox 1020 710 1199 763; x_wconf 87' lang='lat' dir='ltr'><strong>locum</strong></span> <span class='ocrx_word' id='word_1_54' title='bbox 1234 708 1303 761; x_wconf 91' lang='lat' dir='ltr'><strong>ab</strong></span> <span class='ocrx_word' id='word_1_55' title='bbox 1332 705 1623 759; x_wconf 87' lang='lat' dir='ltr'><strong>llammon-</strong></span> 
     </span>
    </p>
   </div>
   <div class='ocr_carea' id='block_1_8' title="bbox 73 796 1623 862">
    <p class='ocr_par' dir='ltr' id='par_1_8' title="bbox 73 796 1623 862">
     <span class='ocr_line' id='line_1_8' title="bbox 73 796 1623 862; baseline -0.003 -8"><span class='ocrx_word' id='word_1_56' title='bbox 73 798 132 854; x_wconf 91' lang='lat' dir='ltr'><strong>do</strong></span> <span class='ocrx_word' id='word_1_57' title='bbox 161 799 279 854; x_wconf 92' lang='lat' dir='ltr'><strong>olim</strong></span> <span class='ocrx_word' id='word_1_58' title='bbox 322 798 617 853; x_wconf 86' lang='lat' dir='ltr'><strong>adductum</strong></span> <span class='ocrx_word' id='word_1_59' title='bbox 669 798 938 862; x_wconf 69' lang='lat' dir='ltr'><strong>Dallzeus,</strong></span> <span class='ocrx_word' id='word_1_60' title='bbox 975 809 1029 854; x_wconf 90' lang='lat' dir='ltr'><strong>et</strong></span> <span class='ocrx_word' id='word_1_61' title='bbox 1061 799 1357 854; x_wconf 84' lang='lat' dir='ltr'><strong>Gnosticos</strong></span> <span class='ocrx_word' id='word_1_62' title='bbox 1402 796 1491 852; x_wconf 88' lang='lat' dir='ltr'><strong>hic</strong></span> <span class='ocrx_word' id='word_1_63' title='bbox 1533 811 1623 850; x_wconf 87' lang='lat' dir='ltr'><strong>re-</strong></span> 
     </span>
    </p>
   </div>
   <div class='ocr_carea' id='block_1_9' title="bbox 74 887 1619 959">
    <p class='ocr_par' dir='ltr' id='par_1_9' title="bbox 74 887 1619 959">
     <span class='ocr_line' id='line_1_9' title="bbox 74 887 1619 959; baseline -0.001 -16"><span class='ocrx_word' id='word_1_64' title='bbox 74 890 265 959; x_wconf 83' lang='lat' dir='ltr'><strong>stringit</strong></span> <span class='ocrx_word' id='word_1_65' title='bbox 285 890 349 943; x_wconf 87' lang='lat' dir='ltr'><strong>ad</strong></span> <span class='ocrx_word' id='word_1_66' title='bbox 386 908 404 940; x_wconf 76' lang='grc' dir='ltr'>ι</span> <span class='ocrx_word' id='word_1_67' title='bbox 438 887 787 943; x_wconf 76' lang='lat' dir='ltr'><strong>Valentinum</strong></span> <span class='ocrx_word' id='word_1_68' title='bbox 820 899 872 943; x_wconf 91' lang='lat' dir='ltr'><strong>et</strong></span> <span class='ocrx_word' id='word_1_69' title='bbox 898 890 1107 944; x_wconf 88' lang='lat' dir='ltr'><strong>similes</strong></span> <span class='ocrx_word' id='word_1_70' title='bbox 1138 888 1406 943; x_wconf 81' lang='lat' dir='ltr'><strong>Axionieo</strong></span> <span class='ocrx_word' id='word_1_71' title='bbox 1449 887 1619 941; x_wconf 83' lang='lat' dir='ltr'><strong>disci-</strong></span> 
     </span>
    </p>
   </div>
   <div class='ocr_carea' id='block_1_10' title="bbox 72 978 1621 1050">
    <p class='ocr_par' dir='ltr' id='par_1_10' title="bbox 72 978 1621 1050">
     <span class='ocr_line' id='line_1_10' title="bbox 72 978 1621 1050; baseline -0.001 -17"><span class='ocrx_word' id='word_1_72' title='bbox 72 981 224 1049; x_wconf 85' lang='lat' dir='ltr'><strong>pulos,</strong></span> <span class='ocrx_word' id='word_1_73' title='bbox 263 981 307 1034; x_wconf 92' lang='lat' dir='ltr'><strong>si</strong></span> <span class='ocrx_word' id='word_1_74' title='bbox 333 979 548 1050; x_wconf 83' lang='lat' dir='ltr'><strong>regulas</strong></span> <span class='ocrx_word' id='word_1_75' title='bbox 594 980 840 1047; x_wconf 75' lang='lat' dir='ltr'><strong>magistri</strong></span> <span class='ocrx_word' id='word_1_76' title='bbox 888 981 1129 1049; x_wconf 83' lang='lat' dir='ltr'><strong>integras</strong></span> <span class='ocrx_word' id='word_1_77' title='bbox 1159 979 1327 1033; x_wconf 89' lang='lat' dir='ltr'><strong>nullis</strong></span> <span class='ocrx_word' id='word_1_78' title='bbox 1360 978 1621 1032; x_wconf 88' lang='lat' dir='ltr'><strong>auctariis</strong></span> 
     </span>
    </p>
   </div>
   <div class='ocr_carea' id='block_1_11' title="bbox 73 1069 1621 1141">
    <p class='ocr_par' dir='ltr' id='par_1_11' title="bbox 73 1069 1621 1141">
     <span class='ocr_line' id='line_1_11' title="bbox 73 1069 1621 1141; baseline 0 -17"><span class='ocrx_word' id='word_1_79' title='bbox 73 1072 395 1140; x_wconf 87' lang='lat' dir='ltr'><strong>interpolatas</strong></span> <span class='ocrx_word' id='word_1_80' title='bbox 439 1072 861 1127; x_wconf 88' lang='lat' dir='ltr'><strong>custodiebant:</strong></span> <span class='ocrx_word' id='word_1_81' title='bbox 904 1091 922 1123; x_wconf 76' lang='grc' dir='ltr'><strong><em>ι</em></strong></span> <span class='ocrx_word' id='word_1_82' title='bbox 958 1086 1129 1141; x_wconf 87' lang='lat' dir='ltr'><strong>quare</strong></span> <span class='ocrx_word' id='word_1_83' title='bbox 1175 1079 1357 1126; x_wconf 89' lang='lat' dir='ltr'><strong>autem</strong></span> <span class='ocrx_word' id='word_1_84' title='bbox 1403 1069 1471 1124; x_wconf 83' lang='lat' dir='ltr'><strong>ad</strong></span> <span class='ocrx_word' id='word_1_85' title='bbox 1518 1069 1621 1124; x_wconf 86' lang='lat' dir='ltr'><strong>bos</strong></span> 
     </span>
    </p>
   </div>
   <div class='ocr_carea' id='block_1_12' title="bbox 74 1166 1091 1235">
    <p class='ocr_par' dir='ltr' id='par_1_12' title="bbox 74 1166 1091 1235">
     <span class='ocr_line' id='line_1_12' title="bbox 74 1166 1091 1235; baseline 0.003 -18"><span class='ocrx_word' id='word_1_86' title='bbox 74 1166 357 1235; x_wconf 87' lang='lat' dir='ltr'><strong>restringat,</strong></span> <span class='ocrx_word' id='word_1_87' title='bbox 384 1166 650 1220; x_wconf 89' lang='lat' dir='ltr'><strong>rationem</strong></span> <span class='ocrx_word' id='word_1_88' title='bbox 685 1166 889 1220; x_wconf 89' lang='lat' dir='ltr'><strong>nullam</strong></span> <span class='ocrx_word' id='word_1_89' title='bbox 916 1166 1091 1220; x_wconf 75' lang='lat' dir='ltr'><strong>affert.</strong></span> 
     </span>
    </p>
   </div>
   <div class='ocr_carea' id='block_1_13' title="bbox 132 1255 1619 1327">
    <p class='ocr_par' dir='ltr' id='par_1_13' title="bbox 132 1255 1619 1327">
     <span class='ocr_line' id='line_1_13' title="bbox 132 1255 1619 1327; baseline 0.001 -19"><span class='ocrx_word' id='word_1_90' title='bbox 132 1256 310 1310; x_wconf 82' lang='lat' dir='ltr'><strong>Fateor</strong></span> <span class='ocrx_word' id='word_1_91' title='bbox 340 1258 594 1327; x_wconf 87' lang='lat' dir='ltr'><strong>equidem</strong></span> <span class='ocrx_word' id='word_1_92' title='bbox 625 1256 974 1312; x_wconf 74' lang='lat' dir='ltr'><strong>Valentinum</strong></span> <span class='ocrx_word' id='word_1_93' title='bbox 1009 1266 1063 1311; x_wconf 91' lang='lat' dir='ltr'><strong>et</strong></span> <span class='ocrx_word' id='word_1_94' title='bbox 1106 1257 1319 1312; x_wconf 91' lang='lat' dir='ltr'><strong>similes</strong></span> <span class='ocrx_word' id='word_1_95' title='bbox 1348 1255 1619 1311; x_wconf 81' lang='lat' dir='ltr'><strong>Axionieo</strong></span> 
     </span>
    </p>
   </div>
   <div class='ocr_carea' id='block_1_14' title="bbox 70 1347 1619 1419">
    <p class='ocr_par' dir='ltr' id='par_1_14' title="bbox 70 1347 1619 1419">
     <span class='ocr_line' id='line_1_14' title="bbox 70 1347 1619 1419; baseline 0.004 -22"><span class='ocrx_word' id='word_1_96' title='bbox 70 1347 342 1417; x_wconf 88' lang='lat' dir='ltr'><strong>discipulos</strong></span> <span class='ocrx_word' id='word_1_97' title='bbox 374 1350 584 1418; x_wconf 88' lang='lat' dir='ltr'><strong>seipsos</strong></span> <span class='ocrx_word' id='word_1_98' title='bbox 621 1350 927 1418; x_wconf 85' lang='lat' dir='ltr'><strong>appellasse</strong></span> <span class='ocrx_word' id='word_1_99' title='bbox 952 1348 1282 1415; x_wconf 88' lang='lat' dir='ltr'><strong>Gnostieos;</strong></span> <span class='ocrx_word' id='word_1_100' title='bbox 1326 1349 1418 1403; x_wconf 90' lang='lat' dir='ltr'><strong>sed</strong></span> <span class='ocrx_word' id='word_1_101' title='bbox 1448 1364 1619 1419; x_wconf 85' lang='lat' dir='ltr'><strong>quare</strong></span> 
     </span>
    </p>
   </div>
   <div class='ocr_carea' id='block_1_15' title="bbox 76 1442 1616 1513">
    <p class='ocr_par' dir='ltr' id='par_1_15' title="bbox 76 1442 1616 1513">
     <span class='ocr_line' id='line_1_15' title="bbox 76 1442 1616 1513; baseline 0.003 -20"><span class='ocrx_word' id='word_1_102' title='bbox 76 1442 117 1494; x_wconf 88' lang='lat' dir='ltr'><strong>hi</strong></span> <span class='ocrx_word' id='word_1_103' title='bbox 143 1444 234 1496; x_wconf 92' lang='lat' dir='ltr'><strong>soli</strong></span> <span class='ocrx_word' id='word_1_104' title='bbox 272 1443 377 1496; x_wconf 87' lang='lat' dir='ltr'><strong>hoc</strong></span> <span class='ocrx_word' id='word_1_105' title='bbox 416 1444 538 1497; x_wconf 80' lang='lat' dir='ltr'><strong>loco</strong></span> <span class='ocrx_word' id='word_1_106' title='bbox 582 1444 683 1498; x_wconf 89' lang='lat' dir='ltr'><strong>sub</strong></span> <span class='ocrx_word' id='word_1_107' title='bbox 732 1443 951 1497; x_wconf 85' lang='lat' dir='ltr'><strong>nomine</strong></span> <span class='ocrx_word' id='word_1_108' title='bbox 982 1443 1219 1512; x_wconf 73' lang='lat' dir='ltr'><strong>generali</strong></span> <span class='ocrx_word' id='word_1_109' title='bbox 1252 1442 1616 1513; x_wconf 85' lang='lat' dir='ltr'><strong>perfecturum</strong></span> 
     </span>
    </p>
   </div>
   <div class='ocr_carea' id='block_1_16' title="bbox 68 1534 1620 1605">
    <p class='ocr_par' dir='ltr' id='par_1_16' title="bbox 68 1534 1620 1605">
     <span class='ocr_line' id='line_1_16' title="bbox 68 1534 1620 1605; baseline 0.003 -19"><span class='ocrx_word' id='word_1_110' title='bbox 68 1544 111 1586; x_wconf 87' lang='lat' dir='ltr'><strong>et</strong></span> <span class='ocrx_word' id='word_1_111' title='bbox 138 1534 511 1590; x_wconf 89' lang='lat' dir='ltr'><strong>Gnosticorum</strong></span> <span class='ocrx_word' id='word_1_112' title='bbox 538 1535 763 1605; x_wconf 83' lang='lat' dir='ltr'><strong>intelligi</strong></span> <span class='ocrx_word' id='word_1_113' title='bbox 797 1535 1063 1601; x_wconf 76' lang='lat' dir='ltr'><strong>debeant,</strong></span> <span class='ocrx_word' id='word_1_114' title='bbox 1095 1546 1188 1590; x_wconf 93' lang='lat' dir='ltr'><strong>aut</strong></span> <span class='ocrx_word' id='word_1_115' title='bbox 1228 1536 1508 1605; x_wconf 88' lang='lat' dir='ltr'><strong>quomodo</strong></span> <span class='ocrx_word' id='word_1_116' title='bbox 1534 1553 1620 1591; x_wconf 85' lang='lat' dir='ltr'><strong>re-</strong></span> 
     </span>
    </p>
   </div>
   <div class='ocr_carea' id='block_1_17' title="bbox 67 1625 1620 1695">
    <p class='ocr_par' dir='ltr' id='par_1_17' title="bbox 67 1625 1620 1695">
     <span class='ocr_line' id='line_1_17' title="bbox 67 1625 1620 1695; baseline 0.001 -16"><span class='ocrx_word' id='word_1_117' title='bbox 67 1634 137 1679; x_wconf 87' lang='lat' dir='ltr'><strong>cte</strong></span> <span class='ocrx_word' id='word_1_118' title='bbox 160 1627 396 1695; x_wconf 86' lang='lat' dir='ltr'><strong>possint,</strong></span> <span class='ocrx_word' id='word_1_119' title='bbox 432 1641 541 1680; x_wconf 91' lang='lat' dir='ltr'><strong>non</strong></span> <span class='ocrx_word' id='word_1_120' title='bbox 575 1626 752 1681; x_wconf 88' lang='lat' dir='ltr'><strong>video.</strong></span> <span class='ocrx_word' id='word_1_121' title='bbox 788 1625 1111 1681; x_wconf 81' lang='lat' dir='ltr'><strong>Valentinus</strong></span> <span class='ocrx_word' id='word_1_122' title='bbox 1152 1626 1349 1682; x_wconf 89' lang='lat' dir='ltr'><strong>unicus</strong></span> <span class='ocrx_word' id='word_1_123' title='bbox 1394 1626 1533 1693; x_wconf 87' lang='lat' dir='ltr'><strong>fuit,</strong></span> <span class='ocrx_word' id='word_1_124' title='bbox 1566 1636 1620 1681; x_wconf 91' lang='lat' dir='ltr'><strong>et</strong></span> 
     </span>
    </p>
   </div>
   <div class='ocr_carea' id='block_1_18' title="bbox 70 1717 1618 1788">
    <p class='ocr_par' dir='ltr' id='par_1_18' title="bbox 70 1717 1618 1788">
     <span class='ocr_line' id='line_1_18' title="bbox 70 1717 1618 1788; baseline 0.001 -18"><span class='ocrx_word' id='word_1_125' title='bbox 70 1717 349 1785; x_wconf 87' lang='lat' dir='ltr'><strong>hujusmodi</strong></span> <span class='ocrx_word' id='word_1_126' title='bbox 375 1718 627 1787; x_wconf 88' lang='lat' dir='ltr'><strong>discipuli</strong></span> <span class='ocrx_word' id='word_1_127' title='bbox 657 1719 750 1787; x_wconf 89' lang='lat' dir='ltr'><strong>qui</strong></span> <span class='ocrx_word' id='word_1_128' title='bbox 789 1733 914 1772; x_wconf 88' lang='lat' dir='ltr'><strong>eum</strong></span> <span class='ocrx_word' id='word_1_129' title='bbox 950 1734 1045 1788; x_wconf 89' lang='lat' dir='ltr'><strong>per</strong></span> <span class='ocrx_word' id='word_1_130' title='bbox 1089 1718 1273 1773; x_wconf 92' lang='lat' dir='ltr'><strong>omnia</strong></span> <span class='ocrx_word' id='word_1_131' title='bbox 1319 1732 1618 1787; x_wconf 89' lang='lat' dir='ltr'><strong>sequeren-</strong></span> 
     </span>
    </p>
   </div>
   <div class='ocr_carea' id='block_1_19' title="bbox 1726 520 3307 591">
    <p class='ocr_par' dir='ltr' id='par_1_19' title="bbox 1726 520 3307 591">
     <span class='ocr_line' id='line_1_19' title="bbox 1726 520 3307 591; baseline -0.001 -15"><span class='ocrx_word' id='word_1_132' title='bbox 1726 522 1953 577; x_wconf 90' lang='lat' dir='ltr'><strong>lentium</strong></span> <span class='ocrx_word' id='word_1_133' title='bbox 1996 540 2015 573; x_wconf 76' lang='grc' dir='ltr'><strong><em>ι</em></strong></span> <span class='ocrx_word' id='word_1_134' title='bbox 2060 522 2339 577; x_wconf 87' lang='lat' dir='ltr'><strong>transtulit</strong></span> <span class='ocrx_word' id='word_1_135' title='bbox 2366 522 2541 577; x_wconf 80' lang='lat' dir='ltr'><strong>ﬁdelis</strong></span> <span class='ocrx_word' id='word_1_136' title='bbox 2570 521 2665 579; x_wconf 91' lang='lat' dir='ltr'><strong>sed</strong></span> <span class='ocrx_word' id='word_1_137' title='bbox 2698 521 2987 591; x_wconf 90' lang='lat' dir='ltr'><strong>imperitus</strong></span> <span class='ocrx_word' id='word_1_138' title='bbox 3012 520 3307 589; x_wconf 88' lang='lat' dir='ltr'><strong>interpres,</strong></span> 
     </span>
    </p>
   </div>
   <div class='ocr_carea' id='block_1_20' title="bbox 1722 613 3313 685">
    <p class='ocr_par' dir='ltr' id='par_1_20' title="bbox 1722 613 3313 685">
     <span class='ocr_line' id='line_1_20' title="bbox 1722 613 3313 685; baseline -0.001 -17"><span class='ocrx_word' id='word_1_139' title='bbox 1722 630 1787 670; x_wconf 89' lang='lat' dir='ltr'><strong>ac</strong></span> <span class='ocrx_word' id='word_1_140' title='bbox 1828 615 1873 669; x_wconf 91' lang='lat' dir='ltr'><strong>si</strong></span> <span class='ocrx_word' id='word_1_141' title='bbox 1900 615 2168 685; x_wconf 91' lang='lat' dir='ltr'><strong>scriptum</strong></span> <span class='ocrx_word' id='word_1_142' title='bbox 2202 614 2399 671; x_wconf 88' lang='lat' dir='ltr'><strong>fuisset</strong></span> <span class='ocrx_word' id='word_1_143' title='bbox 2430 614 2617 670; x_wconf 62' lang='lat' dir='ltr'><strong>Graece</strong></span> <span class='ocrx_word' id='word_1_144' title='bbox 2636 614 2724 668; x_wconf 85' lang='grc' dir='ltr'>διὰ</span> <span class='ocrx_word' id='word_1_145' title='bbox 2754 614 2939 684; x_wconf 83' lang='grc' dir='ltr'><strong>Σιγῆς.</strong></span> <span class='ocrx_word' id='word_1_146' title='bbox 2965 628 3089 667; x_wconf 88' lang='lat' dir='ltr'><strong>eum</strong></span> <span class='ocrx_word' id='word_1_147' title='bbox 3124 613 3313 667; x_wconf 86' lang='lat' dir='ltr'><strong>verisi-</strong></span> 
     </span>
    </p>
   </div>
   <div class='ocr_carea' id='block_1_21' title="bbox 1722 704 3314 777">
    <p class='ocr_par' dir='ltr' id='par_1_21' title="bbox 1722 704 3314 777">
     <span class='ocr_line' id='line_1_21' title="bbox 1722 704 3314 777; baseline -0.003 -16"><span class='ocrx_word' id='word_1_148' title='bbox 1722 707 2009 761; x_wconf 89' lang='lat' dir='ltr'><strong>millimum</strong></span> <span class='ocrx_word' id='word_1_149' title='bbox 2057 708 2130 763; x_wconf 91' lang='lat' dir='ltr'><strong>sit</strong></span> <span class='ocrx_word' id='word_1_150' title='bbox 2173 708 2437 777; x_wconf 89' lang='lat' dir='ltr'><strong>scriptum</strong></span> <span class='ocrx_word' id='word_1_151' title='bbox 2473 707 2643 762; x_wconf 86' lang='lat' dir='ltr'><strong>fuisse</strong></span> <span class='ocrx_word' id='word_1_152' title='bbox 2667 708 2736 761; x_wconf 88' lang='lat' dir='ltr'><strong>ab</strong></span> <span class='ocrx_word' id='word_1_153' title='bbox 2762 708 2965 760; x_wconf 62' lang='lat' dir='ltr'><strong>lrena&#39;o</strong></span> <span class='ocrx_word' id='word_1_154' title='bbox 2993 704 3082 758; x_wconf 79' lang='grc' dir='ltr'><strong>διὰ</strong></span> <span class='ocrx_word' id='word_1_155' title='bbox 3112 705 3212 775; x_wconf 80' lang='grc' dir='ltr'>τὴν</span> <span class='ocrx_word' id='word_1_156' title='bbox 3229 704 3314 757; x_wconf 86' lang='grc' dir='ltr'><strong>Σι-</strong></span> 
     </span>
    </p>
   </div>
   <div class='ocr_carea' id='block_1_22' title="bbox 1721 799 3307 869">
    <p class='ocr_par' dir='ltr' id='par_1_22' title="bbox 1721 799 3307 869">
     <span class='ocr_line' id='line_1_22' title="bbox 1721 799 3307 869; baseline 0.001 -18"><span class='ocrx_word' id='word_1_157' title='bbox 1721 800 1844 869; x_wconf 82' lang='grc' dir='ltr'>γήν,</span> <span class='ocrx_word' id='word_1_158' title='bbox 1873 799 1924 854; x_wconf 91' lang='lat' dir='ltr'><strong>id</strong></span> <span class='ocrx_word' id='word_1_159' title='bbox 1954 810 2037 855; x_wconf 89' lang='lat' dir='ltr'><strong>est</strong></span> <span class='ocrx_word' id='word_1_160' title='bbox 2065 810 2279 869; x_wconf 84' lang='lat' dir='ltr'><strong>propter</strong></span> <span class='ocrx_word' id='word_1_161' title='bbox 2309 799 2500 869; x_wconf 76' lang='lat' dir='ltr'><strong>Sigeo;</strong></span> <span class='ocrx_word' id='word_1_162' title='bbox 2529 810 2585 855; x_wconf 92' lang='lat' dir='ltr'><strong>ut</strong></span> <span class='ocrx_word' id='word_1_163' title='bbox 2613 801 2859 869; x_wconf 78' lang='lat' dir='ltr'><strong>loquitur</strong></span> <span class='ocrx_word' id='word_1_164' title='bbox 2900 799 3307 853; x_wconf 84' lang='lat' dir='ltr'><strong>Tertulliantts:</strong></span> 
     </span>
    </p>
   </div>
   <div class='ocr_carea' id='block_1_23' title="bbox 1663 892 3312 969">
    <p class='ocr_par' dir='ltr' id='par_1_23' title="bbox 1663 892 3312 969">
     <span class='ocr_line' id='line_1_23' title="bbox 1663 892 3312 969; baseline 0 -25"><span class='ocrx_word' id='word_1_165' title='bbox 1663 960 1674 969; x_wconf 84' lang='lat'><em>_</em></span> <span class='ocrx_word' id='word_1_166' title='bbox 1728 910 1746 944; x_wconf 74' lang='grc' dir='ltr'>ι</span> <span class='ocrx_word' id='word_1_167' title='bbox 1782 892 1887 947; x_wconf 87' lang='lat' dir='ltr'><strong>Sed</strong></span> <span class='ocrx_word' id='word_1_168' title='bbox 1921 893 2231 947; x_wconf 85' lang='lat' dir='ltr'><strong>intercessit</strong></span> <span class='ocrx_word' id='word_1_169' title='bbox 2261 905 2435 948; x_wconf 88' lang='lat' dir='ltr'><strong>mater</strong></span> <span class='ocrx_word' id='word_1_170' title='bbox 2487 893 2648 962; x_wconf 85' lang='lat' dir='ltr'><strong>Sige,</strong></span> <span class='ocrx_word' id='word_1_171' title='bbox 2693 893 2782 946; x_wconf 87' lang='lat' dir='ltr'><strong>illa</strong></span> <span class='ocrx_word' id='word_1_172' title='bbox 2826 892 3036 946; x_wconf 87' lang='lat' dir='ltr'><strong>scilicet</strong></span> <span class='ocrx_word' id='word_1_173' title='bbox 3058 934 3072 958; x_wconf 97' lang='lat'><strong>,</strong></span> <span class='ocrx_word' id='word_1_174' title='bbox 3107 906 3230 961; x_wconf 72' lang='lat' dir='ltr'><strong>quae</strong></span> <span class='ocrx_word' id='word_1_175' title='bbox 3257 902 3312 944; x_wconf 87' lang='lat' dir='ltr'><strong>ct</strong></span> 
     </span>
    </p>
   </div>
   <div class='ocr_carea' id='block_1_24' title="bbox 1724 984 2921 1055">
    <p class='ocr_par' dir='ltr' id='par_1_24' title="bbox 1724 984 2921 1055">
     <span class='ocr_line' id='line_1_24' title="bbox 1724 984 2921 1055; baseline -0.002 -17"><span class='ocrx_word' id='word_1_176' title='bbox 1724 986 1859 1055; x_wconf 88' lang='lat' dir='ltr'><strong>ipsis</strong></span> <span class='ocrx_word' id='word_1_177' title='bbox 1894 985 2166 1040; x_wconf 67' lang='lat' dir='ltr'><strong>haereticis</strong></span> <span class='ocrx_word' id='word_1_178' title='bbox 2192 984 2309 1040; x_wconf 88' lang='lat' dir='ltr'><strong>suis</strong></span> <span class='ocrx_word' id='word_1_179' title='bbox 2334 994 2515 1039; x_wconf 89' lang='lat' dir='ltr'><strong>tacere</strong></span> <span class='ocrx_word' id='word_1_180' title='bbox 2542 984 2863 1054; x_wconf 68' lang='lat' dir='ltr'><strong>praescribit.</strong></span> <span class='ocrx_word' id='word_1_181' title='bbox 2902 1002 2921 1036; x_wconf 74' lang='grc' dir='ltr'>ι</span> 
     </span>
    </p>
   </div>
   <div class='ocr_carea' id='block_1_25' title="bbox 1796 1073 3311 1145">
    <p class='ocr_par' dir='ltr' id='par_1_25' title="bbox 1796 1073 3311 1145">
     <span class='ocr_line' id='line_1_25' title="bbox 1796 1073 3311 1145; baseline -0.001 -16"><span class='ocrx_word' id='word_1_182' title='bbox 1796 1075 2322 1131; x_wconf 87' lang='lat' dir='ltr'><strong>Luculentissimum</strong></span> <span class='ocrx_word' id='word_1_183' title='bbox 2367 1076 2603 1145; x_wconf 90' lang='lat' dir='ltr'><strong>denique</strong></span> <span class='ocrx_word' id='word_1_184' title='bbox 2633 1076 3012 1130; x_wconf 89' lang='lat' dir='ltr'><strong>testimonium</strong></span> <span class='ocrx_word' id='word_1_185' title='bbox 3037 1082 3123 1129; x_wconf 91' lang='lat' dir='ltr'><strong>est</strong></span> <span class='ocrx_word' id='word_1_186' title='bbox 3162 1073 3311 1141; x_wconf 87' lang='lat' dir='ltr'><strong>quod</strong></span> 
     </span>
    </p>
   </div>
   <div class='ocr_carea' id='block_1_26' title="bbox 1723 1164 3308 1237">
    <p class='ocr_par' dir='ltr' id='par_1_26' title="bbox 1723 1164 3308 1237">
     <span class='ocr_line' id='line_1_26' title="bbox 1723 1164 3308 1237; baseline -0.003 -16"><span class='ocrx_word' id='word_1_187' title='bbox 1723 1167 1882 1223; x_wconf 88' lang='lat' dir='ltr'><strong>nobis</strong></span> <span class='ocrx_word' id='word_1_188' title='bbox 1924 1168 2125 1237; x_wconf 73' lang='lat' dir='ltr'><strong>praebet</strong></span> <span class='ocrx_word' id='word_1_189' title='bbox 2165 1166 2460 1235; x_wconf 79' lang='lat' dir='ltr'><strong>Gregorius</strong></span> <span class='ocrx_word' id='word_1_190' title='bbox 2490 1164 2870 1221; x_wconf 84' lang='lat' dir='ltr'><strong>Nazianzenus</strong></span> <span class='ocrx_word' id='word_1_191' title='bbox 2912 1166 3161 1220; x_wconf 89' lang='lat' dir='ltr'><strong>oratione</strong></span> <span class='ocrx_word' id='word_1_192' title='bbox 3196 1164 3308 1218; x_wconf 75' lang='lat'><strong>2&#39;5:</strong></span> 
     </span>
    </p>
   </div>
   <div class='ocr_carea' id='block_1_27' title="bbox 1734 1252 3311 1331">
    <p class='ocr_par' dir='ltr' id='par_1_27' title="bbox 1734 1252 3311 1331">
     <span class='ocr_line' id='line_1_27' title="bbox 1734 1252 3311 1331; baseline -0.003 -16"><span class='ocrx_word' id='word_1_193' title='bbox 1734 1260 1925 1315; x_wconf 84' lang='grc' dir='ltr'>Ἦνίκα</span> <span class='ocrx_word' id='word_1_194' title='bbox 1949 1261 2190 1331; x_wconf 80' lang='grc' dir='ltr'><strong>Σίμωνες</strong></span> <span class='ocrx_word' id='word_1_195' title='bbox 2225 1259 2325 1330; x_wconf 84' lang='grc' dir='ltr'>μὲν</span> <span class='ocrx_word' id='word_1_196' title='bbox 2354 1260 2447 1312; x_wconf 75' lang='grc' dir='ltr'>καὶ</span> <span class='ocrx_word' id='word_1_197' title='bbox 2479 1252 2805 1331; x_wconf 83' lang='grc' dir='ltr'>Μαρκίωνες</span> <span class='ocrx_word' id='word_1_198' title='bbox 2825 1299 2839 1322; x_wconf 87' lang='grc'><em>,</em></span> <span class='ocrx_word' id='word_1_199' title='bbox 2881 1258 3222 1312; x_wconf 76' lang='grc' dir='ltr'>Οὐαλεντῖνοί</span> <span class='ocrx_word' id='word_1_200' title='bbox 3249 1257 3311 1311; x_wconf 82' lang='grc' dir='ltr'>τέ</span> 
     </span>
    </p>
   </div>
   <div class='ocr_carea' id='block_1_28' title="bbox 1718 1350 3311 1423">
    <p class='ocr_par' dir='ltr' id='par_1_28' title="bbox 1718 1350 3311 1423">
     <span class='ocr_line' id='line_1_28' title="bbox 1718 1350 3311 1423; baseline -0.002 -16"><span class='ocrx_word' id='word_1_201' title='bbox 1718 1371 1863 1417; x_wconf 85' lang='grc' dir='ltr'>τινες</span> <span class='ocrx_word' id='word_1_202' title='bbox 1887 1354 1979 1407; x_wconf 76' lang='grc' dir='ltr'><strong>καὶ</strong></span> <span class='ocrx_word' id='word_1_203' title='bbox 2012 1353 2314 1406; x_wconf 82' lang='grc' dir='ltr'><strong>Βασιλεῖδαι</strong></span> <span class='ocrx_word' id='word_1_204' title='bbox 2350 1353 2445 1405; x_wconf 76' lang='grc' dir='ltr'><strong>καὶ</strong></span> <span class='ocrx_word' id='word_1_205' title='bbox 2484 1351 2787 1422; x_wconf 77' lang='grc' dir='ltr'>Κέρδωνες,</span> <span class='ocrx_word' id='word_1_206' title='bbox 2821 1350 3083 1423; x_wconf 72' lang='grc' dir='ltr'>Κήρινθοί</span> <span class='ocrx_word' id='word_1_207' title='bbox 3111 1368 3170 1403; x_wconf 90' lang='grc' dir='ltr'><strong>τε</strong></span> <span class='ocrx_word' id='word_1_208' title='bbox 3214 1351 3311 1404; x_wconf 76' lang='grc' dir='ltr'>καὶ</span> 
     </span>
    </p>
   </div>
   <div class='ocr_carea' id='block_1_29' title="bbox 1722 1442 3308 1517">
    <p class='ocr_par' dir='ltr' id='par_1_29' title="bbox 1722 1442 3308 1517">
     <span class='ocr_line' id='line_1_29' title="bbox 1722 1442 3308 1517; baseline -0.003 -17"><span class='ocrx_word' id='word_1_209' title='bbox 1722 1447 2143 1517; x_wconf 80' lang='grc' dir='ltr'>Καρποκράτεις</span> <span class='ocrx_word' id='word_1_210' title='bbox 2180 1445 2273 1498; x_wconf 67' lang='grc' dir='ltr'><strong>κα)⁵</strong></span> <span class='ocrx_word' id='word_1_211' title='bbox 2303 1444 2508 1514; x_wconf 80' lang='grc' dir='ltr'>πᾶσαή</span> <span class='ocrx_word' id='word_1_212' title='bbox 2541 1443 2669 1513; x_wconf 72' lang='grc' dir='ltr'>περὶ</span> <span class='ocrx_word' id='word_1_213' title='bbox 2703 1444 2946 1506; x_wconf 77' lang='grc' dir='ltr'><strong>ἐκείνους</strong></span> <span class='ocrx_word' id='word_1_214' title='bbox 2976 1442 3213 1514; x_wconf 78' lang='grc' dir='ltr'>φλυαρία</span> <span class='ocrx_word' id='word_1_215' title='bbox 3246 1459 3308 1495; x_wconf 81' lang='grc' dir='ltr'><strong>τε</strong></span> 
     </span>
    </p>
   </div>
   <div class='ocr_carea' id='block_1_30' title="bbox 1721 1536 3307 1610">
    <p class='ocr_par' dir='ltr' id='par_1_30' title="bbox 1721 1536 3307 1610">
     <span class='ocr_line' id='line_1_30' title="bbox 1721 1536 3307 1610; baseline -0.003 -17"><span class='ocrx_word' id='word_1_216' title='bbox 1721 1539 1815 1593; x_wconf 72' lang='grc' dir='ltr'><strong>καὶ</strong></span> <span class='ocrx_word' id='word_1_217' title='bbox 1848 1538 2100 1610; x_wconf 80' lang='grc' dir='ltr'>τερατεία</span> <span class='ocrx_word' id='word_1_218' title='bbox 2136 1538 2228 1590; x_wconf 74' lang='grc' dir='ltr'><strong>ἐπὶ</strong></span> <span class='ocrx_word' id='word_1_219' title='bbox 2256 1537 2504 1590; x_wconf 69' lang='grc' dir='ltr'>πλεῖστθν</span> <span class='ocrx_word' id='word_1_220' title='bbox 2527 1537 2618 1589; x_wconf 83' lang='grc' dir='ltr'><strong>τὸν</strong></span> <span class='ocrx_word' id='word_1_221' title='bbox 2645 1537 2753 1589; x_wconf 84' lang='grc' dir='ltr'><strong>τῶν</strong></span> <span class='ocrx_word' id='word_1_222' title='bbox 2780 1537 2915 1590; x_wconf 79' lang='grc' dir='ltr'>ὅλων</span> <span class='ocrx_word' id='word_1_223' title='bbox 2944 1536 3077 1589; x_wconf 76' lang='grc' dir='ltr'>Θεὸν</span> <span class='ocrx_word' id='word_1_224' title='bbox 3111 1538 3307 1607; x_wconf 79' lang='grc' dir='ltr'>τεμόν-</span> 
     </span>
    </p>
   </div>
   <div class='ocr_carea' id='block_1_31' title="bbox 1718 1627 3312 1700">
    <p class='ocr_par' dir='ltr' id='par_1_31' title="bbox 1718 1627 3312 1700">
     <span class='ocr_line' id='line_1_31' title="bbox 1718 1627 3312 1700; baseline -0.002 -18"><span class='ocrx_word' id='word_1_225' title='bbox 1718 1646 1831 1693; x_wconf 79' lang='grc' dir='ltr'>τες,</span> <span class='ocrx_word' id='word_1_226' title='bbox 1866 1630 1961 1682; x_wconf 73' lang='grc' dir='ltr'><strong>καὶ</strong></span> <span class='ocrx_word' id='word_1_227' title='bbox 1993 1629 2132 1700; x_wconf 80' lang='grc' dir='ltr'>ὑπὲρ</span> <span class='ocrx_word' id='word_1_228' title='bbox 2152 1628 2245 1681; x_wconf 76' lang='grc' dir='ltr'><strong>τοῦ</strong></span> <span class='ocrx_word' id='word_1_229' title='bbox 2264 1628 2493 1696; x_wconf 81' lang='grc' dir='ltr'><strong>Ἀγαθοῦ</strong></span> <span class='ocrx_word' id='word_1_230' title='bbox 2521 1627 2598 1696; x_wconf 81' lang='grc' dir='ltr'>τῷ</span> <span class='ocrx_word' id='word_1_231' title='bbox 2617 1627 2934 1697; x_wconf 79' lang='grc' dir='ltr'><strong>δημιουργῷ</strong></span> <span class='ocrx_word' id='word_1_232' title='bbox 2966 1627 3312 1697; x_wconf 78' lang='grc' dir='ltr'>πολεμήσαν-</span> 
     </span>
    </p>
   </div>
   <div class='ocr_carea' id='block_1_32' title="bbox 1720 1717 3309 1790">
    <p class='ocr_par' dir='ltr' id='par_1_32' title="bbox 1720 1717 3309 1790">
     <span class='ocr_line' id='line_1_32' title="bbox 1720 1717 3309 1790; baseline -0.004 -15"><span class='ocrx_word' id='word_1_233' title='bbox 1720 1740 1810 1786; x_wconf 83' lang='grc' dir='ltr'>τες</span> <span class='ocrx_word' id='word_1_234' title='bbox 1834 1722 2024 1776; x_wconf 79' lang='grc' dir='ltr'>ἔπειτα</span> <span class='ocrx_word' id='word_1_235' title='bbox 2046 1719 2426 1790; x_wconf 78' lang='grc' dir='ltr'>κατεπόθησαν</span> <span class='ocrx_word' id='word_1_236' title='bbox 2447 1718 2523 1789; x_wconf 80' lang='grc' dir='ltr'>τῷ</span> <span class='ocrx_word' id='word_1_237' title='bbox 2547 1718 2755 1770; x_wconf 81' lang='grc' dir='ltr'>ἑαυτῶν</span> <span class='ocrx_word' id='word_1_238' title='bbox 2770 1717 2924 1787; x_wconf 83' lang='grc' dir='ltr'><strong>Βυθῴ</strong></span> <span class='ocrx_word' id='word_1_239' title='bbox 2956 1718 3048 1770; x_wconf 72' lang='grc' dir='ltr'><strong>καὶ</strong></span> <span class='ocrx_word' id='word_1_240' title='bbox 3074 1720 3141 1788; x_wconf 83' lang='grc' dir='ltr'>τῇ</span> <span class='ocrx_word' id='word_1_241' title='bbox 3174 1718 3309 1788; x_wconf 78' lang='grc' dir='ltr'><strong>Σιγῇ</strong></span> 
     </span>
    </p>
   </div>
   <div class='ocr_carea' id='block_1_33' title="bbox 68 1805 1623 1885">
    <p class='ocr_par' dir='ltr' id='par_1_33' title="bbox 68 1805 1617 1879">
     <span class='ocr_line' id='line_1_33' title="bbox 68 1805 1617 1879; baseline -0.001 -19"><span class='ocrx_word' id='word_1_242' title='bbox 68 1818 157 1872; x_wconf 88' lang='lat' dir='ltr'><strong>tur,</strong></span> <span class='ocrx_word' id='word_1_243' title='bbox 187 1823 277 1862; x_wconf 89' lang='lat' dir='ltr'><strong>nec</strong></span> <span class='ocrx_word' id='word_1_244' title='bbox 307 1808 515 1879; x_wconf 90' lang='lat' dir='ltr'><strong>aliquid</strong></span> <span class='ocrx_word' id='word_1_245' title='bbox 545 1807 781 1863; x_wconf 84' lang='lat' dir='ltr'><strong>inventis</strong></span> <span class='ocrx_word' id='word_1_246' title='bbox 809 1808 929 1878; x_wconf 87' lang='lat' dir='ltr'><strong>ejus</strong></span> <span class='ocrx_word' id='word_1_247' title='bbox 962 1807 1247 1871; x_wconf 82' lang='lat' dir='ltr'><strong>adderent,</strong></span> <span class='ocrx_word' id='word_1_248' title='bbox 1273 1805 1460 1861; x_wconf 71' lang='lat' dir='ltr'><strong>lrenaai</strong></span> <span class='ocrx_word' id='word_1_249' title='bbox 1483 1814 1617 1860; x_wconf 71' lang='lat' dir='ltr'><strong>aeta-</strong></span> 
     </span>
    </p>
   </div>
   <div class='ocr_carea' id='block_1_34' title="bbox 1800 1805 3316 1885">
    <p class='ocr_par' dir='ltr' id='par_1_34' title="bbox 1806 1806 3316 1885">
     <span class='ocr_line' id='line_1_34' title="bbox 1806 1806 3316 1885; baseline -0.004 -18"><span class='ocrx_word' id='word_1_250' title='bbox 1806 1812 2120 1885; x_wconf 83' lang='grc' dir='ltr'>ραδοθὲντες</span> <span class='ocrx_word' id='word_1_251' title='bbox 2136 1810 2328 1881; x_wconf 81' lang='grc' dir='ltr'>ὥσπερ</span> <span class='ocrx_word' id='word_1_252' title='bbox 2348 1806 2414 1881; x_wconf 78' lang='grc' dir='ltr'>ἦν</span> <span class='ocrx_word' id='word_1_253' title='bbox 2429 1809 2595 1873; x_wconf 70' lang='grc' dir='ltr'>ἄξων.</span> <span class='ocrx_word' id='word_1_254' title='bbox 2624 1828 2640 1860; x_wconf 72' lang='grc' dir='ltr'>ι</span> <span class='ocrx_word' id='word_1_255' title='bbox 2659 1809 2795 1863; x_wconf 89' lang='lat' dir='ltr'><strong>Cum</strong></span> <span class='ocrx_word' id='word_1_256' title='bbox 2823 1808 3075 1863; x_wconf 84' lang='lat' dir='ltr'><strong>Simones</strong></span> <span class='ocrx_word' id='word_1_257' title='bbox 3096 1820 3149 1863; x_wconf 91' lang='lat' dir='ltr'><strong>et</strong></span> <span class='ocrx_word' id='word_1_258' title='bbox 3171 1808 3316 1862; x_wconf 77' lang='lat' dir='ltr'><strong>Mar-</strong></span> 
     </span>
    </p>
   </div>
   <div class='ocr_carea' id='block_1_35' title="bbox 68 1899 1620 1971">
    <p class='ocr_par' dir='ltr' id='par_1_35' title="bbox 68 1899 1620 1971">
     <span class='ocr_line' id='line_1_35' title="bbox 68 1899 1620 1971; baseline 0 -18"><span class='ocrx_word' id='word_1_259' title='bbox 68 1910 123 1961; x_wconf 86' lang='lat' dir='ltr'><strong>te,</strong></span> <span class='ocrx_word' id='word_1_260' title='bbox 149 1900 434 1955; x_wconf 89' lang='lat' dir='ltr'><strong>admodum</strong></span> <span class='ocrx_word' id='word_1_261' title='bbox 472 1901 632 1971; x_wconf 89' lang='lat' dir='ltr'><strong>pauci</strong></span> <span class='ocrx_word' id='word_1_262' title='bbox 659 1900 919 1955; x_wconf 87' lang='lat' dir='ltr'><strong>fuerunt:</strong></span> <span class='ocrx_word' id='word_1_263' title='bbox 956 1899 1279 1955; x_wconf 86' lang='lat' dir='ltr'><strong>Tertulliani</strong></span> <span class='ocrx_word' id='word_1_264' title='bbox 1322 1908 1469 1956; x_wconf 89' lang='lat' dir='ltr'><strong>certe</strong></span> <span class='ocrx_word' id='word_1_265' title='bbox 1503 1914 1620 1953; x_wconf 82' lang='lat' dir='ltr'><strong>:evo</strong></span> 
     </span>
    </p>
   </div>
   <div class='ocr_carea' id='block_1_36' title="bbox 66 1991 1621 2062">
    <p class='ocr_par' dir='ltr' id='par_1_36' title="bbox 66 1991 1621 2062">
     <span class='ocr_line' id='line_1_36' title="bbox 66 1991 1621 2062; baseline 0 -17"><span class='ocrx_word' id='word_1_266' title='bbox 66 1992 193 2047; x_wconf 83' lang='lat' dir='ltr'><strong>solus</strong></span> <span class='ocrx_word' id='word_1_267' title='bbox 210 2009 272 2047; x_wconf 86' lang='lat' dir='ltr'><strong>ex</strong></span> <span class='ocrx_word' id='word_1_268' title='bbox 297 1994 370 2049; x_wconf 86' lang='lat' dir='ltr'><strong>iis</strong></span> <span class='ocrx_word' id='word_1_269' title='bbox 390 1993 689 2048; x_wconf 80' lang='lat' dir='ltr'><strong>Axionieus</strong></span> <span class='ocrx_word' id='word_1_270' title='bbox 710 1993 994 2047; x_wconf 82' lang='lat' dir='ltr'><strong>remansit.</strong></span> <span class='ocrx_word' id='word_1_271' title='bbox 1024 1991 1199 2057; x_wconf 88' lang='lat' dir='ltr'><strong>Quam</strong></span> <span class='ocrx_word' id='word_1_272' title='bbox 1227 1991 1421 2062; x_wconf 85' lang='lat' dir='ltr'><strong>ignava</strong></span> <span class='ocrx_word' id='word_1_273' title='bbox 1456 1991 1621 2062; x_wconf 84' lang='lat' dir='ltr'><strong>igitur</strong></span> 
     </span>
    </p>
   </div>
   <div class='ocr_carea' id='block_1_37' title="bbox 66 2084 1622 2155">
    <p class='ocr_par' dir='ltr' id='par_1_37' title="bbox 66 2084 1622 2155">
     <span class='ocr_line' id='line_1_37' title="bbox 66 2084 1622 2155; baseline 0.001 -18"><span class='ocrx_word' id='word_1_274' title='bbox 66 2094 184 2138; x_wconf 80' lang='lat' dir='ltr'><strong>esset</strong></span> <span class='ocrx_word' id='word_1_275' title='bbox 211 2085 319 2140; x_wconf 51' lang='lat' dir='ltr'><strong>hate</strong></span> <span class='ocrx_word' id='word_1_276' title='bbox 353 2086 738 2155; x_wconf 76' lang='lat' dir='ltr'><strong>exprobratio,</strong></span> <span class='ocrx_word' id='word_1_277' title='bbox 783 2085 929 2155; x_wconf 90' lang='lat' dir='ltr'><strong>quod</strong></span> <span class='ocrx_word' id='word_1_278' title='bbox 964 2084 1154 2154; x_wconf 79' lang='lat' dir='ltr'><strong>paucis</strong></span> <span class='ocrx_word' id='word_1_279' title='bbox 1200 2084 1529 2154; x_wconf 85' lang='lat' dir='ltr'><strong>quibusdam</strong></span> <span class='ocrx_word' id='word_1_280' title='bbox 1566 2092 1622 2139; x_wconf 93' lang='lat' dir='ltr'><strong>et</strong></span> 
     </span>
    </p>
   </div>
   <div class='ocr_carea' id='block_1_38' title="bbox 66 2176 1620 2247">
    <p class='ocr_par' dir='ltr' id='par_1_38' title="bbox 66 2176 1620 2247">
     <span class='ocr_line' id='line_1_38' title="bbox 66 2176 1620 2247; baseline 0.002 -18"><span class='ocrx_word' id='word_1_281' title='bbox 66 2177 471 2243; x_wconf 87' lang='lat' dir='ltr'><strong>particularibus</strong></span> <span class='ocrx_word' id='word_1_282' title='bbox 504 2177 786 2233; x_wconf 85' lang='lat' dir='ltr'><strong>Gnosticis</strong></span> <span class='ocrx_word' id='word_1_283' title='bbox 814 2178 986 2232; x_wconf 89' lang='lat' dir='ltr'><strong>videri</strong></span> <span class='ocrx_word' id='word_1_284' title='bbox 1023 2177 1221 2232; x_wconf 86' lang='lat' dir='ltr'><strong>vellent</strong></span> <span class='ocrx_word' id='word_1_285' title='bbox 1266 2176 1620 2247; x_wconf 81' lang='lat' dir='ltr'><strong>perfectiores</strong></span> 
     </span>
    </p>
   </div>
   <div class='ocr_carea' id='block_1_39' title="bbox 66 2268 1621 2339">
    <p class='ocr_par' dir='ltr' id='par_1_39' title="bbox 66 2268 1621 2339">
     <span class='ocr_line' id='line_1_39' title="bbox 66 2268 1621 2339; baseline 0.002 -18"><span class='ocrx_word' id='word_1_286' title='bbox 66 2276 109 2321; x_wconf 86' lang='lat' dir='ltr'><strong>et</strong></span> <span class='ocrx_word' id='word_1_287' title='bbox 132 2270 290 2338; x_wconf 83' lang='lat' dir='ltr'><strong>magis</strong></span> <span class='ocrx_word' id='word_1_288' title='bbox 316 2268 609 2325; x_wconf 84' lang='lat' dir='ltr'><strong>Gnostici!</strong></span> <span class='ocrx_word' id='word_1_289' title='bbox 643 2269 952 2325; x_wconf 72' lang='lat' dir='ltr'><strong>Przesertim</strong></span> <span class='ocrx_word' id='word_1_290' title='bbox 991 2284 1114 2323; x_wconf 92' lang='lat' dir='ltr'><strong>cum</strong></span> <span class='ocrx_word' id='word_1_291' title='bbox 1158 2268 1393 2339; x_wconf 74' lang='lat' dir='ltr'><strong>obiectio</strong></span> <span class='ocrx_word' id='word_1_292' title='bbox 1423 2269 1475 2324; x_wconf 94' lang='lat' dir='ltr'><strong>in</strong></span> <span class='ocrx_word' id='word_1_293' title='bbox 1522 2269 1621 2324; x_wconf 89' lang='lat' dir='ltr'><strong>Se-</strong></span> 
     </span>
    </p>
   </div>
   <div class='ocr_carea' id='block_1_40' title="bbox 66 2358 1621 2429">
    <p class='ocr_par' dir='ltr' id='par_1_40' title="bbox 66 2358 1621 2429">
     <span class='ocr_line' id='line_1_40' title="bbox 66 2358 1621 2429; baseline 0.005 -21"><span class='ocrx_word' id='word_1_294' title='bbox 66 2360 362 2423; x_wconf 86' lang='lat' dir='ltr'><strong>cundianos,</strong></span> <span class='ocrx_word' id='word_1_295' title='bbox 390 2369 445 2413; x_wconf 90' lang='lat' dir='ltr'><strong>et</strong></span> <span class='ocrx_word' id='word_1_296' title='bbox 466 2358 855 2422; x_wconf 89' lang='lat' dir='ltr'><strong>Ptolemaieos.</strong></span> <span class='ocrx_word' id='word_1_297' title='bbox 884 2370 939 2414; x_wconf 91' lang='lat' dir='ltr'><strong>et</strong></span> <span class='ocrx_word' id='word_1_298' title='bbox 970 2359 1270 2415; x_wconf 83' lang='lat' dir='ltr'><strong>Marcosios</strong></span> <span class='ocrx_word' id='word_1_299' title='bbox 1294 2376 1358 2415; x_wconf 90' lang='lat' dir='ltr'><strong>ac</strong></span> <span class='ocrx_word' id='word_1_300' title='bbox 1379 2361 1621 2429; x_wconf 89' lang='lat' dir='ltr'><strong>reliquos</strong></span> 
     </span>
    </p>
   </div>
   <div class='ocr_carea' id='block_1_41' title="bbox 68 2452 1622 2523">
    <p class='ocr_par' dir='ltr' id='par_1_41' title="bbox 68 2452 1622 2523">
     <span class='ocr_line' id='line_1_41' title="bbox 68 2452 1622 2523; baseline 0.004 -24"><span class='ocrx_word' id='word_1_301' title='bbox 68 2464 259 2517; x_wconf 82' lang='lat' dir='ltr'><strong>omnes,</strong></span> <span class='ocrx_word' id='word_1_302' title='bbox 291 2462 563 2522; x_wconf 88' lang='lat' dir='ltr'><strong>quotquot</strong></span> <span class='ocrx_word' id='word_1_303' title='bbox 606 2453 809 2523; x_wconf 89' lang='lat' dir='ltr'><strong>aliquid</strong></span> <span class='ocrx_word' id='word_1_304' title='bbox 841 2452 1109 2507; x_wconf 88' lang='lat' dir='ltr'><strong>Valentini</strong></span> <span class='ocrx_word' id='word_1_305' title='bbox 1156 2452 1420 2508; x_wconf 65' lang='lat' dir='ltr'><strong>doctrina)</strong></span> <span class='ocrx_word' id='word_1_306' title='bbox 1468 2452 1622 2506; x_wconf 84' lang='lat' dir='ltr'><strong>addi-</strong></span> 
     </span>
    </p>
   </div>
   <div class='ocr_carea' id='block_1_42' title="bbox 70 2543 1622 2614">
    <p class='ocr_par' dir='ltr' id='par_1_42' title="bbox 70 2543 1622 2614">
     <span class='ocr_line' id='line_1_42' title="bbox 70 2543 1622 2614; baseline 0.002 -20"><span class='ocrx_word' id='word_1_307' title='bbox 70 2543 191 2605; x_wconf 69' lang='lat' dir='ltr'><strong>dere,</strong></span> <span class='ocrx_word' id='word_1_308' title='bbox 222 2546 551 2614; x_wconf 85' lang='lat' dir='ltr'><strong>quadraret;</strong></span> <span class='ocrx_word' id='word_1_309' title='bbox 587 2546 665 2599; x_wconf 93' lang='lat' dir='ltr'><strong>illi</strong></span> <span class='ocrx_word' id='word_1_310' title='bbox 703 2546 847 2600; x_wconf 91' lang='lat' dir='ltr'><strong>enim</strong></span> <span class='ocrx_word' id='word_1_311' title='bbox 883 2561 1075 2600; x_wconf 88' lang='lat' dir='ltr'><strong>omnes</strong></span> <span class='ocrx_word' id='word_1_312' title='bbox 1124 2544 1389 2614; x_wconf 76' lang='lat' dir='ltr'><strong>magistro</strong></span> <span class='ocrx_word' id='word_1_313' title='bbox 1428 2560 1529 2599; x_wconf 87' lang='lat' dir='ltr'><strong>suo</strong></span> <span class='ocrx_word' id='word_1_314' title='bbox 1568 2552 1622 2597; x_wconf 89' lang='lat' dir='ltr'><strong>et</strong></span> 
     </span>
    </p>
   </div>
   <div class='ocr_carea' id='block_1_43' title="bbox 72 2631 1624 2707">
    <p class='ocr_par' dir='ltr' id='par_1_43' title="bbox 72 2631 1624 2707">
     <span class='ocr_line' id='line_1_43' title="bbox 72 2631 1624 2707; baseline 0.007 -29"><span class='ocrx_word' id='word_1_315' title='bbox 72 2631 242 2687; x_wconf 75' lang='lat' dir='ltr'><strong>talibus</strong></span> <span class='ocrx_word' id='word_1_316' title='bbox 270 2637 559 2705; x_wconf 90' lang='lat' dir='ltr'><strong>discipulis</strong></span> <span class='ocrx_word' id='word_1_317' title='bbox 586 2637 947 2706; x_wconf 90' lang='lat' dir='ltr'><strong>sapientiores</strong></span> <span class='ocrx_word' id='word_1_318' title='bbox 976 2645 1029 2691; x_wconf 91' lang='lat' dir='ltr'><strong>et</strong></span> <span class='ocrx_word' id='word_1_319' title='bbox 1066 2634 1501 2707; x_wconf 79' lang='grc' dir='ltr'>γνωστικώτεροι</span> <span class='ocrx_word' id='word_1_320' title='bbox 1540 2636 1624 2689; x_wconf 87' lang='lat' dir='ltr'><strong>vi-</strong></span> 
     </span>
    </p>
   </div>
   <div class='ocr_carea' id='block_1_44' title="bbox 71 2719 1619 2798">
    <p class='ocr_par' dir='ltr' id='par_1_44' title="bbox 71 2719 1619 2798">
     <span class='ocr_line' id='line_1_44' title="bbox 71 2719 1619 2798; baseline 0.006 -30"><span class='ocrx_word' id='word_1_321' title='bbox 71 2719 163 2772; x_wconf 89' lang='lat' dir='ltr'><strong>deri</strong></span> <span class='ocrx_word' id='word_1_322' title='bbox 195 2724 502 2781; x_wconf 71' lang='lat' dir='ltr'><strong>voluerunt.</strong></span> <span class='ocrx_word' id='word_1_323' title='bbox 526 2726 707 2794; x_wconf 84' lang='lat' dir='ltr'><strong>Quare</strong></span> <span class='ocrx_word' id='word_1_324' title='bbox 738 2727 904 2798; x_wconf 81' lang='lat' dir='ltr'><strong>igitur</strong></span> <span class='ocrx_word' id='word_1_325' title='bbox 932 2728 1172 2781; x_wconf 69' lang='lat' dir='ltr'><strong>lrenmus</strong></span> <span class='ocrx_word' id='word_1_326' title='bbox 1203 2728 1287 2780; x_wconf 87' lang='lat' dir='ltr'><strong>his</strong></span> <span class='ocrx_word' id='word_1_327' title='bbox 1319 2726 1411 2797; x_wconf 90' lang='lat' dir='ltr'><strong>qui</strong></span> <span class='ocrx_word' id='word_1_328' title='bbox 1456 2725 1619 2779; x_wconf 88' lang='lat' dir='ltr'><strong>aliam</strong></span> 
     </span>
    </p>
   </div>
   <div class='ocr_carea' id='block_1_45' title="bbox 71 2816 1623 2890">
    <p class='ocr_par' dir='ltr' id='par_1_45' title="bbox 71 2816 1623 2890">
     <span class='ocr_line' id='line_1_45' title="bbox 71 2816 1623 2890; baseline 0.005 -26"><span class='ocrx_word' id='word_1_329' title='bbox 71 2816 447 2872; x_wconf 81' lang='lat' dir='ltr'><strong>octonationem</strong></span> <span class='ocrx_word' id='word_1_330' title='bbox 472 2820 873 2890; x_wconf 79' lang='lat' dir='ltr'><strong>excogitarunt,</strong></span> <span class='ocrx_word' id='word_1_331' title='bbox 906 2820 1038 2874; x_wconf 90' lang='lat' dir='ltr'><strong>illud</strong></span> <span class='ocrx_word' id='word_1_332' title='bbox 1072 2819 1405 2889; x_wconf 85' lang='lat' dir='ltr'><strong>exprobrat?</strong></span> <span class='ocrx_word' id='word_1_333' title='bbox 1443 2818 1623 2885; x_wconf 85' lang='lat' dir='ltr'><strong>Quare</strong></span> 
     </span>
    </p>
   </div>
   <div class='ocr_carea' id='block_1_46' title="bbox 71 2906 1622 2981">
    <p class='ocr_par' dir='ltr' id='par_1_46' title="bbox 71 2906 1622 2981">
     <span class='ocr_line' id='line_1_46' title="bbox 71 2906 1622 2981; baseline 0.009 -28"><span class='ocrx_word' id='word_1_334' title='bbox 71 2906 223 2959; x_wconf 84' lang='lat' dir='ltr'><strong>statim</strong></span> <span class='ocrx_word' id='word_1_335' title='bbox 256 2908 307 2961; x_wconf 89' lang='lat' dir='ltr'><strong>in</strong></span> <span class='ocrx_word' id='word_1_336' title='bbox 352 2913 812 2967; x_wconf 85' lang='lat' dir='ltr'><strong>exclamationem</strong></span> <span class='ocrx_word' id='word_1_337' title='bbox 857 2913 1005 2966; x_wconf 84' lang='lat' dir='ltr'><strong>illam</strong></span> <span class='ocrx_word' id='word_1_338' title='bbox 1051 2913 1309 2981; x_wconf 87' lang='lat' dir='ltr'><strong>erumpit,</strong></span> <span class='ocrx_word' id='word_1_339' title='bbox 1359 2912 1403 2967; x_wconf 91' lang='lat' dir='ltr'><strong>si</strong></span> <span class='ocrx_word' id='word_1_340' title='bbox 1434 2912 1622 2981; x_wconf 87' lang='lat' dir='ltr'><strong>paucis</strong></span> 
     </span>
    </p>
   </div>
   <div class='ocr_carea' id='block_1_47' title="bbox 71 3003 1623 3075">
    <p class='ocr_par' dir='ltr' id='par_1_47' title="bbox 71 3003 1623 3075">
     <span class='ocr_line' id='line_1_47' title="bbox 71 3003 1623 3075; baseline 0.008 -29"><span class='ocrx_word' id='word_1_341' title='bbox 71 3005 249 3052; x_wconf 78' lang='lat' dir='ltr'><strong>tantum</strong></span> <span class='ocrx_word' id='word_1_342' title='bbox 273 3003 607 3071; x_wconf 90' lang='lat' dir='ltr'><strong>quibusdam</strong></span> <span class='ocrx_word' id='word_1_343' title='bbox 638 3005 996 3075; x_wconf 88' lang='lat' dir='ltr'><strong>sapientiores</strong></span> <span class='ocrx_word' id='word_1_344' title='bbox 1021 3021 1079 3059; x_wconf 92' lang='lat' dir='ltr'><strong>se</strong></span> <span class='ocrx_word' id='word_1_345' title='bbox 1109 3006 1484 3060; x_wconf 87' lang='lat' dir='ltr'><strong>venditarent?</strong></span> <span class='ocrx_word' id='word_1_346' title='bbox 1507 3006 1623 3059; x_wconf 91' lang='lat' dir='ltr'><strong>lmo</strong></span> 
     </span>
    </p>
   </div>
   <div class='ocr_carea' id='block_1_48' title="bbox 69 3091 1619 3165">
    <p class='ocr_par' dir='ltr' id='par_1_48' title="bbox 69 3091 1619 3165">
     <span class='ocr_line' id='line_1_48' title="bbox 69 3091 1619 3165; baseline 0.006 -23"><span class='ocrx_word' id='word_1_347' title='bbox 69 3101 173 3142; x_wconf 79' lang='lat' dir='ltr'><strong>vero</strong></span> <span class='ocrx_word' id='word_1_348' title='bbox 200 3091 308 3148; x_wconf 68' lang='lat' dir='ltr'><strong>haec</strong></span> <span class='ocrx_word' id='word_1_349' title='bbox 343 3096 688 3165; x_wconf 81' lang='lat' dir='ltr'><strong>arehegonos</strong></span> <span class='ocrx_word' id='word_1_350' title='bbox 733 3097 1015 3152; x_wconf 90' lang='lat' dir='ltr'><strong>octonatio</strong></span> <span class='ocrx_word' id='word_1_351' title='bbox 1054 3113 1161 3151; x_wconf 91' lang='lat' dir='ltr'><strong>non</strong></span> <span class='ocrx_word' id='word_1_352' title='bbox 1196 3106 1407 3151; x_wconf 85' lang='lat' dir='ltr'><strong>tantum</strong></span> <span class='ocrx_word' id='word_1_353' title='bbox 1440 3113 1469 3151; x_wconf 89' lang='lat' dir='ltr'><strong>a</strong></span> <span class='ocrx_word' id='word_1_354' title='bbox 1509 3096 1619 3152; x_wconf 84' lang='lat' dir='ltr'><strong>Va-</strong></span> 
     </span>
    </p>
   </div>
   <div class='ocr_carea' id='block_1_49' title="bbox 70 3179 1621 3259">
    <p class='ocr_par' dir='ltr' id='par_1_49' title="bbox 70 3179 1621 3259">
     <span class='ocr_line' id='line_1_49' title="bbox 70 3179 1621 3259; baseline 0.01 -29"><span class='ocrx_word' id='word_1_355' title='bbox 70 3179 245 3237; x_wconf 65' lang='lat' dir='ltr'><strong>lentiuo</strong></span> <span class='ocrx_word' id='word_1_356' title='bbox 277 3195 331 3240; x_wconf 92' lang='lat' dir='ltr'><strong>et</strong></span> <span class='ocrx_word' id='word_1_357' title='bbox 370 3188 646 3243; x_wconf 78' lang='lat' dir='ltr'><strong>Axionieo</strong></span> <span class='ocrx_word' id='word_1_358' title='bbox 676 3190 950 3245; x_wconf 90' lang='lat' dir='ltr'><strong>similibus</strong></span> <span class='ocrx_word' id='word_1_359' title='bbox 981 3190 1266 3259; x_wconf 88' lang='lat' dir='ltr'><strong>discipulis</strong></span> <span class='ocrx_word' id='word_1_360' title='bbox 1292 3232 1306 3257; x_wconf 94' lang='lat'><strong>,</strong></span> <span class='ocrx_word' id='word_1_361' title='bbox 1357 3190 1449 3245; x_wconf 85' lang='lat' dir='ltr'><strong>sed</strong></span> <span class='ocrx_word' id='word_1_362' title='bbox 1494 3200 1549 3245; x_wconf 91' lang='lat' dir='ltr'><strong>et</strong></span> <span class='ocrx_word' id='word_1_363' title='bbox 1591 3207 1621 3245; x_wconf 87' lang='lat' dir='ltr'><strong>a</strong></span> 
     </span>
    </p>
   </div>
   <div class='ocr_carea' id='block_1_50' title="bbox 70 3269 1625 3347">
    <p class='ocr_par' dir='ltr' id='par_1_50' title="bbox 70 3269 1625 3347">
     <span class='ocr_line' id='line_1_50' title="bbox 70 3269 1625 3347; baseline 0.011 -31"><span class='ocrx_word' id='word_1_364' title='bbox 70 3269 546 3331; x_wconf 85' lang='lat' dir='ltr'><strong>combinationibus</strong></span> <span class='ocrx_word' id='word_1_365' title='bbox 577 3278 941 3347; x_wconf 86' lang='lat' dir='ltr'><strong>reliquorum,</strong></span> <span class='ocrx_word' id='word_1_366' title='bbox 970 3278 1064 3347; x_wconf 91' lang='lat' dir='ltr'><strong>qui</strong></span> <span class='ocrx_word' id='word_1_367' title='bbox 1103 3294 1167 3333; x_wconf 85' lang='lat' dir='ltr'><strong>ex</strong></span> <span class='ocrx_word' id='word_1_368' title='bbox 1205 3280 1391 3334; x_wconf 90' lang='lat' dir='ltr'><strong>schola</strong></span> <span class='ocrx_word' id='word_1_369' title='bbox 1424 3277 1625 3334; x_wconf 84' lang='lat' dir='ltr'><strong>Valen-</strong></span> 
     </span>
    </p>
   </div>
   <div class='ocr_carea' id='block_1_51' title="bbox 70 3358 1623 3435">
    <p class='ocr_par' dir='ltr' id='par_1_51' title="bbox 70 3358 1623 3435">
     <span class='ocr_line' id='line_1_51' title="bbox 70 3358 1623 3435; baseline 0.006 -19"><span class='ocrx_word' id='word_1_370' title='bbox 70 3358 148 3411; x_wconf 75' lang='lat' dir='ltr'><strong>lini</strong></span> <span class='ocrx_word' id='word_1_371' title='bbox 189 3363 520 3428; x_wconf 88' lang='lat' dir='ltr'><strong>prodeuntes</strong></span> <span class='ocrx_word' id='word_1_372' title='bbox 557 3368 627 3422; x_wconf 87' lang='lat' dir='ltr'><strong>ab</strong></span> <span class='ocrx_word' id='word_1_373' title='bbox 664 3385 731 3423; x_wconf 90' lang='lat' dir='ltr'><strong>eo</strong></span> <span class='ocrx_word' id='word_1_374' title='bbox 765 3371 818 3424; x_wconf 95' lang='lat' dir='ltr'><strong>in</strong></span> <span class='ocrx_word' id='word_1_375' title='bbox 872 3372 1060 3425; x_wconf 92' lang='lat' dir='ltr'><strong>multis</strong></span> <span class='ocrx_word' id='word_1_376' title='bbox 1100 3379 1477 3435; x_wconf 87' lang='lat' dir='ltr'><strong>recesserunt,</strong></span> <span class='ocrx_word' id='word_1_377' title='bbox 1510 3380 1563 3425; x_wconf 90' lang='lat' dir='ltr'><strong>et</strong></span> <span class='ocrx_word' id='word_1_378' title='bbox 1592 3386 1623 3426; x_wconf 89' lang='lat' dir='ltr'><strong>a</strong></span> 
     </span>
    </p>
   </div>
   <div class='ocr_carea' id='block_1_52' title="bbox 70 3446 1625 3519">
    <p class='ocr_par' dir='ltr' id='par_1_52' title="bbox 70 3446 1625 3519">
     <span class='ocr_line' id='line_1_52' title="bbox 70 3446 1625 3519; baseline 0.012 -19"><span class='ocrx_word' id='word_1_379' title='bbox 70 3446 301 3508; x_wconf 86' lang='lat' dir='ltr'><strong>doctrinis</strong></span> <span class='ocrx_word' id='word_1_380' title='bbox 327 3457 579 3513; x_wconf 90' lang='lat' dir='ltr'><strong>omnium</strong></span> <span class='ocrx_word' id='word_1_381' title='bbox 613 3463 977 3517; x_wconf 86' lang='lat' dir='ltr'><strong>vetustiorum</strong></span> <span class='ocrx_word' id='word_1_382' title='bbox 995 3464 1386 3519; x_wconf 85' lang='lat' dir='ltr'><strong>Gnostieorum</strong></span> <span class='ocrx_word' id='word_1_383' title='bbox 1414 3464 1625 3519; x_wconf 90' lang='lat' dir='ltr'><strong>disere-</strong></span> 
     </span>
    </p>
   </div>
   <div class='ocr_carea' id='block_1_53' title="bbox 72 3543 1626 3627">
    <p class='ocr_par' dir='ltr' id='par_1_53' title="bbox 72 3543 1626 3627">
     <span class='ocr_line' id='line_1_53' title="bbox 72 3543 1626 3627; baseline 0.013 -35"><span class='ocrx_word' id='word_1_384' title='bbox 72 3543 222 3607; x_wconf 78' lang='lat' dir='ltr'><strong>pabat,</strong></span> <span class='ocrx_word' id='word_1_385' title='bbox 250 3556 304 3600; x_wconf 89' lang='lat' dir='ltr'><strong>et</strong></span> <span class='ocrx_word' id='word_1_386' title='bbox 334 3563 403 3603; x_wconf 88' lang='lat' dir='ltr'><strong>eo</strong></span> <span class='ocrx_word' id='word_1_387' title='bbox 430 3566 632 3619; x_wconf 81' lang='lat' dir='ltr'><strong>genere</strong></span> <span class='ocrx_word' id='word_1_388' title='bbox 668 3554 908 3610; x_wconf 85' lang='lat' dir='ltr'><strong>tictionis</strong></span> <span class='ocrx_word' id='word_1_389' title='bbox 937 3556 1223 3612; x_wconf 82' lang='lat' dir='ltr'><strong>universas</strong></span> <span class='ocrx_word' id='word_1_390' title='bbox 1255 3556 1416 3627; x_wconf 85' lang='lat' dir='ltr'><strong>longe.</strong></span> <span class='ocrx_word' id='word_1_391' title='bbox 1463 3573 1626 3627; x_wconf 85' lang='lat' dir='ltr'><strong>supe-</strong></span> 
     </span>
    </p>
   </div>
   <div class='ocr_carea' id='block_1_54' title="bbox 71 3635 1623 3720">
    <p class='ocr_par' dir='ltr' id='par_1_54' title="bbox 71 3635 1623 3720">
     <span class='ocr_line' id='line_1_54' title="bbox 71 3635 1623 3720; baseline 0.012 -34"><span class='ocrx_word' id='word_1_392' title='bbox 71 3635 214 3691; x_wconf 83' lang='lat' dir='ltr'><strong>rabat.</strong></span> <span class='ocrx_word' id='word_1_393' title='bbox 248 3638 549 3698; x_wconf 82' lang='lat' dir='ltr'><strong>Voluerunt</strong></span> <span class='ocrx_word' id='word_1_394' title='bbox 593 3646 760 3715; x_wconf 80' lang='lat' dir='ltr'><strong>igitur</strong></span> <span class='ocrx_word' id='word_1_395' title='bbox 798 3649 875 3701; x_wconf 92' lang='lat' dir='ltr'><strong>illi</strong></span> <span class='ocrx_word' id='word_1_396' title='bbox 906 3650 998 3719; x_wconf 85' lang='lat' dir='ltr'><strong>qui</strong></span> <span class='ocrx_word' id='word_1_397' title='bbox 1045 3650 1159 3705; x_wconf 77' lang='lat' dir='ltr'><strong>luec</strong></span> <span class='ocrx_word' id='word_1_398' title='bbox 1202 3652 1623 3720; x_wconf 81' lang='lat' dir='ltr'><strong>excogitarunt,</strong></span> 
     </span>
    </p>
   </div>
   <div class='ocr_carea' id='block_1_55' title="bbox 72 3729 1628 3810">
    <p class='ocr_par' dir='ltr' id='par_1_55' title="bbox 72 3729 1628 3810">
     <span class='ocr_line' id='line_1_55' title="bbox 72 3729 1628 3810; baseline 0.013 -34"><span class='ocrx_word' id='word_1_399' title='bbox 72 3729 291 3785; x_wconf 87' lang='lat' dir='ltr'><strong>omnibus</strong></span> <span class='ocrx_word' id='word_1_400' title='bbox 317 3734 549 3787; x_wconf 92' lang='lat' dir='ltr'><strong>omnino</strong></span> <span class='ocrx_word' id='word_1_401' title='bbox 580 3746 705 3791; x_wconf 89' lang='lat' dir='ltr'><strong>ante</strong></span> <span class='ocrx_word' id='word_1_402' title='bbox 736 3754 794 3793; x_wconf 90' lang='lat' dir='ltr'><strong>se</strong></span> <span class='ocrx_word' id='word_1_403' title='bbox 824 3739 1100 3794; x_wconf 87' lang='lat' dir='ltr'><strong>Gnosticis</strong></span> <span class='ocrx_word' id='word_1_404' title='bbox 1148 3743 1507 3810; x_wconf 85' lang='lat' dir='ltr'><strong>sapientiores</strong></span> <span class='ocrx_word' id='word_1_405' title='bbox 1544 3742 1628 3795; x_wconf 87' lang='lat' dir='ltr'><strong>vi-</strong></span> 
     </span>
    </p>
   </div>
   <div class='ocr_carea' id='block_1_56' title="bbox 72 3815 1626 3900">
    <p class='ocr_par' dir='ltr' id='par_1_56' title="bbox 72 3815 1626 3900">
     <span class='ocr_line' id='line_1_56' title="bbox 72 3815 1626 3900; baseline 0.013 -33"><span class='ocrx_word' id='word_1_406' title='bbox 72 3815 200 3871; x_wconf 85' lang='lat' dir='ltr'><strong>deri:</strong></span> <span class='ocrx_word' id='word_1_407' title='bbox 233 3820 399 3892; x_wconf 86' lang='lat' dir='ltr'><strong>idque</strong></span> <span class='ocrx_word' id='word_1_408' title='bbox 428 3839 556 3878; x_wconf 90' lang='lat' dir='ltr'><strong>cum</strong></span> <span class='ocrx_word' id='word_1_409' title='bbox 589 3827 969 3896; x_wconf 81' lang='lat' dir='ltr'><strong>indignatione</strong></span> <span class='ocrx_word' id='word_1_410' title='bbox 1008 3831 1245 3900; x_wconf 85' lang='lat' dir='ltr'><strong>quadam</strong></span> <span class='ocrx_word' id='word_1_411' title='bbox 1274 3842 1327 3887; x_wconf 91' lang='lat' dir='ltr'><strong>et</strong></span> <span class='ocrx_word' id='word_1_412' title='bbox 1370 3833 1626 3887; x_wconf 89' lang='lat' dir='ltr'><strong>irrisione</strong></span> 
     </span>
    </p>
   </div>
   <div class='ocr_carea' id='block_1_57' title="bbox 70 3912 1625 3978">
    <p class='ocr_par' dir='ltr' id='par_1_57' title="bbox 70 3912 1625 3978">
     <span class='ocr_line' id='line_1_57' title="bbox 70 3912 1625 3978; baseline 0.013 -21"><span class='ocrx_word' id='word_1_413' title='bbox 70 3912 343 3977; x_wconf 78' lang='lat' dir='ltr'><strong>exprimere</strong></span> <span class='ocrx_word' id='word_1_414' title='bbox 389 3916 567 3970; x_wconf 82' lang='lat' dir='ltr'><strong>voluit</strong></span> <span class='ocrx_word' id='word_1_415' title='bbox 612 3918 868 3974; x_wconf 71' lang='lat' dir='ltr'><strong>Irenzeus.</strong></span> <span class='ocrx_word' id='word_1_416' title='bbox 914 3919 971 3974; x_wconf 91' lang='lat' dir='ltr'><strong>lu</strong></span> <span class='ocrx_word' id='word_1_417' title='bbox 1009 3922 1257 3976; x_wconf 85' lang='lat' dir='ltr'><strong>eamdem</strong></span> <span class='ocrx_word' id='word_1_418' title='bbox 1298 3925 1625 3978; x_wconf 92' lang='lat' dir='ltr'><strong>sententiam</strong></span> 
     </span>
    </p>
   </div>
   <div class='ocr_carea' id='block_1_58' title="bbox 74 3998 1623 4081">
    <p class='ocr_par' dir='ltr' id='par_1_58' title="bbox 74 3998 1623 4081">
     <span class='ocr_line' id='line_1_58' title="bbox 74 3998 1623 4081; baseline 0.013 -32"><span class='ocrx_word' id='word_1_419' title='bbox 74 3998 369 4072; x_wconf 83' lang='lat' dir='ltr'><strong>interpretor</strong></span> <span class='ocrx_word' id='word_1_420' title='bbox 420 4024 545 4078; x_wconf 64' lang='lat' dir='ltr'><strong>quae</strong></span> <span class='ocrx_word' id='word_1_421' title='bbox 598 4009 940 4080; x_wconf 88' lang='lat' dir='ltr'><strong>Epiphanius</strong></span> <span class='ocrx_word' id='word_1_422' title='bbox 992 4012 1060 4067; x_wconf 88' lang='lat' dir='ltr'><strong>de</strong></span> <span class='ocrx_word' id='word_1_423' title='bbox 1096 4013 1389 4069; x_wconf 64' lang='lat' dir='ltr'><strong>Ptolemaeo</strong></span> <span class='ocrx_word' id='word_1_424' title='bbox 1438 4016 1623 4081; x_wconf 89' lang='lat' dir='ltr'><strong>tradit,</strong></span> 
     </span>
    </p>
   </div>
   <div class='ocr_carea' id='block_1_59' title="bbox 73 4094 1626 4175">
    <p class='ocr_par' dir='ltr' id='par_1_59' title="bbox 73 4094 1626 4175">
     <span class='ocr_line' id='line_1_59' title="bbox 73 4094 1626 4175; baseline 0.008 -25"><span class='ocrx_word' id='word_1_425' title='bbox 73 4094 147 4159; x_wconf 86' lang='lat' dir='ltr'><strong>qui</strong></span> <span class='ocrx_word' id='word_1_426' title='bbox 171 4096 261 4166; x_wconf 79' lang='grc' dir='ltr'><strong>τῆς</strong></span> <span class='ocrx_word' id='word_1_427' title='bbox 287 4100 386 4169; x_wconf 84' lang='grc' dir='ltr'><strong>μὲν</strong></span> <span class='ocrx_word' id='word_1_428' title='bbox 414 4102 597 4156; x_wconf 79' lang='grc' dir='ltr'>αὐτῶν</span> <span class='ocrx_word' id='word_1_429' title='bbox 624 4103 976 4175; x_wconf 81' lang='grc' dir='ltr'>καλουμένων</span> <span class='ocrx_word' id='word_1_430' title='bbox 1005 4106 1325 4161; x_wconf 81' lang='grc' dir='ltr'>Γνωστικῶν</span> <span class='ocrx_word' id='word_1_431' title='bbox 1345 4147 1359 4173; x_wconf 93' lang='grc'>,</span> <span class='ocrx_word' id='word_1_432' title='bbox 1395 4109 1489 4161; x_wconf 75' lang='grc' dir='ltr'>καὶ</span> <span class='ocrx_word' id='word_1_433' title='bbox 1520 4108 1626 4162; x_wconf 85' lang='grc' dir='ltr'><strong>τῶν</strong></span> 
     </span>
    </p>
   </div>
   <div class='ocr_carea' id='block_1_60' title="bbox 76 4189 1629 4271">
    <p class='ocr_par' dir='ltr' id='par_1_60' title="bbox 76 4189 1629 4271">
     <span class='ocr_line' id='line_1_60' title="bbox 76 4189 1629 4271; baseline 0.012 -35"><span class='ocrx_word' id='word_1_434' title='bbox 76 4189 169 4240; x_wconf 71' lang='grc' dir='ltr'>κατ’</span> <span class='ocrx_word' id='word_1_435' title='bbox 196 4192 544 4248; x_wconf 82' lang='grc' dir='ltr'>Οὐαλεντῐνον</span> <span class='ocrx_word' id='word_1_436' title='bbox 581 4197 844 4269; x_wconf 78' lang='grc' dir='ltr'><strong>ὑπάρχων</strong></span> <span class='ocrx_word' id='word_1_437' title='bbox 874 4200 1173 4271; x_wconf 81' lang='grc' dir='ltr'>αἱρέσεως,</span> <span class='ocrx_word' id='word_1_438' title='bbox 1218 4216 1342 4255; x_wconf 92' lang='lat' dir='ltr'><strong>cum</strong></span> <span class='ocrx_word' id='word_1_439' title='bbox 1386 4210 1441 4255; x_wconf 86' lang='lat' dir='ltr'><strong>ct</strong></span> <span class='ocrx_word' id='word_1_440' title='bbox 1479 4202 1629 4257; x_wconf 85' lang='lat' dir='ltr'><strong>Gno-</strong></span> 
     </span>
    </p>
   </div>
   <div class='ocr_carea' id='block_1_61' title="bbox 81 4281 1629 4363">
    <p class='ocr_par' dir='ltr' id='par_1_61' title="bbox 81 4281 1629 4363">
     <span class='ocr_line' id='line_1_61' title="bbox 81 4281 1629 4363; baseline 0.01 -30"><span class='ocrx_word' id='word_1_441' title='bbox 81 4281 309 4339; x_wconf 84' lang='lat' dir='ltr'><strong>sticorum</strong></span> <span class='ocrx_word' id='word_1_442' title='bbox 354 4297 413 4341; x_wconf 88' lang='lat' dir='ltr'><strong>et</strong></span> <span class='ocrx_word' id='word_1_443' title='bbox 436 4285 945 4345; x_wconf 88' lang='lat' dir='ltr'><strong>Valentinianorum</strong></span> <span class='ocrx_word' id='word_1_444' title='bbox 999 4292 1229 4348; x_wconf 68' lang='lat' dir='ltr'><strong>liazresin</strong></span> <span class='ocrx_word' id='word_1_445' title='bbox 1272 4294 1629 4363; x_wconf 86' lang='lat' dir='ltr'><strong>amplectere-</strong></span> 
     </span>
    </p>
   </div>
   <div class='ocr_carea' id='block_1_62' title="bbox 78 4373 1629 4455">
    <p class='ocr_par' dir='ltr' id='par_1_62' title="bbox 78 4373 1629 4455">
     <span class='ocr_line' id='line_1_62' title="bbox 78 4373 1629 4455; baseline 0.01 -34"><span class='ocrx_word' id='word_1_446' title='bbox 78 4378 161 4433; x_wconf 88' lang='lat' dir='ltr'><strong>tur,</strong></span> <span class='ocrx_word' id='word_1_447' title='bbox 188 4373 342 4447; x_wconf 71' lang='grc' dir='ltr'>ἕτερα</span> <span class='ocrx_word' id='word_1_448' title='bbox 376 4379 533 4451; x_wconf 81' lang='grc' dir='ltr'>παρὰ</span> <span class='ocrx_word' id='word_1_449' title='bbox 565 4382 689 4444; x_wconf 79' lang='grc' dir='ltr'>τοὺς</span> <span class='ocrx_word' id='word_1_450' title='bbox 721 4381 888 4435; x_wconf 82' lang='grc' dir='ltr'>αὐτοῦ</span> <span class='ocrx_word' id='word_1_451' title='bbox 920 4381 1271 4446; x_wconf 80' lang='grc' dir='ltr'><strong>διδασκάλους</strong></span> <span class='ocrx_word' id='word_1_452' title='bbox 1305 4384 1629 4455; x_wconf 81' lang='grc' dir='ltr'><strong>ὑποτιθέμε-</strong></span> 
     </span>
    </p>
   </div>
   <div class='ocr_carea' id='block_1_63' title="bbox 1722 1898 3315 1967">
    <p class='ocr_par' dir='ltr' id='par_1_63' title="bbox 1722 1898 3315 1967">
     <span class='ocr_line' id='line_1_63' title="bbox 1722 1898 3315 1967; baseline -0.003 -10"><span class='ocrx_word' id='word_1_453' title='bbox 1722 1903 1932 1967; x_wconf 90' lang='lat' dir='ltr'><strong>ciones,</strong></span> <span class='ocrx_word' id='word_1_454' title='bbox 1965 1910 2020 1956; x_wconf 90' lang='lat' dir='ltr'><strong>et</strong></span> <span class='ocrx_word' id='word_1_455' title='bbox 2048 1900 2325 1955; x_wconf 91' lang='lat' dir='ltr'><strong>Valentini</strong></span> <span class='ocrx_word' id='word_1_456' title='bbox 2352 1909 2405 1954; x_wconf 93' lang='lat' dir='ltr'><strong>et</strong></span> <span class='ocrx_word' id='word_1_457' title='bbox 2432 1898 2684 1953; x_wconf 73' lang='lat' dir='ltr'><strong>Basilida:</strong></span> <span class='ocrx_word' id='word_1_458' title='bbox 2706 1908 2760 1953; x_wconf 89' lang='lat' dir='ltr'><strong>et</strong></span> <span class='ocrx_word' id='word_1_459' title='bbox 2790 1900 3091 1966; x_wconf 89' lang='lat' dir='ltr'><strong>Cerdones,</strong></span> <span class='ocrx_word' id='word_1_460' title='bbox 3116 1898 3315 1953; x_wconf 86' lang='lat' dir='ltr'><strong>Cerin-</strong></span> 
     </span>
    </p>
   </div>
   <div class='ocr_carea' id='block_1_64' title="bbox 1723 1992 3313 2062">
    <p class='ocr_par' dir='ltr' id='par_1_64' title="bbox 1723 1992 3313 2062">
     <span class='ocr_line' id='line_1_64' title="bbox 1723 1992 3313 2062; baseline -0.003 -14"><span class='ocrx_word' id='word_1_461' title='bbox 1723 1994 1801 2048; x_wconf 90' lang='lat' dir='ltr'><strong>thi</strong></span> <span class='ocrx_word' id='word_1_462' title='bbox 1840 1993 2007 2047; x_wconf 90' lang='lat' dir='ltr'><strong>etiam</strong></span> <span class='ocrx_word' id='word_1_463' title='bbox 2040 2003 2094 2047; x_wconf 91' lang='lat' dir='ltr'><strong>et</strong></span> <span class='ocrx_word' id='word_1_464' title='bbox 2119 1992 2501 2062; x_wconf 88' lang='lat' dir='ltr'><strong>Carpocrates,</strong></span> <span class='ocrx_word' id='word_1_465' title='bbox 2531 2002 2583 2045; x_wconf 88' lang='lat' dir='ltr'><strong>et</strong></span> <span class='ocrx_word' id='word_1_466' title='bbox 2606 2007 2797 2045; x_wconf 89' lang='lat' dir='ltr'><strong>omnes</strong></span> <span class='ocrx_word' id='word_1_467' title='bbox 2826 2006 3018 2045; x_wconf 91' lang='lat' dir='ltr'><strong>eorum</strong></span> <span class='ocrx_word' id='word_1_468' title='bbox 3050 2006 3207 2061; x_wconf 70' lang='lat' dir='ltr'><strong>nugze</strong></span> <span class='ocrx_word' id='word_1_469' title='bbox 3255 2002 3313 2045; x_wconf 89' lang='lat' dir='ltr'><strong>et</strong></span> 
     </span>
    </p>
   </div>
   <div class='ocr_carea' id='block_1_65' title="bbox 1722 2082 3312 2157">
    <p class='ocr_par' dir='ltr' id='par_1_65' title="bbox 1722 2082 3312 2157">
     <span class='ocr_line' id='line_1_65' title="bbox 1722 2082 3312 2157; baseline -0.003 -17"><span class='ocrx_word' id='word_1_470' title='bbox 1722 2086 2041 2157; x_wconf 63' lang='lat' dir='ltr'><strong>prmstigire,</strong></span> <span class='ocrx_word' id='word_1_471' title='bbox 2086 2094 2443 2155; x_wconf 87' lang='lat' dir='ltr'><strong>posteaquam</strong></span> <span class='ocrx_word' id='word_1_472' title='bbox 2491 2099 2675 2138; x_wconf 91' lang='lat' dir='ltr'><strong>rerum</strong></span> <span class='ocrx_word' id='word_1_473' title='bbox 2712 2084 2958 2137; x_wconf 91' lang='lat' dir='ltr'><strong>omnium</strong></span> <span class='ocrx_word' id='word_1_474' title='bbox 2988 2082 3155 2137; x_wconf 88' lang='lat' dir='ltr'><strong>Deum</strong></span> <span class='ocrx_word' id='word_1_475' title='bbox 3185 2098 3312 2153; x_wconf 90' lang='lat' dir='ltr'><strong>per-</strong></span> 
     </span>
    </p>
   </div>
   <div class='ocr_carea' id='block_1_66' title="bbox 1723 2175 3306 2247">
    <p class='ocr_par' dir='ltr' id='par_1_66' title="bbox 1723 2175 3306 2247">
     <span class='ocr_line' id='line_1_66' title="bbox 1723 2175 3306 2247; baseline -0.004 -13"><span class='ocrx_word' id='word_1_476' title='bbox 1723 2180 1987 2234; x_wconf 90' lang='lat' dir='ltr'><strong>diuturno</strong></span> <span class='ocrx_word' id='word_1_477' title='bbox 2021 2188 2269 2247; x_wconf 90' lang='lat' dir='ltr'><strong>tempore</strong></span> <span class='ocrx_word' id='word_1_478' title='bbox 2300 2177 2642 2240; x_wconf 89' lang='lat' dir='ltr'><strong>secuissent,</strong></span> <span class='ocrx_word' id='word_1_479' title='bbox 2678 2177 2992 2246; x_wconf 89' lang='lat' dir='ltr'><strong>bellumque</strong></span> <span class='ocrx_word' id='word_1_480' title='bbox 3028 2192 3127 2245; x_wconf 92' lang='lat' dir='ltr'><strong>pro</strong></span> <span class='ocrx_word' id='word_1_481' title='bbox 3154 2175 3306 2229; x_wconf 86' lang='lat' dir='ltr'><strong>Bono</strong></span> 
     </span>
    </p>
   </div>
   <div class='ocr_carea' id='block_1_67' title="bbox 1723 2269 3308 2338">
    <p class='ocr_par' dir='ltr' id='par_1_67' title="bbox 1723 2269 3308 2338">
     <span class='ocr_line' id='line_1_67' title="bbox 1723 2269 3308 2338; baseline -0.003 -12"><span class='ocrx_word' id='word_1_482' title='bbox 1723 2273 1986 2327; x_wconf 85' lang='lat' dir='ltr'><strong>adversus</strong></span> <span class='ocrx_word' id='word_1_483' title='bbox 2008 2271 2321 2325; x_wconf 85' lang='lat' dir='ltr'><strong>Creatorem</strong></span> <span class='ocrx_word' id='word_1_484' title='bbox 2353 2269 2674 2337; x_wconf 80' lang='lat' dir='ltr'><strong>gessissent,</strong></span> <span class='ocrx_word' id='word_1_485' title='bbox 2722 2277 2960 2332; x_wconf 90' lang='lat' dir='ltr'><strong>suomet,</strong></span> <span class='ocrx_word' id='word_1_486' title='bbox 2998 2277 3059 2325; x_wconf 89' lang='lat' dir='ltr'><strong>ut</strong></span> <span class='ocrx_word' id='word_1_487' title='bbox 3089 2284 3308 2338; x_wconf 54' lang='lat' dir='ltr'><strong>aequum</strong></span> 
     </span>
    </p>
   </div>
   <div class='ocr_carea' id='block_1_68' title="bbox 1726 2361 3310 2432">
    <p class='ocr_par' dir='ltr' id='par_1_68' title="bbox 1726 2361 3310 2432">
     <span class='ocr_line' id='line_1_68' title="bbox 1726 2361 3310 2432; baseline -0.003 -13"><span class='ocrx_word' id='word_1_488' title='bbox 1726 2374 1874 2429; x_wconf 90' lang='lat' dir='ltr'><strong>erat,</strong></span> <span class='ocrx_word' id='word_1_489' title='bbox 1908 2363 2193 2417; x_wconf 86' lang='lat' dir='ltr'><strong>Profundo</strong></span> <span class='ocrx_word' id='word_1_490' title='bbox 2241 2363 2513 2432; x_wconf 67' lang='lat' dir='ltr'><strong>absorpta:</strong></span> <span class='ocrx_word' id='word_1_491' title='bbox 2557 2377 2620 2417; x_wconf 91' lang='lat' dir='ltr'><strong>ac</strong></span> <span class='ocrx_word' id='word_1_492' title='bbox 2666 2362 2898 2417; x_wconf 91' lang='lat' dir='ltr'><strong>Silcntio</strong></span> <span class='ocrx_word' id='word_1_493' title='bbox 2946 2362 3160 2416; x_wconf 76' lang='lat' dir='ltr'><strong>traditae</strong></span> <span class='ocrx_word' id='word_1_494' title='bbox 3190 2361 3310 2416; x_wconf 81' lang='lat' dir='ltr'><strong>fue-</strong></span> 
     </span>
    </p>
   </div>
   <div class='ocr_carea' id='block_1_69' title="bbox 1726 2452 3311 2525">
    <p class='ocr_par' dir='ltr' id='par_1_69' title="bbox 1726 2452 3311 2525">
     <span class='ocr_line' id='line_1_69' title="bbox 1726 2452 3311 2525; baseline -0.002 -15"><span class='ocrx_word' id='word_1_495' title='bbox 1726 2466 1874 2510; x_wconf 87' lang='lat' dir='ltr'><strong>runt.</strong></span> <span class='ocrx_word' id='word_1_496' title='bbox 1911 2475 1929 2508; x_wconf 77' lang='grc' dir='ltr'><strong><em>ι</em></strong></span> <span class='ocrx_word' id='word_1_497' title='bbox 1976 2455 2057 2508; x_wconf 84' lang='lat' dir='ltr'><strong>Ad</strong></span> <span class='ocrx_word' id='word_1_498' title='bbox 2088 2470 2252 2525; x_wconf 88' lang='lat' dir='ltr'><strong>quem</strong></span> <span class='ocrx_word' id='word_1_499' title='bbox 2285 2455 2463 2509; x_wconf 91' lang='lat' dir='ltr'><strong>locum</strong></span> <span class='ocrx_word' id='word_1_500' title='bbox 2496 2452 2644 2509; x_wconf 84' lang='lat' dir='ltr'><strong>Elias</strong></span> <span class='ocrx_word' id='word_1_501' title='bbox 2675 2453 2957 2509; x_wconf 87' lang='lat' dir='ltr'><strong>Cretensis</strong></span> <span class='ocrx_word' id='word_1_502' title='bbox 2995 2454 3110 2508; x_wconf 72' lang='lat' dir='ltr'><strong>hare</strong></span> <span class='ocrx_word' id='word_1_503' title='bbox 3138 2453 3311 2507; x_wconf 89' lang='lat' dir='ltr'><strong>adno-</strong></span> 
     </span>
    </p>
   </div>
   <div class='ocr_carea' id='block_1_70' title="bbox 1727 2548 3310 2618">
    <p class='ocr_par' dir='ltr' id='par_1_70' title="bbox 1727 2548 3310 2618">
     <span class='ocr_line' id='line_1_70' title="bbox 1727 2548 3310 2618; baseline -0.005 -11"><span class='ocrx_word' id='word_1_504' title='bbox 1727 2561 1836 2607; x_wconf 90' lang='lat' dir='ltr'><strong>tat:</strong></span> <span class='ocrx_word' id='word_1_505' title='bbox 1879 2551 1997 2605; x_wconf 69' lang='grc' dir='ltr'><strong>«Δρ</strong></span> <span class='ocrx_word' id='word_1_506' title='bbox 2032 2549 2339 2603; x_wconf 90' lang='lat' dir='ltr'><strong>Simoniani</strong></span> <span class='ocrx_word' id='word_1_507' title='bbox 2366 2548 2585 2618; x_wconf 90' lang='lat' dir='ltr'><strong>quidem</strong></span> <span class='ocrx_word' id='word_1_508' title='bbox 2620 2548 2961 2601; x_wconf 88' lang='lat' dir='ltr'><strong>octonarium</strong></span> <span class='ocrx_word' id='word_1_509' title='bbox 2996 2562 3310 2611; x_wconf 89' lang='lat' dir='ltr'><strong>numerum,</strong></span> 
     </span>
    </p>
   </div>
   <div class='ocr_carea' id='block_1_71' title="bbox 1725 2638 3315 2710">
    <p class='ocr_par' dir='ltr' id='par_1_71' title="bbox 1725 2638 3315 2710">
     <span class='ocr_line' id='line_1_71' title="bbox 1725 2638 3315 2710; baseline -0.002 -15"><span class='ocrx_word' id='word_1_510' title='bbox 1725 2642 1797 2695; x_wconf 86' lang='lat' dir='ltr'><strong>ob</strong></span> <span class='ocrx_word' id='word_1_511' title='bbox 1822 2639 2029 2696; x_wconf 61' lang='lat' dir='ltr'><strong>IEones</strong></span> <span class='ocrx_word' id='word_1_512' title='bbox 2064 2655 2161 2695; x_wconf 92' lang='lat' dir='ltr'><strong>eos</strong></span> <span class='ocrx_word' id='word_1_513' title='bbox 2186 2653 2327 2710; x_wconf 91' lang='lat' dir='ltr'><strong>quos</strong></span> <span class='ocrx_word' id='word_1_514' title='bbox 2352 2638 2627 2700; x_wconf 86' lang='lat' dir='ltr'><strong>colebant,</strong></span> <span class='ocrx_word' id='word_1_515' title='bbox 2659 2639 2867 2692; x_wconf 83' lang='lat' dir='ltr'><strong>honore</strong></span> <span class='ocrx_word' id='word_1_516' title='bbox 2896 2638 3315 2708; x_wconf 86' lang='lat' dir='ltr'><strong>prosequeban-</strong></span> 
     </span>
    </p>
   </div>
   <div class='ocr_carea' id='block_1_72' title="bbox 1725 2729 3316 2804">
    <p class='ocr_par' dir='ltr' id='par_1_72' title="bbox 1725 2729 3316 2804">
     <span class='ocr_line' id='line_1_72' title="bbox 1725 2729 3316 2804; baseline -0.003 -16"><span class='ocrx_word' id='word_1_517' title='bbox 1725 2744 1834 2788; x_wconf 93' lang='lat' dir='ltr'><strong>tur.</strong></span> <span class='ocrx_word' id='word_1_518' title='bbox 1866 2732 2224 2804; x_wconf 79' lang='lat' dir='ltr'><strong>Nugahantur</strong></span> <span class='ocrx_word' id='word_1_519' title='bbox 2258 2734 2403 2789; x_wconf 90' lang='lat' dir='ltr'><strong>enim</strong></span> <span class='ocrx_word' id='word_1_520' title='bbox 2450 2732 2683 2804; x_wconf 88' lang='lat' dir='ltr'><strong>Bythum</strong></span> <span class='ocrx_word' id='word_1_521' title='bbox 2710 2746 2836 2785; x_wconf 88' lang='lat' dir='ltr'><strong>cum</strong></span> <span class='ocrx_word' id='word_1_522' title='bbox 2869 2746 2968 2785; x_wconf 91' lang='lat' dir='ltr'><strong>sua</strong></span> <span class='ocrx_word' id='word_1_523' title='bbox 3019 2729 3144 2800; x_wconf 81' lang='lat' dir='ltr'><strong>Sige</strong></span> <span class='ocrx_word' id='word_1_524' title='bbox 3178 2745 3316 2785; x_wconf 89' lang='lat' dir='ltr'><strong>eon-</strong></span> 
     </span>
    </p>
   </div>
   <div class='ocr_carea' id='block_1_73' title="bbox 1725 2820 3315 2892">
    <p class='ocr_par' dir='ltr' id='par_1_73' title="bbox 1725 2820 3315 2892">
     <span class='ocr_line' id='line_1_73' title="bbox 1725 2820 3315 2892; baseline -0.002 -14"><span class='ocrx_word' id='word_1_525' title='bbox 1725 2841 1977 2892; x_wconf 80' lang='lat' dir='ltr'><strong>grcssum</strong></span> <span class='ocrx_word' id='word_1_526' title='bbox 2010 2825 2243 2880; x_wconf 77' lang='lat' dir='ltr'><strong>Mentem</strong></span> <span class='ocrx_word' id='word_1_527' title='bbox 2279 2833 2333 2880; x_wconf 86' lang='lat' dir='ltr'><strong>et</strong></span> <span class='ocrx_word' id='word_1_528' title='bbox 2372 2822 2666 2878; x_wconf 84' lang='lat' dir='ltr'><strong>Veritatem</strong></span> <span class='ocrx_word' id='word_1_529' title='bbox 2716 2822 2993 2892; x_wconf 79' lang='lat' dir='ltr'><strong>genuisse,</strong></span> <span class='ocrx_word' id='word_1_530' title='bbox 3038 2830 3147 2876; x_wconf 90' lang='lat' dir='ltr'><strong>etc.</strong></span> <span class='ocrx_word' id='word_1_531' title='bbox 3188 2840 3207 2873; x_wconf 74' lang='grc' dir='ltr'>ι</span> <span class='ocrx_word' id='word_1_532' title='bbox 3248 2820 3315 2875; x_wconf 82' lang='lat' dir='ltr'><strong>Et</strong></span> 
     </span>
    </p>
   </div>
   <div class='ocr_carea' id='block_1_74' title="bbox 1724 2913 3314 2984">
    <p class='ocr_par' dir='ltr' id='par_1_74' title="bbox 1724 2913 3314 2984">
     <span class='ocr_line' id='line_1_74' title="bbox 1724 2913 3314 2984; baseline -0.004 -13"><span class='ocrx_word' id='word_1_533' title='bbox 1724 2918 1941 2974; x_wconf 87' lang='lat' dir='ltr'><strong>Nieetas</strong></span> <span class='ocrx_word' id='word_1_534' title='bbox 1973 2918 2039 2972; x_wconf 91' lang='lat' dir='ltr'><strong>ad</strong></span> <span class='ocrx_word' id='word_1_535' title='bbox 2056 2919 2359 2973; x_wconf 90' lang='lat' dir='ltr'><strong>orationem</strong></span> <span class='ocrx_word' id='word_1_536' title='bbox 2386 2918 2455 2971; x_wconf 68' lang='grc'><strong>44</strong></span> <span class='ocrx_word' id='word_1_537' title='bbox 2483 2936 2495 2971; x_wconf 89' lang='lat'><strong>:</strong></span> <span class='ocrx_word' id='word_1_538' title='bbox 2532 2936 2549 2968; x_wconf 75' lang='grc' dir='ltr'>ι</span> <span class='ocrx_word' id='word_1_539' title='bbox 2581 2914 2887 2970; x_wconf 90' lang='lat' dir='ltr'><strong>Simoniani</strong></span> <span class='ocrx_word' id='word_1_540' title='bbox 2912 2913 3132 2984; x_wconf 84' lang='lat' dir='ltr'><strong>quidem</strong></span> <span class='ocrx_word' id='word_1_541' title='bbox 3156 2924 3314 2968; x_wconf 83' lang='lat' dir='ltr'><strong>octo-</strong></span> 
     </span>
    </p>
   </div>
   <div class='ocr_carea' id='block_1_75' title="bbox 1726 3003 3316 3079">
    <p class='ocr_par' dir='ltr' id='par_1_75' title="bbox 1726 3003 3316 3079">
     <span class='ocr_line' id='line_1_75' title="bbox 1726 3003 3316 3079; baseline -0.005 -14"><span class='ocrx_word' id='word_1_542' title='bbox 1726 3011 1966 3073; x_wconf 90' lang='lat' dir='ltr'><strong>narium,</strong></span> <span class='ocrx_word' id='word_1_543' title='bbox 2002 3017 2224 3079; x_wconf 86' lang='lat' dir='ltr'><strong>propter</strong></span> <span class='ocrx_word' id='word_1_544' title='bbox 2247 3017 2375 3063; x_wconf 90' lang='lat' dir='ltr'><strong>octo</strong></span> <span class='ocrx_word' id='word_1_545' title='bbox 2404 3008 2528 3062; x_wconf 92' lang='lat' dir='ltr'><strong>illos</strong></span> <span class='ocrx_word' id='word_1_546' title='bbox 2552 3006 2802 3077; x_wconf 76' lang='lat' dir='ltr'><strong>magistri</strong></span> <span class='ocrx_word' id='word_1_547' title='bbox 2840 3006 2923 3060; x_wconf 92' lang='lat' dir='ltr'><strong>sui</strong></span> <span class='ocrx_word' id='word_1_548' title='bbox 2955 3003 3184 3071; x_wconf 63' lang='lat' dir='ltr'><strong>Eones,</strong></span> <span class='ocrx_word' id='word_1_549' title='bbox 3212 3004 3316 3058; x_wconf 88' lang='lat' dir='ltr'><strong>ho-</strong></span> 
     </span>
    </p>
   </div>
   <div class='ocr_carea' id='block_1_76' title="bbox 1729 3097 3311 3171">
    <p class='ocr_par' dir='ltr' id='par_1_76' title="bbox 1729 3097 3311 3171">
     <span class='ocr_line' id='line_1_76' title="bbox 1729 3097 3311 3171; baseline -0.003 -17"><span class='ocrx_word' id='word_1_550' title='bbox 1729 3102 1844 3154; x_wconf 88' lang='lat' dir='ltr'><strong>nori</strong></span> <span class='ocrx_word' id='word_1_551' title='bbox 1880 3100 2170 3154; x_wconf 84' lang='lat' dir='ltr'><strong>habebant.</strong></span> <span class='ocrx_word' id='word_1_552' title='bbox 2198 3098 2410 3155; x_wconf 86' lang='lat' dir='ltr'><strong>Etenim</strong></span> <span class='ocrx_word' id='word_1_553' title='bbox 2434 3115 2499 3155; x_wconf 86' lang='lat' dir='ltr'><strong>ex</strong></span> <span class='ocrx_word' id='word_1_554' title='bbox 2524 3098 2679 3171; x_wconf 86' lang='lat' dir='ltr'><strong>Bylhi</strong></span> <span class='ocrx_word' id='word_1_555' title='bbox 2711 3114 2836 3153; x_wconf 92' lang='lat' dir='ltr'><strong>cum</strong></span> <span class='ocrx_word' id='word_1_556' title='bbox 2863 3097 2988 3167; x_wconf 88' lang='lat' dir='ltr'><strong>Sige</strong></span> <span class='ocrx_word' id='word_1_557' title='bbox 3009 3111 3311 3168; x_wconf 84' lang='lat' dir='ltr'><strong>congressu</strong></span> 
     </span>
    </p>
   </div>
   <div class='ocr_carea' id='block_1_77' title="bbox 1728 3188 3311 3261">
    <p class='ocr_par' dir='ltr' id='par_1_77' title="bbox 1728 3188 3311 3261">
     <span class='ocr_line' id='line_1_77' title="bbox 1728 3188 3311 3261; baseline -0.003 -15"><span class='ocrx_word' id='word_1_558' title='bbox 1728 3192 1961 3246; x_wconf 75' lang='lat' dir='ltr'><strong>illeutetn</strong></span> <span class='ocrx_word' id='word_1_559' title='bbox 1982 3206 2045 3245; x_wconf 89' lang='lat' dir='ltr'><strong>ac</strong></span> <span class='ocrx_word' id='word_1_560' title='bbox 2074 3190 2371 3246; x_wconf 89' lang='lat' dir='ltr'><strong>Veritatem</strong></span> <span class='ocrx_word' id='word_1_561' title='bbox 2404 3199 2724 3261; x_wconf 90' lang='lat' dir='ltr'><strong>procreatas</strong></span> <span class='ocrx_word' id='word_1_562' title='bbox 2756 3205 2875 3245; x_wconf 90' lang='lat' dir='ltr'><strong>esse</strong></span> <span class='ocrx_word' id='word_1_563' title='bbox 2905 3188 3184 3243; x_wconf 81' lang='lat' dir='ltr'><strong>fabulatus</strong></span> <span class='ocrx_word' id='word_1_564' title='bbox 3204 3196 3311 3253; x_wconf 89' lang='lat' dir='ltr'><strong>est,</strong></span> 
     </span>
    </p>
   </div>
   <div class='ocr_carea' id='block_1_78' title="bbox 1727 3280 3311 3354">
    <p class='ocr_par' dir='ltr' id='par_1_78' title="bbox 1727 3280 3311 3354">
     <span class='ocr_line' id='line_1_78' title="bbox 1727 3280 3311 3354; baseline -0.004 -15"><span class='ocrx_word' id='word_1_565' title='bbox 1727 3294 1897 3354; x_wconf 90' lang='lat' dir='ltr'><strong>atque</strong></span> <span class='ocrx_word' id='word_1_566' title='bbox 1941 3286 2011 3337; x_wconf 89' lang='lat' dir='ltr'><strong>ita</strong></span> <span class='ocrx_word' id='word_1_567' title='bbox 2056 3284 2262 3354; x_wconf 91' lang='lat' dir='ltr'><strong>primos</strong></span> <span class='ocrx_word' id='word_1_568' title='bbox 2289 3291 2567 3353; x_wconf 85' lang='lat' dir='ltr'><strong>parentes,</strong></span> <span class='ocrx_word' id='word_1_569' title='bbox 2601 3292 2663 3337; x_wconf 92' lang='lat' dir='ltr'><strong>ut</strong></span> <span class='ocrx_word' id='word_1_570' title='bbox 2689 3283 2802 3352; x_wconf 90' lang='lat' dir='ltr'><strong>jam</strong></span> <span class='ocrx_word' id='word_1_571' title='bbox 2836 3282 3039 3335; x_wconf 87' lang='lat' dir='ltr'><strong>dictum</strong></span> <span class='ocrx_word' id='word_1_572' title='bbox 3073 3292 3178 3343; x_wconf 88' lang='lat' dir='ltr'><strong>est,</strong></span> <span class='ocrx_word' id='word_1_573' title='bbox 3208 3280 3311 3352; x_wconf 80' lang='lat' dir='ltr'><strong>By-</strong></span> 
     </span>
    </p>
   </div>
   <div class='ocr_carea' id='block_1_79' title="bbox 1727 3372 3307 3446">
    <p class='ocr_par' dir='ltr' id='par_1_79' title="bbox 1727 3372 3307 3446">
     <span class='ocr_line' id='line_1_79' title="bbox 1727 3372 3307 3446; baseline -0.004 -13"><span class='ocrx_word' id='word_1_574' title='bbox 1727 3378 1881 3433; x_wconf 87' lang='lat' dir='ltr'><strong>thum</strong></span> <span class='ocrx_word' id='word_1_575' title='bbox 1909 3387 1962 3430; x_wconf 86' lang='lat' dir='ltr'><strong>et</strong></span> <span class='ocrx_word' id='word_1_576' title='bbox 1988 3377 2150 3446; x_wconf 81' lang='lat' dir='ltr'><strong>Sigen</strong></span> <span class='ocrx_word' id='word_1_577' title='bbox 2192 3376 2480 3431; x_wconf 81' lang='lat' dir='ltr'><strong>confinxit.</strong></span> <span class='ocrx_word' id='word_1_578' title='bbox 2524 3394 2542 3427; x_wconf 71' lang='grc' dir='ltr'><strong>ι</strong></span> <span class='ocrx_word' id='word_1_579' title='bbox 2591 3374 2824 3446; x_wconf 85' lang='lat' dir='ltr'><strong>Bythum</strong></span> <span class='ocrx_word' id='word_1_580' title='bbox 2858 3374 3025 3444; x_wconf 82' lang='lat' dir='ltr'><strong>igitur</strong></span> <span class='ocrx_word' id='word_1_581' title='bbox 3057 3384 3111 3427; x_wconf 93' lang='lat' dir='ltr'><strong>et</strong></span> <span class='ocrx_word' id='word_1_582' title='bbox 3144 3372 3307 3443; x_wconf 86' lang='lat' dir='ltr'><strong>Sigen</strong></span> 
     </span>
    </p>
   </div>
   <div class='ocr_carea' id='block_1_80' title="bbox 1728 3463 3312 3522">
    <p class='ocr_par' dir='ltr' id='par_1_80' title="bbox 1728 3463 3312 3522">
     <span class='ocr_line' id='line_1_80' title="bbox 1728 3463 3312 3522; baseline -0.003 0"><span class='ocrx_word' id='word_1_583' title='bbox 1728 3468 1869 3522; x_wconf 89' lang='lat' dir='ltr'><strong>inter</strong></span> <span class='ocrx_word' id='word_1_584' title='bbox 1895 3466 2102 3522; x_wconf 73' lang='lat' dir='ltr'><strong>AEones</strong></span> <span class='ocrx_word' id='word_1_585' title='bbox 2125 3481 2255 3521; x_wconf 91' lang='lat' dir='ltr'><strong>suos</strong></span> <span class='ocrx_word' id='word_1_586' title='bbox 2280 3466 2540 3521; x_wconf 88' lang='lat' dir='ltr'><strong>habuisse</strong></span> <span class='ocrx_word' id='word_1_587' title='bbox 2574 3475 2782 3520; x_wconf 86' lang='lat' dir='ltr'><strong>veteres</strong></span> <span class='ocrx_word' id='word_1_588' title='bbox 2811 3465 2931 3520; x_wconf 92' lang='lat' dir='ltr'><strong>illos</strong></span> <span class='ocrx_word' id='word_1_589' title='bbox 2953 3474 3079 3520; x_wconf 89' lang='lat' dir='ltr'><strong>ante</strong></span> <span class='ocrx_word' id='word_1_590' title='bbox 3112 3463 3312 3519; x_wconf 86' lang='lat' dir='ltr'><strong>Valen-</strong></span> 
     </span>
    </p>
   </div>
   <div class='ocr_carea' id='block_1_81' title="bbox 1728 3555 3315 3627">
    <p class='ocr_par' dir='ltr' id='par_1_81' title="bbox 1728 3555 3315 3627">
     <span class='ocr_line' id='line_1_81' title="bbox 1728 3555 3315 3627; baseline -0.004 -12"><span class='ocrx_word' id='word_1_591' title='bbox 1728 3561 1903 3615; x_wconf 88' lang='lat' dir='ltr'><strong>tiuum</strong></span> <span class='ocrx_word' id='word_1_592' title='bbox 1952 3559 2276 3622; x_wconf 87' lang='lat' dir='ltr'><strong>Gnostieos,</strong></span> <span class='ocrx_word' id='word_1_593' title='bbox 2341 3559 2530 3613; x_wconf 84' lang='lat' dir='ltr'><strong>dixere</strong></span> <span class='ocrx_word' id='word_1_594' title='bbox 2574 3555 3004 3627; x_wconf 91' lang='lat' dir='ltr'><strong>quamplurimi;</strong></span> <span class='ocrx_word' id='word_1_595' title='bbox 3057 3569 3166 3611; x_wconf 87' lang='lat' dir='ltr'><strong>non</strong></span> <span class='ocrx_word' id='word_1_596' title='bbox 3214 3556 3315 3609; x_wconf 80' lang='lat' dir='ltr'><strong>ha-</strong></span> 
     </span>
    </p>
   </div>
   <div class='ocr_carea' id='block_1_82' title="bbox 1728 3645 3314 3719">
    <p class='ocr_par' dir='ltr' id='par_1_82' title="bbox 1728 3645 3314 3719">
     <span class='ocr_line' id='line_1_82' title="bbox 1728 3645 3314 3719; baseline -0.004 -14"><span class='ocrx_word' id='word_1_597' title='bbox 1728 3652 1934 3716; x_wconf 89' lang='lat' dir='ltr'><strong>buisse,</strong></span> <span class='ocrx_word' id='word_1_598' title='bbox 1973 3660 2099 3706; x_wconf 90' lang='lat' dir='ltr'><strong>ante</strong></span> <span class='ocrx_word' id='word_1_599' title='bbox 2142 3651 2505 3714; x_wconf 88' lang='lat' dir='ltr'><strong>Blondellum,</strong></span> <span class='ocrx_word' id='word_1_600' title='bbox 2560 3650 2778 3719; x_wconf 83' lang='lat' dir='ltr'><strong>opinor,</strong></span> <span class='ocrx_word' id='word_1_601' title='bbox 2828 3663 2992 3703; x_wconf 91' lang='lat' dir='ltr'><strong>nemo</strong></span> <span class='ocrx_word' id='word_1_602' title='bbox 3036 3647 3194 3702; x_wconf 83' lang='lat' dir='ltr'><strong>dixit.</strong></span> <span class='ocrx_word' id='word_1_603' title='bbox 3244 3645 3314 3700; x_wconf 86' lang='lat' dir='ltr'><strong>Et</strong></span> 
     </span>
    </p>
   </div>
   <div class='ocr_carea' id='block_1_83' title="bbox 1728 3739 3310 3814">
    <p class='ocr_par' dir='ltr' id='par_1_83' title="bbox 1728 3739 3310 3814">
     <span class='ocr_line' id='line_1_83' title="bbox 1728 3739 3310 3814; baseline -0.004 -17"><span class='ocrx_word' id='word_1_604' title='bbox 1728 3745 1949 3814; x_wconf 91' lang='lat' dir='ltr'><strong>quidem</strong></span> <span class='ocrx_word' id='word_1_605' title='bbox 1993 3759 2101 3798; x_wconf 90' lang='lat' dir='ltr'><strong>non</strong></span> <span class='ocrx_word' id='word_1_606' title='bbox 2140 3752 2352 3798; x_wconf 91' lang='lat' dir='ltr'><strong>tantum</strong></span> <span class='ocrx_word' id='word_1_607' title='bbox 2395 3744 2602 3812; x_wconf 89' lang='lat' dir='ltr'><strong>primas</strong></span> <span class='ocrx_word' id='word_1_608' title='bbox 2647 3742 2898 3812; x_wconf 83' lang='lat' dir='ltr'><strong>syzygias</strong></span> <span class='ocrx_word' id='word_1_609' title='bbox 2948 3755 2978 3795; x_wconf 90' lang='lat' dir='ltr'><strong>a</strong></span> <span class='ocrx_word' id='word_1_610' title='bbox 3036 3739 3310 3794; x_wconf 87' lang='lat' dir='ltr'><strong>vetustio-</strong></span> 
     </span>
    </p>
   </div>
   <div class='ocr_carea' id='block_1_84' title="bbox 1731 3830 3308 3904">
    <p class='ocr_par' dir='ltr' id='par_1_84' title="bbox 1731 3830 3308 3904">
     <span class='ocr_line' id='line_1_84' title="bbox 1731 3830 3308 3904; baseline -0.005 -13"><span class='ocrx_word' id='word_1_611' title='bbox 1731 3838 1885 3891; x_wconf 91' lang='lat' dir='ltr'><strong>ribus</strong></span> <span class='ocrx_word' id='word_1_612' title='bbox 1912 3837 2183 3890; x_wconf 74' lang='lat' dir='ltr'><strong>htereticis</strong></span> <span class='ocrx_word' id='word_1_613' title='bbox 2226 3836 2505 3904; x_wconf 83' lang='lat' dir='ltr'><strong>accepisse</strong></span> <span class='ocrx_word' id='word_1_614' title='bbox 2556 3833 2924 3897; x_wconf 86' lang='lat' dir='ltr'><strong>Valentinum,</strong></span> <span class='ocrx_word' id='word_1_615' title='bbox 2975 3830 3071 3886; x_wconf 89' lang='lat' dir='ltr'><strong>sed</strong></span> <span class='ocrx_word' id='word_1_616' title='bbox 3112 3840 3167 3885; x_wconf 90' lang='lat' dir='ltr'><strong>et</strong></span> <span class='ocrx_word' id='word_1_617' title='bbox 3214 3846 3308 3884; x_wconf 92' lang='lat' dir='ltr'><strong>ca-</strong></span> 
     </span>
    </p>
   </div>
   <div class='ocr_carea' id='block_1_85' title="bbox 1731 3923 3306 3987">
    <p class='ocr_par' dir='ltr' id='par_1_85' title="bbox 1731 3923 3306 3987">
     <span class='ocr_line' id='line_1_85' title="bbox 1731 3923 3306 3987; baseline -0.004 -4"><span class='ocrx_word' id='word_1_618' title='bbox 1731 3945 1851 3983; x_wconf 85' lang='lat' dir='ltr'><strong>ruin</strong></span> <span class='ocrx_word' id='word_1_619' title='bbox 1892 3929 2055 3983; x_wconf 91' lang='lat' dir='ltr'><strong>etiam</strong></span> <span class='ocrx_word' id='word_1_620' title='bbox 2109 3928 2332 3982; x_wconf 91' lang='lat' dir='ltr'><strong>nomina</strong></span> <span class='ocrx_word' id='word_1_621' title='bbox 2380 3928 2735 3982; x_wconf 89' lang='lat' dir='ltr'><strong>continuasse</strong></span> <span class='ocrx_word' id='word_1_622' title='bbox 2784 3925 2866 3979; x_wconf 86' lang='lat' dir='ltr'><strong>vel</strong></span> <span class='ocrx_word' id='word_1_623' title='bbox 2910 3924 3041 3978; x_wconf 89' lang='lat' dir='ltr'><strong>illud</strong></span> <span class='ocrx_word' id='word_1_624' title='bbox 3089 3923 3306 3987; x_wconf 90' lang='lat' dir='ltr'><strong>suadet,</strong></span> 
     </span>
    </p>
   </div>
   <div class='ocr_carea' id='block_1_86' title="bbox 1729 4015 3310 4091">
    <p class='ocr_par' dir='ltr' id='par_1_86' title="bbox 1729 4015 3310 4091">
     <span class='ocr_line' id='line_1_86' title="bbox 1729 4015 3310 4091; baseline -0.004 -17"><span class='ocrx_word' id='word_1_625' title='bbox 1729 4020 1877 4091; x_wconf 90' lang='lat' dir='ltr'><strong>quod</strong></span> <span class='ocrx_word' id='word_1_626' title='bbox 1923 4035 2051 4075; x_wconf 90' lang='lat' dir='ltr'><strong>eum</strong></span> <span class='ocrx_word' id='word_1_627' title='bbox 2111 4035 2283 4074; x_wconf 88' lang='lat' dir='ltr'><strong>novas</strong></span> <span class='ocrx_word' id='word_1_628' title='bbox 2346 4019 2453 4074; x_wconf 91' lang='lat' dir='ltr'><strong>illis</strong></span> <span class='ocrx_word' id='word_1_629' title='bbox 2512 4018 2957 4073; x_wconf 91' lang='lat' dir='ltr'><strong>nomenclaturas</strong></span> <span class='ocrx_word' id='word_1_630' title='bbox 3010 4015 3310 4071; x_wconf 79' lang='lat' dir='ltr'><strong>addidisset</strong></span> 
     </span>
    </p>
   </div>
   <div class='ocr_carea' id='block_1_87' title="bbox 1730 4106 3311 4184">
    <p class='ocr_par' dir='ltr' id='par_1_87' title="bbox 1730 4106 3311 4184">
     <span class='ocr_line' id='line_1_87' title="bbox 1730 4106 3311 4184; baseline -0.003 -19"><span class='ocrx_word' id='word_1_631' title='bbox 1730 4113 2087 4184; x_wconf 85' lang='lat' dir='ltr'><strong>Epiphanes,</strong></span> <span class='ocrx_word' id='word_1_632' title='bbox 2150 4112 2427 4167; x_wconf 88' lang='lat' dir='ltr'><strong>Monoteta</strong></span> <span class='ocrx_word' id='word_1_633' title='bbox 2485 4121 2541 4166; x_wconf 90' lang='lat' dir='ltr'><strong>et</strong></span> <span class='ocrx_word' id='word_1_634' title='bbox 2605 4110 2908 4172; x_wconf 79' lang='lat' dir='ltr'><strong>Henoteta,</strong></span> <span class='ocrx_word' id='word_1_635' title='bbox 2972 4106 3203 4161; x_wconf 83' lang='lat' dir='ltr'><strong>Monada</strong></span> <span class='ocrx_word' id='word_1_636' title='bbox 3254 4115 3311 4160; x_wconf 90' lang='lat' dir='ltr'><strong>et</strong></span> 
     </span>
    </p>
   </div>
   <div class='ocr_carea' id='block_1_88' title="bbox 1730 4196 3307 4269">
    <p class='ocr_par' dir='ltr' id='par_1_88' title="bbox 1730 4196 3307 4269">
     <span class='ocr_line' id='line_1_88' title="bbox 1730 4196 3307 4269; baseline -0.004 -13"><span class='ocrx_word' id='word_1_637' title='bbox 1730 4198 1876 4269; x_wconf 83' lang='lat' dir='ltr'><strong>Heu,</strong></span> <span class='ocrx_word' id='word_1_638' title='bbox 1905 4202 2092 4258; x_wconf 90' lang='lat' dir='ltr'><strong>statim</strong></span> <span class='ocrx_word' id='word_1_639' title='bbox 2146 4203 2415 4259; x_wconf 84' lang='lat' dir='ltr'><strong>exclamet</strong></span> <span class='ocrx_word' id='word_1_640' title='bbox 2464 4202 2735 4262; x_wconf 67' lang='lat' dir='ltr'><strong>lrenaaus,</strong></span> <span class='ocrx_word' id='word_1_641' title='bbox 2783 4201 2883 4254; x_wconf 84' lang='grc' dir='ltr'><strong>Ἰοὺ</strong></span> <span class='ocrx_word' id='word_1_642' title='bbox 2917 4200 3017 4263; x_wconf 76' lang='grc' dir='ltr'><strong>ἰοὺ,</strong></span> <span class='ocrx_word' id='word_1_643' title='bbox 3051 4197 3154 4268; x_wconf 83' lang='grc' dir='ltr'>φεῦ</span> <span class='ocrx_word' id='word_1_644' title='bbox 3185 4196 3307 4266; x_wconf 84' lang='grc' dir='ltr'><strong>φεῦ,</strong></span> 
     </span>
    </p>
   </div>
   <div class='ocr_carea' id='block_1_89' title="bbox 1730 4292 3308 4366">
    <p class='ocr_par' dir='ltr' id='par_1_89' title="bbox 1730 4292 3308 4366">
     <span class='ocr_line' id='line_1_89' title="bbox 1730 4292 3308 4366; baseline -0.004 -15"><span class='ocrx_word' id='word_1_645' title='bbox 1730 4298 2001 4353; x_wconf 90' lang='lat' dir='ltr'><strong>rationem</strong></span> <span class='ocrx_word' id='word_1_646' title='bbox 2038 4297 2291 4363; x_wconf 76' lang='lat' dir='ltr'><strong>reddens,</strong></span> <span class='ocrx_word' id='word_1_647' title='bbox 2331 4315 2350 4348; x_wconf 77' lang='grc' dir='ltr'>ι</span> <span class='ocrx_word' id='word_1_648' title='bbox 2394 4297 2656 4366; x_wconf 86' lang='lat' dir='ltr'><strong>quoniam</strong></span> <span class='ocrx_word' id='word_1_649' title='bbox 2692 4297 2806 4365; x_wconf 89' lang='lat' dir='ltr'><strong>ipse</strong></span> <span class='ocrx_word' id='word_1_650' title='bbox 2852 4294 3074 4348; x_wconf 88' lang='lat' dir='ltr'><strong>nomina</strong></span> <span class='ocrx_word' id='word_1_651' title='bbox 3124 4292 3308 4363; x_wconf 89' lang='lat' dir='ltr'><strong>posuit</strong></span> 
     </span>
    </p>
   </div>
   <div class='ocr_carea' id='block_1_90' title="bbox 1732 4380 3310 4460">
    <p class='ocr_par' dir='ltr' id='par_1_90' title="bbox 1732 4380 3310 4460">
     <span class='ocr_line' id='line_1_90' title="bbox 1732 4380 3310 4460; baseline -0.006 -16"><span class='ocrx_word' id='word_1_652' title='bbox 1732 4391 2023 4460; x_wconf 85' lang='lat' dir='ltr'><strong>ﬁgmento,</strong></span> <span class='ocrx_word' id='word_1_653' title='bbox 2057 4404 2180 4459; x_wconf 65' lang='lat' dir='ltr'><strong>quae</strong></span> <span class='ocrx_word' id='word_1_654' title='bbox 2222 4404 2251 4443; x_wconf 92' lang='lat' dir='ltr'><strong>a</strong></span> <span class='ocrx_word' id='word_1_655' title='bbox 2301 4388 2519 4442; x_wconf 90' lang='lat' dir='ltr'><strong>nemine</strong></span> <span class='ocrx_word' id='word_1_656' title='bbox 2561 4387 2731 4441; x_wconf 87' lang='lat' dir='ltr'><strong>altero</strong></span> <span class='ocrx_word' id='word_1_657' title='bbox 2772 4385 2949 4455; x_wconf 84' lang='lat' dir='ltr'><strong>posita</strong></span> <span class='ocrx_word' id='word_1_658' title='bbox 3003 4380 3310 4439; x_wconf 57' lang='lat' dir='ltr'><strong>suutulloe</strong></span> 
     </span>
    </p>
   </div>
   <div class='ocr_carea' id='block_1_91' title="bbox 76 4471 3307 4548">
    <p class='ocr_par' dir='ltr' id='par_1_91' title="bbox 76 4471 3307 4548">
     <span class='ocr_line' id='line_1_91' title="bbox 76 4471 3307 4548; baseline -0.001 -20"><span class='ocrx_word' id='word_1_659' title='bbox 76 4482 161 4528; x_wconf 62' lang='grc' dir='ltr'><strong>νθς.</strong></span> <span class='ocrx_word' id='word_1_660' title='bbox 191 4471 290 4524; x_wconf 87' lang='lat' dir='ltr'><strong>alia</strong></span> <span class='ocrx_word' id='word_1_661' title='bbox 322 4482 521 4540; x_wconf 62' lang='lat' dir='ltr'><strong>praeter</strong></span> <span class='ocrx_word' id='word_1_662' title='bbox 546 4488 608 4527; x_wconf 90' lang='lat' dir='ltr'><strong>ea</strong></span> <span class='ocrx_word' id='word_1_663' title='bbox 633 4490 755 4543; x_wconf 73' lang='lat' dir='ltr'><strong>qua:</strong></span> <span class='ocrx_word' id='word_1_664' title='bbox 784 4491 814 4528; x_wconf 87' lang='lat' dir='ltr'><strong>a</strong></span> <span class='ocrx_word' id='word_1_665' title='bbox 844 4477 1146 4545; x_wconf 86' lang='lat' dir='ltr'><strong>magistris,</strong></span> <span class='ocrx_word' id='word_1_666' title='bbox 1178 4478 1294 4531; x_wconf 84' lang='lat' dir='ltr'><strong>sive</strong></span> <span class='ocrx_word' id='word_1_667' title='bbox 1322 4476 1622 4544; x_wconf 83' lang='lat' dir='ltr'><strong>Gnosticis,</strong></span> <span class='ocrx_word' id='word_1_668' title='bbox 1658 4489 1707 4548; x_wconf 76' lang='grc' dir='ltr'><strong>υ</strong></span> <span class='ocrx_word' id='word_1_669' title='bbox 1729 4483 1876 4535; x_wconf 90' lang='lat' dir='ltr'><strong>enim</strong></span> <span class='ocrx_word' id='word_1_670' title='bbox 1908 4490 2054 4535; x_wconf 85' lang='lat' dir='ltr'><strong>tanta</strong></span> <span class='ocrx_word' id='word_1_671' title='bbox 2093 4480 2456 4534; x_wconf 87' lang='lat' dir='ltr'><strong>admiratione</strong></span> <span class='ocrx_word' id='word_1_672' title='bbox 2484 4479 2708 4548; x_wconf 88' lang='lat' dir='ltr'><strong>dignum</strong></span> <span class='ocrx_word' id='word_1_673' title='bbox 2742 4492 2848 4529; x_wconf 89' lang='lat' dir='ltr'><strong>non</strong></span> <span class='ocrx_word' id='word_1_674' title='bbox 2879 4474 3093 4539; x_wconf 78' lang='lat' dir='ltr'><strong>fuisset,</strong></span> <span class='ocrx_word' id='word_1_675' title='bbox 3120 4474 3165 4528; x_wconf 92' lang='lat' dir='ltr'><strong>si</strong></span> <span class='ocrx_word' id='word_1_676' title='bbox 3195 4471 3307 4525; x_wconf 79' lang='lat' dir='ltr'><strong>Va—</strong></span> 
     </span>
    </p>
   </div>
   <div class='ocr_carea' id='block_1_92' title="bbox 79 4557 1626 4636">
    <p class='ocr_par' dir='ltr' id='par_1_92' title="bbox 79 4557 1626 4636">
     <span class='ocr_line' id='line_1_92' title="bbox 79 4557 1626 4636; baseline 0.008 -29"><span class='ocrx_word' id='word_1_677' title='bbox 79 4557 169 4610; x_wconf 75' lang='lat' dir='ltr'><strong>sire</strong></span> <span class='ocrx_word' id='word_1_678' title='bbox 201 4558 621 4625; x_wconf 88' lang='lat' dir='ltr'><strong>Valentinianis,</strong></span> <span class='ocrx_word' id='word_1_679' title='bbox 653 4574 941 4635; x_wconf 86' lang='lat' dir='ltr'><strong>acceperat</strong></span> <span class='ocrx_word' id='word_1_680' title='bbox 971 4567 1201 4635; x_wconf 82' lang='lat' dir='ltr'><strong>fingens,</strong></span> <span class='ocrx_word' id='word_1_681' title='bbox 1234 4566 1328 4619; x_wconf 75' lang='grc' dir='ltr'><strong>δύο</strong></span> <span class='ocrx_word' id='word_1_682' title='bbox 1361 4566 1626 4636; x_wconf 76' lang='grc' dir='ltr'>συζύγους</span> 
     </span>
    </p>
   </div>
   <div class='ocr_carea' id='block_1_93' title="bbox 78 4651 1626 4730">
    <p class='ocr_par' dir='ltr' id='par_1_93' title="bbox 78 4651 1626 4730">
     <span class='ocr_line' id='line_1_93' title="bbox 78 4651 1626 4730; baseline 0.008 -30"><span class='ocrx_word' id='word_1_683' title='bbox 78 4651 137 4719; x_wconf 78' lang='grc' dir='ltr'>τῷ</span> <span class='ocrx_word' id='word_1_684' title='bbox 163 4652 271 4723; x_wconf 83' lang='grc' dir='ltr'><strong>Θεῷ</strong></span> <span class='ocrx_word' id='word_1_685' title='bbox 302 4655 379 4726; x_wconf 84' lang='grc' dir='ltr'><strong>τῷ</strong></span> <span class='ocrx_word' id='word_1_686' title='bbox 413 4658 547 4727; x_wconf 83' lang='grc' dir='ltr'>παρ’</span> <span class='ocrx_word' id='word_1_687' title='bbox 580 4658 764 4721; x_wconf 82' lang='grc' dir='ltr'>αὐτοῖς</span> <span class='ocrx_word' id='word_1_688' title='bbox 812 4656 969 4728; x_wconf 86' lang='grc' dir='ltr'><strong>ΒυΘῴ</strong></span> <span class='ocrx_word' id='word_1_689' title='bbox 1000 4658 1322 4729; x_wconf 81' lang='grc' dir='ltr'>καλουμένῳ</span> <span class='ocrx_word' id='word_1_690' title='bbox 1364 4660 1626 4730; x_wconf 77' lang='grc' dir='ltr'><strong>ἐπενόησε</strong></span> 
     </span>
    </p>
   </div>
   <div class='ocr_carea' id='block_1_94' title="bbox 80 4743 1625 4819">
    <p class='ocr_par' dir='ltr' id='par_1_94' title="bbox 80 4743 1625 4819">
     <span class='ocr_line' id='line_1_94' title="bbox 80 4743 1625 4819; baseline 0.008 -30"><span class='ocrx_word' id='word_1_691' title='bbox 80 4743 151 4791; x_wconf 76' lang='grc' dir='ltr'><strong>καὶ</strong></span> <span class='ocrx_word' id='word_1_692' title='bbox 180 4745 481 4817; x_wconf 79' lang='grc' dir='ltr'>ἐχαρίσατο,</span> <span class='ocrx_word' id='word_1_693' title='bbox 517 4766 535 4797; x_wconf 75' lang='grc' dir='ltr'>ι</span> <span class='ocrx_word' id='word_1_694' title='bbox 570 4748 710 4803; x_wconf 85' lang='lat' dir='ltr'><strong>duas</strong></span> <span class='ocrx_word' id='word_1_695' title='bbox 736 4748 997 4818; x_wconf 81' lang='lat' dir='ltr'><strong>conjuges</strong></span> <span class='ocrx_word' id='word_1_696' title='bbox 1022 4749 1155 4811; x_wconf 90' lang='lat' dir='ltr'><strong>Deo,</strong></span> <span class='ocrx_word' id='word_1_697' title='bbox 1197 4764 1358 4819; x_wconf 91' lang='lat' dir='ltr'><strong>quem</strong></span> <span class='ocrx_word' id='word_1_698' title='bbox 1385 4750 1483 4815; x_wconf 90' lang='lat' dir='ltr'><strong>illi,</strong></span> <span class='ocrx_word' id='word_1_699' title='bbox 1512 4759 1625 4803; x_wconf 90' lang='lat' dir='ltr'><strong>tum</strong></span> 
     </span>
    </p>
   </div>
   <div class='ocr_carea' id='block_1_95' title="bbox 80 4832 1629 4912">
    <p class='ocr_par' dir='ltr' id='par_1_95' title="bbox 80 4832 1629 4912">
     <span class='ocr_line' id='line_1_95' title="bbox 80 4832 1629 4912; baseline 0.01 -33"><span class='ocrx_word' id='word_1_700' title='bbox 80 4832 287 4891; x_wconf 66' lang='lat' dir='ltr'><strong>tinosnei</strong></span> <span class='ocrx_word' id='word_1_701' title='bbox 318 4850 435 4892; x_wconf 90' lang='lat' dir='ltr'><strong>tum</strong></span> <span class='ocrx_word' id='word_1_702' title='bbox 464 4837 848 4899; x_wconf 85' lang='lat' dir='ltr'><strong>Valentiniani,</strong></span> <span class='ocrx_word' id='word_1_703' title='bbox 881 4840 1114 4912; x_wconf 89' lang='lat' dir='ltr'><strong>Bythum</strong></span> <span class='ocrx_word' id='word_1_704' title='bbox 1145 4842 1435 4907; x_wconf 86' lang='lat' dir='ltr'><strong>vocabant,</strong></span> <span class='ocrx_word' id='word_1_705' title='bbox 1470 4842 1629 4895; x_wconf 89' lang='lat' dir='ltr'><strong>attri-</strong></span> 
     </span>
    </p>
   </div>
   <div class='ocr_carea' id='block_1_96' title="bbox 82 4925 1628 5002">
    <p class='ocr_par' dir='ltr' id='par_1_96' title="bbox 82 4925 1628 5002">
     <span class='ocr_line' id='line_1_96' title="bbox 82 4925 1628 5002; baseline 0.009 -27"><span class='ocrx_word' id='word_1_706' title='bbox 82 4925 261 4982; x_wconf 76' lang='lat' dir='ltr'><strong>bllcbal.</strong></span> <span class='ocrx_word' id='word_1_707' title='bbox 299 4951 317 4980; x_wconf 74' lang='grc' dir='ltr'>ι</span> <span class='ocrx_word' id='word_1_708' title='bbox 360 4930 476 4986; x_wconf 89' lang='lat' dir='ltr'><strong>lloe</strong></span> <span class='ocrx_word' id='word_1_709' title='bbox 508 4936 710 5002; x_wconf 88' lang='lat' dir='ltr'><strong>quippe</strong></span> <span class='ocrx_word' id='word_1_710' title='bbox 758 4934 1021 4989; x_wconf 79' lang='lat' dir='ltr'><strong>doctrina:</strong></span> <span class='ocrx_word' id='word_1_711' title='bbox 1050 4935 1437 4989; x_wconf 86' lang='lat' dir='ltr'><strong>Gnosticorum</strong></span> <span class='ocrx_word' id='word_1_712' title='bbox 1481 4944 1628 4989; x_wconf 87' lang='lat' dir='ltr'><strong>vete-</strong></span> 
     </span>
    </p>
   </div>
   <div class='ocr_carea' id='block_1_97' title="bbox 82 5023 1628 5096">
    <p class='ocr_par' dir='ltr' id='par_1_97' title="bbox 82 5023 1628 5096">
     <span class='ocr_line' id='line_1_97' title="bbox 82 5023 1628 5096; baseline 0.009 -30"><span class='ocrx_word' id='word_1_713' title='bbox 82 5033 176 5072; x_wconf 88' lang='lat' dir='ltr'><strong>rum</strong></span> <span class='ocrx_word' id='word_1_714' title='bbox 208 5032 257 5076; x_wconf 89' lang='lat' dir='ltr'><strong>et</strong></span> <span class='ocrx_word' id='word_1_715' title='bbox 304 5023 813 5080; x_wconf 87' lang='lat' dir='ltr'><strong>Valentinianorum</strong></span> <span class='ocrx_word' id='word_1_716' title='bbox 848 5027 1050 5095; x_wconf 89' lang='lat' dir='ltr'><strong>adjecit</strong></span> <span class='ocrx_word' id='word_1_717' title='bbox 1091 5026 1449 5092; x_wconf 66' lang='lat' dir='ltr'><strong>Ptolemaeus;</strong></span> <span class='ocrx_word' id='word_1_718' title='bbox 1478 5027 1628 5096; x_wconf 90' lang='lat' dir='ltr'><strong>quod</strong></span> 
     </span>
    </p>
   </div>
   <div class='ocr_carea' id='block_1_98' title="bbox 81 5115 1627 5191">
    <p class='ocr_par' dir='ltr' id='par_1_98' title="bbox 81 5115 1627 5191">
     <span class='ocr_line' id='line_1_98' title="bbox 81 5115 1627 5191; baseline 0.01 -32"><span class='ocrx_word' id='word_1_719' title='bbox 81 5122 178 5163; x_wconf 76' lang='lat' dir='ltr'><strong>cum</strong></span> <span class='ocrx_word' id='word_1_720' title='bbox 214 5115 295 5168; x_wconf 84' lang='lat' dir='ltr'><strong>isti</strong></span> <span class='ocrx_word' id='word_1_721' title='bbox 340 5132 510 5169; x_wconf 88' lang='lat' dir='ltr'><strong>unam</strong></span> <span class='ocrx_word' id='word_1_722' title='bbox 548 5126 757 5171; x_wconf 92' lang='lat' dir='ltr'><strong>tantum</strong></span> <span class='ocrx_word' id='word_1_723' title='bbox 801 5119 1095 5189; x_wconf 82' lang='lat' dir='ltr'><strong>conjugem</strong></span> <span class='ocrx_word' id='word_1_724' title='bbox 1126 5119 1302 5191; x_wconf 77' lang='lat' dir='ltr'><strong>Bytlio</strong></span> <span class='ocrx_word' id='word_1_725' title='bbox 1330 5133 1471 5181; x_wconf 83' lang='lat' dir='ltr'><strong>suo,</strong></span> <span class='ocrx_word' id='word_1_726' title='bbox 1514 5118 1627 5172; x_wconf 83' lang='lat' dir='ltr'><strong>En-</strong></span> 
     </span>
    </p>
   </div>
   <div class='ocr_carea' id='block_1_99' title="bbox 81 5209 1626 5280">
    <p class='ocr_par' dir='ltr' id='par_1_99' title="bbox 81 5209 1626 5280">
     <span class='ocr_line' id='line_1_99' title="bbox 81 5209 1626 5280; baseline 0.006 -25"><span class='ocrx_word' id='word_1_727' title='bbox 81 5213 226 5258; x_wconf 67' lang='lat' dir='ltr'><strong>nteam</strong></span> <span class='ocrx_word' id='word_1_728' title='bbox 287 5210 501 5263; x_wconf 81' lang='lat' dir='ltr'><strong>scilicet</strong></span> <span class='ocrx_word' id='word_1_729' title='bbox 551 5220 644 5264; x_wconf 91' lang='lat' dir='ltr'><strong>aut</strong></span> <span class='ocrx_word' id='word_1_730' title='bbox 694 5209 1295 5280; x_wconf 81' lang='lat' dir='ltr'><strong>Sigen,allinxissent,</strong></span> <span class='ocrx_word' id='word_1_731' title='bbox 1328 5211 1419 5266; x_wconf 91' lang='lat' dir='ltr'><strong>ille</strong></span> <span class='ocrx_word' id='word_1_732' title='bbox 1460 5213 1626 5266; x_wconf 87' lang='lat' dir='ltr'><strong>etiam</strong></span> 
     </span>
    </p>
   </div>
   <div class='ocr_carea' id='block_1_100' title="bbox 82 5290 1625 5375">
    <p class='ocr_par' dir='ltr' id='par_1_100' title="bbox 82 5290 1625 5375">
     <span class='ocr_line' id='line_1_100' title="bbox 82 5290 1625 5375; baseline 0.008 -29"><span class='ocrx_word' id='word_1_733' title='bbox 82 5290 301 5354; x_wconf 86' lang='lat' dir='ltr'><strong>Thelema</strong></span> <span class='ocrx_word' id='word_1_734' title='bbox 345 5318 449 5355; x_wconf 88' lang='lat' dir='ltr'><strong>seu</strong></span> <span class='ocrx_word' id='word_1_735' title='bbox 491 5302 843 5359; x_wconf 78' lang='lat' dir='ltr'><strong>Ve!untatem</strong></span> <span class='ocrx_word' id='word_1_736' title='bbox 879 5305 1055 5359; x_wconf 89' lang='lat' dir='ltr'><strong>eidem</strong></span> <span class='ocrx_word' id='word_1_737' title='bbox 1104 5306 1382 5360; x_wconf 90' lang='lat' dir='ltr'><strong>connubio</strong></span> <span class='ocrx_word' id='word_1_738' title='bbox 1418 5304 1625 5375; x_wconf 80' lang='lat' dir='ltr'><strong>junxit.</strong></span> 
     </span>
    </p>
   </div>
   <div class='ocr_carea' id='block_1_101' title="bbox 79 5381 1627 5468">
    <p class='ocr_par' dir='ltr' id='par_1_101' title="bbox 79 5381 1627 5468">
     <span class='ocr_line' id='line_1_101' title="bbox 79 5381 1627 5468; baseline 0.008 -28"><span class='ocrx_word' id='word_1_739' title='bbox 79 5381 233 5458; x_wconf 76' lang='lat' dir='ltr'><strong>Neque</strong></span> <span class='ocrx_word' id='word_1_740' title='bbox 273 5410 404 5449; x_wconf 84' lang='lat' dir='ltr'><strong>vero</strong></span> <span class='ocrx_word' id='word_1_741' title='bbox 443 5410 547 5468; x_wconf 84' lang='lat' dir='ltr'><strong>ego</strong></span> <span class='ocrx_word' id='word_1_742' title='bbox 604 5396 795 5451; x_wconf 86' lang='lat' dir='ltr'><strong>dubito</strong></span> <span class='ocrx_word' id='word_1_743' title='bbox 847 5396 1295 5467; x_wconf 55' lang='lat' dir='ltr'><strong>quinsBasilides</strong></span> <span class='ocrx_word' id='word_1_744' title='bbox 1326 5396 1627 5453; x_wconf 87' lang='lat' dir='ltr'><strong>Gnostieus</strong></span> 
     </span>
    </p>
   </div>
   <div class='ocr_carea' id='block_1_102' title="bbox 80 5484 1626 5561">
    <p class='ocr_par' dir='ltr' id='par_1_102' title="bbox 80 5484 1626 5561">
     <span class='ocr_line' id='line_1_102' title="bbox 80 5484 1626 5561; baseline 0.006 -26"><span class='ocrx_word' id='word_1_745' title='bbox 80 5493 181 5538; x_wconf 74' lang='lat' dir='ltr'><strong>ante</strong></span> <span class='ocrx_word' id='word_1_746' title='bbox 212 5484 560 5544; x_wconf 85' lang='lat' dir='ltr'><strong>Valentinum</strong></span> <span class='ocrx_word' id='word_1_747' title='bbox 590 5491 645 5544; x_wconf 91' lang='lat' dir='ltr'><strong>in</strong></span> <span class='ocrx_word' id='word_1_748' title='bbox 679 5492 857 5561; x_wconf 89' lang='lat' dir='ltr'><strong>prima</strong></span> <span class='ocrx_word' id='word_1_749' title='bbox 882 5506 982 5546; x_wconf 86' lang='lat' dir='ltr'><strong>sua</strong></span> <span class='ocrx_word' id='word_1_750' title='bbox 1014 5491 1426 5546; x_wconf 84' lang='lat' dir='ltr'><strong>combinatione</strong></span> <span class='ocrx_word' id='word_1_751' title='bbox 1461 5491 1626 5561; x_wconf 84' lang='lat' dir='ltr'><strong>Sigen</strong></span> 
     </span>
    </p>
   </div>
   <div class='ocr_carea' id='block_1_103' title="bbox 82 5572 1629 5657">
    <p class='ocr_par' dir='ltr' id='par_1_103' title="bbox 82 5572 1629 5657">
     <span class='ocr_line' id='line_1_103' title="bbox 82 5572 1629 5657; baseline 0.01 -32"><span class='ocrx_word' id='word_1_752' title='bbox 82 5572 330 5645; x_wconf 81' lang='lat' dir='ltr'><strong>habuerit,</strong></span> <span class='ocrx_word' id='word_1_753' title='bbox 371 5590 429 5637; x_wconf 90' lang='lat' dir='ltr'><strong>et</strong></span> <span class='ocrx_word' id='word_1_754' title='bbox 474 5584 720 5637; x_wconf 83' lang='grc' dir='ltr'>Ἔννοιαν</span> <span class='ocrx_word' id='word_1_755' title='bbox 762 5600 919 5640; x_wconf 84' lang='lat' dir='ltr'><strong>suam</strong></span> <span class='ocrx_word' id='word_1_756' title='bbox 973 5586 1139 5657; x_wconf 84' lang='grc' dir='ltr'>Σιγὴν</span> <span class='ocrx_word' id='word_1_757' title='bbox 1184 5586 1482 5642; x_wconf 86' lang='lat' dir='ltr'><strong>vocaverit.</strong></span> <span class='ocrx_word' id='word_1_758' title='bbox 1536 5586 1629 5640; x_wconf 90' lang='lat' dir='ltr'><strong>Ille</strong></span> 
     </span>
    </p>
   </div>
   <div class='ocr_carea' id='block_1_104' title="bbox 81 5668 1628 5748">
    <p class='ocr_par' dir='ltr' id='par_1_104' title="bbox 81 5668 1628 5748">
     <span class='ocr_line' id='line_1_104' title="bbox 81 5668 1628 5748; baseline 0.007 -26"><span class='ocrx_word' id='word_1_759' title='bbox 81 5668 197 5723; x_wconf 68' lang='lat' dir='ltr'><strong>“uim</strong></span> <span class='ocrx_word' id='word_1_760' title='bbox 228 5672 435 5740; x_wconf 90' lang='lat' dir='ltr'><strong>docuit,</strong></span> <span class='ocrx_word' id='word_1_761' title='bbox 462 5686 597 5732; x_wconf 89' lang='lat' dir='ltr'><strong>teste</strong></span> <span class='ocrx_word' id='word_1_762' title='bbox 631 5676 836 5732; x_wconf 71' lang='lat' dir='ltr'><strong>lrenmo</strong></span> <span class='ocrx_word' id='word_1_763' title='bbox 860 5678 955 5733; x_wconf 88' lang='lat' dir='ltr'><strong>lib.</strong></span> <span class='ocrx_word' id='word_1_764' title='bbox 992 5695 1030 5745; x_wconf 87' lang='lat' dir='ltr'><strong>I,</strong></span> <span class='ocrx_word' id='word_1_765' title='bbox 1060 5694 1109 5732; x_wconf 92' lang='lat' dir='ltr'><strong>c.</strong></span> <span class='ocrx_word' id='word_1_766' title='bbox 1145 5678 1237 5744; x_wconf 72' lang='lat'><strong>23,</strong></span> <span class='ocrx_word' id='word_1_767' title='bbox 1267 5697 1287 5729; x_wconf 74' lang='grc' dir='ltr'><strong><em>ι</em></strong></span> <span class='ocrx_word' id='word_1_768' title='bbox 1321 5691 1431 5733; x_wconf 92' lang='lat' dir='ltr'><strong>non</strong></span> <span class='ocrx_word' id='word_1_769' title='bbox 1465 5691 1628 5748; x_wconf 90' lang='lat' dir='ltr'><strong>opor-</strong></span> 
     </span>
    </p>
   </div>
   <div class='ocr_carea' id='block_1_105' title="bbox 86 5764 1625 5843">
    <p class='ocr_par' dir='ltr' id='par_1_105' title="bbox 86 5764 1625 5843">
     <span class='ocr_line' id='line_1_105' title="bbox 86 5764 1625 5843; baseline 0.002 -20"><span class='ocrx_word' id='word_1_770' title='bbox 86 5764 174 5813; x_wconf 70' lang='grc' dir='ltr'><strong>ιετι</strong></span> <span class='ocrx_word' id='word_1_771' title='bbox 189 5771 407 5826; x_wconf 82' lang='lat' dir='ltr'><strong>omnino</strong></span> <span class='ocrx_word' id='word_1_772' title='bbox 434 5772 678 5843; x_wconf 88' lang='lat' dir='ltr'><strong>ipsorum</strong></span> <span class='ocrx_word' id='word_1_773' title='bbox 711 5774 967 5843; x_wconf 84' lang='lat' dir='ltr'><strong>mysteria</strong></span> <span class='ocrx_word' id='word_1_774' title='bbox 993 5772 1169 5839; x_wconf 78' lang='lat' dir='ltr'><strong>eﬂ‘ari,</strong></span> <span class='ocrx_word' id='word_1_775' title='bbox 1203 5772 1296 5828; x_wconf 82' lang='lat' dir='ltr'><strong>sed</strong></span> <span class='ocrx_word' id='word_1_776' title='bbox 1322 5773 1375 5828; x_wconf 92' lang='lat' dir='ltr'><strong>in</strong></span> <span class='ocrx_word' id='word_1_777' title='bbox 1399 5771 1625 5827; x_wconf 86' lang='lat' dir='ltr'><strong>abscon-</strong></span> 
     </span>
    </p>
   </div>
   <div class='ocr_carea' id='block_1_106' title="bbox 1731 4563 3308 4640">
    <p class='ocr_par' dir='ltr' id='par_1_106' title="bbox 1731 4563 3308 4640">
     <span class='ocr_line' id='line_1_106' title="bbox 1731 4563 3308 4640; baseline -0.004 -15"><span class='ocrx_word' id='word_1_778' title='bbox 1731 4572 1971 4626; x_wconf 91' lang='lat' dir='ltr'><strong>lentinus</strong></span> <span class='ocrx_word' id='word_1_779' title='bbox 2039 4571 2204 4640; x_wconf 90' lang='lat' dir='ltr'><strong>paulo</strong></span> <span class='ocrx_word' id='word_1_780' title='bbox 2274 4579 2401 4624; x_wconf 89' lang='lat' dir='ltr'><strong>ante</strong></span> <span class='ocrx_word' id='word_1_781' title='bbox 2465 4568 2802 4639; x_wconf 84' lang='lat' dir='ltr'><strong>Epiphanem</strong></span> <span class='ocrx_word' id='word_1_782' title='bbox 2856 4567 3031 4621; x_wconf 91' lang='lat' dir='ltr'><strong>eidem</strong></span> <span class='ocrx_word' id='word_1_783' title='bbox 3087 4563 3308 4619; x_wconf 80' lang='lat' dir='ltr'><strong>Tetradi</strong></span> 
     </span>
    </p>
   </div>
   <div class='ocr_carea' id='block_1_107' title="bbox 1731 4656 3312 4734">
    <p class='ocr_par' dir='ltr' id='par_1_107' title="bbox 1731 4656 3312 4734">
     <span class='ocr_line' id='line_1_107' title="bbox 1731 4656 3312 4734; baseline -0.006 -15"><span class='ocrx_word' id='word_1_784' title='bbox 1731 4680 1872 4719; x_wconf 84' lang='lat' dir='ltr'><strong>nova</strong></span> <span class='ocrx_word' id='word_1_785' title='bbox 1908 4678 2138 4734; x_wconf 89' lang='lat' dir='ltr'><strong>prorsus</strong></span> <span class='ocrx_word' id='word_1_786' title='bbox 2175 4662 2397 4715; x_wconf 90' lang='lat' dir='ltr'><strong>nomina</strong></span> <span class='ocrx_word' id='word_1_787' title='bbox 2452 4670 2507 4716; x_wconf 90' lang='lat' dir='ltr'><strong>et</strong></span> <span class='ocrx_word' id='word_1_788' title='bbox 2537 4668 2664 4715; x_wconf 90' lang='lat' dir='ltr'><strong>ante</strong></span> <span class='ocrx_word' id='word_1_789' title='bbox 2718 4657 2964 4713; x_wconf 86' lang='lat' dir='ltr'><strong>inaudita</strong></span> <span class='ocrx_word' id='word_1_790' title='bbox 3010 4656 3312 4726; x_wconf 83' lang='lat' dir='ltr'><strong>imposuis-</strong></span> 
     </span>
    </p>
   </div>
   <div class='ocr_carea' id='block_1_108' title="bbox 1730 4762 1831 4808">
    <p class='ocr_par' dir='ltr' id='par_1_108' title="bbox 1730 4762 1831 4808">
     <span class='ocr_line' id='line_1_108' title="bbox 1730 4762 1831 4808; baseline -0.01 0"><span class='ocrx_word' id='word_1_791' title='bbox 1730 4762 1831 4808; x_wconf 88' lang='lat' dir='ltr'><strong>set.</strong></span> 
     </span>
    </p>
   </div>
   <div class='ocr_carea' id='block_1_109' title="bbox 1804 4836 3312 4911">
    <p class='ocr_par' dir='ltr' id='par_1_109' title="bbox 1804 4836 3312 4911">
     <span class='ocr_line' id='line_1_109' title="bbox 1804 4836 3312 4911; baseline -0.005 -13"><span class='ocrx_word' id='word_1_792' title='bbox 1804 4842 2059 4898; x_wconf 90' lang='lat' dir='ltr'><strong>Secundo</strong></span> <span class='ocrx_word' id='word_1_793' title='bbox 2086 4882 2099 4905; x_wconf 91' lang='lat'><strong>,</strong></span> <span class='ocrx_word' id='word_1_794' title='bbox 2143 4841 2331 4911; x_wconf 87' lang='lat' dir='ltr'><strong>Logon</strong></span> <span class='ocrx_word' id='word_1_795' title='bbox 2366 4841 2531 4895; x_wconf 89' lang='lat' dir='ltr'><strong>etiam</strong></span> <span class='ocrx_word' id='word_1_796' title='bbox 2573 4838 2745 4895; x_wconf 89' lang='lat' dir='ltr'><strong>fuisse</strong></span> <span class='ocrx_word' id='word_1_797' title='bbox 2772 4838 2915 4893; x_wconf 89' lang='lat' dir='ltr'><strong>inter</strong></span> <span class='ocrx_word' id='word_1_798' title='bbox 2945 4836 3136 4893; x_wconf 86' lang='lat' dir='ltr'><strong>tictitia</strong></span> <span class='ocrx_word' id='word_1_799' title='bbox 3163 4846 3312 4891; x_wconf 90' lang='lat' dir='ltr'><strong>vetc-</strong></span> 
     </span>
    </p>
   </div>
   <div class='ocr_carea' id='block_1_110' title="bbox 1730 4931 3313 5003">
    <p class='ocr_par' dir='ltr' id='par_1_110' title="bbox 1730 4931 3313 5003">
     <span class='ocr_line' id='line_1_110' title="bbox 1730 4931 3313 5003; baseline -0.004 -14"><span class='ocrx_word' id='word_1_800' title='bbox 1730 4953 1853 4991; x_wconf 91' lang='lat' dir='ltr'><strong>rum</strong></span> <span class='ocrx_word' id='word_1_801' title='bbox 1896 4935 2287 4990; x_wconf 84' lang='lat' dir='ltr'><strong>Gnostieorum</strong></span> <span class='ocrx_word' id='word_1_802' title='bbox 2333 4935 2583 5000; x_wconf 89' lang='lat' dir='ltr'><strong>numina,</strong></span> <span class='ocrx_word' id='word_1_803' title='bbox 2613 4941 2667 4988; x_wconf 92' lang='lat' dir='ltr'><strong>et</strong></span> <span class='ocrx_word' id='word_1_804' title='bbox 2696 4947 2793 5003; x_wconf 86' lang='lat' dir='ltr'><strong>per</strong></span> <span class='ocrx_word' id='word_1_805' title='bbox 2819 4931 3066 5003; x_wconf 79' lang='lat' dir='ltr'><strong>syzygias</strong></span> <span class='ocrx_word' id='word_1_806' title='bbox 3101 4931 3313 4999; x_wconf 91' lang='lat' dir='ltr'><strong>aliquas</strong></span> 
     </span>
    </p>
   </div>
   <div class='ocr_carea' id='block_1_111' title="bbox 1731 5020 3311 5097">
    <p class='ocr_par' dir='ltr' id='par_1_111' title="bbox 1731 5020 3311 5097">
     <span class='ocr_line' id='line_1_111' title="bbox 1731 5020 3311 5097; baseline -0.005 -16"><span class='ocrx_word' id='word_1_807' title='bbox 1731 5043 1761 5081; x_wconf 89' lang='lat' dir='ltr'><strong>a</strong></span> <span class='ocrx_word' id='word_1_808' title='bbox 1791 5026 1916 5097; x_wconf 87' lang='lat' dir='ltr'><strong>Sige</strong></span> <span class='ocrx_word' id='word_1_809' title='bbox 1939 5026 2007 5081; x_wconf 88' lang='lat' dir='ltr'><strong>ad</strong></span> <span class='ocrx_word' id='word_1_810' title='bbox 2039 5042 2164 5080; x_wconf 91' lang='lat' dir='ltr'><strong>eum</strong></span> <span class='ocrx_word' id='word_1_811' title='bbox 2200 5033 2521 5095; x_wconf 87' lang='lat' dir='ltr'><strong>perventum</strong></span> <span class='ocrx_word' id='word_1_812' title='bbox 2555 5040 2699 5089; x_wconf 91' lang='lat' dir='ltr'><strong>esse,</strong></span> <span class='ocrx_word' id='word_1_813' title='bbox 2733 5032 2793 5077; x_wconf 90' lang='lat' dir='ltr'><strong>ut</strong></span> <span class='ocrx_word' id='word_1_814' title='bbox 2817 5024 2871 5077; x_wconf 94' lang='lat' dir='ltr'><strong>in</strong></span> <span class='ocrx_word' id='word_1_815' title='bbox 2897 5024 3084 5079; x_wconf 89' lang='lat' dir='ltr'><strong>schola</strong></span> <span class='ocrx_word' id='word_1_816' title='bbox 3112 5020 3311 5075; x_wconf 86' lang='lat' dir='ltr'><strong>Valen-</strong></span> 
     </span>
    </p>
   </div>
   <div class='ocr_carea' id='block_1_112' title="bbox 1730 5117 3311 5191">
    <p class='ocr_par' dir='ltr' id='par_1_112' title="bbox 1730 5117 3311 5191">
     <span class='ocr_line' id='line_1_112' title="bbox 1730 5117 3311 5191; baseline -0.007 -16"><span class='ocrx_word' id='word_1_817' title='bbox 1730 5122 1853 5188; x_wconf 91' lang='lat' dir='ltr'><strong>tini,</strong></span> <span class='ocrx_word' id='word_1_818' title='bbox 1890 5120 2094 5191; x_wconf 88' lang='lat' dir='ltr'><strong>pariter</strong></span> <span class='ocrx_word' id='word_1_819' title='bbox 2124 5120 2483 5190; x_wconf 90' lang='lat' dir='ltr'><strong>probabimus</strong></span> <span class='ocrx_word' id='word_1_820' title='bbox 2509 5137 2523 5173; x_wconf 90' lang='lat'><strong>:</strong></span> <span class='ocrx_word' id='word_1_821' title='bbox 2556 5118 2701 5188; x_wconf 84' lang='lat' dir='ltr'><strong>quod</strong></span> <span class='ocrx_word' id='word_1_822' title='bbox 2733 5118 2869 5172; x_wconf 91' lang='lat' dir='ltr'><strong>satis</strong></span> <span class='ocrx_word' id='word_1_823' title='bbox 2892 5117 3061 5171; x_wconf 90' lang='lat' dir='ltr'><strong>estad</strong></span> <span class='ocrx_word' id='word_1_824' title='bbox 3091 5124 3311 5169; x_wconf 85' lang='lat' dir='ltr'><strong>senten-</strong></span> 
     </span>
    </p>
   </div>
   <div class='ocr_carea' id='block_1_113' title="bbox 1731 5204 3307 5279">
    <p class='ocr_par' dir='ltr' id='par_1_113' title="bbox 1731 5204 3307 5279">
     <span class='ocr_line' id='line_1_113' title="bbox 1731 5204 3307 5279; baseline -0.007 -12"><span class='ocrx_word' id='word_1_825' title='bbox 1731 5214 1863 5267; x_wconf 87' lang='lat' dir='ltr'><strong>tiam</strong></span> <span class='ocrx_word' id='word_1_826' title='bbox 1901 5222 2145 5267; x_wconf 90' lang='lat' dir='ltr'><strong>nostram</strong></span> <span class='ocrx_word' id='word_1_827' title='bbox 2187 5213 2452 5266; x_wconf 86' lang='lat' dir='ltr'><strong>adversus</strong></span> <span class='ocrx_word' id='word_1_828' title='bbox 2493 5210 2676 5265; x_wconf 65' lang='lat' dir='ltr'><strong>Dallaai</strong></span> <span class='ocrx_word' id='word_1_829' title='bbox 2721 5209 3060 5279; x_wconf 89' lang='lat' dir='ltr'><strong>objectiones</strong></span> <span class='ocrx_word' id='word_1_830' title='bbox 3104 5204 3307 5260; x_wconf 84' lang='lat' dir='ltr'><strong>contir-</strong></span> 
     </span>
    </p>
   </div>
   <div class='ocr_carea' id='block_1_114' title="bbox 1732 5296 3315 5375">
    <p class='ocr_par' dir='ltr' id='par_1_114' title="bbox 1732 5296 3315 5375">
     <span class='ocr_line' id='line_1_114' title="bbox 1732 5296 3315 5375; baseline -0.006 -16"><span class='ocrx_word' id='word_1_831' title='bbox 1732 5306 2009 5359; x_wconf 86' lang='lat' dir='ltr'><strong>mandam.</strong></span> <span class='ocrx_word' id='word_1_832' title='bbox 2040 5304 2227 5375; x_wconf 83' lang='lat' dir='ltr'><strong>Neque</strong></span> <span class='ocrx_word' id='word_1_833' title='bbox 2252 5305 2399 5359; x_wconf 89' lang='lat' dir='ltr'><strong>enim</strong></span> <span class='ocrx_word' id='word_1_834' title='bbox 2442 5303 2688 5358; x_wconf 85' lang='lat' dir='ltr'><strong>Gnostiei</strong></span> <span class='ocrx_word' id='word_1_835' title='bbox 2732 5301 2831 5367; x_wconf 93' lang='lat' dir='ltr'><strong>illi,</strong></span> <span class='ocrx_word' id='word_1_836' title='bbox 2858 5314 3036 5368; x_wconf 90' lang='lat' dir='ltr'><strong>neque</strong></span> <span class='ocrx_word' id='word_1_837' title='bbox 3080 5296 3315 5351; x_wconf 88' lang='lat' dir='ltr'><strong>Valenti-</strong></span> 
     </span>
    </p>
   </div>
   <div class='ocr_carea' id='block_1_115' title="bbox 1732 5390 3313 5467">
    <p class='ocr_par' dir='ltr' id='par_1_115' title="bbox 1732 5390 3313 5467">
     <span class='ocr_line' id='line_1_115' title="bbox 1732 5390 3313 5467; baseline -0.006 -16"><span class='ocrx_word' id='word_1_838' title='bbox 1732 5413 1837 5453; x_wconf 92' lang='lat' dir='ltr'><strong>nus</strong></span> <span class='ocrx_word' id='word_1_839' title='bbox 1868 5398 1984 5467; x_wconf 90' lang='lat' dir='ltr'><strong>ipse</strong></span> <span class='ocrx_word' id='word_1_840' title='bbox 2022 5396 2227 5451; x_wconf 87' lang='lat' dir='ltr'><strong>diserte</strong></span> <span class='ocrx_word' id='word_1_841' title='bbox 2257 5411 2500 5467; x_wconf 84' lang='lat' dir='ltr'><strong>unquam</strong></span> <span class='ocrx_word' id='word_1_842' title='bbox 2533 5396 2673 5449; x_wconf 85' lang='lat' dir='ltr'><strong>dixit</strong></span> <span class='ocrx_word' id='word_1_843' title='bbox 2710 5392 2897 5463; x_wconf 86' lang='lat' dir='ltr'><strong>Logon</strong></span> <span class='ocrx_word' id='word_1_844' title='bbox 2928 5407 2959 5446; x_wconf 89' lang='lat' dir='ltr'><strong>e</strong></span> <span class='ocrx_word' id='word_1_845' title='bbox 2988 5390 3115 5459; x_wconf 85' lang='lat' dir='ltr'><strong>Sige</strong></span> <span class='ocrx_word' id='word_1_846' title='bbox 3143 5390 3313 5443; x_wconf 83' lang='lat' dir='ltr'><strong>eruis-</strong></span> 
     </span>
    </p>
   </div>
   <div class='ocr_carea' id='block_1_116' title="bbox 1733 5478 3314 5555">
    <p class='ocr_par' dir='ltr' id='par_1_116' title="bbox 1733 5478 3314 5555">
     <span class='ocr_line' id='line_1_116' title="bbox 1733 5478 3314 5555; baseline -0.008 -10"><span class='ocrx_word' id='word_1_847' title='bbox 1733 5504 1855 5546; x_wconf 87' lang='lat' dir='ltr'><strong>sum</strong></span> <span class='ocrx_word' id='word_1_848' title='bbox 1890 5501 2034 5541; x_wconf 90' lang='lat' dir='ltr'><strong>esse.</strong></span> <span class='ocrx_word' id='word_1_849' title='bbox 2082 5486 2351 5555; x_wconf 80' lang='lat' dir='ltr'><strong>Basilides</strong></span> <span class='ocrx_word' id='word_1_850' title='bbox 2395 5486 2541 5545; x_wconf 87' lang='lat' dir='ltr'><strong>inter</strong></span> <span class='ocrx_word' id='word_1_851' title='bbox 2566 5482 2855 5539; x_wconf 82' lang='lat' dir='ltr'><strong>Gnostieos</strong></span> <span class='ocrx_word' id='word_1_852' title='bbox 2894 5479 2996 5535; x_wconf 93' lang='lat' dir='ltr'><strong>fuit</strong></span> <span class='ocrx_word' id='word_1_853' title='bbox 3026 5478 3314 5534; x_wconf 84' lang='lat' dir='ltr'><strong>Valentino</strong></span> 
     </span>
    </p>
   </div>
   <div class='ocr_carea' id='block_1_117' title="bbox 1730 5571 3313 5644">
    <p class='ocr_par' dir='ltr' id='par_1_117' title="bbox 1730 5571 3313 5644">
     <span class='ocr_line' id='line_1_117' title="bbox 1730 5571 3313 5644; baseline -0.006 -8"><span class='ocrx_word' id='word_1_854' title='bbox 1730 5580 2033 5638; x_wconf 82' lang='lat' dir='ltr'><strong>vetustior.</strong></span> <span class='ocrx_word' id='word_1_855' title='bbox 2070 5587 2126 5632; x_wconf 89' lang='lat' dir='ltr'><strong>at</strong></span> <span class='ocrx_word' id='word_1_856' title='bbox 2196 5578 2286 5632; x_wconf 86' lang='lat' dir='ltr'><strong>ille</strong></span> <span class='ocrx_word' id='word_1_857' title='bbox 2329 5577 2395 5632; x_wconf 92' lang='lat' dir='ltr'><strong>de</strong></span> <span class='ocrx_word' id='word_1_858' title='bbox 2428 5575 2579 5644; x_wconf 79' lang='lat' dir='ltr'><strong>Logo</strong></span> <span class='ocrx_word' id='word_1_859' title='bbox 2620 5575 2825 5644; x_wconf 87' lang='lat' dir='ltr'><strong>pariter</strong></span> <span class='ocrx_word' id='word_1_860' title='bbox 2879 5589 2944 5628; x_wconf 87' lang='lat' dir='ltr'><strong>ae</strong></span> <span class='ocrx_word' id='word_1_861' title='bbox 2988 5571 3313 5627; x_wconf 87' lang='lat' dir='ltr'><strong>Valentinus</strong></span> 
     </span>
    </p>
   </div>
   <div class='ocr_carea' id='block_1_118' title="bbox 1732 5664 3311 5731">
    <p class='ocr_par' dir='ltr' id='par_1_118' title="bbox 1732 5664 3311 5731">
     <span class='ocr_line' id='line_1_118' title="bbox 1732 5664 3311 5731; baseline -0.009 0"><span class='ocrx_word' id='word_1_862' title='bbox 1732 5674 1923 5731; x_wconf 89' lang='lat' dir='ltr'><strong>sensit.</strong></span> <span class='ocrx_word' id='word_1_863' title='bbox 1956 5668 2334 5730; x_wconf 80' lang='lat' dir='ltr'><strong>Theodoretus</strong></span> <span class='ocrx_word' id='word_1_864' title='bbox 2366 5668 2563 5721; x_wconf 70' lang='lat' dir='ltr'><strong>&quot;teret.</strong></span> <span class='ocrx_word' id='word_1_865' title='bbox 2600 5666 2710 5731; x_wconf 81' lang='lat' dir='ltr'><strong>fab.</strong></span> <span class='ocrx_word' id='word_1_866' title='bbox 2758 5664 2853 5719; x_wconf 92' lang='lat' dir='ltr'><strong>lib.</strong></span> <span class='ocrx_word' id='word_1_867' title='bbox 2891 5681 2946 5729; x_wconf 92' lang='lat' dir='ltr'><strong>v,</strong></span> <span class='ocrx_word' id='word_1_868' title='bbox 2982 5680 3032 5719; x_wconf 93' lang='lat' dir='ltr'><strong>c.</strong></span> <span class='ocrx_word' id='word_1_869' title='bbox 3065 5664 3153 5726; x_wconf 81' lang='lat' dir='ltr'><strong>ll,</strong></span> <span class='ocrx_word' id='word_1_870' title='bbox 3184 5679 3311 5717; x_wconf 88' lang='lat' dir='ltr'><strong>cum</strong></span> 
     </span>
    </p>
   </div>
   <div class='ocr_carea' id='block_1_119' title="bbox 1730 5756 3314 5826">
    <p class='ocr_par' dir='ltr' id='par_1_119' title="bbox 1730 5756 3314 5826">
     <span class='ocr_line' id='line_1_119' title="bbox 1730 5756 3314 5826; baseline -0.009 -1"><span class='ocrx_word' id='word_1_871' title='bbox 1730 5769 2001 5826; x_wconf 88' lang='lat' dir='ltr'><strong>Valentini</strong></span> <span class='ocrx_word' id='word_1_872' title='bbox 2045 5767 2111 5821; x_wconf 88' lang='lat' dir='ltr'><strong>de</strong></span> <span class='ocrx_word' id='word_1_873' title='bbox 2138 5759 2317 5819; x_wconf 87' lang='lat' dir='ltr'><strong>Verbo</strong></span> <span class='ocrx_word' id='word_1_874' title='bbox 2361 5761 2689 5819; x_wconf 89' lang='lat' dir='ltr'><strong>sententiam</strong></span> <span class='ocrx_word' id='word_1_875' title='bbox 2718 5760 3029 5825; x_wconf 87' lang='lat' dir='ltr'><strong>recitasset,</strong></span> <span class='ocrx_word' id='word_1_876' title='bbox 3074 5760 3186 5813; x_wconf 64' lang='lat' dir='ltr'><strong>haec</strong></span> <span class='ocrx_word' id='word_1_877' title='bbox 3216 5756 3314 5812; x_wconf 85' lang='lat' dir='ltr'><strong>ad-</strong></span> 
     </span>
    </p>
   </div>
  </div>
