3824 6198
399 246 503 304 327

399 368 481 418 dit
513 381 528 419 :
553 357 868 427 Βασιλείδης
896 356 952 410 δὲ
978 352 1240 416 ὡσαύτως
1267 351 1424 407 ἄλλον
1449 351 1540 402 τὸν
1563 347 1862 418 Μονογινῆ,
1889 345 1985 400 καὶ
2013 349 2059 406 Α

399 455 560 510 ἄλλον
581 452 671 505 τὸν
702 449 894 518 Λόγον,
914 447 1006 500 καὶ
1035 445 1228 516 ἑτέραν
1257 442 1447 514 εἴρηκε
1474 441 1571 512 τὴν
1597 439 1814 507 Σοφίαν.
1850 457 1868 488 ι
1890 436 1986 490 Ba-

402 547 592 604 silides
633 557 853 614 quoque
893 538 1146 594 similiter
1196 535 1364 590 alium
1420 532 1806 603 Unigenitum,
1837 529 1985 583 aliud

403 639 668 702 Verbum,
701 644 756 692 et
775 635 939 688 aliain
966 630 1104 686 dixit
1135 645 1258 684 esse
1300 626 1660 696 Sapientiam.
1699 643 1717 675 ι
1751 625 1874 678 Ideo
1896 637 1987 676 au-

404 740 513 785 tem
538 727 892 796 Monogenem
924 731 978 775 et
1014 718 1249 772 Verbum
1275 716 1527 772 similiter
1549 713 1824 778 distinxit,
1856 713 1983 782 quia

409 818 645 872 Verbum
677 830 745 869 ex
779 812 1079 881 Monogeue
1125 807 1378 861 similiter
1401 805 1608 860 eduxit.
1644 804 1721 858 lta
1749 805 1987 858 lrenmus

411 910 478 964 de
511 905 748 960 Basilide
775 905 871 957 lib.
909 919 950 967 1,
974 917 1025 955 c.
1061 900 1134 954 9.5
1171 915 1184 951 :
1232 917 1249 951 ι
1283 897 1530 952 Ostendit
1554 894 1676 950 Non
1709 896 1886 966 primo
1918 895 1985 949 ab

405 1006 598 1057 innato
621 1007 813 1053 natum
848 996 1029 1059 l’atre,
1059 997 1126 1048 ab
1159 993 1261 1047 hoc
1290 999 1473 1045 autem
1497 999 1684 1044 natum
1721 990 1930 1058 Logon.
1962 1007 1980 1039 ι

398 1067 469 1145 ἰιι
493 1090 679 1146 schola
706 1087 871 1157 igitur
900 1083 1287 1139 Cnosticorum
1319 1092 1561 1135 veterum
1592 1080 1769 1150 Logus
1791 1097 1856 1134 ex
1881 1077 1986 1147 Nu,

401 1183 520 1240 Nus
551 1199 581 1237 a
607 1181 814 1253 Bytho,
844 1180 1003 1249 plane
1041 1187 1100 1231 ut
1131 1177 1186 1230 in
1222 1176 1408 1231 schola
1446 1173 1738 1230 Valentini.
1779 1174 1850 1229 At
1887 1174 1992 1229 Ba-

404 1274 594 1328 silides
635 1282 690 1328 et
729 1273 807 1326 illi
860 1270 1107 1326 Gnostici
1142 1269 1284 1324 inter
1316 1281 1456 1337 quos
1503 1267 1617 1338 ipse
1647 1267 1782 1332 fuit,
1811 1281 1990 1336 neque

403 1366 617 1439 Bython
643 1381 822 1436 neque
856 1363 978 1418 Non
1017 1365 1136 1418 sine
1185 1361 1440 1429 συζύγοις
1485 1362 1602 1416 suis
1646 1359 1875 1414 Eonem
1918 1361 1992 1414 ul-

404 1467 518 1520 lum
549 1477 870 1534 procreasse
910 1462 1236 1516 docuerunt.
1285 1457 1549 1512 Basilides
1578 1456 1723 1510 enim
1767 1453 1993 1509 Menan-

405 1557 490 1611 dri
528 1554 832 1625 discipulus
881 1553 1018 1617 fuit,
1049 1553 1142 1621 qui
1182 1548 1456 1622 syzygiam
1505 1547 1684 1602 Patris
1731 1545 1990 1617 incogniti

405 1654 462 1702 et
499 1645 722 1702 Ennaea:
773 1645 1031 1709 tradidit;
1079 1642 1312 1712 ejusque
1357 1639 1686 1695 sententiam
1723 1637 1991 1692 Basilides

1491 229 1547 284 S.
1584 224 1929 284 ICNATIUS.
1963 253 2033 264 —-
2073 203 2624 276 PROLEGOMENA.

3569 207 3680 266 313

2159 341 2284 395 Haec
2307 355 2432 395 cum
2467 355 2498 392 a
2539 334 2700 391 nobis
2734 333 2869 387 adeo
2907 331 3059 385 firme
3109 328 3338 400 probata
3369 328 3508 393 sint,
3541 327 3684 384 nihil

2089 435 2233 488 aliud
2266 441 2455 497 restat,
2489 431 2593 485 nisi
2624 439 2683 483 ut
2704 425 3040 497 argumentis
3065 424 3168 478 viri
3192 421 3532 486 doctissimi,
3556 423 3681 490 qui-

2088 530 2192 584 bus
2217 525 2552 582 contrarium
2577 522 2809 592 probare
2839 518 3052 582 nititur,
3079 516 3541 586 respondeamus.
3563 517 3685 570 Pri-

2091 635 2239 673 mum
2265 626 2447 671 autem
2475 616 2528 669 in
2564 615 2705 668 bane
2722 611 2954 665 formam
2982 610 3116 665 satis
3138 607 3495 664 commodam
3521 623 3680 662 com-

2091 711 2238 780 pegit
2273 707 2487 764 :Nemo
2521 715 2646 760 ante
2681 703 3032 758 Valentinum
3085 701 3274 759 docuit
3329 701 3506 754 alium
3559 712 3683 753 esse

2089 801 2260 855 Deum
2293 808 2485 869 praeter
2518 797 2856 862 Creatorem;
2895 810 3086 848 omnes
3115 794 3211 864 qui
3246 793 3484 864 Bytlmm
3510 801 3565 845 et
3597 790 3682 844 Si-

2090 911 2190 963 gen
2221 892 2576 952 induxerunt.
2600 891 2904 944 docuerunt
2933 888 3098 941 alium
3127 902 3250 941 esse
3277 885 3452 939 Deum
3491 893 3683 954 praeter

2090 988 2402 1042 Creatorem
2449 1000 2643 1054 :ergo,
2675 983 2770 1053 qui
2805 981 3016 1052 Bytbou
3046 989 3101 1034 et
3140 979 3304 1050 Sigen
3355 979 3684 1032 inducereut

2091 1088 2217 1133 ante
2243 1078 2586 1132 Valentinum
2610 1076 2743 1129 nulli
2769 1074 3009 1129 fuerunt.
3036 1071 3214 1142 Hujus
3237 1071 3548 1145 syllogismi
3578 1073 3684 1127 mi-

2091 1186 2281 1225 norem
2304 1169 2561 1236 admitto;
2589 1167 2829 1223 concedo
2847 1182 3040 1222 omnes
3055 1168 3149 1236 qui
3174 1167 3274 1220 bos
3298 1163 3511 1220 Aiuncs
3542 1180 3684 1234 prae-

2092 1263 2369 1329 dicabant,
2389 1261 2744 1331 Demiurgum
2777 1259 2894 1315 sive
2923 1258 3240 1313 Creatorem
3275 1258 3447 1312 alium
3485 1267 3685 1328 praeter

2093 1370 2370 1408 summum
2410 1362 2464 1408 et
2507 1363 2770 1407 attentum
2829 1349 3000 1404 Deum
3058 1351 3380 1420 agnovisse,
3431 1350 3687 1419 adeoque

2093 1447 2262 1502 alium
2293 1444 2462 1500 Deum
2507 1453 2703 1514 praeter
2733 1443 3046 1498 Creatorem
3079 1443 3362 1498 docuisse.
3413 1443 3684 1514 Majorem

2094 1547 2275 1592 autem
2322 1551 2460 1605 nego
2502 1545 2555 1590 et
2582 1545 2768 1605 aperte
2803 1534 2998 1590 falsam
3025 1550 3147 1590 esse
3179 1535 3505 1604 pronuntio.
3543 1535 3687 1590 Ante

2095 1631 2240 1685 enim
2279 1628 2625 1684 Valentinum
2669 1628 2827 1682 multi
2871 1629 3142 1698 negabant
3187 1627 3362 1682 Deum
3395 1644 3686 1683 summum

408 1753 520 1794 non
557 1738 831 1805 concidit,
879 1735 972 1791 sed
1016 1698 1072 1789 in
1112 1698 1446 1787 immensum
1493 1732 1760 1789 extendit.
1807 1730 1988 1796 Quare
2023 1698 2064 1753 Β
2097 1735 2314 1776 creasse
2343 1719 2632 1786 mundum,
2659 1718 2904 1788 adeoque
2929 1729 3124 1788 praeter
3153 1718 3478 1773 Creatorem
3512 1719 3687 1773 alium

406 1847 532 1887 cum
582 1832 816 1886 Irenqu
850 1829 1112 1883 adversus
1143 1824 1655 1881 Valentinianorum
1696 1843 1714 1876 ι
1749 1824 1988 1894 primum

407 1925 656 1979 ordinem
687 1921 1023 1988 omissionis,
1055 1935 1165 1989 quo
1191 1919 1454 1975 emissum
1479 1918 1635 1973 aiunt
1654 1917 1720 1973 de
1741 1916 1916 1989 Bytho
1938 1926 1991 1972 et

407 2017 574 2088 bujus
604 2016 824 2071 Ennaea
855 2013 978 2069 Nun
1019 2022 1074 2069 et
1108 2013 1383 2080 Aletbian,
1417 2033 1436 2065 ι
1470 2013 1564 2068 lib.
1598 2029 1660 2078 ιι,
1695 2011 1992 2080 c.16,dis-

404 2120 598 2180 putare
647 2123 939 2180 aggressus
989 2116 1168 2172 esset,
1215 2105 1394 2176 capite
1441 2106 1508 2160 18
1550 2105 1624 2160 ita
1669 2105 1988 2161 concludit:

411 2223 431 2254 ι
473 2201 596 2258 Haec
621 2211 803 2256 autem
833 2217 957 2271 quae
987 2201 1132 2254 dicta
1164 2209 1291 2254 sunt
1317 2201 1384 2256 de
1411 2197 1622 2254 Sensus
1661 2199 1737 2268 (id
1761 2209 1867 2265 est,
1898 2197 1992 2251 τοῦ

408 2294 544 2367 Νοῦ)
570 2295 891 2358 emissione,
925 2293 1180 2350 similiter
1205 2302 1260 2350 et
1285 2292 1552 2348 adversus
1577 2307 1672 2346 eos
1702 2291 1797 2361 qui
1827 2306 1854 2344 a
1891 2289 1997 2345 Ba-

407 2388 566 2442 silEde
595 2395 745 2451 sunt,
774 2394 959 2456 aptata
991 2394 1141 2451 sunt,
1172 2396 1224 2441 et
1256 2386 1521 2440 adversus
1564 2383 1804 2453 reliquos
1840 2381 1994 2437 Cno-

405 2481 598 2546 sticos,
624 2496 655 2535 a
692 2479 895 2550 quibus
926 2487 983 2534 et
1015 2478 1069 2532 lii
1095 2480 1252 2536 initia
1275 2478 1635 2534 emissionum
1665 2468 1995 2545 accipientes

411 2574 649 2628 convicti
674 2580 802 2627 sunt
827 2573 880 2626 in
895 2572 1074 2643 primo
1090 2573 1248 2626 libro.
1265 2591 1283 2622 ι
1307 2572 1402 2625 illa
1418 2579 1600 2625 autem
1623 2588 1641 2620 ι
1665 2568 1816 2623 initia
1830 2566 1998 2623 emis-

405 2663 648 2728 sionum,
672 2682 691 2715 ι
726 2678 848 2733 qua:
884 2679 914 2717 a
944 2663 1223 2733 prioribus
1251 2662 1527 2717 Gnosticis
1557 2657 1996 2716 derivaruntVa-

407 2753 720 2822 lentiniani,
744 2769 866 2823 quae
887 2753 1095 2808 fuerint
1139 2770 1302 2823 porro
1333 2753 1686 2823 quazrendum
1711 2760 1813 2808 est.
1847 2751 1996 2808 Elia:

406 2844 692 2900 Cretensis
744 2845 982 2916 primam
1025 2842 1294 2900 Valentini
1337 2845 1748 2899 octonationem
1801 2844 1870 2898 ab
1922 2843 1993 2897 iis

407 2937 696 2993 deductam
737 2937 970 3004 asserit;
1011 2938 1079 2993 de
1117 2935 1456 2993 Simonianis
1487 2939 1634 2993 cnim
1668 2953 1872 3008 agens,
1907 2938 1994 2991 in-

409 3029 532 3096 quit
562 3047 578 3085 :
615 3047 633 3080 ι
654 3028 733 3084 Ae
761 3029 981 3099 generis
1008 3028 1284 3098 principes
1308 3027 1534 3093 Eones,
1561 3027 1795 3100 Bytbum
1829 3035 1884 3082 et
1907 3025 1994 3081 Si-
2019 3054 2062 3110 ο

409 3135 512 3189 gen
561 3121 870 3191 lingebant,
904 3120 974 3175 ab
1017 3121 1102 3176 bis
1144 3129 1325 3175 autem
1364 3122 1636 3177 secundos
1674 3120 1907 3176 Mentem
1939 3130 1993 3176 et

409 3211 743 3280 Veritatem,
781 3214 852 3268 ab
893 3214 982 3270 bis
1021 3214 1214 3270 tertios
1249 3213 1568 3269 Sermonem
1597 3221 1652 3268 et
1679 3213 1884 3280 Vitam,
1925 3214 1996 3272 ab

408 3307 494 3362 bis
520 3305 757 3377 denique
786 3318 1014 3378 quartos
1047 3305 1339 3362 Hominem
1370 3314 1426 3362 et
1464 3305 1788 3362 Ecclesiam.
1824 3325 1843 3358 ι
1891 3305 1997 3360 Ea-

403 3395 528 3450 dem
559 3395 726 3450 tradit
755 3405 809 3450 et
838 3393 1085 3462 Nicetas;
1121 3405 1354 3466 uterque
1388 3411 1522 3451 sane
1577 3396 1771 3452 asserit
1806 3395 1998 3452 Valen-

407 3487 585 3542 tinum
616 3489 855 3559 primam
874 3487 1134 3560 Ogdoada
1156 3504 1187 3543 a
1218 3487 1558 3543 Simonianis
1583 3488 1880 3558 accepisse,
1909 3488 1998 3543 de-

407 3580 538 3634 eada
593 3590 781 3636 autem
821 3590 876 3637 et
909 3581 1228 3636 duodecada
1261 3581 1331 3637 de
1370 3595 1473 3636 suo
1503 3580 1805 3647 addidisse;
1846 3581 1991 3651 quod

406 3672 573 3727 etiam
605 3689 672 3728 ex
700 3675 906 3729 Irenaeo
935 3673 1317 3729 confirmatur.
1365 3673 1462 3727 l‘lle
1490 3674 1637 3728 enim
1671 3689 1796 3728 cum
1828 3675 1994 3729 emis-

407 3764 616 3818 sionem
641 3763 736 3817 τοῦ
769 3765 943 3833 Λόγου
971 3764 1164 3819 ordine
1205 3764 1522 3828 refutassct,
1556 3772 1610 3819 et
1647 3765 1714 3819 ad
1741 3766 1995 3822 emissio-

408 3871 533 3910 nem
574 3855 824 3912 Hominis
851 3865 906 3911 et
934 3857 1218 3924 Ecclesiae,
1251 3858 1344 3927 qui
1370 3857 1561 3926 prima:
1585 3858 1862 3929 Ugdoadis
1894 3876 1994 3930 po-

410 3947 596 4001 stremi
623 3946 832 4002 :Eones
857 3946 1028 4013 fuere,
1061 3949 1423 4017 pervenisset,
1461 3950 1556 4004 lib.
1586 3967 1646 4016 ιι,
1682 3967 1730 4006 c.
1765 3952 1858 4014 l8,
1897 3970 1996 4008 no-

409 4044 488 4090 tat
517 4034 1024 4091 Valentinianorum
1051 4049 1328 4106 parentes,
1347 4041 1678 4095 vetustiores
1701 4040 1993 4098 Cuosticos

413 4127 539 4181 furti
578 4127 720 4182 male
752 4127 883 4181 facti
909 4143 1006 4183 eos
1035 4144 1348 4185 accusasse.
1385 4148 1406 4183 ι
1464 4129 1540 4186 De
1569 4149 1629 4186 ea
1657 4140 1838 4186 autem
1871 4134 1995 4203 qua!

411 4225 488 4271 est
517 4233 584 4270 ex
626 4209 712 4271 liis
743 4217 983 4272 secunda
1015 4219 1316 4273 euﬁssione
1362 4219 1612 4276 Hominis
1642 4233 1695 4276 ct
1734 4221 1993 4278 Ecclesiae

413 4308 514 4378 ipsi
539 4317 722 4377 patres
750 4324 963 4374 eorum,
993 4307 1135 4365 falso
1170 4315 1544 4382 cognominati
1575 4315 1849 4381 Cnostici,
1889 4317 1990 4370 im-

2092 1811 2263 1867 Deum
2296 1827 2418 1867 esse
2440 1811 2770 1866 docuerunt.
2806 1810 2947 1864 Ante
2980 1809 3334 1865 Valentinum
3375 1810 3686 1878 Basilides,

2092 1906 2160 1961 de
2185 1920 2295 1976 quo
2324 1905 2399 1959 ita
2431 1902 2800 1959 Tertullianus
2829 1920 2842 1955 :
2878 1923 2896 1955 (
2931 1903 2988 1957 ιιι
3013 1903 3222 1959 ultimis
3247 1904 3480 1973 quidem
3513 1921 3688 1976 ange-

2092 1998 2161 2052 lis
2190 2005 2245 2052 et
2291 1997 2387 2067 qui
2418 1997 2566 2052 hunc
2609 1998 2858 2052 fecerunt
2888 1995 3149 2050 mundum
3184 1996 3557 2051 novissimum
3591 2011 3692 2066 po-

2093 2091 2174 2146 nit
2198 2089 2510 2145 Judworum
2545 2088 2738 2156 Deum,
2767 2089 2819 2143 id
2855 2098 2939 2144 est
2982 2087 3153 2143 Deum
3185 2091 3322 2159 legis
3363 2101 3418 2144 et
3447 2092 3690 2162 prophe-

2093 2193 2298 2249 tarum,
2317 2199 2478 2253 quem
2506 2182 2672 2237 Deum
2703 2192 2885 2252 negat,
2918 2181 3012 2237 sed
3038 2184 3293 2251 angelum
3326 2185 3521 2239 dicit.»
3549 2188 3692 2240 Ante

2094 2274 2386 2331 Basilidem
2421 2274 2774 2341 Saturninus,
2823 2276 3045 2346 angelos
3074 2274 3271 2332 fecisse
3323 2279 3597 2333 mundum
3637 2289 3694 2334 et

2093 2366 2408 2423 Judaeorum
2435 2367 2604 2422 Deum
2626 2384 2794 2423 unum
2825 2385 2891 2422 ex
2915 2368 3122 2437 angelis
3150 2383 3272 2424 esse
3295 2369 3459 2424 dixit.
3493 2369 3560 2424 lli
3581 2372 3690 2442 igi-

2093 2470 2186 2516 tur
2213 2460 2323 2516 duo
2349 2460 2603 2530 discipuli
2633 2459 2914 2514 Menandri
2961 2460 3129 2514 alium
3160 2460 3475 2518 docuerunt
3515 2463 3688 2519 Deum

2095 2561 2290 2622 praeter
2312 2550 2649 2606 Creatorem.
2683 2553 2821 2606 Ante
2851 2553 3208 2608 Saturninum
3241 2553 3545 2609 C'crintbus
3570 2568 3688 2607 non

2095 2659 2125 2697 a
2159 2645 2334 2713 primo
2382 2642 2492 2698 Deo
2543 2644 2746 2698 factum
2794 2659 2916 2699 esse
2953 2644 3220 2700 mundum
3267 2645 3493 2711 docuit,
3525 2645 3621 2698 sed
3653 2659 3686 2697 a

2094 2737 2296 2789 virtute
2326 2737 2562 2806 quadam
2609 2737 2768 2791 valde
2811 2747 3060 2807 separata
3103 2748 3158 2792 et
3203 2738 3450 2793 distante
3505 2738 3576 2792 ab
3623 2751 3693 2790 ea

2096 2827 2496 2898 principalitate
2526 2844 2646 2898 qua:
2674 2839 2758 2884 est
2789 2845 2952 2899 super
2992 2830 3271 2894 universa,
3308 2839 3364 2884 et
3392 2829 3696 2898 ignorante

2095 2934 2221 2974 eum
2254 2919 2348 2989 qui
2390 2931 2475 2974 est
2516 2935 2680 2990 super
2722 2922 2908 2975 omnia
2945 2920 3138 2976 Deum.
3174 2921 3303 2976 lla-cc
3355 2931 3545 2976 autem
3584 2921 3696 2976 fuit

2095 3011 2373 3083 ipsissima
2397 3012 2580 3082 opinio
2607 3011 3136 3078 Valentiuianorum,
3173 3015 3268 3084 qui
3302 3014 3451 3069 idem
3479 3015 3551 3070 de
3588 3013 3699 3070 De-

2101 3106 2314 3176 miurgo
2342 3123 2442 3161 suo
2465 3106 2846 3176 prodiderunt.
2891 3105 2995 3161 Sed
3027 3107 3156 3177 quid
3189 3108 3444 3178 singulos
3468 3110 3699 3165 lucreti-

2099 3213 2194 3254 eos
2223 3187 2481 3254 nomine?
2505 3197 2708 3254 Omnes
2743 3199 2992 3254 Gnostici
3037 3201 3177 3255 idem
3212 3203 3548 3270 docuerunt,
3581 3219 3699 3257 non

2099 3291 2283 3346 minus
2313 3307 2477 3361 quam
2502 3289 2843 3347 Valentinus.
2864 3292 3100 3347 Irenaeus
3127 3293 3223 3346 lib.
3254 3310 3306 3356 v,
3333 3308 3384 3348 c.
3411 3293 3518 3348 26:
3538 3313 3559 3346 ι
3587 3294 3702 3361 Qui

2093 3400 2226 3452 ergo
2268 3384 2649 3453 blaspbetnant
2686 3383 3040 3455 Demiurgum
3065 3427 3080 3452 ,
3118 3389 3200 3440 vel
3233 3387 3370 3456 ipsis
3421 3388 3609 3444 verbis
3641 3399 3701 3445 et

2098 3478 2412 3545 manifeste,
2442 3479 2906 3548 quemadmodum
2933 3479 3027 3550 qui
3052 3497 3082 3534 a
3114 3479 3396 3536 Marcione
3423 3493 3578 3550 sunt,
3611 3485 3702 3539 vel

2096 3571 2395 3630 secundum
2439 3572 2779 3627 eversionem
2828 3573 3112 3628 sententia:
3146 3615 3162 3642 ,
3213 3575 3700 3644 quemadmodum

2095 3661 2189 3730 qui
2232 3677 2264 3715 ει
2308 3661 2596 3717 Valentino
2641 3671 2771 3718 sunt
2806 3672 2859 3718 et
2894 3680 3088 3721 omnes
3127 3666 3222 3735 qui
3259 3665 3406 3720 falso
3428 3667 3703 3722 dicuntur

2095 3766 2220 3808 esse
2251 3753 2520 3809 Gnostici.
2548 3773 2568 3806 ›
2626 3754 2768 3810 Idem
2812 3757 2906 3811 lib.
2959 3773 3020 3822 ιι,
3069 3772 3120 3812 c.
3156 3757 3268 3812 56:
3327 3777 3345 3810 ι
3378 3758 3449 3814 Ει
3477 3761 3700 3816 nullum

2095 3844 2263 3898 alium
2296 3846 2544 3900 omnium
2567 3863 2689 3903 esse
2719 3847 2909 3912 Deum,
2945 3849 3040 3904 sed
3072 3850 3248 3905 solam
3277 3865 3406 3906 esse
3429 3853 3698 3922 onmipo-

2094 3937 2259 3991 tentis
2290 3937 2747 4006 appellationem,
2796 3949 2851 3994 et
2899 3941 3166 3998 adversus
3207 3957 3306 3997 eos
3348 3945 3446 4013 qui
3486 3955 3622 4000 sunt
3666 3962 3702 4001 a

2093 4027 2391 4094 Marcione,
2418 4041 2471 4085 et
2497 4030 2722 4086 Simone
2747 4042 2801 4087 et
2823 4032 3141 4101 Menandro,
3171 4047 3224 4089 et
3250 4035 3578 4108 quicunque
3599 4040 3699 4094 alii

2093 4121 2189 4190 qui
2221 4122 2474 4176 similiter
2505 4123 2750 4179 dividant
2788 4142 2909 4180 eam
2949 4142 3071 4196 qua:
3119 4128 3425 4183 secundum
3477 4146 3582 4186 nos
3612 4144 3706 4188 est

2094 4213 2463 4270 conditionem
2495 4231 2527 4269 a
2558 4215 2738 4284 Patre,
2771 4219 3023 4273 similiter
3050 4220 3156 4274 erit
3201 4221 3268 4274 ad
3315 4236 3417 4277 eos
3459 4225 3666 4294 adapta
3690 4256 3704 4270 υ

2096 4318 2234 4364 tmn.
2266 4331 2288 4363 ι
2319 4310 2464 4366 ldem
2498 4312 2593 4367 lib.
2625 4329 2696 4380 IV,
2729 4327 2780 4368 c.
2815 4315 2882 4368 Η
2912 4331 2926 4366 :
2962 4335 2980 4364 ι
3003 4313 3102 4369 llic
3129 4326 3314 4369 autem
3340 4327 3429 4371 est
3459 4319 3705 4378 fabrica-

408 4407 653 4470 pugnant
680 4400 944 4455 adversus
977 4402 1211 4458 invicem
1250 4421 1348 4459 sua
1388 4407 1607 4476 propria
1656 4409 1986 4474 indicantes,
2021 4413 2068 4472 ι)
2095 4412 2178 4458 IOI‘
2208 4406 2332 4460 (εωιί
2382 4414 2436 4460 el
2467 4416 2647 4469 terrm.
2695 4407 3159 4477 quemadllwdum
3207 4423 3271 4461 ex
3328 4414 3703 4473 sermonibus

406 4501 460 4547 et
491 4493 665 4548 malos
698 4491 846 4548 fures
890 4496 1217 4565 semetipSos
1252 4499 1644 4554 convincentes
1674 4516 1687 4550 :
1722 4502 1987 4568 aptabiles

403 4597 526 4637 esse
573 4584 749 4654 magis
786 4584 1118 4641 emissiones
1155 4587 1404 4644 dicentes
1447 4591 1525 4644 uti
1575 4591 1874 4646 verisimile
1919 4608 1989 4647 ex

405 4671 638 4730 Homine
667 4675 928 4742 Verbum,
954 4678 1046 4732 sed
1072 4694 1180 4734 non
1209 4696 1277 4734 ex
1306 4680 1486 4737 Verbo
1511 4681 1799 4738 Hominem
1825 4685 1992 4741 emis-

406 4783 551 4831 sum,
584 4776 638 4822 et
670 4784 794 4823 esse
829 4768 1116 4826 Hominem
1155 4771 1335 4834 Verbo
1366 4776 1723 4842 anteriorem,
1755 4784 1810 4832 ct
1842 4777 1992 4837 hunc

403 4875 526 4915 esse
562 4859 658 4929 qui
699 4869 784 4914 est
825 4876 990 4931 super
1037 4863 1222 4918 omnia
1268 4863 1434 4920 Deus.
1477 4885 1496 4918 ι
1533 4865 1783 4922 Cnostici
1826 4869 1991 4937 igitur

403 4951 625 5006 fuerunt
653 4951 1164 5009 Valcntinianorum
1198 4966 1485 5026 parentes;
1529 4961 1599 5014 ab
1637 4959 1745 5016 illis
1790 4961 1842 5014 bi
1882 4962 1992 5031 pri-

403 5060 523 5099 mas
565 5055 678 5100 tres
719 5047 970 5116 syzygias
1017 5056 1204 5115 aperte
1234 5059 1606 5118 sumpserunt,
1656 5051 1771 5106 sive
1820 5050 1985 5106 furati

403 5143 564 5200 sunt;
596 5151 772 5205 neque
803 5136 915 5192 haec
945 5138 1086 5191 male
1114 5136 1363 5193 ferebant
1393 5138 1673 5208 Gnostici;
1719 5143 1814 5196 sed
1860 5143 1988 5198 mali

402 5227 534 5282 furti
574 5242 672 5283 eos
718 5230 1091 5293 accusabant,
1127 5231 1272 5300 quod
1315 5233 1593 5303 syzygiam
1636 5233 1890 5289 Hominis
1935 5241 1988 5287 et

401 5318 660 5374 Ecclesiae
688 5329 812 5390 post
842 5320 990 5376 illam
1027 5319 1190 5377 Verbi
1222 5327 1278 5377 et
1317 5323 1453 5378 Vitae
1481 5327 1804 5397 posuerint;
1845 5325 1988 5382 unde

401 5419 526 5478 post
539 5407 889 5465 Valentinum
917 5411 1074 5465 multi
1097 5413 1218 5482 ejus
1239 5415 1493 5485 discipuli
1527 5433 1558 5471 a
1594 5417 1871 5474 Gnosticis
1893 5420 1988 5474 ad-

401 5499 594 5554 mtmiti
623 5502 870 5570 magistri
901 5504 989 5559 sui
1019 5504 1266 5560 ordinem
1303 5508 1686 5575 immutarunt,
1713 5519 1768 5564 et
1800 5509 1989 5565 Homi-

401 5603 525 5642 nem
553 5600 606 5644 et
629 5590 928 5648 Eeclesiam
958 5604 1085 5648 ante
1109 5593 1346 5652 Verbum
1375 5608 1428 5652 et
1451 5597 1628 5653 Vitam
1663 5614 1984 5670 posuerunt,

401 5685 562 5742 atque
593 5678 662 5732 ita
694 5677 880 5750 Logon
913 5699 941 5735 a
973 5681 1098 5753 Sige
1132 5684 1349 5755 longius
1379 5701 1750 5744 semoveruut.

2092 4496 2212 4564 ejus
2238 4499 2568 4562 ostenditur,
2601 4509 2655 4552 et
2683 4515 2791 4552 non
2819 4500 2864 4554 is
2887 4500 2981 4568 qui
3012 4516 3042 4554 a
3065 4499 3365 4565 Mareione,
3399 4504 3487 4557 vel
3521 4522 3551 4558 a
3588 4505 3705 4560 Va-

2091 4588 2324 4655 lentino,
2364 4599 2458 4644 aut
2492 4605 2522 4643 a
2563 4589 2821 4655 Basilide,
2855 4602 2950 4645 aut
2985 4609 3014 4646 a
3048 4593 3406 4663 Carpocrate,
3451 4608 3551 4652 aut
3599 4598 3690 4654 Sis

2091 4696 2276 4746 itione,
2310 4690 2405 4736 aut
2425 4682 2653 4752 reliquis
2682 4683 2820 4738 falso
2852 4685 3180 4754 cognomine
3211 4686 3500 4745 Gnosticis
3525 4693 3700 4746 adin-

2089 4785 2285 4829 ventus
2314 4783 2400 4829 est
2433 4775 2606 4828 falsus
2633 4774 2814 4831 Pater.
2854 4795 2872 4828 ι
2907 4775 3012 4842 Qui
3044 4778 3200 4832 locus
3233 4779 3432 4836 lrenwi
3464 4782 3705 4840 Gnosti-

2091 4879 2189 4918 cos
2215 4879 2338 4918 cum
2374 4864 2598 4919 Simone
2618 4867 2958 4936 conjungens
2988 4869 3149 4937 (quos
3174 4871 3304 4925 alibi
3333 4889 3485 4928 nunc
3506 4877 3703 4931 Simo-

2090 4954 2178 5008 nis
2209 4971 2358 5010 nunc
2383 4954 2664 5010 Menandri
2698 4958 3000 5028 discipulos
3024 4963 3200 5029 vocat)
3230 4979 3341 5018 non
3379 4975 3604 5022 tantum
3642 4971 3700 5025 id

2091 5047 2236 5114 quod
2269 5048 2526 5103 volumus
2563 5051 2775 5117 probat,
2812 5051 2906 5104 sed
2930 5064 2984 5106 et
3015 5054 3250 5108 ostendit
3279 5071 3378 5111 eos
3419 5061 3515 5128 qui
3547 5077 3666 5131 gno
3686 5095 3698 5105 ι

2092 5141 2226 5196 stiea
2264 5155 2413 5213 peste
2446 5143 2746 5210 apostolica
2773 5152 3021 5214 tempora
3069 5147 3342 5202 maculata
3376 5148 3557 5208 fuisse
3584 5155 3711 5211 do-'

2090 5244 2342 5297 cuerunt,
2380 5249 2489 5289 non
2513 5235 2631 5289 suis
2661 5235 3020 5304 conjecturis,
3062 5238 3154 5291 sed
3188 5251 3443 5297 veterum
3489 5256 3698 5302 aucto-

2087 5323 2247 5379 ritate
2282 5326 2401 5380 niti.
2431 5325 2497 5380 Et
2530 5335 2825 5397 utrumque
2849 5332 3211 5385 confirmatur
3234 5334 3306 5387 ab
3341 5337 3542 5392 eodem
3573 5341 3698 5396 Ire-

2088 5431 2208 5470 ιιωο
2237 5418 2333 5471 lib.
2371 5433 2453 5483 ιιι,
2486 5433 2534 5471 c.
2568 5417 2626 5470 ll
2659 5434 2671 5469 :
2718 5438 2735 5469 ι
2762 5418 2914 5474 Hanc
2946 5420 3106 5474 lidem
3141 5425 3490 5482 annuntians
3515 5427 3695 5485 Joan-

2089 5524 2186 5563 nes
2212 5509 2425 5564 Domini
2453 5510 2778 5580 discipulus.
2812 5513 3002 5567 volens
3033 5530 3130 5582 per
3155 5515 3440 5590 Evangelii
3465 5538 3663 5577 annun
3681 5553 3699 5564 ο

2088 5599 2370 5654 tiationem
2405 5601 2622 5656 auferre
2649 5620 2773 5657 eum
2807 5605 2904 5674 qui
2936 5621 2965 5659 a
3012 5607 3275 5663 Cerintho
3317 5612 3695 5670 inseminatus

2090 5705 2205 5749 erat
2244 5697 2313 5749 bo
2340 5716 2348 5744 τ
2377 5695 2559 5752 inibus
2585 5711 2852 5767 eri-orem,
2885 5707 2939 5752 et
2987 5699 3157 5755 multo
3189 5703 3347 5772 prius
3374 5706 3446 5764 ab
3477 5708 3564 5762 bis
3587 5707 3690 5775 qui
