3770 6328
115 335 195 391 323
869 324 921 380 «1.
954 323 1320 394 PEARSQNII
1353 320 1601 378 VlNDICl

1059 323 1320 394 lRSQNlI
1353 320 1671 378 VlNDIClE
1715 316 2141 375 ΙΟΝΔΤΙΑΝᾸΞ.
2184 349 2251 358 -
2281 314 2463 370 PARS
2486 314 2548 370 11.

111 452 324 506 dicuntur
351 442 651 507 Nicoiaitze,
694 442 790 513 qui
830 452 961 499 sunt
986 443 1167 498 vulsio
1194 444 1315 514 ejus
1345 458 1468 513 qua:
1501 442 1639 497 falso
1671 452 1714 505 Α
1746 455 1818 494 no
1839 440 1973 494 dicit
2009 439 2157 509 quod
2183 452 2345 492 nemo
2373 446 2499 491 ante
2527 451 2654 491 eum
2688 433 3001 499 afﬁrmavit,
3052 433 3324 504 cujusque

110 538 482 611 cognominatur
512 535 771 602 scientia;
804 543 866 590 ut
907 533 1269 591 confunderet
1296 550 1392 591 eos
1429 544 1485 590 et
1517 550 1639 590 sua.

108 636 227 689 deret
248 646 355 695 eos,
388 628 649 700 quoniam
685 644 828 684 unus
860 626 1005 683 Deus
1033 627 1130 698 qui
1159 627 1344 683 omnia
1387 626 1515 682 fecit
1541 642 1638 697 per

111 726 305 780 Verbum
328 739 509 789 suum,
536 731 590 777 et
611 737 715 777 non
743 723 1203 793 quemadmodum
1228 723 1306 776 illi
1327 722 1536 786 dicunt,
1560 722 1639 776 al-

109 831 250 874 terum
273 817 488 889 quidem
528 816 949 883 fabricatorem,
989 816 1157 871 alium
1196 825 1379 871 autem
1420 814 1634 870 Patrem

111 909 341 963 Domini.»
374 907 433 963 Si
473 910 617 963 enim
653 908 951 964 Cerinthus
982 916 1273 978 antequam
1315 906 1374 963 S.
1400 907 1638 964 Joannes

106 1001 419 1071 Evangelium
464 1002 779 1071 scripserit,
818 1000 1252 1068 Fabricatorem,
1286 1001 1339 1056 id
1374 1010 1485 1068 est,
1534 1000 1639 1056 De-

105 1095 336 1165 miurgum
391 1094 558 1148 alium
609 1110 641 1149 a
688 1092 849 1148 Patre
894 1093 1144 1159 Domini;
1181 1094 1229 1149 si
1283 1094 1453 1148 multo
1485 1094 1638 1163 prius

103 1187 216 1241 idem
240 1187 517 1242 docuerint
539 1184 853 1253 Nicolaitze;
878 1186 923 1240 si
945 1183 1228 1241 Nicolaitae
1250 1182 1635 1241 Gnosticorum

102 1278 247 1333 vulsio
274 1277 475 1333 fuerint
498 1279 628 1349 (hoc
652 1287 736 1333 est
774 1278 1163 1349 Ἀπόσπασμα,
1194 1286 1256 1332 ut
1284 1287 1446 1347 puto;
1481 1275 1632 1332 Glos.

101 1368 149 1423 V.
191 1371 567 1435 Ἀποσπασθὲν,
598 1371 873 1425 avulsum.
913 1369 1273 1435 ’Δπόσπασις,
1300 1371 1553 1437 avulsus;
1581 1381 1640 1428 ut

100 1477 215 1531 saepe
241 1463 474 1533 loquitur
508 1461 883 1533 Epiphanius,
924 1459 1146 1535 Ἀνέστη
1180 1462 1343 1517 πάλιν
1383 1463 1639 1527 Θεόδοτός

95 1570 161 1616 τις
190 1554 512 1626 ἀπόσπασμα
550 1555 811 1627 ὑπάρχων
844 1555 909 1608 ὲκ
938 1555 1038 1627 τῆς
1064 1555 1475 1627 προειρημένης
1516 1555 1639 1609 ἁλό-

96 1662 173 1713 γου
195 1645 465 1717 αἱρέσεως,
489 1657 543 1703 et
573 1665 588 1701 :
634 1648 730 1701 Ἐκ
762 1647 955 1701 τούτου
983 1648 1033 1701 oi.
1062 1648 1351 1719 Νοητιανοὶ
1382 1649 1638 1702 ἀπόσπα-

97 1754 185 1807 σμα
220 1737 363 1802 ὄντες
401 1738 614 1808 αὐτοῦ),
648 1750 945 1809 utrumque
980 1739 1257 1810 sequitur,
1290 1749 1345 1794 et
1374 1748 1501 1794 ante
1534 1738 1638 1793 Va-

95 1829 319 1885 lentinum
342 1830 561 1902 aliquos
589 1833 845 1887 docuisse
881 1832 1051 1886 alium
1081 1846 1203 1887 esse
1240 1830 1410 1886 Deum
1443 1844 1637 1902 praeter
1671 1810 1709 1863 Β

94 1922 393 1993 Creatorem,
426 1934 481 1981 et
503 1925 799 1981 Gnosticos
835 1925 1138 1995 apostolica
1175 1934 1420 1996 tempora
1457 1936 1641 1981 conta-

94 2019 314 2075 minasse.
340 2020 543 2088 Quales
568 2031 725 2077 erant
756 2022 949 2077 Simon
988 2030 1043 2077 et
1083 2022 1379 2077 Cerinthus
1407 2020 1640 2076 Nazian-

93 2125 221 2179 zeno,
240 2112 325 2166 τὸν
351 2114 463 2166 τῶν
494 2113 631 2167 ὅλων
658 2113 791 2167 Θεὸν
811 2114 1087 2185 τεμόντες,
1106 2115 1200 2169 καὶ
1228 2115 1367 2185 ὑπὲρ
1394 2113 1488 2167 τοῦ
1512 2114 1641 2182 ἀγα-

92 2202 165 2255 Θοῦ
205 2203 275 2275 τῷ
323 2204 643 2277 δημιουργῷ
682 2205 1122 2278 πολεμήσαντες,
1161 2215 1223 2261 ut
1256 2206 1636 2272 ostendimus;

92 2296 251 2363 quales
279 2296 606 2368 Hymenaeus
628 2306 682 2353 et
702 2297 946 2353 Philetus
977 2297 1302 2369 Epiphanio,
1328 2298 1486 2354 ἄλλον
1508 2298 1640 2352 Θεὸν

91 2388 539 2457 καταγγέλλοντες,
575 2407 596 2442 r
629 2390 798 2445 alium
832 2389 1000 2445 Deum
1042 2390 1456 2456 annuntiantes,
1488 2409 1507 2441 ι
1544 2392 1640 2445 καὶ

91 2478 301 2548 λέγοντες
347 2485 422 2554 μὴ
468 2485 531 2536 ὲκ
560 2483 695 2537 Θεοῦ
734 2481 1059 2554 γεγενῆσθαι
1100 2482 1191 2537 τὸν
1227 2484 1459 2555 κόσμον,
1503 2483 1641 2537 ἀλλὰ

90 2574 173 2626 ὑπὸ
200 2576 373 2647 ἀρχῶν
398 2577 494 2631 καὶ
518 2576 798 2644 ἐξουσιῶν,
836 2596 856 2629 ‹
880 2587 934 2633 et
964 2576 1208 2633 dicentes
1239 2579 1501 2632 mundum
1529 2593 1638 2632 non

90 2681 113 2719 a
138 2666 233 2722 Deo
265 2684 384 2725 esse
412 2669 644 2735 factum,
671 2670 765 2725 sed
788 2686 820 2724 a
848 2670 1240 2740 principatibus
1281 2686 1347 2726 ac
1393 2680 1641 2740 potesta-

86 2758 227 2814 tibus.
261 2778 279 2812 ι
321 2759 577 2816 Postbazc
605 2761 743 2815 adeo
775 2769 961 2832 aperta
1005 2763 1321 2818 testimonia
1364 2763 1489 2833 quis
1518 2778 1637 2818 cre-

87 2852 159 2905 det
183 2855 447 2909 neminem
481 2864 606 2909 ante
632 2853 985 2911 Valentinum
1022 2856 1276 2911 docuisse
1305 2856 1473 2911 alium
1517 2872 1641 2913 esse

86 2940 226 2998 Deum
255 2956 453 3017 praeter
500 2946 851 3003 Creatorem?
898 2948 1203 3019 praesertim
1240 2964 1364 3005 cum
1406 2950 1473 3005 ad
1515 2965 1637 3006 eam

88 3038 487 3106 propositionem
510 3040 945 3097 conﬁrmandam
963 3042 1101 3095 nihil
1124 3042 1271 3097 aliud
1298 3044 1640 3099 attuleritvir

85 3130 433 3200 doctissimus,
462 3135 566 3190 nisi
597 3136 688 3191 illa
704 3137 892 3204 verba,
922 3155 941 3188 ι
966 3136 1023 3191 Si
1050 3130 1447 3193 Tertullianum
1477 3138 1639 3194 audi-
1666 3162 1709 3221 ο

86 3236 202 3277 ntus.
244 3244 262 3277 ι
302 3227 375 3280 At
418 3226 741 3283 Tertulliani
793 3229 957 3286 verba
992 3240 1182 3286 contra
1215 3241 1456 3286 veterum
1505 3247 1639 3287 con-

84 3329 273 3371 sensum
301 3321 606 3389 premenda
632 3337 742 3377 non
775 3333 934 3389 sunt;
974 3339 1147 3394 neque
1175 3323 1488 3391 dicendum,
1526 3324 1639 3379 Va-

85 3404 318 3465 lentinum
361 3423 419 3468 et
472 3412 804 3469 Marcionem
860 3417 1008 3472 solos
1040 3428 1093 3471 et
1123 3417 1331 3487 primos
1377 3418 1492 3473 haec
1542 3417 1641 3472 do-

82 3502 253 3570 cuisse,
281 3519 348 3559 ex
385 3506 565 3562 solius
610 3505 929 3562 Tertulliani
971 3510 1328 3575 auctoritate,
1364 3510 1458 3580 qui
1510 3510 1641 3565 alibi

85 3596 293 3659 primum
317 3597 659 3653 Marcionem
696 3600 812 3655 haec
835 3602 1142 3658 asseruisse
1172 3602 1267 3669 ait,
1300 3617 1424 3657 cum
1454 3611 1639 3657 tamen

82 3684 176 3753 ipse
228 3687 541 3746 Cerdonem
604 3690 903 3748 Marcionis
963 3695 1285 3767 magistrum
1352 3704 1637 3767 agnoscat.

88 3776 331 3848 «Habuit,
370 3783 589 3854 inquit,
620 3793 676 3839 et
716 3785 1021 3842 Cerdonem
1052 3789 1344 3858 quemdam
1376 3787 1642 3844 informa-

83 3876 227 3926 torem
256 3876 509 3931 scandali
552 3877 739 3946 hujus.
766 3897 784 3929 ι
818 3877 955 3934 Cum
985 3880 1132 3935 enim
1177 3879 1543 3937 Valentiniani
1587 3892 1645 3939 et

84 3958 392 4023 Marcionita:
419 3968 748 4025 Tertulliani
778 3986 895 4026 aevo
920 3973 1161 4027 maxime
1186 3974 1428 4029 celebres
1469 3973 1642 4029 haere-

83 4057 156 4111 tici
180 4059 400 4132 fuerint,
431 4064 654 4134 quoties
684 4064 752 4120 de
795 4065 1094 4121 haeresibus
1137 4066 1408 4137 disputat,
1440 4067 1509 4123 ad
1546 4083 1641 4123 eos

82 4147 174 4204 fere
203 4155 489 4222 collineat,
525 4164 583 4212 et
622 4155 975 4213 Valentinum
1014 4174 1080 4214 ac
1119 4158 1452 4217 Marcionem
1483 4162 1638 4233 quasi

81 4243 324 4316 Principes
344 4247 511 4317 ferit;
535 4250 786 4319 quamvis
804 4260 859 4306 et
879 4251 995 4322 ipse
1014 4267 1335 4323 praeoquos
1355 4264 1409 4309 et
1430 4255 1640 4310 aborti-

81 4349 159 4391 vos
199 4339 558 4397 Marcionitas
610 4344 713 4398 sub
758 4345 1019 4414 apostolis
1050 4355 1334 4417 agnoscat,
1384 4345 1616 4403 Docetas

80 4431 285 4501 scilicet;
311 4445 537 4505 poterat
569 4445 749 4491 autem
768 4447 821 4491 et
848 4437 986 4493 alios
1016 4452 1141 4492 cum
1168 4438 1444 4494 veteribus
1470 4456 1641 4511 agno-

1739 523 2301 587 contrarium'multi
2350 539 2729 585 asseruerunt.
2774 526 3074 582 Attulitnus
3130 540 3323 581 eorum

1740 626 2073 688 testimonia,
2104 625 2198 695 qui
2227 624 2429 679 diserte
2457 624 2764 678 docuerunt
2797 621 3031 691 primam
3068 619 3317 690 ogdoada

1738 734 1769 773 a
1813 718 2088 773 veteribus
2138 716 2414 772 Gnosticis
2473 717 2743 786 proditam
2793 713 2985 778 fuisse,
3020 713 3226 767 decada
3267 721 3325 768 et

1737 811 2051 867 duodecada
2077 827 2107 865 a
2132 810 2419 867 Valentino
2450 810 2686 865 additas.
2717 807 3072 863 Ostendimus
3102 822 3170 861 ex
3203 805 3333 861 Ire-

1738 919 1857 958 nmo
1882 903 2002 957 Nun
2032 914 2086 959 et
2111 905 2364 959 Alethian
2403 919 2469 958 ex
2502 902 2676 973 Bytho
2700 909 2755 955 et
2788 900 2913 972 Sige
2948 900 3218 970 prodiisse
3242 914 3324 954 se-

1738 998 1978 1052 cundum
2027 1006 2243 1052 veteres
2299 994 2631 1062 Gnosticos;
2684 993 3099 1049 Valentinianos
3152 991 3325 1047 fuisse

1737 1090 1916 1156 fures,
1964 1099 2019 1144 et
2062 1090 2283 1160 quidem
2328 1089 2448 1143 ideo
2481 1089 2657 1143 malos
2681 1130 2695 1151 ,
2739 1104 2847 1141 non
2881 1086 3207 1156 quod‘hanc
3239 1095 3322 1139 te-

1736 1185 1891 1240 trada
1936 1183 2010 1238 ah
2039 1184 2157 1241 .illis
2199 1182 2544 1253 acceperint,
2586 1182 2681 1237 sed
2718 1181 2866 1251 quod
2908 1181 3206 1235 secundam
3250 1188 3325 1233 ιθ·

1740 1276 1890 1331 trada
1924 1276 2064 1331 male
2083 1274 2433 1340 tradiderint,
2463 1274 2609 1345 quod
2633 1289 2701 1327 ex
2734 1273 2884 1345 Logo
2906 1283 2961 1328 et
2992 1273 3101 1329 Zoe
3130 1272 3323 1327 Homi-

1738 1386 1863 1425 nem
1903 1378 1960 1426 et
1998 1369 2300 1426 Ecclesiam
2336 1369 2647 1428 eduxerint.
2687 1370 2770 1423 Ad
2811 1384 2911 1426 sua
2943 1369 3321 1425 conﬁrmanda

1738 1464 1875 1520 nihil
1902 1464 2055 1519 aliud
2097 1462 2323 1519 adducit
2358 1465 2442 1518 vir
2467 1464 2850 1530 doetissimus,
2878 1478 3041 1533 quam
3072 1463 3220 1531 quod
3264 1462 3319 1517 in

1736 1558 1995 1615 omnibus
2022 1559 2094 1613 ab
2120 1558 2322 1614 Irenaeo
2348 1558 2594 1614 recitatis
2623 1558 3003 1613 haereticorum
3028 1554 3321 1610 Valentino

1738 1652 2098 1708 vetustiorum
2140 1652 2471 1724 Theogoniis
2510 1666 2617 1706 non
2659 1660 2919 1721 appareat
2949 1649 3082 1721 Logi
3124 1665 3154 1704 e
3195 1647 3323 1718 Sige

1738 1745 1996 1809 emissio;
2027 1746 2101 1801 ita
2138 1746 2207 1800 ad
2243 1746 2295 1801 id
2326 1744 2473 1816 quod
2505 1744 2741 1799 aﬂirmat
2765 1743 3154 1799 stabiliendum
3184 1743 3323 1797 nihil

1738 1840 1965 1893 omnino
1990 1839 2235 1903 adducit,
2270 1838 2338 1892 ad
2368 1838 2421 1893 id
2451 1837 2600 1908 quod
2624 1844 2786 1907 negat
2815 1837 2953 1891 nihil
2989 1837 3138 1893 aliud
3164 1836 3324 1891 affert

1739 1946 1903 1999 quam
1933 1932 2119 1987 lrenaei
2152 1931 2205 1985 in
2243 1930 2603 1986 contexendis
2643 1930 2976 2001 genealogiis
3016 1930 3318 1986 silentium.

1740 2019 1805 2075 Et
1840 2024 2060 2092 quidem
2097 2024 2142 2079 si
2186 2022 2424 2079 lrenaans
2477 2022 2671 2077 nullibi
2709 2022 2760 2076 id
2801 2021 3131 2088 indicasset,
3172 2024 3321 2093 quod

1739 2132 1841 2170 nos
1872 2116 2244 2183 alIirmamus,
2286 2118 2332 2172 si
2374 2117 2720 2187 genealogias
2755 2117 3002 2171 omnium
3046 2117 3324 2171 haeretico-

1738 2224 1861 2263 rum
1892 2211 2100 2281 integre
2126 2225 2250 2264 cum
2279 2208 2537 2263 omnibus
2564 2206 2838 2263 Eonibus
2868 2223 3172 2278 eorumque
3200 2224 3322 2264 om-

1739 2302 1902 2358 nibus
1955 2300 2272 2357 nominibus
2317 2308 2792 2371 repra'sentasset,
2848 2302 3055 2371 aliquid
3104 2303 3322 2360 roboris

1741 2395 1868 2449 huic
1894 2403 2221 2466 argumento
2262 2394 2498 2461 inesset,
2532 2394 2600 2448 ad
2643 2392 2804 2448 ﬁdem
2844 2394 3077 2449 aliorum
3117 2396 3323 2451 Irenaeo

1740 2488 2106 2557 posteriorum
2148 2488 2202 2541 in
2229 2487 2334 2542 hac
2363 2502 2421 2541 re
2450 2486 2790 2542 elevandam.
2823 2486 2963 2541 Cum
2993 2498 3174 2544 autem
3212 2506 3323 2545 non

1738 2586 1953 2634 tantum
1979 2580 2236 2645 ,lrenaeus
2282 2580 2399 2650 ipse
2450 2579 2623 2634 multa
2664 2580 2843 2645 dicat,
2870 2595 2993 2652 quae
3024 2580 3092 2635 ad
3129 2597 3323 2637 eorum

1740 2672 2064 2727 sententiam
2087 2713 2103 2738 ,
2134 2672 2230 2742 qui
2263 2672 2495 2743 primam
2523 2669 2940 2729 Octonationem
2987 2673 3262 2730 Valentini
3292 2691 3325 2731 a

1739 2762 2018 2820 Gnosticis
2058 2774 2334 2835 sumptam
2374 2765 2682 2832 tradidere,
2726 2766 3160 2822 confirmandam
3200 2784 3327 2839 spe-

1739 2865 1914 2924 ctant,
1946 2866 2005 2911 ut
2034 2857 2378 2912 ostendimus
2397 2873 2412 2925 ;
2431 2872 2559 2912 cum
2590 2857 2833 2929 integras
2856 2860 3104 2914 omnium
3127 2876 3326 2931 genea-

1740 2947 1913 3018 logias
1949 2949 2189 3003 Irenaeus
2224 2962 2335 3002 non
2369 2949 2874 3018 repraesentaverit,
2908 2959 2967 3005 ut
2990 2951 3104 3021 jam
3133 2961 3324 3006 osten-

1741 3040 1965 3104 demus,
2017 3040 2228 3095 nnllum
2280 3056 2511 3111 prorsus
2550 3041 2680 3097 huic
2720 3053 3044 3113 argumento
3088 3046 3197 3098 vim
3240 3048 3325 3100 in-

1741 3147 1864 3188 esse
1894 3133 2124 3202 quilibet
2146 3132 2427 3188 fatebitur.
2465 3131 2522 3188 Si
2548 3133 2696 3189 enim
2728 3123 2951 3206 integrae
2981 3151 3089 3190 non
3121 3135 3326 3193 fuerint

1744 3226 2074 3295 genealogis:
2133 3226 2495 3294 Singularium
2554 3226 2938 3282 haereticorum
2996 3229 3066 3284 ab
3120 3231 3327 3285 Irenaeo

1742 3320 2059 3388 proposita,
2095 3319 2142 3374 si
2167 3319 2299 3374 alibi
2330 3320 2447 3390 ipse
2479 3319 2749 3376 haereticis
2791 3322 3056 3377 attribuat
3100 3338 3222 3394 qua}
3269 3324 3327 3379 in

1742 3414 2076 3486 genealogiis
2116 3427 2308 3469 eorum
2359 3429 2469 3468 non
2503 3414 2879 3479 inveniuntur,
2908 3417 2955 3470 si
2981 3417 3235 3472 similiter
3269 3418 3327 3473 in

1743 3505 1811 3560 iis
1837 3504 2003 3559 etiam
2028 3504 2122 3574 qui
2163 3502 2513 3559 Valentinum
2542 3504 2717 3559 secuti
2752 3514 2883 3560 sunt
2913 3508 3200 3564 sententiis
3231 3510 3328 3564 de-

1743 3596 2047 3653 scribendis
2068 3595 2243 3650 multa
2265 3596 2611 3661 omittantur,
2631 3610 2753 3665 quae
2773 3597 2880 3652 illis
2900 3599 3187 3654 tribuenda
3204 3616 3329 3656 esse

1742 3704 1904 3744 nemo
1929 3688 2270 3756 dilﬁtebitur,
2298 3688 2345 3743 si
2387 3689 2503 3743 haec
2535 3689 2722 3744 omnia
2768 3693 3081 3746 necessario
3110 3708 3177 3747 ex
3208 3694 3326 3764 ipsa

1743 3783 1954 3838 ratione
1979 3780 2276 3847 scribendi,
2316 3798 2481 3854 quam
2513 3783 2600 3838 ille
2623 3784 2909 3854 amplexus
2949 3795 3054 3852 est,
3088 3803 3328 3859 sequan-

1744 3886 1860 3942 tur;
1905 3876 2054 3931 nulla
2101 3892 2226 3930 cum
2259 3877 2472 3931 ratione
2501 3891 2562 3931 ea
2605 3877 2789 3933 omnia
2833 3880 3057 3935 nomina
3088 3882 3327 3952 cuipiam

1743 3967 2061 4039 deneganda
2087 3977 2271 4033 erunt,
2302 3982 2425 4039 quae
2457 3969 2511 4023 in
2544 3967 2666 4039 ejus
2689 3970 3020 4042 genealogiis
3041 3974 3183 4043 apud
3215 3972 3323 4028 Ire.

1743 4075 1925 4114 naeum
1974 4075 2083 4114 non
2115 4069 2399 4130 apparent.
2435 4058 2504 4114 Ut
2549 4070 2732 4116 autem
2783 4062 2925 4116 ratio
2954 4064 3228 4120 scribendi
3261 4066 3325 4122 alt

1744 4151 1949 4229 irean
1979 4154 2292 4221 observata,
2320 4168 2348 4207 a
2381 4152 2583 4209 Dallaao
2610 4155 2837 4212 minime
2877 4172 3145 4227 perpensa
3178 4168 3330 4229 pate-

1742 4246 1867 4312 ﬁat;
1898 4246 2133 4301 observo
2163 4247 2266 4301 viri
2296 4248 2603 4304 doctissimi
2636 4250 2801 4304 verba
2832 4265 2846 4302 :
2896 4269 2915 4302 r
2943 4250 3193 4306 Primum
3233 4268 3330 4307 ca-

1744 4339 1844 4410 put
1889 4340 1955 4396 ad
2006 4339 2353 4395 Valentinum
2408 4344 2678 4411 pertinere
2705 4342 2946 4399 ostendit
2970 4354 3026 4399 et
3073 4346 3330 4415 prreﬁxus

1744 4434 1797 4487 ei
1827 4434 2036 4497 titulus,
2071 4442 2124 4488 et
2148 4433 2264 4503 ipsa
2293 4435 2475 4504 operis
2503 4437 2770 4505 praefatio.
2810 4458 2828 4490 ι

81 4536 206 4580 scere
242 4526 605 4600 Demiurgum
646 4545 675 4584 a
721 4528 834 4585 Deo
865 4531 1194 4601 dividentes,
1235 4532 1330 4605 qui
1369 4550 1481 4589 non
1534 4535 1639 4589 mi-
1669 4519 1719 4579 ι)
1815 4526 1929 4582 lmo
1954 4537 2152 4582 veroet
2174 4527 2421 4597 praefatio
2447 4540 2500 4583 et
2518 4530 2777 4585 tituluset
2802 4532 2995 4601 capitis
3020 4532 3329 4601 ipsinstota

79 4629 161 4671 nus
186 4630 337 4676 erant
368 4621 715 4677 Marcionita:
738 4624 1031 4696 praecoqui.

135 4712 441 4770 Secundum
496 4714 684 4771 Dallaei
731 4727 1114 4789 argumentum
1157 4727 1288 4775 est:
1338 4738 1355 4772 ι
1390 4718 1642 4775 Haaretici

80 4798 334 4864 Valentino
359 4810 703 4865 vetustiores
722 4824 914 4866 omnes
940 4826 1000 4867 se
1024 4812 1126 4882 ipsi
1150 4813 1426 4885 negabunt
1453 4811 1642 4883 Logon

80 4896 208 4971 Siges
230 4905 312 4959 vel
343 4905 530 4959 ﬁlium
560 4904 646 4958 vel
674 4915 924 4975 nepotem
951 4905 1260 4962 induxisse.
1298 4927 1317 4961 ι
1355 4906 1636 4963 Fortasse.

80 4987 167 5049 Nos
192 4998 409 5067 quidem
441 4996 707 5065 fatemur,
739 4999 850 5054 imo
880 5000 1177 5069 probamus
1207 5016 1385 5072 neque
1414 5000 1639 5056 Gnosti-

82 5101 239 5145 eorum
268 5104 549 5155 veterum,
575 5106 754 5161 neque
776 5090 1287 5148 Valentinianorum
1309 5108 1641 5164 quemquam

82 5175 237 5249 Lngon
269 5183 429 5257 Siges
470 5186 647 5241 ﬁlium
682 5185 997 5249 induxisse,
1043 5185 1209 5255 idque
1240 5186 1530 5241 observatu
1558 5184 1644 5239 di-

82 5290 219 5337 gnum
241 5280 596 5335 ostendimus
619 5279 686 5333 ad
711 5280 1038 5335 sententiam
1060 5277 1245 5333 Dallasi
1266 5278 1638 5333 refellendam.

82 5362 165 5420 Sed
206 5386 378 5442 neque
406 5373 483 5428 de
519 5372 809 5442 nepotibus
848 5370 1005 5442 Siges
1039 5380 1134 5425 aut
1162 5370 1408 5427 Gnostici
1444 5370 1519 5424 illi
1549 5378 1644 5424 aut

81 5457 421 5518 Valentiniani
455 5464 759 5534 quidquam
795 5464 1163 5535 philosophati
1195 5472 1345 5519 sunt.
1380 5463 1519 5520 Cum
1552 5478 1645 5516 au-

82 5562 169 5609 tem
199 5557 365 5622 addit,
397 5573 531 5614 eam
582 5558 826 5612 lauream
868 5546 1143 5613 Valentini
1192 5572 1350 5623 esse,
1387 5575 1407 5608 ί
1449 5556 1543 5626 qui
1575 5570 1644 5610 ex

82 5651 306 5707 omnibus
350 5651 747 5707 haeresiarchis
816 5652 966 5705 illam
1022 5650 1264 5706 Eonum
1342 5649 1644 5719 ogdoadem

82 5741 305 5815 princeps
343 5745 688 5808 instituerit,
722 5746 775 5799 in
808 5760 915 5815 qua
950 5760 1018 5800 ex
1058 5744 1235 5815 Bytho
1278 5751 1332 5797 et
1372 5740 1499 5815 Sige
1549 5759 1645 5813 per

85 5820 183 5891 Non
209 5850 259 5895 et
279 5840 548 5896 Alethian
578 5837 757 5909 Logos
784 5856 909 5894 cum
941 5838 1047 5896 Zoe
1076 5841 1287 5913 prodit;
1327 5857 1345 5891 ι
1378 5838 1435 5895 id
1466 5839 1644 5897 omni-

404 5935 692 5997 Pn‘nOL.
754 5934 873 5996 Gn.
931 5938 1005 6002 V.

1743 4625 1916 4680 series
1948 4622 2207 4687 ostendit,
2234 4623 2301 4677 ad
2326 4623 2501 4694 ipsius
2524 4624 2827 4694 discipulos
2855 4625 2989 4679 illud
3025 4626 3326 4695 pertinere,

1742 4735 1883 4789 quos
1918 4720 1986 4775 ab
2022 4720 2114 4775 illo
2138 4720 2194 4773 in
2226 4718 2647 4789 quamplurimis
2669 4718 2969 4774 descivisse
2999 4732 3193 4774 omnes
3226 4737 3328 4774 no.-

1743 4821 1947 4866 tarunt.
1980 4811 2037 4865 ln
2069 4811 2187 4882 ipsa
2218 4809 2546 4866 Praefatione
2576 4819 2763 4879 aperte
2799 4810 3107 4879 proﬁtetur,
3147 4830 3165 4862 ‹
3199 4829 3328 4867 cum

1743 4902 1965 4973 legisset
1989 4900 2430 4955 Commentarios
2457 4899 3200 4970 ipsorum,quemadmodum
3227 4904 3329 4973 ipsi

1745 4996 1956 5059 dicunt,
1992 4992 2266 5049 Valentini
2306 4993 2733 5063 discipulorum,
2767 4994 3099 5064 quibusdam
3145 5006 3325 5050 autem

1746 5088 1988 5159 ipsorum
2013 5096 2067 5143 et
2085 5102 2414 5158 congressus
2444 5105 2462 5138 ι
2493 5084 2709 5151 fuisset,
2740 5102 2931 5142 eorum
2957 5087 3096 5143 velle
3124 5104 3182 5143 se
3206 5104 3331 5142 sen-

1746 5182 1970 5235 tentiam
1994 5195 2291 5250 exponere,
2322 5180 2628 5249 praesertim
2658 5177 3142 5244 Ptolemaicorum,
3181 5179 3331 5249 quod

1745 5274 1923 5342 primo
1948 5273 2126 5342 capite
2154 5271 2304 5327 facit.
2342 5269 2528 5342 Neque
2551 5272 2697 5327 enim
2730 5286 2855 5349 cu'm
2887 5269 3171 5326 Valentino
3195 5286 3330 5325 con-

1746 5380 1966 5436 gressus
1992 5380 2232 5433 unquam
2264 5372 2375 5430 est;
2402 5379 2577 5434 neque
2603 5364 2722 5433 ejus
2750 5364 3208 5431 Commentarios,
3235 5365 3329 5419 sed

1746 5456 2024 5512 Ptolemaei
2078 5473 2144 5512 eo
2175 5458 2352 5526 capite
2382 5456 2636 5526 explicat.
2668 5454 2885 5509 Titulus
2931 5455 3123 5525 capitis
3167 5456 3237 5509 ita
3272 5473 3330 5512 se

1748 5550 1945 5607 habet:
1971 5569 1989 5602 ι
2031 5549 2287 5605 Narratio
2317 5549 2498 5605 omnis
2519 5548 2826 5617 argumenti
2861 5546 3135 5602 Valentini
3166 5548 3332 5603 disci-
3364 5536 3367 5539 ’

1747 5647 2023 5717 pulorum.
2062 5664 2080 5696 ι
2117 5643 2297 5714 Caput
2334 5643 2515 5712 ipsum
2562 5641 2637 5696 ita
2684 5640 2897 5710 incipit,
2937 5640 3169 5709 Λέγουσι
3199 5645 3327 5717 γὰρ,

1756 5760 1773 5793 ‹
1812 5741 2003 5794 dicunt
2050 5737 2220 5799 enim,
2257 5755 2276 5789 ι
2313 5735 2382 5789 ad
2435 5741 2715 5805 postrema
2768 5731 3117 5789 Praefationis
3162 5738 3326 5791 verba

1748 5833 2081 5905 respiciens,
2143 5831 2248 5885 ὑπὸ
2294 5830 2395 5902 τῆς
2446 5828 2669 5884 ἐκείνων
2728 5827 3109 5895 πιθανολογίας
3164 5828 3330 5896 οῡσης

3000 5922 3067 5981 11
