3770 6298
410 280 507 334 551

1504 270 1563 325 S.
1592 266 1943 325 lGNATlUS.
1973 298 2039 308 —
2059 265 2594 339 PROLEGOMENA.

3577 266 3671 321 532

403 400 684 470 τοιαύτης,
718 416 735 451 ι
761 398 830 453 ab
862 397 1077 451 illorum
1103 394 1325 450 suadela
1352 409 1475 465 qua:
1504 403 1585 448 est
1608 394 1785 448 talis.»
1819 392 1890 445 Pr

2182 407 2215 445 n
2253 390 2482 445 ulterius
2507 391 2735 448 detortis
2769 410 2782 447 :
2823 390 2883 446 '0
2915 392 3015 464 μὲν
3045 390 3155 463 γὰρ
3197 391 3413 463 πρῶτος
3446 390 3555 444 ἀπὸ
3584 392 3671 461 τῆς

408 494 575 561 igitur
603 491 780 561 capite
806 490 1042 544 lrenmns
1068 489 1120 540 in
1146 488 1334 542 animo
1359 486 1549 540 habuit
1578 484 1992 538 Valentiniano-

410 597 530 635 rum
591 582 835 637 scholam
870 581 990 635 fuse
1038 579 1354 649 depingere,
1388 587 1442 631 et
1493 590 1768 632 summam
1800 591 1991 629 eorum

409 673 673 727 doctrina:
690 688 812 727 cum
839 672 1097 726 omnibus
1118 671 1359 741 ipsorum
1383 669 1657 725 Aionibus
1670 678 1723 723 et
1752 668 1991 722 1Eonum

410 764 748 830 nominibus,
780 763 1116 833 reliquisque
1144 779 1266 833 qua:
1302 763 1368 817 ad
1398 778 1589 818 eorum
1616 763 1846 817 haeresin
1870 777 1995 831 per-

411 855 678 918 tinebant,
709 854 873 910 simul
907 864 961 909 et
1010 855 1112 909 sub
1146 870 1255 908 uno
1287 855 1442 925 quasi
1477 864 1697 925 aspectu
1750 870 1948 924 ponere
1977 872 1991 920 ;

408 956 601 1016 postea
646 962 775 1001 vero
806 956 861 1001 et
893 946 1307 1012 Gnosticorum,
1353 963 1381 1001 a
1422 949 1621 1017 quibus
1652 963 1749 1003 sua
1792 948 1992 1001 hause-

409 1047 557 1101 runt,
586 1048 639 1091 et
666 1036 939 1093 Valentini
963 1037 1160 1107 ipsius,
1193 1047 1245 1093 et
1278 1038 1425 1093 illius
1457 1038 1857 1108 discipulorum
1885 1039 1995 1092 sin-

407 1130 625 1200 gulares
655 1130 954 1184 sententias
976 1130 1212 1184 breviter
1236 1144 1525 1199 exponere,
1545 1130 1690 1199 quod
1712 1145 1851 1199 opus
1882 1144 1993 1183 non

406 1232 553 1277 esset
584 1222 799 1290 singula
832 1223 1125 1292 attingere,
1174 1232 1228 1279 et
1256 1239 1379 1293 qua:
1404 1232 1563 1277 antea
1590 1223 1804 1277 dixerat
1837 1239 1992 1293 repe-

408 1320 541 1366 tere.
572 1310 760 1382 Neque
780 1313 946 1384 igitur
974 1328 1167 1368 omnes
1194 1328 1383 1369 eorum
1414 1315 1762 1385 genealogias
1799 1315 1991 1385 singu-

406 1405 558 1459 latim
587 1416 895 1469 enumerat.
930 1424 1108 1477 neque
1141 1408 1328 1463 omnia
1360 1408 1601 1465 [Eonum
1651 1410 1873 1464 nomina
1901 1425 1989 1465 re-

405 1495 559 1550 citat.
593 1496 775 1562 Quare
800 1498 976 1566 capite
1002 1498 1222 1551 demum
1241 1498 1436 1567 quinto
1462 1498 1529 1554 de
1560 1497 1848 1553 Valentino
1870 1499 1991 1569 ipso

397 1592 539 1659 agit,
568 1599 629 1643 ut
656 1599 844 1659 postea
876 1591 941 1645 de
978 1591 1205 1660 reliquis
1234 1592 1545 1661 separatim,
1575 1602 1634 1646 ut
1663 1607 1854 1647 eorum
1879 1592 1990 1646 dif-

410 1681 670 1736 ferentias
701 1691 873 1749 notet,
924 1691 979 1737 et
1026 1685 1269 1754 origines
1310 1685 1596 1751 observet;
1640 1701 1746 1739 non
1782 1695 1987 1752 autem,

401 1780 472 1826 ut
517 1774 631 1827 vult
666 1773 917 1842 Dallzeus,
952 1792 970 1825 ι
1018 1775 1234 1829 duobus
1290 1775 1429 1830 locis
1462 1791 1680 1830 omnem
1714 1775 1989 1831 Valentini

404 1866 807 1937 ‘matzeologiam
844 1868 1088 1937 exponit.
1129 1888 1147 1920 ι
1180 1866 1277 1923 llis
1320 1877 1467 1923 recte
1507 1869 1835 1933 observatis,
1865 1869 1991 1939 quis

404 1969 518 2011 non
548 1956 735 2012 statim
756 1958 1010 2029 intelligit
1030 1958 1085 2012 in
1104 1960 1477 2029 singularibus
1506 1969 1560 2015 et
1579 1960 1989 2029 Gnosticorum,

405 2057 460 2102 et
509 2046 805 2114 Valentini,
838 2061 890 2106 et
919 2052 1315 2122 discipulorum
1348 2054 1468 2123 ejus
1520 2054 1853 2125 genealogiis
1906 2070 1992 2109 re-

405 2140 552 2209 quiri
613 2152 705 2196 aut
762 2144 1069 2212 exspectari
1122 2160 1232 2198 non
1289 2145 1489 2200 debere
1544 2162 1735 2201 omnes
1796 2161 1989 2201 eorum

406 2231 638 2300 Eonas,
672 2241 766 2288 aut
789 2250 980 2289 eorum
1010 2237 1278 2292 nomina?
1319 2236 1465 2292 lntcr
1496 2237 1704 2294 Aionas
1734 2238 1992 2295 Basilidis

410 2325 697 2383 Valentino
732 2331 970 2385 senioris
1003 2341 1325 2387 numeratur
1374 2333 1621 2401 Ennaea;
1656 2352 1778 2391 eam
1805 2345 1986 2391 autem

409 2418 575 2489 Sigen
613 2436 722 2475 non
754 2423 1072 2477 nominasse
1100 2423 1397 2479 Basilidem
1431 2427 1556 2496 quis
1588 2428 1713 2482 inde
1746 2429 1987 2499 colligat,

406 2512 554 2581 quod
588 2513 825 2569 lrenmus
877 2514 981 2570 hoc
1026 2531 1135 2569 non
1165 2515 1425 2584 allirmat,
1475 2534 1600 2574 cum
1637 2518 1987 2589 Ptolemaici,

407 2602 680 2658 Valentini
698 2603 972 2676 discipuli,
992 2606 1045 2660 in
1065 2608 1308 2678 ipsorum
1328 2612 1609 2667 sententiae
1621 2613 1989 2685 descriptione

407 2697 579 2752 solam
632 2696 899 2752 Ennmam
948 2700 1111 2753 etiam
1160 2700 1423 2757 habuisse
1473 2703 1985 2776 deprehendantur,

407 2802 549 2857 quos
580 2801 761 2844 tamen
782 2787 1053 2844 Valentini
1074 2788 1233 2862 Sigen
1268 2796 1544 2863 respuisse
1567 2812 1729 2851 nemo
1746 2797 1986 2853 allirma-

407 2879 527 2932 bit?
551 2878 711 2935 Certe
735 2895 901 2950 quam
925 2880 1191 2937 Ennteam
1223 2885 1397 2939 solam
1430 2886 1500 2941 ibi
1539 2886 1859 2944 Ptolemaiei
1889 2907 1986 2946 vo-

405 2980 553 3038 cant,
578 2973 827 3027 eamdem
866 2974 1032 3029 etiam
1061 2974 1263 3032 Charin
1298 2979 1603 3049 appellasse
1626 2980 1981 3038 Ptolemaeum

2097 482 2397 554 λεγομένης
2423 485 2733 556 Γνωστικῆς
2768 485 3035 557 αἱρέσεως
3060 486 3160 549 τὰς
3190 486 3424 557 ἀρχαίας
3447 487 3531 548 εἰς
3556 484 3671 537 διον

2098 574 2425 645 χαρακτῆρα
2458 574 2803 639 διδασκαλίας
2840 574 3192 646 μεθαρμόσας
3217 573 3391 637 οὕτως
3414 572 3671 644 ὲξηροφό-

2102 681 2284 735 ρησεν.
2317 663 2435 718 Duo
2459 665 2585 719 hinc
2606 665 2673 720 ad
2702 667 3028 720 sententiam
3055 681 3213 719 suam
3243 664 3671 719 conﬁrmandam

2098 754 2275 821 aﬂ‘crt,
2306 770 2475 809 unum
2515 769 2545 808 a
2580 754 2944 824 dispositione
2970 754 3122 808 vocis
3167 752 3402 824 πρῶτος,
3441 754 3670 807 alterum

2100 845 2168 900 ab
2220 846 2564 916 expositione
2613 847 2868 902 vocabuli
2931 846 3326 918 μεθαρμόσας,
3396 844 3668 899 inﬁrmum

2098 946 2393 1007 utrumque
2428 948 2481 994 et
2521 948 2795 995 coactum.
2852 938 3043 993 Priora
3081 940 3364 994 sententia:
3399 938 3570 992 verba
3607 938 3672 991 ita

2099 1031 2511 1102 interpretatur,
2547 1041 2607 1087 ut
2641 1052 2658 1084 ι
2698 1032 2885 1088 lrenzei
2925 1048 3081 1087 mens
3112 1032 3202 1097 sit,
3238 1031 3591 1087 Valentinum
3614 1047 3670 1085 ex

2097 1123 2188 1178 illa
2227 1124 2613 1179 Gnosticorum
2642 1125 2839 1180 haeresi
2878 1125 3113 1195 primum
3143 1125 3335 1187 fuisse,
3364 1126 3457 1194 qui
3488 1140 3561 1179 ex
3589 1140 3670 1177 ve-

2097 1215 2307 1270 teribus
2354 1215 2644 1281 doctrinis,
2696 1216 2765 1271 ad
2812 1232 2968 1272 suam
3010 1215 3246 1271 formam
3301 1217 3597 1272 translatis
3627 1228 3673 1270 et

2096 1308 2314 1377 aptatis,
2348 1308 2494 1379 quod
2516 1309 2968 1381 subjicit‘dogma
2998 1309 3461 1367 tradideritalloc
3495 1323 3671 1366 autem

2096 1411 2154 1457 ut
2192 1401 2355 1458 faciat
2391 1404 2548 1470 quasi
2581 1403 2768 1459 Irenzei
2795 1405 2957 1459 verba
2990 1405 3103 1460 haec
3142 1405 3385 1459 adducit.
3432 1404 3673 1460 Valenti-

2094 1512 2224 1549 num
2248 1515 2266 1547 ι
2287 1512 2350 1549 ex
2381 1495 2642 1551 Gnostica
2677 1497 2871 1551 haeresi
2909 1497 3148 1567 primum
3180 1498 3260 1553 sic
3289 1498 3628 1564 deﬁnivisse,
3650 1517 3667 1549 ι

2095 1603 2376 1658 perperam
2411 1597 2465 1643 et
2490 1588 2699 1643 dolose.
2728 1587 2867 1643 Tum
2892 1604 3023 1643 vero
3064 1588 3368 1655 Petavium,
3403 1590 3671 1660 interpre-

2095 1689 2202 1734 tem
2238 1680 2373 1735 satis
2413 1680 2721 1747 eruditum,
2767 1690 2822 1735 et
2864 1690 2994 1736 tunc
3037 1682 3302 1752 temporis
3338 1693 3517 1749 certe,
3558 1699 3671 1739 cum

2025 1755 2065 1813 Β
2096 1770 2389 1828 Usseriana
2417 1772 2662 1827 nondum
2695 1772 3050 1843 prodiissent,
3092 1773 3289 1845 ell‘ugia
3326 1775 3564 1830 minime
3592 1791 3673 1829 co-

2095 1864 2382 1934 gitantem,
2436 1866 2673 1935 sugillat.
2722 1865 2929 1921 Petavii
2974 1867 3352 1937 interpretatio
3391 1868 3515 1923 haec
3548 1878 3669 1924 est:

2099 1975 2118 2009 ι
2142 1956 2351 2011 Etenim
2374 1959 2469 2027 qui
2492 1974 2523 2013 a
2543 1957 2930 2014 Gnosticorum
2952 1959 3147 2015 haeresi
3176 1961 3501 2030 deprompta
3533 1977 3674 2031 quae-

2095 2050 2219 2104 dam
2248 2049 2401 2103 initia
2420 2049 2631 2121 primus
2655 2052 2945 2120 peculiaris
2965 2052 3032 2106 ad
3062 2062 3224 2108 sectze
3240 2052 3475 2108 formam
3500 2064 3673 2109 trans-

2101 2142 2225 2197 tulit
2256 2141 2579 2198 Valentinus
2629 2143 2702 2197 ita
2748 2144 2957 2199 detinit.
3001 2163 3020 2217 9
3063 2144 3204 2211 Quid
3258 2146 3313 2199 in
3350 2146 3455 2201 bac
3506 2148 3671 2201 inter-

2093 2235 2401 2304 pretatione
2435 2235 2519 2289 vir
2541 2234 2894 2290 doctissimus
2934 2236 3323 2306 reprehendit?
3365 2255 3385 2288 ι
3424 2237 3671 2301 Frustra,

2094 2328 2294 2396 inquit,
2321 2326 2575 2384 Petavius
2610 2328 2776 2382 verba
2807 2328 2895 2382 illa
2927 2328 3035 2383 ἀπὸ
3067 2328 3168 2399 τῆς
3200 2330 3508 2401 λεγομένης
3536 2332 3670 2384 Γνω-

2094 2418 2287 2489 στικῆς
2312 2419 2577 2491 αἱρέσεως
2596 2434 2720 2474 cum
2744 2420 2909 2474 verbo
2937 2420 3288 2492 μεθαρμόσας
3310 2423 3669 2493 conjungens,

2094 2511 2174 2567 sic
2211 2511 2621 2581 interpretatur,
2658 2521 2719 2567 ut
2750 2513 2879 2567 velit
2911 2512 3259 2568 Valentinum
3296 2515 3534 2585 intelligi
3560 2516 3673 2567 illas

2091 2603 2374 2659 doctrinas
2407 2620 2470 2659 ex
2506 2603 2891 2662 Gnosticorum
2932 2606 3130 2662 haeresi
3178 2606 3665 2677 deprompsisse?»

2092 2693 2232 2761 Quid
2272 2698 2443 2750 vero?
2474 2712 2543 2751 an
2590 2698 2747 2753 aliter
2776 2697 3040 2753 lrenmum
3076 2699 3427 2770 interpretari
3475 2702 3667 2770 potuit,

2092 2806 2256 2860 quam
2294 2801 2353 2847 ut
2388 2791 2490 2846 illa:
2512 2791 2773 2848 doctrinae
2808 2794 3067 2863 antiquae,
3093 2808 3233 2863 quas
3259 2794 3314 2847 in
3349 2810 3518 2849 suum
3548 2795 3671 2850 cha-

2093 2892 2384 2953 racterem,
2423 2885 2538 2941 sive
2567 2886 2860 2956 peculiaris
2913 2894 3076 2942 secta:
3123 2886 3355 2941 formam
3392 2890 3670 2943 transtulit

2095 2975 2483 3042 Valentinus,a
2505 2978 2692 3033 schola
2710 2988 2951 3033 veterum
2989 2977 3374 3034 Gnosticorum
3416 2982 3663 3051 deprom-

403 3075 613 3119 certum
654 3066 872 3121 aliunde
899 3078 1012 3135 est;
1046 3070 1166 3140 ipse
1211 3071 1356 3127 enim
1408 3072 1462 3155 in
1492 3072 1796 3146 fragmento
1829 3078 1975 3147 quod
2014 3107 2056 3164 ο
2094 3078 2199 3139 pla?
2230 3070 2380 3126 Sint?
2401 3071 2485 3124 Αη
2523 3080 2735 3126 veteres
2759 3072 2863 3126 illae
2885 3071 3148 3127 doctrinm
3175 3071 3305 3125 alibi
3332 3088 3502 3141 quam
3530 3070 3666 3141 apud

406 3159 710 3213 etiamnum
743 3162 888 3230 apud
938 3160 1201 3219 Irenaeum
1240 3151 1435 3232 exstat,
1467 3168 1534 3222 de
1570 3168 1627 3222 S.
1664 3168 1876 3226 Joanne
1904 3173 1985 3225 lo-

402 3267 601 3320 quens,
648 3252 936 3323 Ἀκριϐὦς,
964 3256 1173 3325 inquit,
1221 3258 1314 3311 ml.
1357 3258 1456 3330 τὴν
1500 3259 1721 3332 πρώτην
1751 3264 1987 3335 ἐμήνυσε

409 3345 665 3416 τετράδα,
691 3346 908 3419 Πατέρα
939 3348 1106 3402 είπὼν
1132 3352 1225 3404 καὶ
1251 3352 1444 3424 Χάριν,
1473 3353 1567 3406 καὶ
1589 3355 1679 3408 τὸν
1706 3356 1985 3430 Μονογενῆ

400 3437 495 3489 καὶ
539 3437 839 3509 Ἀλήθειαν.
879 3459 898 3492 ι
933 3440 1227 3513 Diligenter
1262 3445 1427 3515 igitur
1464 3448 1703 3503 ostendit
1752 3451 1985 3519 primam

401 3534 906 3601 quaternationem,
944 3530 1159 3592 Patrem
1202 3534 1393 3591 dicens
1437 3547 1491 3591 et
1531 3537 1759 3600 Charin.
1784 3550 1838 3594 et
1868 3540 1983 3594 Mo-

398 3641 689 3695 nogenem,
723 3638 776 3684 ct
801 3628 1121 3688 Veritatem.
1158 3652 1177 3685 ι
1200 3631 1257 3687 In
1291 3632 1405 3705 ipsa
1435 3630 1759 3707 Gencalogia
1790 3634 1987 3693 Valen-

401 3716 520 3781 tini,
547 3718 725 3786 capite
742 3721 955 3789 quinto,
992 3723 1170 3791 primo
1202 3725 1320 3779 loco
1340 3727 1565 3794 ponitur
1596 3726 1737 3782 Ᾱέοη
1772 3730 1983 3799 primus

400 3806 505 3859 sub
558 3808 677 3862 solo
730 3811 953 3865 nomine
988 3812 1273 3885 Ἀρρήτου,
1315 3832 1477 3885 quem
1512 3828 1699 3886 postea
1737 3821 1980 3889 quidem,

399 3898 494 3951 sed
525 3899 725 3967 obiter,
754 3901 946 3967 Βυθόν,
986 3919 1095 3957 non
1133 3906 1404 3977 ’Λρρητον
1430 3910 1698 3966 nominat.
1727 3910 1982 3968 Basilidis

406 3990 783 4059 genealogiam
830 3991 1097 4062 integram
1124 4012 1230 4049 non
1259 3999 1507 4053 nominat
1540 4000 1775 4057 lrenaeus
1803 4022 1816 4055 :
1857 4020 1979 4059 nam

401 4088 535 4133 teste
567 4080 650 4133 Cl.
695 4082 1065 4137 Alexandrino
1111 4086 1371 4142 Slromat.
1422 4092 1514 4144 lib.
1559 4108 1631 4158 IV,
1666 4093 1980 4166 Βασιλείδης

399 4171 707 4235 {imam-cdt;
738 4176 1091 4247 Δικαιοσύνην
1123 4195 1181 4231 τε
1227 4181 1317 4233 καὶ
1356 4181 1454 4253 τὴν
1502 4183 1776 4257 θυγατέρα
1813 4188 1983 4259 αὐτῆς

394 4263 495 4335 τὴν
527 4263 765 4335 Εἰρήνην
794 4264 1165 4337 ὑπολαμϐάνει
1200 4271 1255 4323 ὲν
1307 4273 1545 4340 Ὀγδοάδι
1581 4275 1763 4345 μένειν
1800 4278 1979 4331 διατε-

393 4354 690 4424 ταγμένας.
734 4375 752 4407 ι
790 4356 1055 4415 Basilides
1088 4371 1269 4416 autem
1306 4374 1416 4417 tum
1442 4363 1740 4433 Justitiam,
1775 4380 1890 4425 tum
1917 4372 1981 4425 li-

2090 3161 2381 3217 Gnosticos
2424 3163 2745 3218 exstabant?
2796 3162 3031 3219 Dallmus
3085 3164 3202 3234 ipse
3251 3162 3434 3233 ipsam
3490 3178 3668 3217 rerum

2090 3254 2282 3309 silvam
2309 3264 2472 3325 atque
2493 3257 2881 3321 materiam,ex
2914 3273 3021 3327 qua
3050 3255 3375 3311 Valentinus
3400 3272 3501 3312 sua
3528 3273 3671 3311 coni-

2090 3344 2295 3412 posuit,
2323 3345 2466 3415 apud
2503 3346 2834 3402 vetustiores
2882 3346 3175 3402 Gnosticos
3202 3347 3374 3402 fuisse
3397 3348 3664 3403 concedit.

2087 3434 2181 3489 llla
2203 3444 2387 3491 autem
2406 3452 2589 3492 rerum
2609 3437 2742 3491 silva
2767 3446 2933 3507 atque
2952 3439 3181 3493 materia
3199 3454 3267 3493 an
3286 3439 3498 3509 aliquid
3526 3440 3665 3493 aliud

2089 3529 2335 3593 fuerunt.
2368 3546 2532 3599 quam
2574 3531 2813 3601 antiqua:
2849 3532 3151 3587 doctrinae?
3176 3542 3266 3586 aut
3298 3532 3527 3587 aliunde
3552 3533 3667 3586 illas

2089 3624 2369 3682 transtulit
2395 3622 2741 3689 Valentinus.
2774 3639 2939 3697 quam
2971 3641 3036 3682 ex
3066 3626 3158 3679 illa
3211 3626 3410 3682 haeresi
3461 3627 3516 3681 in
3561 3641 3665 3696 qua

2086 3720 2418 3774 exstabant?
2447 3720 2591 3773 Nihil
2622 3719 2710 3774 hic
2744 3720 3024 3775 innovavit
3051 3718 3334 3785 Petavius,
3384 3719 3479 3775 sed
3529 3719 3665 3773 idem

2086 3812 2313 3866 omnino
2340 3812 2544 3878 voluit,
2581 3812 2726 3881 quod
2767 3826 2960 3866 omnes
2988 3823 3113 3867 ante
3157 3828 3284 3868 eum
3318 3813 3662 3882 interpretes,

2087 3906 2297 3966 Billius.
2324 3906 2644 3973 Carnarius,
2674 3905 2864 3971 Vetus,
2903 3906 3214 3970 voluerunt,
3238 3907 3389 3976 quod
3415 3907 3665 3967 lrenzeus,

2086 3997 2473 4065 Tertullianus,
2507 4000 2864 4071 Epiphanius,
2908 4000 3289 4055 Thcodoretus
3345 4000 3662 4055 docuerant.

2084 4089 2239 4143 Certe
2275 4105 2398 4145 cum
2434 4090 2689 4158 Dallreus,
2721 4100 2781 4146 ut
2811 4108 2874 4147 ea
2905 4092 3067 4146 verba
3097 4092 3204 4145 ἀπὸ
3235 4093 3335 4162 τῆς
3369 4093 3669 4163 λεγομένης

2083 4182 2395 4255 Γνωστικῆς
2446 4185 2712 4256 αἱρέσεως
2755 4204 2785 4240 a
2845 4202 2979 4241 voce
3046 4187 3403 4258 μεθαρμόσας
3456 4197 3667 4257 separet

2084 4283 2248 4344 atque
2277 4276 2580 4347 disjungat,
2611 4279 2798 4333 eadem
2834 4296 2957 4335 cum
3000 4296 3133 4336 voce
3175 4281 3397 4352 πρῶτος
3436 4284 3663 4352 conjun-

2082 4368 2191 4437 git,
2229 4378 2282 4422 et
2322 4388 2341 4420 ι
2386 4369 2625 4439 primum
2663 4390 2681 4423 ι
2718 4373 3031 4428 immediate
3074 4383 3195 4443 post
3225 4390 3288 4429 ea
3322 4377 3512 4441 verba,
3542 4396 3559 4427 ι
3592 4392 3661 4430 ex

397 4446 521 4498 liam
554 4447 673 4515 ejus
713 4447 907 4504 Pacem
925 4453 1082 4520 quasi
1109 4454 1468 4511 subsistentes
1503 4468 1656 4526 putat
1684 4461 1740 4515 in
1777 4464 1979 4533 ogdoa-
2011 4475 2056 4530 ι)
2084 4459 2345 4515 Gnostica
2392 4462 2610 4530 haeresi,
2650 4483 2668 4515 ι
2704 4466 2887 4534 ponit,
2929 4474 2990 4519 ut
3028 4482 3139 4521 suae
3172 4467 3465 4537 hypothesi
3502 4470 3665 4523 inser-

394 4538 461 4590 de
490 4554 713 4594 manere
739 4542 1037 4612 dispositas
1062 4563 1109 4611 ;›
1142 4562 1280 4616 quas
1302 4550 1447 4619 apud
1487 4548 1750 4607 lrcnazum
1772 4553 1975 4610 frustra

396 4644 632 4697 quaeras.
678 4632 757 4688 Ex
806 4635 1144 4705 imperfectis
1196 4639 1363 4710 igitur
1406 4651 1461 4697 et
1502 4644 1800 4702 decurtatis
1832 4649 1977 4718 apud

398 4719 660 4779 Irenaeum
691 4736 935 4785 veterum
961 4730 1347 4790 Gnosticorum
1384 4739 1719 4810 geneaIOgiis
1763 4743 1975 4814 negati-

397 4829 525 4868 vum
572 4830 951 4887 argumentum
999 4835 1145 4880 recte
1177 4826 1403 4883 formari
1437 4846 1544 4885 non
1590 4843 1785 4902 potest.
1827 4836 1977 4893 Przec

396 4904 583 4959 sertim
611 4922 735 4961 cum
770 4910 822 4963 in
853 4912 945 4965 illa
977 4913 1231 4972 Basilidis
1252 4927 1306 4972 et
1338 4918 1626 4987 Ennaaam,
1648 4926 1764 4981 sive
1786 4926 1975 4997 Sigen,

394 4995 585 5069 Logon
616 4999 781 5054 etiam
818 5003 1023 5058 diserte
1048 5006 1350 5065 habeamus
1384 5012 1707 5083 descriptos.
1732 5017 1788 5071 In
1815 4995 1975 5091 svzy-

392 5091 500 5161 giis
538 5090 785 5151 Simonis
834 5095 938 5153 fuit
980 5101 1155 5171 φωνή,
1186 5117 1351 5170 quam
1388 5105 1642 5176 discipuli
1677 5110 1796 5178 ejus
1850 5090 1977 5181 post

394 5183 598 5238 editum
633 5184 691 5240 S.
720 5185 949 5245 Joannis
982 5191 1334 5262 Evangelium
1360 5208 1642 5254 verterunt
1664 5200 1717 5254 in
1766 5204 1973 5272 Λόγον,

393 5281 447 5325 et
494 5288 589 5329 eos
618 5286 839 5333 secutus
874 5288 959 5335 est
990 5281 1276 5339 Basilides.
1317 5284 1453 5341 Nam
1479 5291 1631 5359 quod
1682 5290 1973 5349 Basilidem

394 5362 523 5415 velit
555 5363 785 5422 Dallaeus
814 5379 939 5425 ante
962 5381 1192 5427 mortem
1220 5374 1410 5445 lgnatii
1442 5377 1670 5434 hmresin
1690 5396 1844 5436 suam
1867 5401 1972 5440 non

394 5453 724 5525 divulgasse,
754 5476 876 5516 eam
921 5466 1248 5521 sententiam
1278 5470 1533 5537 proximo
1558 5474 1738 5543 capite
1764 5475 1972 5531 refuta-

396 5544 597 5601 bimus.

467 5637 709 5696 Tertium
741 5645 815 5698 illi
840 5660 1226 5718 argumentum
1256 5669 1323 5708 ex
1353 5654 1534 5710 verbis
1558 5654 1743 5713 Irenzei
1780 5660 1897 5730 (lib.
1930 5678 1969 5724 ι,

393 5745 445 5783 c.
478 5731 532 5813 5)
559 5734 713 5803 prius
739 5751 769 5789 a
799 5737 1075 5799 Blondcllo
1097 5746 1341 5815 vexatis;
1374 5758 1426 5803 et
1450 5749 1517 5805 ad
1557 5750 1701 5808 illius
1732 5765 1968 5810 mentem

2084 4551 2217 4617 viat,
2255 4555 2437 4608 omnia
2481 4556 2640 4625 plane
2680 4556 2986 4617 confundit.
3012 4557 3148 4613 Nam
3182 4560 3273 4613 illa
3298 4576 3405 4615 vox
3430 4563 3657 4634 πρῶτος,

2081 4659 2147 4697 ex
2186 4655 2368 4701 mente
2412 4646 2630 4714 Irenzei,
2665 4666 2775 4704 non
2812 4652 2879 4705 ad
2922 4653 3151 4707 Ineresin
3185 4653 3537 4722 Cnosticam,
3568 4657 3657 4710 sed

2083 4740 2193 4794 alio
2222 4739 2460 4796 refertur
2485 4759 2498 4797 :
2526 4742 2593 4796 ad
2623 4744 2858 4812 priorem
2906 4745 3113 4800 scilicet
3143 4748 3499 4813 sententiam,
3554 4764 3659 4802 non

2081 4841 2420 4901 sequentem.
2462 4835 2687 4906 ’Ἱδωμεν
2704 4834 2800 4889 νῦν
2819 4837 2912 4889 καὶ
2932 4836 3027 4908 τὴν
3050 4838 3253 4892 τούτων
3272 4841 3506 4895 ἄστατον

2082 4942 2189 4996 μην
2216 4926 2310 4980 δύο
2344 4944 2445 4980 που
2480 4929 2574 4982 καὶ
2606 4928 2774 5001 τριῶν
2805 4930 2995 4996 ὄντων,
3024 4932 3100 4995 ὡς
3124 4934 3254 5004 περὶ
3282 4933 3379 4987 τοῦ
3414 4935 3575 4989 αὐτοῦ
3597 4933 3660 4985 οὗ

2078 5018 2148 5071 τά
2187 5019 2326 5072 αὐτὰ
2348 5020 2616 5089 λέγουσιν,
2649 5022 2785 5075 ἀλλὰ
2823 5027 2933 5086 τοῖς
2963 5025 3253 5096 πράγμασι
3287 5029 3384 5082 καὶ
3414 5032 3528 5092 τοῖς
3553 5028 3658 5079 ὀνό-

2082 5126 2246 5180 μασιν
2268 5114 2484 5167 ἐναντία
2516 5116 2895 5184 ἀποφαίνουσι.
2936 5135 2954 5167 ι
2987 5115 3283 5174 Videamus
3307 5137 3457 5175 nunc
3484 5130 3537 5175 ct
3564 5122 3656 5174 lio-

2080 5218 2225 5271 rum,
2259 5204 2517 5274 (quarunt
2550 5207 2858 5262 doctrinam
2892 5209 3070 5277 primo
3105 5212 3285 5281 capite
3323 5212 3552 5267 dederat
3573 5226 3656 5266 ex.

2078 5296 2385 5367 plicatam),
2419 5299 2825 5357 inconstantem
2855 5306 3211 5371 sententiam,
3252 5322 3382 5361 cum
3414 5308 3525 5361 sint
3553 5308 3653 5360 duo

2080 5387 2161 5442 vel
2193 5398 2323 5453 tres,
2349 5394 2811 5460 quemadmodum
2842 5396 2909 5451 de
2948 5398 3153 5452 eisdem
3188 5413 3303 5452 non
3345 5399 3540 5455 eadem
3574 5398 3652 5451 di-

2077 5492 2243 5549 eunt;
2270 5486 2364 5538 sed
2400 5494 2454 5539 et
2481 5488 2797 5544 nominibus
2826 5498 2881 5544 ct
2919 5491 3086 5545 rebus
3117 5501 3398 5548 contraria
3438 5489 3652 5563 respon-

2075 5574 2223 5628 dent.
2267 5596 2284 5627 ι
2346 5576 2402 5630 Ὀ
2428 5579 2525 5648 μὲν
2560 5579 2668 5652 γὰρ
2718 5582 2954 5654 πρῶτος,
2988 5602 3005 5634 ι
3038 5582 3141 5649 Qui
3190 5585 3340 5639 enim
3373 5588 3592 5657 primus.
3621 5601 3641 5633 ι

2078 5667 2160 5733 (ιιι
2194 5669 2325 5722 satis
2356 5669 2584 5725 ﬁdeliter
2616 5674 2849 5728 reddidit
2875 5684 3030 5730 vetus
3055 5676 3353 5747 interpres)
3383 5694 3450 5733 ex
3474 5676 3651 5749 paucis

2078 5759 2203 5828 illis,
2239 5762 2447 5818 scilicet
2477 5766 2691 5824 duobus
2728 5769 2809 5823 vel
2836 5769 3032 5835 tribus,
3062 5786 3301 5838 quorum
3335 5772 3645 5829 sententiam
