3770 6326
129 281 219 334 535
874 282 923 339 J.
955 282 1325 340 PEARSONH
1359 283 1683 340 VlNDlCIE
1737 283 2164 343 ΙΟΝΑἸΊΑΝᾸΞ.
2204 319 2274 330 -
2301 289 2482 345 PARS
2521 289 2584 345 ll.
3262 300 3366 354 55.;

127 404 284 472 primo
303 401 476 474 capite
505 403 827 473 complexus
871 415 976 472 est,
1007 405 1354 474 Valentinus,
1386 408 1673 474 nimirum,
1707 423 1749 475 Α
1780 407 1873 460 sed
1899 417 1958 462 ut
1980 408 2049 464 iis
2075 411 2403 465 sententiam
2433 425 2588 467 suam
2611 411 3066 470 illustrarent.De
3081 415 3368 488 discipulis

129 496 256 562 (nam
304 494 368 549 de
394 493 792 553 Valentinianis
820 509 873 552 et
901 500 1174 570 praecipue
1223 499 1575 557 Ptolemaicis
1612 518 1702 564 eo,
1782 499 1950 556 Marci
1994 501 2134 556 idem
2184 504 2299 560 haec
2342 505 2528 571 tradit,
2575 505 2670 559 lib.
2705 521 2743 566 l.
2777 521 2826 560 c.
2855 506 2964 560 l7:
3002 509 3159 564 Ἔνιοι
3184 510 3241 564 δὲ
3274 512 3368 567 καὶ

126 589 278 658 capite
299 604 454 659 agere
485 588 818 658 instituerat,
852 608 1092 661 quorum
1137 595 1470 650 sententiam
1497 595 1644 650 ἀπάν

1820 592 1887 645 ὧν
1920 595 1978 646 ὲν
2023 592 2103 665 τῷ
2130 595 2448 668 Εὑαγγελίῳ
2476 597 2745 668 κειμένων
2775 599 2855 662 εἰς
2873 599 3059 654 τοῦτον
3084 601 3173 655 τὸν
3203 621 3367 676 χαρα-

126 683 274 752 θισμει
302 683 398 754 τῆς
446 683 796 738 Οὐαλεντίνου
821 686 1018 757 σχολῆς
1045 687 1299 758 appellat)
1319 709 1338 741 ι
1357 705 1387 743 a
1415 690 1642 747 Gnostic

1820 689 1956 760 τῆρα
1987 688 2438 760 μεθαρμόζουσιν.
2470 710 2489 742 r
2519 690 2778 758 Quaedam
2817 703 3000 749 autem
3024 712 3212 752 eorum
3244 715 3366 769 qua:

126 773 291 829 haeresi
317 776 568 845 antiquas
593 776 646 830 in
670 779 950 847 proprium
987 779 1360 836 characterem
1392 783 1675 840 doctrinas
1780 781 1835 835 in
1889 781 2183 854 Evangelio
2231 785 2408 853 pOSilﬂ
2471 795 2619 851 sunt,
2669 786 2720 839 ίη
2779 787 2928 843 hunc
2983 790 3361 846 ChaFaClCl‘em

131 865 462 932 transferens,
484 868 659 934 οὕτως
685 869 1113 944 ὲξηροφόρησε.»
1131 875 1404 947 Corrupta
1435 893 1564 944 vox,
1589 881 1644 934 in

1820 877 2170 945 'anslignrant
2191 895 2204 942 ;
2228 897 2246 928 ι
2265 894 2372 932 non
2395 888 2454 932 ut
2485 877 2841 948 Evnngelium
2865 885 3240 949 emendarent,
3269 895 3364 938 aut

123 958 223 1027 quit
249 958 526 1027 Petavius,
578 963 630 1016 in
683 980 788 1031 qua
835 963 1227 1022 divinationem
1279 971 1512 1039 experiri
1562 987 1645 1027 n0I

1820 966 1939 1020 erba
1968 967 2089 1037 ejus
2150 977 2446 1034 mutarent,
2491 971 2587 1024 sed
2636 981 2694 1025 ut
2742 988 2855 1027 sua;
2893 973 3158 1031 doctrinae
3194 978 3358 1032 verba

125 1061 274 1107 vacat.
315 1052 418 1109 Pro
459 1071 522 1109 ea
553 1056 718 1126 igitur
741 1057 869 1128 legit
909 1056 1288 1116 llammondus
1317 1061 1668 1136 ἐξεφόρησεν,
1774 1059 2444 1140 evangelicainsererent.
2477 1063 2621 1118 ldem
2659 1063 2729 1120 de
2763 1065 3161 1127 Valentinianis
3191 1073 3357 1128 etiam

120 1142 312 1199 Isaacus
335 1145 559 1203 Vossius
585 1148 774 1203 leviori
806 1151 1107 1208 mutatione
1130 1153 1518 1228 ὲληροφόρησε.
1562 1157 1645 1214 Set

1820 1155 1900 1210 liis
1915 1155 2094 1211 verbis
2116 1157 2294 1222 docet,
2319 1174 2438 1229 cap.
2459 1159 2478 1213 l
2505 1176 2518 1212 :
2547 1161 2655 1214 Καὶ
2679 1159 2736 1214 ἓν
2755 1161 2985 1217 ἕκαστον
3010 1165 3120 1220 τῶν
3136 1170 3360 1241 εἰρημέο

116 1233 282 1291 Biliius
313 1247 464 1307 putat
496 1250 733 1298 veterem
769 1242 1116 1313 interpretem
1148 1247 1346 1319 legisse
1385 1249 1515 1321 ἔφη,
1557 1251 1645 1323 Egi

1820 1264 1878 1300 ev
1911 1248 2144 1319 ἄραντες
2174 1249 2282 1304 ἀπὸ
2311 1250 2410 1321 τῆς
2445 1250 2704 1321 ἀληθείας
2745 1255 2836 1308 καὶ
2878 1233 3356 1336 καῖαχρησᾶμξνοι

115 1327 269 1398 potius
283 1331 535 1387 existimo
564 1345 800 1391 veterem
833 1339 1182 1412 interpretem
1211 1358 1332 1397 eam
1359 1362 1524 1416 quam
1555 1348 1645 1416 ipsi

1820 1341 1885 1402 ii;
1916 1340 2173 1411 ὀνόμασιν
2201 1342 2282 1406 εἰς
2307 1344 2405 1414 τὴν
2421 1343 2556 1398 ἰδίαν
2581 1345 2835 1400 ὑπόθεσιν
2859 1350 3210 1420 μετήνεγναν.
3245 1373 3263 1404 ‹
3292 1352 3358 1407 Et

115 1422 226 1492 legit
255 1438 438 1479 vocem
466 1427 691 1483 minime
719 1429 1077 1501 intellexisse,
1108 1435 1342 1508 ideoque
1385 1440 1664 1510 omisisse,
1775 1435 2203 1505 ""“mqumlque
2227 1452 2421 1492 θοτιηη
2463 1454 2585 1508 (μιδὲ
2624 1439 2770 1495 dicta
2814 1454 2943 1496 sum
2977 1445 3053 1513 (in
3085 1447 3355 1516 Ρνίηείρίο

113 1513 237 1580 quod
263 1514 313 1569 id
337 1516 494 1571 salvo
518 1533 682 1574 sensu
719 1520 835 1576 fieri
863 1524 1107 1592 potuisse
1130 1526 1366 1595 putavit.
1391 1526 1645 1585 Vetustis-

1820 1526 2048 1598 vangelii
2085 1528 2143 1583 S.
2184 1526 2434 1600 Joannis)
2467 1530 2781 1588 auferentes
2812 1549 2842 1588 a
2871 1513 3118 1603 veritate,
3144 1547 3198 1592 et
3220 1513 3356 1595 abu-
3392 1603 3397 1610 ι

113 1605 281 1659 simam
309 1607 475 1677 igitur
511 1609 799 1667 lectionem
829 1615 1008 1669 sentio
1041 1615 1211 1672 fuisse
1232 1617 1662 1692 ἐξηροφόρησεν,
1777 1627 1952 1674 tentes
1982 1619 2301 1678 nominibus
2344 1621 2399 1678 in
2430 1639 2584 1678 suam
2609 1629 3136 1696 argumentationem
3173 1640 3356 1688 trans-

111 1709 154 1752 et
172 1698 390 1756 fortasse
420 1702 491 1756 ab
525 1704 645 1774 ipso
675 1704 882 1761 lrenzeo
906 1707 1244 1777 profectam;
1272 1728 1398 1767 nam
1424 1713 1663 1786 ξηροφο-
1699 1772 1738 1794 η
1771 1712 2034 1768 tulerunt.
2095 1732 2113 1764 ι
2170 1713 2464 1770 Enimvero
2518 1719 2751 1773 assertio
2804 1720 2963 1776 tertia
3016 1726 3353 1794 argumentis

111 1793 205 1861 ρεῖν
247 1793 380 1847 idem
419 1795 730 1866 signiﬁcare
787 1808 966 1869 potest
1013 1803 1158 1872 quod
1182 1805 1388 1874 aliquid
1405 1821 1666 1864 enarrare
1699 1793 1740 1826 υ
1770 1804 1975 1859 nostris
2003 1803 2138 1858 satis
2168 1804 2513 1872 confirmata,
2547 1815 2599 1860 et
2631 1807 2700 1861 ab
2745 1793 3152 1878 objectionibus
3183 1814 3351 1870 Blon-

110 1883 276 1956 ξηραῖς
316 1887 547 1955 λέξεσιν,
577 1901 638 1944 ut
674 1890 850 1947 Graeci
881 1893 1206 1964 loquuntur.
1239 1894 1531 1969 Utcunque
1568 1901 1638 1956 sit

1820 1893 2018 1948 :llianis
2060 1904 2227 1964 atque
2256 1893 2548 1953 Dallmanis
2581 1898 2834 1966 liberata,
2869 1913 3049 1958 manet
3084 1904 3353 1961 hactenus

109 1975 396 2036 Valentinus
419 1981 508 2036 hic
538 1984 856 2038 nominatur
877 1994 936 2040 ut
956 2001 1146 2042 eorum
1175 1991 1405 2058 primus,
1425 2008 1645 2061 quorum

1827 1999 2118 2053 concussa,
2160 1987 2304 2043 hanc
2336 1988 2510 2058 ipsam
2540 1989 2796 2058 hazresin,
2840 2010 3006 2064 quam
3031 1997 3223 2051 volunt
3252 2014 3354 2053 au-

107 2073 405 2128 sententiam
436 2073 678 2132 [renteus
722 2077 1024 2134 tradiderat
1057 2096 1070 2133 :
1105 2083 1377 2138 asseritur
1405 2099 1532 2140 eum
1560 2102 1645 2140 an-

1821 2092 1972 2132 orem
2009 2079 2256 2150 epistola:
2283 2081 2351 2136 ad
2369 2081 2756 2153 Magnesianos
2786 2089 3118 2157 respexisse,
3152 2089 3351 2146 Valen-

109 2163 264 2231 tiquas
291 2165 578 2224 doctrinas
609 2184 675 2224 ex
716 2170 909 2226 han-esi
947 2171 1208 2229 Gnosiica
1244 2176 1297 2229 in
1328 2191 1488 2231 suum
1529 2178 1661 2232 ειη...
1766 2171 1880 2226 tino
1904 2172 2269 2242 antiquiorem
2289 2173 2482 2243 fuisse,
2508 2185 2564 2232 et
2594 2195 2624 2233 a
2650 2180 3044 2238 vetustioribus
3072 2181 3350 2241 Gnosticis

106 2264 335 2312 ueterem
362 2261 740 2329 transtulisse;
760 2263 991 2336 ejusque
1014 2266 1304 2323 character
1327 2271 1512 2324 suum
1536 2271 1660 2326 bra-
1761 2261 2096 2332 derivatam;
2134 2265 2326 2321 saltem
2361 2277 2635 2338 quatenus
2671 2271 2933 2327 ineorum
2959 2274 3348 2330 Gnosticorum

104 2349 216 2405 viler
241 2354 565 2424 explicatur,
599 2356 653 2412 in
679 2375 788 2429 quo
817 2360 1003 2431 aliqua
1030 2377 1098 2416 ex
1131 2361 1412 2420 Gnosticis
1460 2365 1645 2422 hausta

1820 2356 1980 2428 'zygia
2007 2357 2184 2427 prima
2209 2357 2375 2416 fuerit
2398 2362 2547 2433 Sige,
2567 2363 2621 2418 in
2647 2363 2897 2421 inferiori
2926 2376 3108 2423 autem
3130 2369 3348 2441 syzygia

103 2446 442 2514 reperiuntur.
480 2448 723 2508 Tandem
758 2454 906 2509 clare
940 2457 1274 2526 perspicitur
1301 2475 1469 2529 quam
1509 2461 1645 2516 inlir-

1820 2463 1979 2518 )gos;
2019 2451 2162 2521 quod
2196 2461 2306 2508 tam
2339 2455 2484 2510 valet
2518 2456 2586 2510 ad
2623 2472 2687 2512 ea
2717 2458 2882 2515 verba
2916 2461 3016 2514 οὐκ
3041 2461 3149 2516 ἀπὸ
3181 2463 3349 2536 Σιγῆς

1699 1772 1740 1826 Β

103 2552 225 2592 mum
254 2540 321 2594 sit
349 2539 538 2597 llallzei
563 2555 944 2616 argumentum
970 2563 1038 2601 ex
1069 2563 1202 2604 voce
1238 2551 1454 2622 πρῶτος
1485 2553 1657 2609 dedu-

102 2639 242 2686 ctum.
256 2651 272 2683 t
284 2631 339 2688 Si
360 2634 500 2703 haec,
518 2635 714 2706 inquit,
731 2636 1053 2696 Valentinus
1068 2657 1133 2696 ex
1147 2641 1424 2700 Gnosticis
1440 2646 1654 2716 primus

102 2720 335 2789 definivit,
356 2735 506 2783 certe
525 2729 710 2786 nullus
727 2741 852 2786 ante
881 2747 1008 2787 eum
1041 2732 1337 2792 Gnosticus
1355 2737 1437 2793 sic
1465 2739 1656 2794 deﬁni-

99 2825 241 2870 verat.
269 2815 456 2889 Logon
485 2821 622 2876 adeo
639 2839 702 2878 ex
725 2824 850 2896 Sige
879 2824 1271 2883 fructiﬁcatum
1291 2831 1459 2900 (quod
1480 2849 1650 2890 unum

98 2913 164 2958 est
186 2922 244 2961 ex
269 2908 372 2964 illis
402 2911 488 2966 sic
515 2927 544 2964 a
570 2912 862 2969 Valentino
886 2916 1148 2989 deﬁnitis)
1169 2936 1332 2976 nemo
1359 2931 1486 2979 ante
1521 2940 1650 2979 eum

98 2993 356 3056 Gnosticus
392 3003 745 3061 deliraverat.
785 3026 804 3059 ι
835 3007 1036 3069 Nititur
1063 3012 1212 3066 enim
1245 3013 1650 3086 interpretatio-

98 3101 166 3152 ne,
192 3106 302 3159 qtae
342 3097 676 3152 sententiam
724 3097 914 3155 Irenaei
960 3102 1098 3158 mire
1144 3105 1452 3176 confundit,
1484 3119 1538 3164 et
1579 3113 1648 3166 ab
1675 3131 1716 3188 (ς

97 3179 191 3247 ejus
221 3195 391 3241 mente
435 3203 666 3257 prorsus
708 3193 885 3249 aliena
915 3205 999 3252 est
1031 3214 1045 3250 :
1077 3207 1133 3252 et
1171 3201 1363 3255 statuit
1399 3219 1417 3253 ι
1454 3201 1642 3275 Logon

96 3288 145 3327 ex
175 3275 286 3346 Sige
314 3278 707 3340 fructiﬁcatum
741 3309 758 3338 ι
793 3302 915 3343 esse
946 3305 1114 3345 unum
1146 3307 1213 3347 ex
1237 3293 1344 3350 illis
1374 3310 1404 3348 a
1447 3295 1645 3351 Valen-

98 3366 188 3420 tino
214 3372 465 3442 dclinitis,
512 3391 638 3431 cum
673 3376 994 3437 Valentinus
1027 3399 1136 3438 non
1172 3385 1320 3441 dicat
1365 3386 1549 3456 Logon
1576 3404 1642 3443 ελ

98 3457 214 3532 Sige,
247 3467 332 3521 sed
365 3486 386 3519 ‹
424 3485 490 3524 ex
519 3471 694 3540 prima
729 3475 937 3529 tetrade
967 3475 1380 3547 fructificatum,
1423 3482 1522 3534 »ὲκ
1545 3483 1644 3552 τῆς

96 3557 316 3625 τετράδος
355 3562 566 3633 ταύτης
601 3568 1100 3638 καρποφορείσθαι,
1145 3571 1310 3641 idque
1343 3589 1452 3628 non
1495 3577 1641 3645 quod

97 3661 119 3697 a
147 3646 273 3720 Sigc,
302 3654 394 3708 sed
425 3657 574 3725 quod
609 3658 678 3711 ab
705 3657 920 3714 Alethia
949 3661 1190 3718 emissus
1231 3676 1396 3734 esset,
1437 3685 1560 3738 qua:
1588 3671 1641 3725 in

1761 2542 2060 2614 προελθών,
2113 2560 2181 2600 ex
2232 2562 2423 2603 eorum
2482 2559 2668 2607 mente
2715 2553 3152 2624 interpretanda,
3179 2573 3347 2630 quam

1756 2637 1976 2705 propria
2004 2635 2276 2694 Valentini
2303 2641 2552 2698 haeresis.

2354 2776 2586 2833 CAPUT
2631 2777 2742 2834 Vll.

1757 2863 1966 2946 Quarta
1997 2869 2220 2947 ussertio
2263 2873 2603 2947 proponitur_.
2636 2875 2853 2947 probari
2887 2886 3029 2929 certo
3062 2893 3162 2929 non
3191 2894 3344 2947 posse

1825 2938 1975 3016 ipsos
2009 2937 2278 3016 Valentini
2305 2937 2508 3016 errores
2564 2937 2777 3016 [gnatio
2828 2945 2993 3014 fuisse
3017 2937 3228 3016 penitus
3259 2951 3344 3002 in-

1822 3009 2079 3088 cognitas.
2127 3008 2278 3064 Fieri
2307 3014 2541 3088 potuisse
2583 3008 2926 3088 ut‘lgnaiius
2984 3008 3339 3088 gognosceret,

1821 3080 2078 3148 probatur
2103 3095 2166 3133 ex
2189 3080 2354 3159 relate
2385 3082 2657 3159 Valentini
2683 3080 2801 3159 cum
2828 3087 2927 3140 illa
2973 3080 3342 3159 S.7’olycarpi

1823 3160 2168 3231 comparata;
2189 3151 2524 3231 Valentinum
2541 3167 2655 3231 post
2676 3158 2714 3208 Α
2725 3162 2953 3231 ιιὶρειιιηι
2970 3151 3342 3231 uixisse'nega-

1819 3229 1924 3274 tur.
1941 3221 2109 3302 Locus
2126 3222 2444 3302 Tertulliani
2459 3221 2745 3302 excutitur.
2765 3227 3024 3302 Blondelli
3035 3221 3340 3302 argumento

1821 3294 2186 3360 respondetur.
2221 3295 2528 3365 Antiquiras
2573 3297 2964 3353 Valentiniano:
2992 3294 3246 3356 lueriascos
3275 3319 3340 3356 ea:

1818 3373 2045 3416 velorum
2085 3367 2440 3419 monumentis
2493 3371 2726 3423 eruitur.
2779 3369 2856 3422 De
2889 3380 3045 3424 wtate
3076 3372 3339 3427 Basilidis

1817 3449 1937 3486 cum
1973 3434 2175 3488 Dallwo
2206 3437 2535 3505 disputatur.
2571 3437 2710 3491 Eam
2768 3440 2991 3494 hwresin
3042 3459 3195 3495 suam
3242 3445 3336 3497 do-

1819 3505 1990 3577 cuisse
2019 3516 2142 3577 unle
2166 3507 2392 3559 Adriani
2423 3509 2703 3577 imperium
2735 3512 3051 3566 ostenditur.
3081 3513 3340 3568 Testimo-

1817 3574 1923 3627 niis
1953 3591 1986 3628 a
2016 3575 2223 3630 Dallazo
2245 3574 2632 3648 adductisvfuse
2669 3583 3031 3648 respondetur.

1820 3664 1879 3720 Si
1911 3667 2037 3736 quis
2066 3677 2246 3722 tamen
2273 3685 2376 3724 nec
2407 3670 2493 3724 his
2527 3671 2874 3741 acquiescat,
2900 3684 2953 3729 et
2989 3673 3335 3732 Valentinum

95 3740 248 3794 calent
293 3745 505 3800 tetrade
536 3757 661 3816 post
691 3748 854 3820 Sigen
889 3750 1012 3804 fuit.
1049 3751 1170 3808 Non
1196 3765 1379 3811 autem
1419 3758 1535 3814 haec
1567 3759 1641 3816 ita

97 3829 438 3908 intelligimus,
471 3851 533 3896 ut
555 3843 704 3897 nulla
735 3844 843 3898 alia
874 3845 1123 3901 doctrina
1153 3848 1646 3908 inValentinicha-

96 3938 268 3985 metere
287 3935 684 4003 contineretur,
722 3946 920 4007 printer
970 3940 1228 4011 antiquas
1260 3943 1384 3998 illas
1433 3961 1460 3998 a
1494 3944 1644 4001 Gno-

99 4022 224 4079 sticis
268 4025 516 4097 haustas,
575 4038 672 4085 aut
705 4031 857 4087 illius
905 4032 1130 4089 haeresis
1183 4036 1320 4091 nihil
1369 4037 1645 4094 Gnostica:

94 4113 252 4173 haeresi
280 4122 570 4177 addiderit.
613 4123 820 4180 Fabula
856 4126 1077 4196 triginta
1119 4127 1359 4186 onnum
1402 4133 1479 4186 illi
1511 4150 1640 4204 pro-

94 4212 188 4274 pria
219 4211 334 4282 fuit,
379 4215 592 4272 decada
650 4229 704 4273 et
750 4219 1094 4288 duodecada,
1149 4223 1370 4293 opinor,
1417 4226 1638 4296 adjecit.

1749 3758 1927 3828 ipsum
1955 3759 2023 3814 ab
2049 3770 2275 3816 auctore
2296 3761 2546 3832 epistolae
2570 3765 2801 3834 petitum
2831 3767 2981 3834 velit,
3011 3784 3080 3823 ne
3107 3771 3188 3825 sic
3214 3787 3336 3841 qut-

1747 3851 1873 3905 dem
1904 3867 1994 3905 res
2039 3851 2337 3907 secundum
2370 3855 2699 3911 sententiam
2758 3858 3197 3917 adversariorum
3232 3865 3338 3920 erit

1747 3942 2028 4012 confecta;
2059 3945 2240 4001 adhuc
2270 3946 2417 4000 enim
2449 3958 2621 4004 restat
2659 3959 2857 4022 quarta
2891 3955 3148 4019 assertio,
3188 3956 3335 4011 scili-

1745 4046 1868 4092 cet:
1903 4036 2131 4094 Probari
2184 4051 2336 4096 certo
2397 4058 2509 4097 non
2560 4057 2754 4114 posse,
2824 4045 3000 4114 ipsius
3057 4045 3337 4104 Valentini

1745 4147 1962 4188 errores
1992 4135 2202 4203 lgnatio
2237 4139 2468 4208 martyri
2521 4137 2693 4193 fuisse
2723 4141 2944 4209 penitus
2999 4142 3334 4214 incognitos.

1746 4222 1982 4280 llaeresis
2007 4223 2280 4281 Valentini
2303 4242 2334 4281 a
2359 4228 2634 4283 veteribus
2662 4230 2796 4285 satis
2826 4231 3072 4301 exposita
3092 4241 3204 4299 est;
3226 4235 3337 4289 vita

96 4299 295 4361 Primam
324 4309 573 4380 ogdoada
605 4311 720 4382 ipse
744 4329 854 4367 non
876 4316 1227 4385 excogitavit,
1257 4318 1352 4373 sed
1383 4334 1412 4373 a
1445 4321 1642 4374 veteri-
1743 4317 1865 4387 ejus
1887 4327 1941 4373 et
1977 4319 2206 4374 historia
2230 4321 2408 4391 magis
2445 4319 2678 4377 incerta.
2705 4321 2783 4376 Ex
2809 4323 2878 4379 iis
2902 4323 3151 4394 profecto
3184 4336 3337 4381 vete—

95 4391 175 4450 bus
191 4402 411 4471 accepit,
448 4404 700 4459 ordinem
737 4415 952 4462 tantum
985 4411 1240 4465 secunda}
1271 4413 1494 4466 [eu-adis
1521 4430 1642 4467 mu-
1745 4424 1866 4461 l’tllll
1901 4411 2275 4466 monumentis
2305 4427 2428 4480 qua:
2463 4423 2782 4482 supersum,
2809 4425 2961 4468 certo
3001 4415 3182 4486 colligi
3223 4433 3333 4472 llOll

94 4487 228 4554 tavit;
263 4490 450 4562 inquo
478 4494 649 4564 aliqui
676 4495 850 4564 ipsius
872 4498 1125 4569 discipuli
1160 4517 1284 4554 eum
1333 4504 1502 4557 secuti
1530 4519 1636 4557 non
1674 4500 1716 4552 ι)
1748 4508 1949 4568 potest,
1999 4510 2110 4556 tam
2158 4518 2284 4558 sero
2335 4501 2689 4559 Valentinum
2728 4507 2955 4571 vixisse.
2998 4518 3094 4563 aut
3127 4511 3181 4564 in
3210 4527 3333 4566 eam

96 4591 212 4637 sunt.
257 4585 310 4639 ln
353 4588 445 4642 illa
498 4589 746 4660 ogdoade
774 4602 929 4646 erant
976 4603 1032 4648 et
1075 4595 1220 4665 Sige,
1254 4605 1310 4650 et
1349 4596 1552 4667 Logus,
1585 4609 1639 4652 ei
1743 4593 1972 4647 haeresin
2005 4595 2322 4664 prolapsum
2360 4611 2503 4662 esse,
2529 4605 2588 4651 ut
2610 4598 2729 4667 ejus
2751 4599 3000 4653 doctrina
3032 4600 3090 4655 S.
3125 4601 3336 4673 lgnatio

97 4674 344 4744 utrubique
369 4694 436 4732 ex
473 4679 563 4733 illa
607 4681 816 4736 tetrade
861 4683 913 4737 in
945 4700 1052 4753 qua
1100 4683 1201 4739 fuit
1233 4685 1380 4753 Sige,
1407 4688 1638 4742 eductus
1742 4685 2087 4742 innotescere
2113 4689 2264 4742 nullo
2291 4691 2453 4745 modo
2486 4692 2740 4760 potuerit.
2773 4691 2934 4759 Quod
2975 4695 3022 4749 si
3055 4694 3334 4752 Valentini

95 4772 156 4816 cst
180 4763 364 4837 Logus,
400 4785 515 4824 non
543 4781 724 4827 autem
751 4789 781 4827 a
813 4773 964 4844 Sige,
995 4775 1089 4829 sed
1133 4775 1204 4829 ab
1241 4777 1478 4842 Alethia,
1515 4795 1638 4846 quze
1741 4777 1914 4846 ipsius
1941 4779 2214 4836 delirium
2260 4799 2291 4838 a
2325 4783 2381 4837 S.
2427 4793 2668 4856 martyre
2713 4796 2842 4842 ante
2891 4796 3128 4844 mortem
3181 4790 3333 4844 nullo

95 4850 311 4914 incadem
345 4864 578 4928 tetrade,
613 4863 706 4918 sed
733 4866 972 4920 secunda
996 4866 1174 4922 duade
1194 4867 1313 4923 fuit.
1349 4866 1504 4922 Nulla
1531 4869 1636 4923 alia
1739 4873 1905 4926 modo
1935 4875 2193 4944 cognosci
2242 4878 2491 4947 potuisse
2540 4879 2774 4948 probare
2806 4896 2914 4935 non
2961 4883 3156 4952 possit,
3192 4885 3333 4953 perit

95 4943 164 5000 hic
184 4949 480 5010 immutatio
510 4967 770 5028 apparet;
803 4974 980 5028 neque
1006 4975 1069 5014 ea
1125 4961 1208 5015 vis
1244 4961 1397 5016 vocis
1427 4962 1635 5034 μεθαρ-
1741 4975 2126 5034 argumentum
2175 4983 2206 5022 a
2247 4969 2545 5024 violatione
2579 4973 2845 5042 temporis
2871 4975 3122 5041 ductum,
3169 4975 3330 5044 cujus

97 5037 231 5106 μέσας
277 5056 378 5114 est,
429 5059 492 5103 ut
537 5051 725 5106 omnia
757 5050 999 5106 Aionum
1045 5062 1290 5108 veterum
1347 5056 1569 5109 nomina
1605 5071 1634 5110 a
1739 5056 1848 5110 vim
1877 5057 1933 5110 in
1966 5074 2033 5113 eo
2061 5068 2272 5115 tantum
2305 5064 2595 5131 collocant,
2624 5067 2772 5136 quod
2798 5078 2990 5137 putent
3013 5083 3071 5123 se
3099 5068 3330 5120 lirmiter

99 5125 337 5194 Valentino
364 5151 730 5209 mutarentur,
761 5153 817 5199 et
841 5146 1076 5216 syzygiaa
1105 5162 1298 5202 omnes
1346 5148 1398 5202 in
1442 5149 1636 5202 melio-
1738 5147 2116 5207 demonstrare
2142 5169 2305 5222 posse
2335 5154 2689 5213 Valentinum
2713 5160 2806 5215 diu
2833 5169 2956 5230 post
2983 5161 3041 5215 S.
3068 5159 3328 5232 martyris

95 5234 182 5277 rem
208 5226 426 5287 formam
463 5233 867 5305 redigerentur.
897 5237 1036 5293 Nam
1079 5239 1446 5312 μεθαρμόζειν
1491 5257 1637 5312 saepe
1739 5253 1972 5298 mortem
2003 5261 2114 5302 suae
2135 5247 2406 5306 haereseos
2430 5250 2785 5307 fundamenta
2808 5253 3030 5323 jecisse.

97 5312 406 5385 simpliciterc
433 5325 784 5394 transferre,»
803 5337 900 5382 aut
927 5347 946 5380 ι
985 5329 1247 5399 adaptare
1285 5349 1305 5381 ι
1335 5332 1633 5403 signiﬁcat,
1808 5332 1923 5404 Ego
1953 5347 2136 5392 autem
2167 5337 2437 5410 lgnatium
2464 5342 2738 5397 Valentini
2767 5312 3096 5398 sententiam
3122 5358 3329 5416 εοεηο-

97 5422 181 5463 non
217 5429 439 5488 semper,
478 5439 496 5470 r
537 5431 785 5484 mutare.
833 5443 852 5476 ι
902 5425 1077 5480 multo
1113 5427 1300 5482 minus
1337 5428 1392 5482 in
1437 5430 1636 5485 melius
1740 5441 1895 5481 scere
1922 5431 2170 5498 potuisse
2205 5433 2286 5487 sic
2309 5433 2531 5504 colligo.
2584 5434 2642 5488 Si
2665 5432 2952 5504 Polycarpi
2980 5435 3234 5490 doctrina
3270 5445 3327 5492 et

101 5515 114 5547 ι
139 5508 402 5580 corrigere,
429 5533 447 5564 ι
478 5515 707 5583 scilicet,
732 5526 828 5571 aut
855 5535 874 5566 ι
907 5520 1224 5576 emendare.
1267 5541 1284 5573 ι
1317 5521 1635 5578 Basilidiaui
1738 5515 1968 5588 lgnatio,
1990 5528 2044 5574 et
2072 5520 2129 5575 s.
2161 5520 2380 5587 Joanni,
2399 5532 2453 5577 et
2477 5524 2600 5577 aliis
2626 5525 2789 5578 etiam
2815 5527 3080 5594 apostolis
3105 5531 3326 5600 cognita

96 5596 564 5659 mathematicorum
598 5606 989 5662 «theoremata
1022 5608 1354 5680 accipientes
1383 5610 1438 5664 in
1469 5627 1633 5667 suum
1739 5609 1926 5676 fuerit,
1961 5611 2238 5668 Valentini
2289 5617 2454 5670 etiam
2491 5617 2740 5671 doctrina
2781 5619 2976 5673 saltem
3015 5621 3084 5676 ab
3112 5619 3324 5694 lgnatio

97 5685 418 5750 t‘haracterem
478 5699 743 5755 doctrinae
802 5702 1228 5768 transtulerunt,
1272 5722 1290 5754 ι
1351 5714 1409 5758 ut
1467 5704 1636 5760 refert
1741 5709 2000 5778 cognosci
2034 5712 2233 5778 potuit.
2279 5712 2348 5765 At
2378 5711 2667 5783 Polycarpi
2718 5715 2974 5771 doctrina
3006 5728 3060 5772 et
3089 5715 3322 5788 Ignatio,

98 5775 293 5843 lrenazus
315 5787 408 5845 lib.
437 5806 478 5860 ι,
517 5807 563 5847 e.
591 5792 680 5861 25,
709 5808 819 5850 non
850 5803 992 5851 utea
1015 5795 1388 5864 emendarem,
1415 5797 1630 5867 opinor,
1738 5807 1791 5855 et
1814 5775 1899 5854 's.
1945 5775 2165 5870 Joanui,
2203 5814 2255 5861 et
2284 5805 2406 5862 aliis
2437 5775 2702 5878 apostolis
2733 5811 2828 5880 qui
2881 5821 3007 5868 ante
3059 5811 3323 5867 Joannem
