3770 6314
383 288 490 346 355
507 296 511 300 ’
1424 283 1481 338 S.

1552 280 1906 341 IGNATIUS.
1942 310 2013 320 ——-
2052 275 2593 336 PROLEGOMENA.

3496 272 3501 279 ’
3537 282 3621 337 556

386 406 589 461 mortui
626 414 776 469 sunt,
810 405 1029 477 cognita
1059 403 1161 459 fuit
1196 421 1208 457 :
1242 420 1273 459 a
1313 403 1526 460 Joanne
1566 406 1713 461 enim
1764 413 1819 459 et
1848 403 1971 459 aliis
2002 409 2046 465 A
2075 402 2208 473 agit.
2240 401 2299 456 Si
2328 400 2656 458 Valentinus
2701 402 2804 458 sub
2846 403 3035 459 eodem
3082 406 3343 476 episeOpo
3392 405 3624 473 vixisset,

388 498 658 569 apostolis
702 498 996 569 episcopus
1027 499 1317 553 ordinatus
1340 508 1445 562 est,
1481 507 1539 554 ut
1577 498 1781 553 diserte
1808 497 1976 551 tradit

386 589 659 646 lreneaaus
697 591 982 663 Polycarpi
1021 590 1348 660 discipulus,
1390 591 1484 645 lib.
1535 607 1617 655 ιιι,
1654 606 1704 646 c.
1752 590 1787 646 '5
1819 609 1832 645 :
1866 589 1974 643 Καὶ

386 681 744 752 Πολύκαρπος
774 683 831 736 δὲ
857 683 918 736 οὗ
956 682 1115 753 μόνον
1145 682 1249 736 ὑπὸ
1279 682 1589 736 ἀποστόλων
1618 681 1975 754 μαθητευθεὶς

389 773 479 827 καὶ
510 776 980 846 συναναστραφεὶς
1000 775 1215 839 πολλοῖς
1232 778 1347 840 τοῖς
1364 776 1455 830 τὸν
1472 775 1705 847 Χριστὸν
1732 775 1974 848 ἑωρακό-

386 881 489 930 σιν,
537 866 673 919 ἀλλά
715 866 808 920 καὶ
853 867 957 919 ὑπὸ
999 866 1313 920 ἀποστόλων
1348 866 1715 931 κατασταθεὶς
1765 867 1846 930 εἰς
1870 868 1971 937 τὴν

395 956 579 1013 Ἀσίαν
599 963 653 1013 ἐν
686 963 749 1031 τῇ
780 962 837 1015 ἐν
866 961 1087 1034 Σμύρνῃ
1127 961 1422 1034 Ἐκκλησία
1450 963 1767 1025 ἐπίσκοπος,
1795 961 1854 1015 ὃν
1876 961 1969 1015 καὶ

381 1052 542 1123 ἡμεῖς
580 1054 907 1125 ἑωράκαμεν
954 1056 1011 1107 ἐν
1051 1057 1117 1126 τῇ
1170 1054 1366 1127 πρώτῃ
1417 1054 1574 1125 ἡμῶν
1623 1054 1837 1125 ἡλικίᾳ·
1876 1053 1969 1106 ἐπὶ

380 1148 516 1201 πολὺ
542 1148 652 1219 γὰρ
683 1148 1006 1220 παρέμεινε,
1037 1148 1132 1201 καὶ
1149 1148 1288 1202 πάνυ
1318 1148 1604 1219 γηραλέος,
1637 1146 1861 1212 ἐνδόξως
1876 1147 1970 1200 καὶ

379 1242 790 1312 ἐπιφανέστατα
829 1244 1189 1315 μαρτυρήσας
1238 1241 1426 1314 ἐξῆλθε
1470 1241 1562 1296 τοῦ
1615 1241 1751 1312 βίου.
1797 1240 1970 1295 Vetus

381 1332 568 1390 lrenmi
621 1336 891 1406 interpres
925 1352 937 1388 :
977 1356 994 1387 ι
1033 1335 1101 1390 Et
1140 1334 1479 1407 Polycarpus
1509 1344 1693 1391 autem
1724 1350 1834 1390 non
1873 1351 1965 1389 so-

381 1428 494 1482 lum
528 1430 596 1482 ab
621 1430 884 1498 apostolis
912 1428 1161 1493 edoctus,
1191 1438 1244 1484 et
1286 1437 1645 1484 conversatus
1671 1444 1795 1483 cum
1820 1428 1966 1482 mul-

379 1520 452 1575 tis
468 1522 641 1586 exiis,
661 1523 754 1591 qui
782 1519 1078 1575 Dominum
1103 1533 1351 1576 nostrum
1383 1521 1658 1584 viderunt,
1681 1521 1776 1576 sed
1801 1519 1965 1575 etiam

381 1617 451 1671 ab
472 1614 737 1686 apostolis
767 1615 820 1668 in
852 1614 983 1669 Asia
1011 1615 1065 1669 in
1088 1629 1153 1669 ea
1183 1629 1306 1685 qua:
1328 1622 1413 1668 est
1438 1612 1691 1684 Smyrnis
1721 1611 1969 1668 Ecclesia

381 1708 716 1762 constitutus
742 1707 1057 1777 episcopus,
1075 1721 1237 1776 quem
1262 1714 1433 1761 etnos
1455 1705 1694 1761 vidimus
1715 1707 1771 1761 in
1791 1708 1966 1777 prima

377 1809 567 1855 nostra
600 1809 789 1867 aetate;
824 1799 1058 1853 multum
1089 1798 1237 1853 enim
1271 1799 1667 1868 perseveravit,
1713 1808 1768 1854 et
1809 1799 1967 1854 valde

378 1906 543 1945 senex
563 1891 957 1961 gloriosissime
977 1899 1031 1947 et
1047 1890 1392 1946 nobilissime
1414 1892 1739 1964 martyrium
1756 1891 1966 1949 faciens

377 1984 546 2039 exivit
592 1984 659 2039 de
699 1986 803 2039 hac
845 1984 977 2039 vita.
1028 2002 1047 2035 ›
1088 1982 1218 2038 Erat
1257 1983 1443 2053 itaque
1475 1982 1809 2056 Polycarpns
1841 2000 1871 2039 a
1902 1983 1962 2040 S.

372 2071 586 2128 Joanne
616 2082 670 2128 et
697 2074 820 2129 aliis
850 2074 1115 2144 apostolis
1158 2074 1453 2144 episcopus
1485 2074 1808 2139 ordinatus;
1842 2074 1967 2145 qui-

376 2166 480 2221 bus
510 2175 657 2221 certe
682 2166 829 2221 illius
861 2166 1109 2222 doctrina
1137 2166 1358 2237 cognita
1382 2176 1512 2222 tunc
1550 2167 1812 2237 temporis
1840 2167 1963 2238 fuit,

372 2252 533 2314 aliter
562 2275 687 2315 eum
737 2262 1060 2331 episcopum
1107 2276 1390 2333 nunquam
1441 2261 1807 2317 ordinassent.
1841 2260 1962 2316 Jam

373 2367 505 2407 vero
534 2352 583 2407 si
613 2352 809 2409 demus
850 2351 1214 2425 Polycarpum
1257 2369 1310 2412 a.
1342 2353 1406 2409 Ι).
1442 2354 1512 2411 82
1535 2355 1850 2427 episcopum
1885 2354 1965 2411 fa-

375 2456 523 2501 ctum
571 2446 763 2512 fuisse,
820 2455 882 2501 ut
929 2446 1245 2503 Blondcllus
1301 2448 1419 2517 ipse
1473 2448 1669 2517 docet;
1704 2448 1776 2505 25
1806 2450 1965 2504 annis

374 2538 593 2609 cognita
624 2537 726 2592 fuit
754 2536 1038 2608 Polycarpi
1070 2537 1347 2604 doctrina,
1378 2547 1674 2608 antequam
1708 2540 1774 2594 ad
1820 2554 1965 2592 mar-

374 2632 577 2703 tyrium
604 2629 890 2685 festinaret
919 2627 1187 2700 lgnatius.
1207 2630 1291 2685 Ab
1310 2629 1520 2701 lgnatio
1554 2630 1738 2701 itaque
1767 2646 1967 2703 cogno—

373 2726 451 2781 sci
499 2725 747 2795 potuisse
793 2722 1103 2780 doctrinam
1129 2722 1406 2779 Valentini
1448 2740 1611 2781 nemo
1632 2726 1875 2797 negabit,
1915 2727 1962 2782 si

374 2816 539 2871 modo
569 2815 893 2872 Valentinus
922 2818 1138 2873 vivente
1161 2817 1339 2873 adhuc
1373 2817 1674 2891 Polycarpo
1707 2828 1965 2877 mortuus

372 2909 464 2965 sit.
488 2908 557 2964 At
581 2918 706 2963 ante
733 2907 1097 2981 Polycarpum
1127 2918 1411 2965 mortuum
1433 2926 1555 2967 esse
1586 2910 1963 2983 Valentinum,

371 3014 526 3059 extra
560 3018 777 3059 omnem
812 3002 1239 3057 controversiam
1277 3019 1443 3073 pono.
1478 3003 1551 3059 Ita
1588 3006 1734 3061 enim
1765 3006 1832 3061 de
1870 3008 1964 3062 illo

2079 497 2182 551 sub
2212 511 2323 567 quo
2350 496 2441 551 ille
2467 496 2705 566 scripsit,
2740 496 2790 550 id
2830 513 2939 553 non
2976 499 3284 553 mortuissot
3311 498 3626 569 diligentissi-

2077 605 2203 647 mus
2229 590 2508 662 scriptor?
2532 597 2629 644 aut
2666 590 2851 645 dicere
2894 592 3186 660 potuisset,
3221 610 3239 643 ι
3274 591 3341 646 ad
3370 591 3626 646 Anicetum

2079 692 2292 739 tantum
2328 685 2678 755 perdurasse,
2721 704 2739 736 ι
2770 685 2815 739 si
2857 686 3290 755 postAnicetum
3321 695 3377 741 et
3412 683 3623 740 Soterem

2076 779 2179 833 sub
2208 777 2524 833 Eleutherio
2571 778 2842 834 vixisset?
2884 777 3029 833 Fieri
3061 781 3175 834 haec
3201 788 3349 834 certe
3394 794 3497 833 non
3522 792 3627 848 pos-

2075 880 2225 927 sunt.
2254 856 2360 927 Sed
2391 870 2626 926 Dallazus
2650 869 2972 928 Tertulliani
3014 871 3333 927 testimonio
3362 870 3528 925 fretus
3548 871 3628 926 hoc

2073 965 2280 1021 docuit.
2309 964 2425 1037 Ego
2451 982 2582 1021 vero
2617 965 3037 1032 Tertullianum,
3064 967 3156 1037 qui
3192 965 3379 1019 omnia
3420 980 3544 1035 pene
3575 964 3629 1019 ad

2074 1057 2216 1111 hanc
2252 1071 2365 1111 rem
2415 1057 2741 1125 pertinentia
2778 1057 2846 1111 ab
2888 1056 3095 1112 Irenaeo
3136 1065 3424 1111 mutuatus
3469 1066 3562 1119 est,
3587 1053 3628 1109 id

2071 1150 2311 1205 voluisse
2344 1149 2488 1203 haud
2520 1148 2722 1212 credo;
2765 1158 2859 1204 aut
2888 1150 2935 1205 si
2986 1150 3038 1205 id
3070 1150 3323 1212 voluerit,
3365 1149 3520 1219 plane
3555 1148 3631 1201 de-

2034 1292 2037 1297 .
2073 1250 2289 1311 ceptum
2335 1238 2508 1295 fuisse
2548 1240 2687 1295 scio.
2718 1239 2794 1294 lta
2821 1241 2967 1295 enim
2995 1241 3085 1295 ille
3116 1240 3194 1294 De
3220 1257 3444 1311 prwscr.
3473 1240 3629 1293 lueret.

2071 1351 2192 1405 cap.
2229 1333 2298 1389 50
2326 1350 2338 1386 :
2371 1353 2391 1387 ι
2430 1332 2531 1389 Ubi
2578 1346 2709 1389 tunc
2749 1334 3017 1402 Marcion,
3050 1334 3312 1391 Ponticus
3337 1334 3628 1395 nauclerus,

2075 1425 2275 1481 Stoica:
2300 1426 2621 1481 studiosus?
2648 1425 2753 1483 Ubi
2780 1425 3136 1493 Valentinus,
3164 1427 3463 1482 Platonica:
3487 1436 3633 1481 secta-

2072 1519 2197 1574 tor?
2246 1518 2383 1572 Nam
2438 1527 2655 1574 constat
2702 1519 2832 1575 illos
2876 1536 3056 1591 neque
3076 1520 3212 1574 adeo
3261 1520 3396 1574 olim
3451 1518 3630 1583 fuisse,

2070 1611 2333 1667 Antonini
2363 1610 2479 1667 fere
2505 1611 2841 1683 principatu,
2869 1623 2924 1668 et
2954 1614 3007 1667 in
3037 1614 3319 1669 catholicae
3354 1613 3530 1684 primo
3553 1614 3632 1667 do-

2072 1705 2305 1761 ctrinam
2354 1704 2654 1760 credidisse
2699 1706 2844 1776 apud
2891 1705 3191 1763 Ecclesiam
3225 1705 3633 1771 Romanensem,

2074 1799 2176 1856 sub
2224 1798 2545 1868 episcopatu
2582 1797 2880 1854 Eleutherii
2912 1800 3219 1867 benedicti,
3252 1798 3436 1856 donec
3473 1800 3537 1855 ob
3568 1801 3635 1855 in.

2073 1893 2316 1965 quietam
2345 1908 2562 1965 semper
2587 1908 2780 1947 eorum
2824 1892 3225 1959 curiositatem,
3257 1908 3429 1964 quam
3462 1891 3635 1948 fratres

2072 2002 2293 2058 quoque
2321 1987 2597 2051 vitabant,
2650 1986 2819 2041 semel
2854 1994 2908 2039 et
2951 1985 3147 2039 iterum
3196 1984 3393 2055 ejecti,
3422 1983 3635 2039 Marcion

2070 2080 2294 2151 quidem
2328 2095 2453 2135 cum
2490 2078 2745 2134 ducentis
2778 2077 3049 2133 sestertiis
3076 2092 3201 2148 quae
3226 2075 3492 2133 Ecclesiae
3515 2078 3636 2132 iutu-

2071 2172 2232 2240 lerat,
2282 2172 2585 2229 novissime
2620 2173 2673 2226 in
2724 2180 3053 2242 perpetuum
3098 2170 3396 2226 discidium
3442 2170 3635 2238 relegati

2073 2282 2278 2322 venena
2304 2266 2677 2321 doctrinarum
2714 2279 2941 2319 suarum
2965 2262 3494 2319 disseminaverunt.
3544 2282 3560 2315 ι
3590 2262 3636 2317 Si

2068 2359 2141 2414 ita
2173 2357 2574 2413 Tertullianum
2620 2355 3026 2425 intelligamus,
3055 2363 3115 2409 ut
3155 2364 3273 2409 tum
3309 2352 3637 2417 Valentinus,

2067 2460 2184 2507 tum
2215 2450 2455 2507 Marcion
2488 2450 2655 2506 simul
2686 2448 2874 2503 Romae
2917 2448 3020 2504 sub
3067 2447 3259 2503 eodem
3291 2449 3571 2518 episcopo,
3594 2458 3637 2500 et

2067 2543 2289 2615 quidem
2334 2541 2670 2605 Eleutherio,
2717 2541 2771 2594 in
2803 2539 3088 2594 catholica:
3129 2539 3443 2595 doctrinam
3488 2538 3637 2594 credi-

2068 2635 2246 2692 derint
2276 2644 2332 2690 et
2375 2634 2578 2705 sepius
2626 2632 2784 2704 ejecti
2820 2630 3043 2698 fuerint,
3084 2631 3218 2687 illud
3250 2640 3403 2686 certe
3426 2646 3544 2686 eum
3569 2630 3639 2683 di-

2068 2746 2191 2786 cere
2216 2730 2494 2795 volumus,
2528 2727 2677 2798 quod
2707 2726 2837 2782 ferri
2866 2726 3093 2780 omnino
3120 2740 3227 2778 non
3266 2733 3473 2795 potest.
3504 2721 3638 2789 Quod

2066 2821 2135 2876 ad
2152 2819 2506 2875 Valentinum
2537 2819 2750 2886 attinet,
2784 2819 2843 2871 ἐν
2877 2815 3066 2889 Ῥώμῃ
3092 2815 3327 2870 ἀνελθὼν
3362 2817 3637 2887 κεκήρυχε,

2067 2918 2159 2973 ubi
2211 2916 2377 2972 etiam
2422 2915 2721 2985 putabatur
2770 2920 2980 2983 partem
3033 2913 3277 2982 aliquam
3325 2911 3547 2981 pietatis
3596 2918 3640 2962 et

2067 3025 2210 3065 verte
2254 3010 2379 3064 ﬁdei
2436 3007 2738 3072 habuisse,
2791 3014 2852 3060 ut
2899 3004 3068 3059 tradit
3126 3003 3507 3074 Epiphanius;
3559 3000 3639 3056 sed

371 3090 635 3162 lrenzeus,
687 3094 783 3149 lib.
820 3111 903 3159 tu,
944 3110 994 3149 c.
1027 3095 1061 3149 4
1088 3114 1099 3147 :
1139 3093 1493 3161 Οὐαλεντῖνος
1524 3097 1623 3167 μὲν
1656 3097 1765 3170 γὰρ
1797 3093 1954 3170 ἦλθεν

2073 3102 2215 3173 quod
2251 3099 2420 3155 semel
2454 3107 2619 3169 atque
2645 3098 2845 3153 iterum
2884 3112 2951 3151 ex
2992 3095 3232 3151 Ecclesia
3259 3092 3516 3149 Romana
3542 3093 3638 3161 eje-

374 3189 455 3253 εἰς
485 3186 703 3259 Ῥώμην
722 3186 814 3239 ἐπὶ
847 3185 1084 3255 ’Υγίνου,
1107 3186 1323 3258 ήκμασε
1346 3189 1390 3242 δ’
1414 3189 1507 3243 ἐπὶ
1524 3190 1674 3254 Πίου,
1701 3190 1795 3244 καὶ
1820 3208 1960 3264 παρ-

374 3282 590 3352 έμεινεν
632 3281 737 3343 ἕως
779 3280 1083 3351 ’Ᾱνικήτου.
1128 3277 1296 3334 Vetus
1326 3279 1600 3351 interpres
1650 3300 1664 3336 :
1711 3301 1729 3333 ι
1766 3280 1978 3338 Valet)?

373 3376 523 3431 tinus
544 3375 690 3428 enim
718 3374 868 3429 venit
894 3372 1122 3428 Romam
1160 3373 1263 3428 sub
1291 3371 1527 3445 Hygino,
1568 3374 1799 3430 increvit
1831 3391 1960 3432 vero

370 3467 475 3523 sub
499 3465 617 3532 Pio,
653 3475 707 3521 et
733 3464 1048 3536 prorogavit
1074 3473 1289 3535 tempus
1318 3483 1496 3537 usque
1516 3467 1583 3523 ad
1606 3469 1919 3524 Anicetum.
1936 3489 1955 3523 ι

368 3558 505 3615 Illud
556 3570 740 3615 autem
774 3560 1099 3632 παρέμεινε,
1134 3560 1281 3629 quod
1336 3560 1425 3615 hic
1479 3542 1752 3632 interpres
1796 3564 1962 3619 vertit

376 3673 396 3707 ς
418 3654 733 3724 prorogavit
763 3662 1035 3722 tempus,»
1056 3651 1110 3705 in
1142 3652 1326 3707 verbis
1359 3663 1542 3708 autem
1571 3670 1746 3725 nuper
1777 3656 1960 3711 allatis

369 3750 437 3804 de
455 3749 760 3820 Polycarpo
787 3767 805 3799 ι
834 3746 1227 3819 perseveravit,
1253 3766 1272 3799 ι
1296 3748 1521 3803 omnino
1552 3749 1757 3803 indicat
1786 3765 1963 3819 quan-

369 3842 463 3896 diu
486 3842 704 3896 vixerit.
740 3840 822 3895 Ad
850 3852 1095 3913 tempora
1125 3843 1292 3913 igitur
1319 3842 1535 3896 Aniceti
1574 3843 1824 3912 pervenit
1846 3841 1959 3898 Va-

371 3933 636 3997 lentinus,
663 3947 841 4001 neque
869 3932 1079 3988 diutius
1108 3933 1283 4000 vixit;
1323 3930 1418 3987 sed
1451 3932 1556 3986 sub
1589 3934 1817 3988 Anieeto
1850 3932 1961 3989 Ro-

370 4038 517 4077 mam
557 4023 707 4077 venit
736 4022 1096 4094 Polycarpus,
1117 4024 1311 4080 eodem
1352 4022 1557 4081 Irenaeo
1588 4034 1746 4091 teste,
1782 4034 1836 4079 et
1858 4026 1959 4080 ali-

370 4124 505 4187 quot
529 4124 825 4186 postquam
864 4115 1039 4170 Roma
1068 4132 1324 4172 reversus
1350 4125 1498 4172 esset
1526 4132 1701 4172 annos
1742 4116 1795 4170 in
1826 4116 1955 4172 Asia

370 4210 599 4281 peregit,
652 4209 976 4280 priusquam
1034 4211 1362 4281 martyrium
1416 4226 1615 4281 passus
1663 4220 1765 4267 est.
1817 4210 1956 4266 Cum

373 4304 540 4373 igitur
570 4318 668 4373 per
690 4303 763 4358 25
791 4319 991 4368 annos,
1024 4312 1322 4372 antequam
1378 4303 1643 4359 scriberet
1692 4302 1955 4373 lgnatius,

373 4398 633 4453 omnibus
667 4398 887 4469 cognita
917 4397 989 4451 sit
1022 4396 1274 4451 doctrina
1308 4395 1618 4468 Polycarpi,
1659 4397 1705 4451 si
1748 4409 1956 4465 tempo-

371 4506 493 4547 rum
520 4491 791 4547 ratiouem
820 4491 875 4545 in
905 4506 1105 4562 genere
1134 4498 1351 4545 tantum
1383 4499 1694 4560 spectemus
1722 4508 1737 4557 ;
1780 4491 1958 4560 potuit

368 4594 423 4638 et
447 4584 695 4639 doctrina
723 4583 1020 4648 Valentini,
1046 4584 1141 4655 qui
1167 4594 1294 4639 ante
1320 4583 1682 4656 Polyearpum
1706 4594 1957 4639 mortuus

369 4687 472 4742 est,
498 4675 715 4746 lgnatio
758 4687 892 4732 tunc
919 4693 1045 4732 cum
1080 4678 1349 4733 scriberet
1370 4692 1495 4732 esse
1530 4686 1837 4746 perspecta.
1889 4674 1957 4729 Et

370 4768 416 4825 si
442 4772 567 4838 quis
597 4770 650 4823 id
676 4770 821 4839 quod
851 4772 1192 4825 contrarium
1230 4781 1313 4827 est
1339 4779 1573 4836 asserat,
1600 4778 1654 4823 et
1697 4768 1752 4822 in
1784 4783 1851 4823 eo
1874 4784 1960 4822 ar-

369 4863 612 4933 gumenti
638 4862 1058 4917 fundamentum
1092 4873 1296 4933 ponat;
1343 4863 1473 4919 huic
1500 4878 1635 4918 sane
1688 4861 1957 4916 incumbit

369 4957 460 5012 illa
488 4956 758 5027 proferre,
781 4971 903 5026 qua;
934 4956 1202 5010 Valentini
1222 4964 1436 5012 (etatem
1464 4956 1601 5011 adeo
1621 4952 1814 5025 lgnatii
1840 4967 1957 5007 aevo

370 5050 687 5104 inferiorem
719 5046 892 5103 fuisse
945 5048 1345 5112 demonstrent,
1384 5057 1442 5103 ut
1485 5048 1617 5118 quid
1666 5046 1956 5102 haereticus

369 5143 459 5196 ille
488 5143 709 5197 doceret
735 5140 1120 5196 sanctissimus
1144 5155 1349 5212 martyr
1371 5142 1439 5195 ad
1462 5142 1589 5195 vitae
1616 5141 1823 5195 exitum
1841 5139 1955 5210 jam

368 5234 637 5290 festinans
670 5235 811 5291 scire
843 5234 997 5289 nullo
1023 5234 1184 5289 modo
1206 5234 1465 5304 potuerit.

440 5326 623 5394 Quare
655 5328 741 5382 vir
770 5328 1126 5383 doctissimus
1155 5336 1216 5381 ut
1264 5342 1377 5381 stne
1430 5324 1721 5397 hypothesi
1773 5324 1954 5379 inser-

306 5476 313 5487 ,
366 5419 514 5482 viat,
564 5420 730 5473 vitam
775 5417 1048 5473 Valentini
1094 5419 1219 5487 pust
1266 5416 1555 5470 Anicetum
1607 5422 1661 5468 et
1710 5412 1954 5467 Soterem

370 5524 547 5577 usque
597 5510 664 5563 ad
714 5504 1012 5564 Eleutherii
1063 5510 1443 5578 episcopatum
1503 5513 1795 5576 prorogat,
1835 5502 1955 5557 sine

370 5601 480 5655 ulla
535 5602 761 5656 omnino
808 5600 1309 5656 verisimilitudine.
1363 5599 1600 5653 lrenmus
1649 5598 1796 5651 enim
1851 5595 1955 5649 sub

371 5691 685 5747 Eleutherio
735 5694 956 5747 tertium
1002 5693 1201 5746 librum
1247 5691 1489 5760 scripsit,
1516 5689 1569 5742 in
1612 5702 1723 5758 quo
1752 5686 1820 5741 de
1849 5684 1955 5740 Va-

375 5786 561 5841 lentini
604 5795 759 5842 a‘tatc
790 5795 841 5840 et
879 5786 1162 5840 recentiori
1195 5786 1406 5856 origine
1463 5780 1951 5838 hacrcsiarcharum

2065 3208 2189 3253 etus
2214 3193 2398 3259 fuerit,
2427 3200 2675 3247 veterum
2724 3205 2887 3245 nemo
2916 3190 3122 3244 docuit.
3154 3187 3289 3254 Quae
3334 3189 3432 3243 hic
3458 3188 3522 3242 de
3557 3187 3639 3239 ite-

2064 3295 2183 3340 rata
2232 3284 2502 3355 ejectione
2549 3293 2602 3338 et
2637 3290 2903 3352 perpetuo
2948 3280 3181 3335 discidio
3230 3295 3263 3334 a
3315 3277 3639 3335 Tertulliano

2063 3384 2590 3443 commemorantur,
2644 3390 2754 3429 non
2800 3372 3123 3435 Valentino,
3169 3371 3262 3427 sed
3300 3370 3543 3426 Cerdoni
3581 3370 3638 3423 ab

2063 3470 2268 3526 Irenaeo
2293 3470 2613 3524 tribuuntur
2634 3508 2649 3534 ,
2678 3466 2774 3520 lib.
2809 3479 2906 3532 ιιι,
2935 3480 3056 3533 cap.
3092 3465 3147 3518 4.
3172 3462 3481 3531 Postquam
3512 3461 3638 3516 enim

2062 3564 2131 3620 de
2163 3561 2454 3617 Valentino
2492 3560 2813 3615 brevissime
2841 3558 3043 3629 egisset
3088 3555 3274 3611 verbis
3304 3555 3425 3625 jam
3454 3554 3637 3616 citatis,

2062 3657 2129 3712 de
2172 3657 2421 3711 Cerdone
2464 3656 2579 3709 haec
2626 3653 2917 3722 adjuuxit:
2951 3649 3174 3722 Κέρδων
3203 3649 3261 3702 δὲ
3298 3652 3327 3703 ὁ
3361 3649 3473 3721 πρὸ
3500 3650 3633 3720 Μαρ-

2062 3749 2259 3812 κίωνος
2289 3750 2383 3802 καὶ
2413 3748 2576 3811 αὐτὸς
2618 3746 2711 3799 ἐπὶ
2752 3744 2999 3814 ’Υγίνου,
3044 3742 3103 3805 ὃς
3130 3738 3199 3813 ἦν
3233 3740 3461 3805 ἕννατος
3537 3744 3640 3799 ἐπί-

2060 3852 2283 3899 σκοπος,
2309 3838 2390 3899 εἰς
2423 3838 2524 3909 τὴν
2568 3834 2895 3907 Ἐκκλησίαν
2938 3833 3109 3887 ἐλθὼν
3150 3834 3245 3887 καὶ
3293 3827 3640 3903 ἐξομολογοῶ

2065 3950 2246 4004 μενος,
2275 3931 2449 3995 οὕτως
2475 3929 2761 3983 διετέλεσε·
2808 3927 2939 3981 ποτέ
2978 3927 3075 3998 μὲν
3105 3924 3604 3996 λαθροδιδασκαλὼν
3622 3959 3637 3981 ,

2061 4025 2194 4078 ποτὲ
2234 4025 2290 4078 δὲ
2336 4022 2856 4095 ἐξομολογούμενος,
2900 4019 3033 4073 ποτὲ
3076 4018 3132 4072 δέ
3177 4016 3537 4088 ἐλεγχόμενος
3566 4013 3636 4081 ἐφ’

2059 4118 2140 4185 οἷς
2174 4120 2421 4174 ἐδίδασκε
2448 4118 2658 4183 κακῶς,
2697 4118 2792 4171 καὶ
2824 4114 3195 4184 ἀφιστάμενος
3222 4112 3322 4182 τῆς
3366 4110 3479 4163 τῶν
3504 4107 3641 4163 ἀδελ-

2061 4214 2178 4285 φῶν
2228 4211 2492 4274 συνοδίας.
2532 4210 2697 4266 Vetus
2748 4212 3019 4278 interpres
3054 4225 3067 4261 :
3104 4225 3121 4257 ί
3159 4205 3376 4259 Cerdou
3430 4213 3639 4263 autem,

2061 4307 2313 4377 quiante
2360 4304 2715 4368 Marciouem,
2747 4310 2801 4357 et
2839 4300 2930 4355 hic
2976 4299 3079 4355 sub
3125 4296 3374 4369 Hygino,
3403 4296 3501 4366 qui
3552 4294 3639 4348 fuit

2061 4408 2288 4453 octavus
2328 4396 2640 4467 episcopus,
2670 4408 2815 4463 saape
2859 4392 2915 4447 in
2959 4389 3249 4446 ecclesiam
3299 4388 3551 4447 veniens,
3594 4393 3640 4436 et

1988 4464 2037 4524 θ
2062 4489 2475 4560 exomologesin
2513 4488 2720 4542 faciens
2754 4487 2835 4541 sic
2867 4482 3295 4547 consummavit,
3327 4484 3500 4535 modo
3528 4478 3641 4547 qui-

2059 4583 2182 4637 dem
2215 4583 2448 4637 latenter
2477 4580 2705 4645 docens,
2743 4578 2910 4633 modo
2948 4591 3079 4631 vero
3118 4573 3535 4645 exomologesin
3567 4569 3636 4622 fa-

2059 4675 2230 4740 ciens,
2263 4674 2429 4728 modo
2463 4687 2592 4727 vero
2628 4671 2696 4725 ab
2724 4669 3001 4738 aliquibus
3021 4667 3304 4722 traductus
3329 4666 3387 4720 in
3420 4665 3510 4718 his
3532 4674 3640 4731 quae

2059 4767 2291 4822 docebat
2337 4765 2481 4819 male
2516 4776 2570 4819 et
2616 4763 2902 4817 abstentus
2939 4769 3025 4817 est
3066 4775 3096 4813 a
3126 4758 3515 4829 religiosorum
3548 4754 3637 4807 ho-

2058 4860 2269 4914 minum
2303 4868 2596 4913 conventu.
2630 4876 2650 4909 ι
2682 4855 2809 4911 Haec
2851 4854 3041 4911 Irenaai
3076 4852 3241 4907 verba
3273 4848 3639 4904 Tertullianus

2059 4953 2351 5010 manifeste
2393 4951 2674 5021 respexit,
2710 4949 2913 5020 quibus
2953 4963 3019 5003 ea
3051 4963 3175 5017 qua:
3205 4946 3273 5001 de
3317 4946 3437 5010 illo,
3486 4956 3635 5013 quem

2058 5048 2322 5103 Marcioni
2368 5044 2652 5113 adiunxit,
2700 5042 2928 5107 scribit,
2964 5041 3168 5095 diserte
3219 5037 3486 5097 Cerdoni,
3540 5050 3637 5087 non

2057 5139 2349 5195 Valentino
2408 5138 2744 5191 tribuuntur.
2804 5132 2912 5188 Res
2957 5132 3125 5202 igitur
3183 5130 3300 5200 ipsa
3357 5125 3636 5182 Valentino

2058 5230 2203 5286 haud
2248 5228 2541 5297 competit,
2593 5225 2768 5279 multo
2820 5223 3006 5279 minus
3064 5230 3281 5291 tempus
3335 5218 3493 5280 illud,
3537 5228 3638 5284 quo

2057 5323 2174 5377 haec
2203 5320 2272 5374 ab
2305 5334 2372 5374 eo
2399 5317 2542 5372 facta
2573 5316 2785 5379 volunt,
2816 5314 3185 5383 episcopatus,
3217 5308 3434 5364 scilicet
3486 5303 3637 5358 Eleu-

2057 5412 2241 5468 therii.
2270 5409 2648 5479 Quisquamne
2676 5407 2734 5461 in
2762 5404 3069 5459 Annalibus
3095 5396 3489 5455 ecclesiasticis
3512 5394 3639 5449 adeo

2056 5505 2256 5573 hospes
2281 5510 2385 5567 est,
2421 5509 2481 5553 ut
2508 5499 2697 5554 credat
2726 5497 2843 5552 haec
2888 5495 2957 5550 de
3001 5490 3295 5548 Valentino
3322 5502 3452 5542 vera
3484 5482 3638 5540 esse?

2055 5598 2136 5649 An
2164 5596 2255 5650 ille
2283 5594 2386 5650 sub
2417 5590 2737 5648 Eleutherio
2765 5588 2935 5645 semel
2962 5587 3273 5654 iterumque
3306 5581 3517 5651 ejecrus
3538 5582 3636 5635 est.

2056 5686 2151 5757 qui
2186 5686 2255 5740 ab
2283 5687 2489 5740 Irenaeo
2514 5691 2727 5739 atatem
2752 5681 2877 5751 ejus
2902 5678 3134 5735 sollicite
3164 5674 3433 5734 tradente,
3470 5678 3637 5736 usque

2059 5778 2125 5833 ad
2155 5776 2442 5832 Anicetum
2474 5774 2844 5846 permansisse
2878 5771 3102 5835 dicitur,
3145 5782 3320 5839 eoque
3357 5766 3479 5835 ipso
3509 5757 3637 5817 satis
