3770 6322
137 362 226 417 557

884 359 937 415 J.
978 359 1348 437 PEARSQNII
1389 355 1716 416 VINDlClAE
1754 357 2176 415 lGNATlANAﬂ.
2205 395 2271 402 —
2303 360 2485 415 PARS
2516 359 2578 415 ll.

3268 362 3373 417 558

133 478 357 535 novrtatis
412 475 666 534 convinci
722 481 983 549 putatur?
1021 481 1103 534 An
1151 481 1242 535 ille
1277 467 1345 535 in
1400 481 1683 536 catholicae
1714 488 1759 543 Α
1789 480 2011 534 tandum
2044 490 2145 547 est,
2173 481 2475 551 praesertim
2505 484 2549 536 si
2576 479 2823 537 Cedreno
2846 478 3153 545 credamus,
3187 480 3280 549 qui
3308 481 3376 534 de

129 573 399 629 doctrinam
449 571 636 626 Romae
668 571 898 626 credidit
944 574 1047 628 sub
1078 575 1395 645 episcopatu
1420 573 1678 629 Eleuthe-

130 666 218 719 rii?
258 680 318 717 an
364 664 454 718 ille
498 672 614 718 tum
645 665 865 720 demum
919 666 972 719 in
1018 676 1339 736 perpetuum
1387 668 1678 723 discidium

131 758 373 827 relegatus
440 773 712 812 venenum
762 757 1028 813 doctrinae
1094 774 1209 813 suae
1264 759 1677 827 disseminavit,

131 861 292 903 contra
326 848 483 917 cujus
526 849 698 903 libros
730 850 1039 916 haereticos,
1073 860 1128 906 et
1168 862 1249 907 tot
1290 854 1410 923 ejus
1438 853 1681 923 discipu-

130 944 281 997 lorum
314 943 738 997 commentarios
773 943 876 997 sub
923 943 1111 998 eodem
1159 945 1418 1015 episcOpo
1461 946 1685 1016 scripsit

130 1033 374 1088 Irenaeus?
402 1033 497 1102 qui
544 1033 709 1087 etiam
757 1034 959 1089 diserte
1005 1036 1294 1108 distinguit
1331 1035 1679 1092 Valentinum

130 1130 188 1185 ab
213 1128 291 1191 iis,
320 1127 413 1197 qui
457 1136 747 1182 aetatesua
779 1128 1013 1183 haeresin
1052 1144 1173 1183 eam
1207 1130 1532 1195 docuerunt,
1563 1131 1682 1202 ipso

131 1220 286 1275 statim
316 1218 439 1272 libri
469 1219 630 1289 primi
665 1220 861 1274 initio?
898 1219 980 1273 An
1013 1218 1337 1277 Valentinus
1378 1222 1493 1293 ipse
1521 1230 1684 1278 secta:

130 1321 259 1381 pater
281 1311 378 1365 sub
411 1310 725 1367 Eleutherio
756 1312 809 1367 in
848 1312 1132 1368 catholica:
1156 1313 1460 1369 doctrinam
1504 1315 1682 1371 credi-

130 1407 213 1470 dit,
240 1422 353 1461 cum
406 1417 602 1461 contra
645 1405 1059 1463 Valentinianos
1106 1408 1388 1478 scripserit
1433 1406 1684 1465 Justinus

130 1507 328 1568 martyr,
363 1497 485 1567 ipso
515 1496 720 1552 fatente
756 1490 1115 1566 Tertulliano,
1144 1499 1319 1569 capite
1347 1499 1420 1553 5?
1451 1498 1685 1570 Scripsit

128 1598 284 1643 autem
330 1588 420 1644 ille
474 1597 599 1644 ante
649 1588 1051 1654 Eleutherium,
1084 1599 1209 1645 ante
1260 1589 1527 1659 Soterem,
1572 1594 1684 1649 imo

129 1692 235 1736 ante
258 1680 563 1747 Anicetum,
602 1691 662 1737 ut
695 1698 842 1739 nunc
866 1682 1079 1739 Aniceti
1104 1693 1347 1754 tempora
1379 1700 1409 1739 a
1440 1685 1683 1741 chrono-

128 1775 245 1845 legis
271 1789 334 1829 ex
368 1773 608 1830 Eusebio
630 1775 1016 1846 disponuntur.
1052 1774 1191 1832 Vera
1224 1777 1391 1848 igitur
1425 1778 1540 1833 haec
1563 1794 1684 1833 esse

1782 587 1847 627 eo
1880 573 2205 642 imperatore
2245 572 2492 627 scribens
2537 571 2615 625 ait
2649 591 2661 625 :
2703 572 2826 626 Ἐπὶ
2854 570 3043 626 τούτου
3092 573 3375 636 ἰουσττνος

1780 665 1809 716 ὁ
1838 664 2124 733 φιλόσοφος
2163 663 2306 717 κατά
2348 664 2539 718 πασῶν
2588 665 2852 737 αἱρέσεων
2868 664 3164 735 ἠνδρίζετο.
3202 684 3221 720 t
3260 664 3374 719 Sub

1784 755 1891 810 hoc
1940 756 2191 811 Justinus
2237 757 2601 826 philosophus
2650 767 2842 813 contra
2896 773 3089 812 omnes
3136 759 3375 813 haereses

1784 848 2013 904 viriliter
2045 865 2104 904 se
2133 849 2320 919 gessit.
2362 868 2381 900 ι
2413 848 2472 903 In
2501 864 2568 904 eo
2603 850 2766 920 igitur
2805 850 2949 905 libro
2980 851 3201 920 scripsit
3237 867 3371 907 cou—

1783 948 1867 995 tta
1890 940 2303 998 Valentinianos
2328 941 2599 1009 Justinus,
2628 952 2687 997 ut
2708 952 2937 998 testatur
2958 939 3363 1010 Tertullianus;

1784 1047 1915 1103 ergo
1950 1044 2075 1087 ante
2110 1049 2316 1089 annum
2362 1035 2466 1089 144
2512 1050 2622 1089 non
2657 1042 2868 1089 tantum
2908 1034 3137 1089 refutari
3166 1035 3364 1104 potuit,

1785 1124 1880 1179 sed
1904 1134 1959 1179 et
1988 1125 2102 1194 ipse
2132 1125 2404 1183 refutatus
2428 1136 2511 1183 est
2539 1136 2593 1181 et
2618 1126 2874 1197 discipuli
2903 1126 3044 1197 ejus.
3076 1125 3220 1198 Ergo
3249 1136 3379 1183 ante

1784 1234 1909 1274 eum
1938 1235 2146 1274 annum
2192 1220 2482 1276 haereticus
2524 1220 2743 1290 agnitus
2792 1203 2896 1283 est,
2944 1229 2998 1274 et
3028 1219 3122 1274 diu
3153 1220 3374 1290 quidem

1784 1320 1931 1367 ante.
1981 1310 2119 1366 Nam
2166 1311 2422 1368 Justinus
2469 1321 2680 1382 martyr
2726 1311 2781 1365 in
2825 1310 3051 1382 Dialogo
3078 1328 3196 1365 cum
3240 1312 3376 1383 Try-

1784 1404 1952 1473 pltone
1982 1402 2196 1469 luda'o,
2231 1405 2333 1459 sub
2368 1405 2524 1458 initio
2558 1403 2821 1458 Antonini
2850 1402 2931 1457 Pii
2957 1404 3181 1474 scripto,
3210 1405 3378 1459 disci-

1786 1497 2041 1567 pulorum
2075 1495 2351 1551 Valentini
2383 1505 2644 1565 tanquam
2680 1495 3058 1549 haareticorutn
3106 1495 3375 1559 meminit,

1785 1605 1925 1660 quos
1958 1599 2118 1649 vocat
2171 1589 2367 1653 ἀθέους
2415 1590 2510 1643 καὶ
2543 1589 2780 1655 ἀσεϐεῖς,
2810 1598 2865 1643 et
2905 1588 3231 1659 quibuscum
3286 1606 3379 1644 ca-

1787 1683 2023 1738 tholicos
2074 1683 2517 1737 communionem
2572 1681 2778 1737 nullam
2834 1682 3097 1737 habuisse
3125 1690 3374 1737 testatur.

1785 1774 1896 1829 Καί
1944 1776 2082 1827 εἰσιν
2126 1774 2336 1839 αὐτῶν,
2381 1774 2589 1843 inquit,
2630 1775 2681 1826 οἱ
2727 1774 2826 1845 μέν
2868 1791 3012 1837 τινες
3058 1772 3379 1845 καλούμενοι

130 1884 217 1922 non
246 1878 473 1938 possunt
494 1884 669 1940 neque
696 1870 762 1925 de
786 1854 1094 1935 Valentino,
1120 1886 1297 1941 neque
1322 1870 1390 1926 de
1412 1870 1619 1926 Cet-don

1888 1871 2117 1943 ρκιανοὶ,
2148 1871 2195 1923 οἱ
2222 1869 2281 1923 δὲ
2331 1866 2786 1931 Οὑαλεντινιανοὶ,
2824 1867 2875 1919 οἱ
2910 1866 2967 1919 δὲ
2996 1866 3376 1931 Βασιλιδιανοὶ,

128 1978 185 2014 ne
205 1961 411 2031 quidem
445 1961 512 2018 de
554 1962 849 2028 Marcione,
881 1979 1042 2033 quem
1072 1972 1335 2035 tanquam
1379 1964 1685 2023 manifesta

130 2051 372 2107 haereseos
406 2054 745 2118 convictum,
782 2064 835 2110 et
870 2055 1295 2125 primogenitum
1333 2055 1550 2113 Satanae
1581 2059 1684 2115 sub

128 2144 329 2199 Aniceto
375 2154 477 2200 aut
529 2156 656 2201 ante
705 2146 947 2229 fugiebat
995 2146 1053 2202 S.
1100 2146 1469 2221 Polycarpus,
1526 2152 1683 2223 cujus

129 2239 429 2310 discipulum
465 2240 707 2312 Apellem
750 2241 864 2312 jam
900 2240 1056 2296 valde
1084 2257 1269 2297 senem
1317 2241 1549 2298 Rhodon
1575 2243 1683 2299 Ta-

128 2332 240 2385 tiani
273 2332 599 2404 discipulus,
629 2333 831 2390 Irenaeo
853 2336 1219 2407 synchronus,
1262 2337 1532 2392 allocutus
1577 2346 1681 2403 est,

128 2426 448 2497 aliorumque
518 2427 915 2497 discipulorum
991 2429 1289 2499 discipulos
1370 2429 1662 2499 descripsit

128 2514 284 2586 Apage
326 2516 493 2587 igitur
520 2518 610 2573 illa
654 2534 722 2574 ex
769 2519 1094 2577 Tertulliani
1127 2522 1250 2576 loco
1299 2522 1540 2583 somnia.
1570 2521 1685 2578 Sub

130 2606 260 2661 initio
284 2610 634 2677 pontificatus
660 2611 873 2669 Aniceti
905 2625 1157 2671 mortuus
1190 2624 1274 2670 est
1305 2613 1630 2671 Valentinus
1666 2633 1682 2671 :

128 2703 173 2749 et
194 2714 252 2750 ex
276 2699 374 2755 hac
406 2711 565 2771 parte
595 2701 813 2758 firmum
860 2714 945 2760 est
985 2714 1369 2776 argumentum
1402 2717 1683 2774 nostrum;

130 2789 184 2843 de
207 2791 353 2846 initio
378 2794 505 2848 vita:
526 2804 621 2849 aut
649 2795 921 2852 haereseos
956 2806 1166 2853 tantum
1191 2798 1361 2869 quaeri
1398 2808 1590 2869 potest.

188 2880 520 2953 Blondellus,
551 2886 646 2956 qui
682 2887 735 2941 in
783 2896 1089 2959 temporum
1124 2892 1510 2961 supputatione
1543 2893 1686 2948 ultra

132 2974 348 3041 modum,
376 2988 431 3031 et
467 2977 558 3031 ubi
587 2992 726 3048 opus
756 2996 867 3033 non
901 2988 1005 3043 est,
1042 2990 1331 3039 accuratus
1360 2999 1483 3039 esse
1525 2986 1683 3051 solet,

132 3065 215 3119 hac
246 3069 666 3124 ratiocinatione
698 3079 988 3126 contentus
1019 3081 1103 3127 est
1131 3088 1145 3126 :
1178 3092 1198 3126 ι
1229 3072 1550 3132 Valentinus
1574 3092 1685 3131 non

131 3168 236 3214 ante
264 3177 471 3216 annum
503 3178 535 3217 a
566 3164 831 3233 martyrio
865 3161 1057 3234 lgnatii
1095 3164 1179 3219 vel
1213 3164 1284 3218 40
1307 3166 1389 3221 vel
1420 3166 1490 3221 56
1514 3167 1687 3222 haere-
1714 3202 1757 3259 ρ

132 3253 252 3308 ticus
277 3256 495 3326 agnitus
528 3264 632 3311 est.
669 3254 811 3327 Ergo
838 3265 965 3311 ante
995 3273 1122 3313 eum
1162 3274 1367 3313 annum
1398 3258 1624 3314 refutari
1656 3276 1688 3315 a

131 3361 378 3416 quoquam
407 3364 523 3404 non
552 3349 747 3419 potuit.
792 3369 810 3402 ι
848 3349 955 3406 Sed
994 3352 1137 3407 unde
1180 3352 1257 3407 illi
1304 3353 1547 3407 innotuit
1586 3351 1692 3407 Va-

133 3438 371 3495 lentinum
429 3458 543 3497 non
591 3453 717 3498 ante
766 3460 972 3499 annum
1016 3460 1047 3500 a
1088 3445 1354 3518 martyrio
1399 3447 1588 3516 lgnatii
1622 3444 1692 3500 4‘0

132 3530 200 3582 vel
241 3532 304 3585 56
348 3535 669 3589 haereticum
722 3537 968 3606 agnitum
1015 3535 1221 3591 fuisse?
1265 3535 1424 3602 Quia,
1462 3537 1690 3604 scilicet,

134 3619 427 3682 Valentinus
461 3635 592 3681 ante
620 3642 826 3683 annum
873 3627 977 3683 M4
1006 3628 1296 3684 hatreticus
1327 3629 1546 3700 agnitus
1580 3644 1692 3684 non

133 3726 215 3769 est.
245 3715 313 3771 lta
338 3718 488 3773 enim
523 3717 796 3775 Eusebius
825 3721 892 3775 ad
925 3735 1054 3776 eum
1079 3736 1285 3776 annum
1309 3721 1364 3775 in
1385 3720 1688 3777 Chronico:

140 3825 155 3856 ι
202 3806 512 3868 Valentinus
567 3813 857 3870 hatreticus
912 3815 1264 3885 agnoscitur,
1309 3824 1364 3870 et
1412 3823 1695 3885 permanet

136 3916 284 3972 usque
330 3907 396 3960 ad
439 3906 751 3962 Anicetum.
795 3926 815 3959 ι
851 3907 928 3962 lta
984 3908 1203 3978 quidem
1260 3907 1552 3977 Eusebius,
1596 3910 1692 3965 sed

136 4008 226 4048 non
253 3997 387 4052 idem
424 3998 563 4055 dicit
595 4002 740 4069 quod
773 4000 1114 4070 Blondellus,
1146 4012 1272 4058 ante
1303 4003 1450 4058 hunc
1486 4018 1693 4057 annum

136 4104 240 4143 eum
268 4091 579 4150 hatreticum
609 4096 854 4164 agnitum
890 4112 996 4152 non
1024 4096 1220 4153 fuisse.
1250 4096 1363 4151 lmo
1390 4114 1520 4153 vero
1550 4099 1694 4153 idem

138 4179 378 4241 Eusebius
415 4186 761 4242 Blondellum
804 4189 953 4245 clare
992 4189 1209 4245 refellit.
1243 4190 1376 4245 Nam
1404 4191 1459 4244 in
1492 4190 1695 4247 Graecis

138 4277 189 4327 ad
224 4292 417 4333 annum
448 4280 712 4333 Antonini
736 4279 817 4334 Pii
854 4282 1073 4335 tertium
1105 4282 1287 4347 habet,
1322 4283 1462 4335 κατά
1503 4283 1698 4352 Ὑγιει-

138 4367 209 4418 vi»:
243 4370 455 4443 Ῥώμης
492 4371 794 4425 ἐπίσκοπον
854 4372 1206 4437 Οὑαλεντῖνος
1252 4372 1389 4437 ἰδίας
1430 4375 1697 4446 αἱρέσεως

137 4464 403 4537 εἰσηγητὴς
448 4468 546 4520 ἐπὶ
594 4467 696 4537 τῆς
736 4466 954 4539 Ῥώμης
994 4466 1338 4538 ἐγνωρίζετο.
1370 4486 1389 4519 t
1429 4466 1543 4523 Sub
1586 4467 1697 4540 Hy-

138 4554 242 4620 gino
270 4556 455 4613 Romae
483 4560 743 4629 episcopo
776 4558 1097 4616 Valentinus
1139 4560 1376 4630 propria:
1422 4561 1695 4615 haereseos

139 4650 355 4705 conditor
408 4650 600 4707 Roma:
651 4653 873 4724 agnitus
929 4662 1034 4708 est.
1072 4672 1091 4704 ι
1125 4652 1357 4724 Agnitus
1401 4660 1486 4708 est
1532 4652 1696 4724 igitur

142 4733 434 4798 Valentinus
479 4754 743 4813 tanquam
775 4745 1141 4799 hatresiarcha
1168 4745 1272 4799 sub
1306 4743 1519 4816 Hygino
1552 4760 1696 4800 anno

140 4829 535 4889 Hlsecundum
588 4834 909 4890 Eusebium.
950 4834 1029 4889 Eo
1058 4837 1268 4891 scilicet
1316 4852 1461 4891 anno
1508 4835 1698 4892 Romae

140 4921 325 4988 agnitus
344 4917 447 4989 est,
483 4925 783 4980 secundum
814 4925 1084 4980 calculum
1130 4924 1536 4993 Eusebianum;
1569 4924 1697 4981 alibi

140 5021 259 5076 ante,
292 5016 400 5071 imo
439 5025 568 5071 ante
602 5032 808 5072 annum
836 5017 937 5071 144
961 5017 1035 5072 ita
1059 5018 1278 5090 agnitus
1309 5026 1411 5083 est,
1438 5026 1497 5072 ut
1529 5017 1696 5073 etiam

142 5102 377 5162 refutatus
414 5108 526 5173 sit,
559 5109 705 5179 quod
736 5109 854 5163 fieri
890 5126 999 5164 non
1028 5110 1278 5180 potuisse
1302 5111 1503 5166 asserit
1532 5111 1698 5165 Blon-

141 5193 303 5253 dellus.
358 5199 634 5256 Eusebius
686 5201 741 5255 in
799 5201 1096 5267 Chronico,
1147 5202 1217 5257 ad
1273 5219 1480 5258 annum
1521 5204 1627 5258 142
1680 5222 1694 5258 :

147 5302 161 5333 ι
190 5284 419 5347 Justinus
446 5292 808 5362 philosophus
841 5293 1042 5347 librum
1084 5310 1183 5363 pro
1216 5305 1403 5351 nostra
1436 5295 1698 5366 religione

141 5385 483 5456 conscriptum
530 5387 809 5441 Antonino
860 5387 1112 5442 reddidit.
1150 5408 1168 5442 ι
1206 5388 1261 5442 lu
1296 5399 1369 5444 eo‘
1405 5389 1525 5459 ipso
1553 5390 1695 5443 libro

144 5469 361 5531 Justinus
397 5479 517 5533 haec
549 5478 738 5533 scribit
777 5498 789 5533 :
824 5479 979 5533 Ἔστι
1020 5480 1077 5533 δὲ
1110 5482 1243 5552 ἡμῖν
1281 5483 1376 5535 καὶ
1407 5482 1697 5553 σύνταγμα

145 5572 261 5624 κατά
312 5576 503 5631 πασῶν
550 5576 658 5631 τῶν
709 5578 1089 5649 γεγενημένων
1134 5579 1397 5652 αἱρέσεων
1448 5597 1700 5633 συντετα-

153 5664 356 5734 γιένον;
393 5688 411 5720 α
450 5669 547 5726 Est
570 5682 751 5726 autem
782 5672 942 5727 nobis
986 5673 1125 5727 liber
1166 5682 1353 5727 contra
1383 5672 1618 5733 hatreses
1645 5679 1698 5727 et

149 5766 299 5814 uictas
338 5777 535 5817 omnes
584 5765 943 5833 compositus.
1006 5784 1025 5816 ι
1075 5763 1213 5819 Eum
1265 5773 1448 5819 autem
1498 5764 1697 5819 librum

153 5848 382 5918 scriptum
411 5852 582 5910 fuisse
615 5856 716 5911 sub
752 5856 859 5912 line
907 5855 1120 5927 imperii
1151 5855 1377 5911 Adriani
1418 5855 1507 5911 vix
1532 5854 1688 5911 dubi—

1787 1965 1837 2018 οἱ
1870 1964 1927 2018 δὲ
1958 1961 2393 2034 Σατορνιλιανοὶ,
2448 1961 2542 2014 καὶ
2586 1960 2734 2015 ἄλλοι
2777 1958 2921 2035 ἄλλῳ
2962 1960 3220 2031 ὀνόματι,
3270 1959 3380 2013 ἀπὸ

1787 2056 1883 2112 τοῦ
1927 2056 2234 2129 ἀρχηγέτου
2278 2055 2377 2127 τῆς
2418 2053 2645 2125 γνώμης
2683 2052 2913 2115 ἕκαστος
2958 2040 3377 2123 ὀνομαζόμενος.

1793 2170 1812 2204 ι
1844 2151 1912 2205 Et
1935 2161 2065 2206 sunt
2104 2165 2297 2204 eorum
2325 2147 2549 2218 quidam
2587 2146 2682 2217 qui
2716 2155 2982 2200 vocantur
3012 2144 3375 2211 Marcionita,

1788 2242 2009 2312 quidam
2036 2256 2169 2296 vero
2200 2238 2591 2305 Valentiniani,
2623 2238 2965 2305 Basilidiani,
2997 2238 3379 2306 Saturniliaui,

1788 2352 1820 2391 a
1864 2334 2109 2405 principe
2158 2334 2442 2389 sententia:
2492 2332 2729 2402 quisque
2783 2346 2985 2386 nomen
3033 2331 3310 2385 obtinens.
3354 2353 3374 2384 ο

1789 2426 1892 2483 Diu
1952 2427 2137 2497 itaque
2186 2434 2312 2481 ante
2359 2426 2577 2495 agnitus
2623 2433 2709 2479 est
2748 2421 3070 2477 Valentinus
3120 2432 3381 2492 tanquam

1787 2521 2125 2591 blasphemas
2173 2520 2448 2574 haereseos
2492 2518 2746 2588 princeps
2782 2524 2837 2571 et
2890 2516 2959 2571 ab
2998 2515 3239 2571 Ecclesia
3265 2516 3380 2585 eje-

1789 2622 1931 2670 ctns.
1958 2610 2079 2667 Non
2105 2622 2289 2667 autem
2321 2626 2469 2666 nunc
2493 2613 2777 2681 quaeritur,
2807 2608 3028 2680 quando
3058 2607 3382 2665 Valentinus

1788 2714 2048 2777 tanquam
2100 2704 2463 2761 haeresiarcha
2519 2702 2708 2758 Romae
2750 2704 2991 2774 agnitus,
3024 2702 3117 2757 sed
3156 2702 3379 2772 quando

1786 2798 2027 2869 primum
2060 2797 2117 2851 in
2153 2797 2387 2852 hatresin
2426 2796 2615 2866 lapsus
2659 2804 2764 2860 est,
2797 2797 3018 2866 quando
3052 2796 3227 2865 prima
3255 2811 3382 2851 sen-

1787 2890 1972 2945 tentize
1999 2905 2113 2944 sua:
2138 2889 2453 2943 rudimenta
2481 2889 2726 2958 protulit.

1800 3046 1805 3049 η
1858 2980 2141 3053 Originem
2196 2981 2473 3037 Valentini
2538 2982 2829 3036 obscuram
2896 2979 3070 3035 fuisse
3124 2981 3380 3037 observat

1788 3072 2149 3144 Epiphanius,
2178 3073 2324 3143 quod
2356 3087 2465 3128 non
2488 3073 2779 3127 minimum
2803 3073 3090 3127 vetustatis
3115 3072 3378 3129 indicium

1788 3177 1890 3222 est.
1928 3167 1987 3221 In
2012 3165 2251 3237 Egypto
2280 3166 2514 3236 primum
2564 3166 2796 3220 haeresin
2832 3181 2989 3220 suam
3033 3165 3376 3233 eﬂ‘urmasse,

1790 3275 2023 3330 eamque
2057 3276 2265 3315 veneno
2293 3276 2395 3316 suo
2440 3259 2698 3315 infecisse
2747 3260 2941 3325 tradit;
2981 3275 3091 3329 quo
3135 3270 3381 3330 tempore

1790 3353 1895 3407 hoc
1929 3351 2135 3409 factum
2160 3362 2263 3418 est,
2301 3363 2526 3407 narrare
2574 3368 2679 3407 non
2726 3351 2923 3421 potuit.
2970 3350 3171 3406 Eodem
3209 3353 3382 3407 tendit

1792 3446 2042 3511 historia,
2079 3436 2486 3517 quam’narrat
2530 3444 2902 3500 Tertullianus
2938 3461 2950 3497 :
2991 3463 3009 3496 ι
3058 3444 3381 3515 Speraverat

1791 3538 2164 3608 episcopatum
2190 3536 2533 3602 Valentinus,
2558 3538 2689 3608 quia
2729 3549 2784 3591 et
2828 3538 3049 3607 ingenio
3083 3546 3297 3607 poterat
3325 3548 3381 3592 et

1791 3631 2041 3701 eloquio;
2091 3631 2186 3686 sed
2237 3632 2404 3685 alium
2454 3646 2521 3688 ex
2573 3630 2821 3703 martyrii
2858 3632 3217 3701 pratrogativa
3273 3631 3380 3686 loci

1792 3725 2026 3795 potitum
2057 3724 2370 3795 indignatus
2390 3765 2405 3791 ,
2432 3724 2500 3779 de
2540 3722 2788 3783 Ecclesia
2821 3723 3151 3777 authentica:
3181 3724 3383 3794 regulae

1793 3818 2033 3888 abrupit,
2069 3817 2134 3872 ad
2179 3817 2601 3888 expugnandam
2647 3829 2947 3871 conversus
2995 3816 3304 3869 veritatem.
3356 3833 3375 3867 ι

1795 3908 1911 3964 Hoc
1959 3908 2105 3965 enim
2160 3908 2212 3963 in
2263 3908 2498 3980 Aigypto
2545 3908 2750 3965 factum
2808 3925 2909 3979 par
2968 3918 3055 3964 est
3119 3911 3379 3974 credere,

1794 4001 2014 4072 quando
2038 4012 2219 4057 autem
2248 4000 2452 4056 factum
2477 4010 2561 4056 est
2586 4017 2685 4056 nec
2714 4002 2805 4057 ille
2826 4011 3036 4056 narrat.
3069 4002 3383 4057 Admodum

1795 4104 1977 4149 autem
2012 4095 2299 4165 antiquum
2342 4093 2514 4149 fuisse
2544 4092 2895 4150 Valentinum
2926 4093 3104 4165 primo
3139 4093 3384 4149 Valenti-

1795 4186 1949 4241 niani
2000 4186 2104 4257 ipsi
2150 4187 2512 4251 asserebant,
2545 4186 2671 4242 dein
2721 4185 2976 4242 Veterum
3028 4196 3385 4241 monumenta

1796 4290 1944 4335 recte
1978 4281 2268 4335 observata
2298 4280 2653 4350 persuadent.
2682 4279 2936 4335 Clemens
2979 4280 3385 4334 Alexandrinus

1798 4372 2059 4428 Stromat.
2112 4374 2207 4428 lib.
2263 4389 2337 4428 vn
2386 4392 2399 4427 :
2455 4371 2729 4436 Ὡσαύτως
2775 4371 2833 4424 δὲ
2880 4372 2974 4424 καὶ
3030 4372 3383 4424 Οὐαλεντίνον

1798 4464 2017 4519 Θεοδάδι
2058 4465 2356 4537 ἀκηκοέναι
2378 4465 2626 4536 φέρουσι,
2659 4462 2936 4534 γνώριμος
2980 4462 3037 4514 δὲ
3074 4458 3227 4524 οὗτος
3260 4463 3383 4531 ἐγε-

1726 4552 1771 4607 Ι)
1799 4557 1945 4625 γόνει
1999 4557 2237 4611 Παύλου.
2268 4576 2285 4607 ε
2328 4556 2592 4611 Similiter
2637 4564 2819 4609 autem
2856 4554 3207 4609 Valentinum

1999 4557 2237 4611 Παύλου.
2268 4576 2285 4607 ‹
2328 4556 2592 4611 Similiter
2637 4564 2819 4609 autem
2856 4554 3207 4609 Valentinum
3245 4567 3385 4624 quo—
3449 4555 3451 4557 ’

1798 4665 1907 4721 que
1952 4649 2137 4704 ferunt
2174 4649 2449 4703 audivisse
2480 4646 2865 4713 Theodadem;
2898 4655 3017 4701 erat
3055 4656 3240 4702 autem
3292 4647 3385 4703 hic

1796 4742 1952 4797 Pauli
1981 4743 2309 4813 discipulus.
2356 4761 2375 4793 δ
2405 4742 2463 4796 Si
2496 4742 2611 4795 haec
2636 4757 2762 4795 vera
2798 4741 2928 4807 sint,
2950 4740 3017 4795 de
3056 4742 3391 4811 antiquitate

1804 4834 2073 4890 Valentini
2122 4834 2364 4889 dubitari
2416 4834 2654 4903 amplius
2701 4848 2808 4886 non
2864 4841 3061 4902 potest.
3119 4834 3386 4903 Suspicor

1797 4927 2017 4997 quidem
2062 4940 2180 4991 eos,
2215 4926 2309 4996 qui
2352 4925 2471 4980 hate
2521 4924 2897 4989 tradiderunt,
2941 4924 3113 4980 fuisse
3144 4924 3413 5001 Valentia

1798 5020 1999 5074 nianos
2037 5036 2050 5072 :
2081 5019 2175 5088 qui
2200 5017 2328 5077 licet
2352 5018 2408 5072 in
2434 5034 2496 5073 ea
2522 5034 2583 5074 re
2604 5019 2693 5072 vix
2730 5018 2843 5073 farli
2872 5018 3168 5088 potuerint,
3196 5017 3399 5071 fallere-

1800 5124 1981 5169 tamen
2009 5122 2159 5169 certe
2185 5120 2505 5183 potuerunt.
2543 5111 2682 5165 Cum
2723 5119 2906 5165 tamen
2950 5126 2981 5165 a
3017 5109 3173 5164 nobis
3212 5106 3385 5162 refelli

1800 5223 1911 5262 non
1943 5206 2177 5287 possint,
2204 5205 2490 5260 videamus
2528 5220 2598 5259 an
2627 5203 2775 5275 quod
2804 5204 2881 5256 illi
2929 5201 3223 5264 tradidere,
3258 5214 3385 5254 cum

1760 5340 1763 5341 ν
1799 5302 1868 5356 iis
1895 5308 2189 5365 contereat,
2216 5314 2336 5369 quae
2360 5314 2391 5353 a
2414 5298 2703 5353 catholicis
2729 5295 2942 5366 prodita
2969 5303 3117 5349 sunt.
3146 5290 3387 5347 Irenaeus

1798 5389 2127 5445 Brmfatione
2170 5389 2266 5443 lib.
2296 5404 2389 5442 1v:
2428 5406 2447 5439 ί
2482 5386 2548 5451 li,
2588 5387 2797 5456 inquit,
2826 5382 2921 5453 qui
2957 5391 3082 5437 ante
3123 5398 3226 5437 nos
3262 5380 3389 5436 fue-

1797 5492 1949 5550 runt,
1984 5492 2038 5538 et
2064 5481 2284 5552 quidem
2312 5479 2486 5533 multo
2537 5479 2695 5532 nobis
2748 5475 3031 5539 meliores,
3062 5488 3170 5528 non
3200 5484 3385 5528 tamen

1800 5578 1935 5633 satis
1972 5582 2266 5645 potuerunt
2308 5570 2681 5627 contradicere
2724 5569 2811 5622 his
2841 5567 2933 5637 qui
2962 5576 3091 5622 sunt
3118 5583 3149 5622 a
3182 5565 3385 5622 Valenv

1801 5670 1938 5733 tino,
1971 5667 2099 5737 quia
2134 5664 2460 5736 ignorabant
2485 5660 2727 5731 regulam
2760 5660 3027 5729 ipsorum.
3067 5678 3086 5711 ι
3120 5657 3385 5728 Loquitur

1799 5761 1866 5816 de
1895 5761 1983 5826 iis,
2015 5758 2109 5828 qui
2154 5767 2279 5812 ante
2307 5764 2520 5811 attatem
2567 5768 2721 5809 suam
2768 5752 3043 5815 vixerunt,
3075 5765 3280 5821 eosque
3308 5750 3384 5802 ait

1804 5870 1913 5910 non
1956 5853 2091 5909 satis
2144 5849 2390 5922 potuisse
2439 5845 2851 5904 Valentinianos
2901 5845 3205 5912 confutare,
3258 5841 3383 5895 licet
