3770 6302
417 329 521 381 539

1453 331 1510 386 S.
1549 331 1903 391 lGNATlUS.
1941 369 2010 378 —
2046 337 2584 394 PROLECOMENA.

3575 345 3659 402 550

415 446 520 502 viri
547 457 729 502 essent
752 447 1205 518 praestantissimi.
1237 447 1474 505 lrenzeus
1503 461 1683 505 autem
1717 467 1824 506 non
1850 453 2007 523 longe
2034 460 2083 517 Α
2110 457 2420 526 scripsisse,
2454 459 2546 513 sed
2574 457 2782 514 vixisse
2812 465 3044 514 tantum.
3083 459 3278 516 Verum
3311 477 3421 518 non
3447 464 3534 519 diu
3563 479 3661 536 post

415 557 448 596 a
476 542 816 612 temporibus
858 543 1227 612 apostolorum
1276 544 1401 612 fuit,
1433 556 1489 599 ut
1540 546 1783 616 loquitur
1814 546 2004 618 Augu-

417 635 630 702 stinus,
677 637 844 704 ἐγγὺς
885 634 992 689 τῶν
1059 636 1376 690 ἀποστόλων
1413 637 1724 708 γενόμενος,
1758 647 1817 693 ιιι
1850 638 2003 692 Basi-

419 726 557 793 lius;
608 741 776 796 prope
812 728 976 796 igitur
1005 729 1306 797 apostolica
1336 739 1580 800 tempora
1611 730 1763 785 fuere
1803 728 2002 784 Valen-

417 818 631 881 'iniani,
685 829 739 874 et
780 835 906 874 cum
955 821 1274 890 apostolicis
1316 822 1452 877 viris
1506 830 1868 877 conversatus
1919 832 2003 878 est

433 927 531 980 pse
571 910 889 967 Valentinus
941 912 1086 967 ldem
1121 915 1295 968 multo
1336 913 1516 968 adhuc
1546 913 1758 970 ﬁrmius
1795 925 1845 969 et
1877 930 1996 968 cer-

413 1006 525 1060 tius
551 1007 732 1078 colligi
760 1017 940 1078 potest
975 1023 1041 1062 ex
1073 1016 1234 1062 atate
1265 1007 1594 1075 Marcionis,
1640 1009 1686 1063 si
1709 1009 1837 1064 haec
1866 1010 2000 1065 satis

415 1100 570 1154 firma
620 1115 730 1154 non
777 1100 1087 1155 videantur.
1121 1099 1453 1155 Marcionem
1504 1101 1724 1170 quidem
1763 1100 2000 1158 lrenaeus

413 1195 579 1246 tradit
628 1193 731 1249 sub
778 1193 1008 1248 Aniceto
1061 1193 1397 1258 invaluisse,
1440 1193 1534 1263 qui
1590 1193 1694 1249 sub
1722 1194 2000 1248 Antonino

409 1283 508 1339 l’io
544 1285 801 1340 Ecclesia:
842 1284 1105 1340 Romanae
1135 1284 1382 1356 praefuit;
1417 1287 1563 1340 unde
1605 1301 1730 1340 eum
1768 1285 1999 1341 Antoni-

409 1381 640 1433 nianun‘.
672 1377 1002 1434 Marcionem
1051 1379 1287 1448 appellat
1329 1377 1700 1433 Tertullianus
1747 1379 1842 1433 lib.
1878 1395 1909 1432 ν
1943 1390 1999 1434 et

410 1471 507 1524 lib.
538 1485 555 1524 ι
592 1489 606 1525 :
641 1489 660 1523 ι
691 1469 766 1526 De
810 1487 922 1540 quo
963 1481 1148 1526 tamen
1183 1479 1418 1538 constat,
1449 1470 1858 1526 Antoniuianus
1881 1471 1995 1526 hae-

408 1562 614 1615 reticus
661 1569 765 1624 est,
815 1561 918 1616 sub
963 1558 1060 1614 Pio
1110 1560 1330 1629 impius.
1385 1579 1404 1613 ι
1459 1560 1566 1615 Sed
1604 1576 1714 1630 quo
1759 1561 1996 1630 primum

407 1662 655 1724 tempore
698 1652 751 1706 in
787 1652 1018 1708 haeresin
1050 1652 1238 1722 lapsus
1267 1661 1388 1719 est,
1421 1652 1684 1722 quoniam
1716 1653 1860 1721 apud
1888 1651 1997 1708 lre-

408 1762 589 1802 nazum
630 1761 737 1800 non
790 1746 1100 1812 invenerat,
1147 1745 1424 1816 inquirere
1466 1746 1721 1816 neglexit.
1760 1764 1779 1796 ί
1817 1744 1997 1811 Quoto

405 1839 628 1908 quidem
654 1854 799 1893 anno
822 1838 1081 1892 Antonini
1119 1837 1348 1908 majoris
1382 1838 1448 1892 de
1481 1835 1656 1892 Ponto
1689 1853 1791 1892 suo
1822 1839 1992 1892 exha-
2026 1810 2074 1870 Β

405 1933 603 1986 laverit
633 1947 766 1986 aura
803 1931 1170 1998 canicularis,
1202 1946 1310 1984 non
1350 1930 1539 1985 curavi
1576 1931 1930 2002 investigare.
1967 1951 1986 1983 ι

405 2024 538 2092 Quae
583 2041 707 2080 cum
762 2033 874 2078 tam
922 2025 1070 2080 clare
1114 2024 1354 2078 fateatur
1400 2022 1790 2091 Tcrtullianus,
1825 2025 1997 2080 miror

405 2117 704 2172 Baronium
735 2125 1073 2172 asserentem
1097 2156 1112 2178 ,
1145 2132 1213 2171 ex
1263 2117 1383 2186 ejus
1412 2116 1595 2172 verbis
1636 2125 1848 2171 certum
1895 2133 1986 2172 an-

404 2225 538 2265 num
595 2209 736 2263 initii
795 2207 1090 2262 Marcionis
1145 2205 1374 2261 lueresis
1428 2205 1743 2276 consignari
1813 2221 1992 2276 posse.

403 2302 584 2358 Verba
619 2302 840 2372 quidem
883 2301 1027 2371 apud
1065 2315 1191 2355 eum
1224 2300 1340 2354 hazc
1387 2307 1695 2369 sequuntur
1729 2317 1742 2353 :
1778 2318 1796 2351 ι
1832 2303 1874 2352 Α
1905 2297 1999 2353 Ti-

404 2396 561 2452 berio
600 2405 781 2450 autem
813 2410 993 2464 usque
1026 2394 1092 2449 ad
1124 2393 1463 2448 Antoninum
1496 2393 1625 2446 anni
1657 2390 1770 2446 fere
1807 2391 1912 2445 19.0
1943 2401 1998 2447 et

404 2490 693 2544 dimidium
731 2488 860 2543 anni
891 2503 1016 2543 cum
1069 2485 1299 2541 dimidio
1353 2486 1579 2540 mensis.
1631 2483 1994 2540 Tantumdem

407 2581 668 2650 temporis
710 2589 923 2650 ponunt
972 2581 1115 2634 inter
1160 2578 1441 2634 Christum
1483 2586 1540 2633 et
1582 2576 1933 2632 Marcionem.
1969 2597 1990 2629 ι

384 2673 518 2734 Sed
553 2688 678 2729 cum
711 2659 758 2727 'a
807 2672 1012 2728 Christi
1061 2673 1211 2727 exitu
1262 2669 1660 2726 Tertullianum
1705 2686 1998 2725 numerare

405 2767 555 2833 velit,
588 2767 641 2821 id
691 2774 879 2837 aperte
927 2764 1127 2821 falsum
1170 2779 1292 2820 esse
1338 2780 1402 2820 ex
1438 2763 1870 2835 praecedentibus
1905 2779 2000 2818 co-

408 2859 724 2928 gnoscitur;
767 2874 894 2922 cum
936 2873 1142 2914 annum
1176 2866 1382 2913 certum
1419 2857 1667 2913 denotari
1699 2858 1878 2920 docet,
1910 2874 1999 2914 se-

408 2950 664 3020 pti-mum,
699 2949 929 3016 scilicet,
974 2949 1271 3017 Antonini,
1306 2958 1499 3005 contra
1539 2960 1776 3005 mentem
1824 2951 1998 3021 ipsius

408 3042 806 3098 Tertullianum
838 3042 1092 3112 explicat,
1126 3042 1218 3112 qui
1255 3042 1322 3097 ad
1354 3043 1530 3112 prima
1561 3043 1823 3098 Antonini
1860 3051 1996 3098 teni-

407 3151 539 3206 pora
575 3135 954 3190 tantummodo
983 3135 1254 3190 calculum
1281 3135 1525 3204 deducit,
1550 3152 1650 3192 nec
1673 3137 1838 3193 ullius
1868 3139 1994 3192 anni
2025 3163 2068 3221 ρ

409 3228 532 3298 ejus
561 3229 776 3298 imperii
814 3229 1084 3282 rationem
1115 3228 1300 3284 habet.
1326 3226 1464 3282 Nam
1494 3239 1547 3284 et
1572 3233 1666 3300 qui
1709 3239 1836 3285 ante
1865 3229 2000 3285 Ter-

2106 547 2415 605 Adrianum
2451 551 2556 605 sub
2584 550 2816 622 imperio
2843 551 3104 607 Antonini
3133 553 3214 608 Pii
3247 556 3532 626 scripsisse
3558 575 3659 614 eum

2105 641 2270 696 verba
2293 641 2544 714 Origenis
2566 644 2794 698 omnino
2820 645 3050 700 innuere
3076 645 3329 701 videntur
3359 665 3374 701 :
3413 660 3563 703 erant
3581 666 3661 704 an-

2104 743 2212 791 tem
2250 745 2381 792 tunc
2423 736 2721 793 Marcionis
2764 738 3020 810 discipuli
3066 742 3203 797 satis
3233 742 3497 800 celebres.
3533 745 3662 802 Certe

2102 827 2548 884 Marcionitarum
2603 830 2846 885 meminit
2896 830 3148 889 Justinus
3206 846 3419 908 martyr
3470 837 3660 907 Dialogo

2106 937 2224 974 cum
2259 920 2533 992 Tryphone
2573 921 2788 988 Iudico,
2832 924 3038 994 scripto
3083 935 3144 980 ut
3193 927 3462 994 diximus,
3509 932 3661 985 statim

2103 1013 2206 1067 sub
2230 1013 2389 1067 initio
2414 1014 2676 1068 Antonini
2724 1013 2838 1084 Pii;
2888 1017 2935 1070 si
2983 1015 3321 1088 Scaligerum
3379 1020 3660 1084 audiamus,

2102 1104 2204 1159 sub
2229 1105 2336 1159 fine
2360 1104 2607 1161 Adriani.
2646 1109 2725 1162 Ita
2764 1110 2912 1164 enim
2955 1109 3044 1165 ille
3084 1111 3152 1166 ad
3198 1110 3426 1166 Eusebii
3459 1115 3661 1168 Chroni-

2101 1212 2227 1254 con.
2273 1217 2291 1249 ‹
2341 1198 2473 1253 Belli
2533 1197 2745 1256 J‘udaici
2806 1211 3050 1271 tempore
3106 1203 3326 1273 scripsit
3403 1202 3661 1276 Tryphon:

2099 1290 2402 1361 dialogum,
2446 1292 2551 1348 hoc
2603 1305 2686 1348 est
2730 1295 2832 1348 sub
2857 1295 3122 1362 Adriano,
3151 1304 3210 1349 ut
3238 1297 3354 1365 ipse
3381 1298 3618 1352 ostendit.
3643 1317 3657 1349 ι

2100 1382 2356 1456 Τρύφων,
2394 1384 2550 1456 φησὶ,
2585 1385 2873 1458 καλοῦμαι·
2910 1387 3025 1458 εἰμὶ
3052 1387 3111 1440 δὲ
3156 1386 3412 1466 Ἐϐραῖος
3444 1391 3508 1442 ἐκ
3538 1404 3663 1460 περι-

2099 1479 2293 1549 τομῆς,
2346 1477 2536 1548 φυγὼν
2588 1480 2679 1534 τὸν
2711 1479 2806 1534 νῦν
2841 1480 3097 1550 πόλεμον,
3137 1481 3196 1535 ἐν
3230 1485 3296 1553 τῇ
3356 1480 3562 1535 Ἐλλάδι
3590 1483 3662 1534 iul

2099 1574 2167 1644 τῇ
2202 1572 2456 1644 Κορίνθῳ
2487 1572 2557 1626 τὰ
2611 1572 2782 1627 πολλὰ
2834 1573 3056 1640 διάγων.
3117 1592 3136 1627 ι
3199 1573 3449 1646 Trypho,
3497 1575 3662 1645 inquit,

2099 1680 2268 1720 vocor
2300 1683 2313 1718 :
2355 1680 2477 1719 sum
2521 1674 2706 1720 autem
2739 1681 2807 1721 ex
2849 1666 3274 1721 circumcisione
3307 1665 3586 1732 Hebrzeus,
3611 1682 3663 1719 ex

2101 1771 2312 1828 nupero
2344 1757 2488 1812 bello
2521 1757 2810 1828 profugus,
2839 1767 3003 1828 atque
3035 1758 3091 1812 in
3122 1757 3330 1814 Griecia
3364 1768 3422 1814 et
3449 1759 3665 1814 Corinthi

2101 1851 2399 1918 plurimum
2432 1852 2628 1923 degere
2659 1852 2878 1907 solitus.
2926 1870 2946 1902 ›
2983 1849 3151 1906 Erant
3191 1851 3363 1922 igitur
3389 1851 3459 1905 iis
3488 1859 3666 1919 tempo-

2098 1944 2254 1998 ribus
2280 1943 2521 1999 celebres
2551 1943 2795 1998 hatretici
2823 1942 3118 1999 Marcionis
3139 1943 3426 2014 discipuli.
3457 1943 3531 1999 De
3549 1943 3668 1997 Mar-

2099 2037 2260 2092 cione
2296 2037 2417 2106 ipso
2446 2036 2588 2091 idem
2629 2036 2680 2090 in
2705 2036 2973 2108 Apologia
3009 2036 3209 2106 prima,
3249 2051 3380 2107 qua:
3410 2036 3468 2089 in
3504 2035 3666 2090 editio-

2098 2131 2263 2184 nibus
2287 2129 2429 2182 male
2453 2143 2553 2198 pro
2577 2129 2815 2184 secunda
2847 2129 3099 2194 habetur,
3129 2138 3188 2182 ut
3218 2129 3319 2182 viri
3343 2129 3497 2183 docti
3524 2131 3666 2181 adno-

2103 2228 2287 2274 larunt
2313 2239 2324 2274 :
2359 2221 2665 2293 Μαρκίωνα
2695 2220 2753 2274 δέ
2785 2239 2908 2274 τινα
2951 2220 3230 2284 Ποντικὸν,
3264 2220 3322 2285 ὃς
3360 2221 3460 2274 καὶ
3492 2218 3579 2274 νῦν
3605 2220 3669 2271 ἔτι

2102 2313 2220 2366 ἐστὶ
2252 2313 2521 2368 διδάσκων
2565 2313 2693 2378 τοὺς
2739 2312 3114 2385 πειθομένους.
3157 2331 3176 2365 t
3219 2311 3556 2368 Marcionem
3587 2328 3668 2366 au-

2100 2415 2208 2460 tem
2237 2405 2529 2475 quemdam
2572 2403 2884 2474 Ponticum,
2921 2405 3017 2475 qui
3050 2405 3215 2460 etiam
3255 2406 3445 2461 adhuc
3485 2404 3669 2460 exsistit

2101 2495 2308 2552 ducens
2340 2496 2643 2568 discipulos
2669 2481 2821 2552 Stﬂis.
2857 2515 2876 2549 ι
2910 2495 3033 2563 Quo
3059 2497 3182 2552 loco
3211 2497 3424 2553 indicat
3462 2496 3667 2551 Marcio-

2100 2605 2226 2644 uem
2285 2589 2379 2645 diu
2425 2589 2655 2645 haeresin
2710 2605 2867 2645 suam
2917 2590 3208 2661 sparsisse,
3256 2601 3550 2661 antequam
3596 2589 3668 2641 illa

2101 2681 2388 2752 scripserit
2422 2681 2694 2738 Justinus.
2729 2681 2806 2736 Ea
2853 2693 3037 2738 autem
3064 2682 3288 2754 scripsit
3319 2697 3473 2739 anno
3499 2691 3671 2753 quarto

2099 2771 2364 2826 Antonini
2401 2771 2506 2837 Pii,
2556 2781 2616 2828 ut
2667 2773 2835 2828 tradit
2863 2772 3136 2829 Eusebius
3165 2775 3220 2829 iu
3265 2774 3669 2840 Chronico;nc-

2101 2878 2210 2932 que
2245 2865 2522 2933 posterius
2554 2880 2674 2920 eam
2715 2866 3006 2936 scripsisse
3037 2865 3276 2932 videtur,
3313 2882 3448 2920 nam
3495 2866 3665 2919 bellum

2101 2955 2528 3022 Barchochebae,
2561 2956 2664 3010 sub
2685 2957 2926 3012 Adriano
2952 2957 3189 3024 ﬁnitum,
3219 2956 3461 3027 appellat
3482 2957 3565 3010 τὸν
3593 2954 3669 3008 νῦν

2101 3049 2470 3121 γεγενημένον
2514 3048 2804 3103 Ἰουδαϊκὸν
2830 3046 3063 3119 πόλεμον
3097 3048 3152 3104 ἱη
3183 3051 3378 3104 eadem
3409 3047 3666 3119 Apologia.

2102 3140 2285 3208 Quare
2317 3157 2443 3197 cum
2481 3140 2732 3196 Justinus
2770 3140 2874 3195 sub
2915 3140 3074 3195 initio
3114 3138 3228 3196 fere
3271 3140 3494 3211 imperii
3529 3140 3670 3193 Anto-

2105 3235 2222 3289 nini
2258 3234 2510 3304 majoris,
2542 3234 2856 3290 meminerit
2889 3232 3187 3289 Marcionis
3211 3232 3620 3304 discipulorum,
3644 3245 3668 3282 a

409 3323 699 3376 tulliannm
753 3322 1026 3391 scripsere
1069 3322 1368 3378 Christiani
1418 3311 1606 3394 plures
1634 3325 1798 3379 etiam
1832 3340 1998 3396 quam
2083 3325 2493 3382 communione
2543 3325 2803 3382 Ecclesia:
2857 3326 3189 3397 ejectorum,
3247 3334 3302 3381 et
3361 3325 3668 3381 Marcionem

411 3415 517 3470 H5
553 3429 728 3469 annos
756 3432 787 3469 a
817 3415 885 3470 15
915 3413 1120 3470 Tiberii
1153 3415 1219 3470 ad
1252 3414 1470 3470 initium
1501 3416 1766 3472 Antonini
1803 3434 2001 3472 nume-

409 3511 627 3564 rabant.
661 3507 953 3564 Videamus
1006 3508 1173 3576 igitur
1205 3523 1276 3562 an
1328 3523 1429 3564 nos
1458 3509 1666 3579 aliquid
1695 3511 1900 3566 certius
1932 3509 2000 3564 de

408 3609 622 3680 origine
653 3607 799 3662 illius
832 3606 1072 3662 haeretici
1098 3622 1164 3661 ex
1189 3606 1588 3675 antiquissimis
1613 3615 1856 3660 veterum
1888 3621 2000 3660 mo-

409 3703 688 3758 numentis
732 3717 926 3757 eruere
969 3702 1275 3771 possimus;
1314 3715 1439 3754 nam
1470 3700 1565 3770 qui
1600 3701 1999 3769 posterioribus

410 3796 617 3860 fidunt,
670 3795 807 3848 nihil
865 3794 1136 3848 hactenus
1185 3792 1317 3848 certi
1377 3792 1622 3846 invenire
1681 3802 1995 3862 potuerunt.

410 3886 697 3953 Origenes,
733 3895 920 3939 contra
942 3884 1152 3940 Celsum
1179 3885 1275 3940 lib.
1306 3901 1336 3937 ν
1369 3901 1381 3936 :
1414 3885 1693 3958 Ἐμνήσθη
1716 3887 1772 3940 δὲ
1799 3888 1998 3942 οΚέλ-

413 3994 506 4042 σος
559 3979 654 4031 καὶ
707 3977 1139 4049 Μαρκιωνιστῶν
1196 3980 1615 4051 προϊσταμένων
1673 3982 1995 4053 Μαρκίωνα.

421 4091 440 4124 ι
481 4071 728 4125 Meminit
755 4080 939 4126 autem
995 4070 1188 4129 Celsus
1223 4071 1670 4128 Marcionitarum
1700 4073 1996 4132 Marcionis

413 4171 776 4220 sectatorum.
830 4182 849 4215 ι
897 4164 1208 4235 Antequam
1260 4165 1427 4236 igitur
1471 4166 1737 4223 scriberet
1781 4169 1995 4237 Celsus,

412 4255 748 4310 Marcionita:
789 4256 1028 4312 lueretici
1085 4266 1241 4313 erant
1291 4259 1551 4314 omnibus
1609 4275 1719 4314 non
1785 4269 1995 4316 tantum

413 4347 773 4413 Christianis,
811 4348 905 4403 sed
946 4349 1110 4404 etiam
1144 4350 1438 4420 gentilibus
1469 4351 1639 4420 probe
1675 4353 1810 4407 noti.
1842 4351 1998 4408 Etas

414 4453 598 4498 autem
632 4444 773 4500 Celsi
808 4445 966 4501 istius
1007 4446 1080 4499 ita
1119 4447 1188 4500 ab
1227 4443 1460 4517 Origene
1490 4445 1860 4502 describitur:
1895 4449 1998 4503 Δύο

412 4536 471 4590 δὲ
510 4536 925 4610 παρειλήφαμεν
956 4538 1196 4602 Κέλσους
1223 4539 1503 4608 γεγονέναι
1557 4541 1998 4612 Ἐπικουρείους·

414 4629 506 4681 τὸν
553 4630 651 4700 μὲν
701 4631 964 4703 πρότερον
1008 4631 1150 4685 κατὰ
1198 4632 1462 4703 Νέρωνα,
1518 4632 1708 4686 τοῦτον
1753 4633 1808 4687 δὲ
1858 4635 2000 4688 κατὰ

425 4720 726 4792 Ἀδριανὸν,
758 4725 851 4776 καὶ
880 4724 1200 4796 κατωτέρω.
1233 4745 1251 4777 ι
1285 4724 1432 4780 Duos
1459 4735 1641 4780 autem
1673 4725 1844 4781 fuisse
1879 4726 2001 4781 Cel-

415 4827 510 4868 sos
539 4811 840 4882 Epicureos
899 4818 1265 4886 accepimus:
1306 4820 1545 4888 priorem
1611 4821 1834 4889 quidem
1897 4821 2002 4875 sub

413 4904 664 4973 Nerone,
720 4906 867 4962 hunc
917 4918 1098 4964 autem
1149 4911 1253 4964 sub
1311 4911 1592 4976 Adriano,
1631 4923 1686 4968 et
1728 4923 1936 4982 postea.
1978 4933 1996 4964 ι

413 4996 609 5053 Celsus
661 4998 830 5070 igitur
890 5001 985 5070 qui
1045 5001 1494 5059 Marcionitarum
1557 5005 1840 5071 meminit,
1899 5007 2002 5060 sub

413 5090 662 5146 Adriano
690 5092 857 5158 vixit;
892 5095 1184 5163 scripsisse
1228 5096 1449 5165 quidem
1483 5098 1586 5152 sub
1613 5097 1857 5152 Adriano
1892 5113 2000 5151 non

413 5193 670 5251 constat,
715 5185 846 5253 quia
891 5196 1018 5256 post
1065 5187 1292 5241 Adriani
1342 5188 1630 5258 imperium
1681 5191 1999 5260 permansit.

412 5273 535 5330 Non
573 5278 720 5332 enim
752 5278 842 5334 illa
883 5280 1056 5348 probo
1096 5296 1218 5346 (iure
1269 5283 1489 5351 scripsit
1530 5282 1800 5338 Baronius
1834 5302 1847 5338 :
1887 5302 1914 5336 ι.
1945 5284 2002 5340 Si

415 5367 638 5440 Origeni
694 5372 1007 5438 credimus,
1050 5373 1145 5443 qui
1195 5375 1358 5428 tradit
1403 5375 1626 5430 Celsum
1672 5375 2000 5445 Epicureum

419 5459 524 5514 sub
545 5462 787 5518 Adriano
823 5465 1113 5534 scripsisse
1153 5466 1415 5522 adversus
1462 5469 1809 5524 Christianos
1839 5470 2004 5524 Com-

419 5555 719 5610 mentarios
749 5572 902 5623 suos,
934 5558 988 5611 in
1019 5559 1223 5628 quibus
1254 5562 1591 5616 mentionem
1619 5559 1750 5616 facit
1779 5562 2003 5619 litercsis

415 5643 711 5701 Marcionis
745 5664 760 5701 :
791 5663 1015 5704 necesse
1054 5660 1140 5704 est
1189 5651 1392 5716 dicere,
1426 5652 1540 5722 jam
1584 5663 1708 5708 ante
1735 5653 2002 5710 Antonini

413 5745 660 5807 tempora
711 5754 833 5794 esse
882 5741 1178 5800 Marcionis
1231 5746 1467 5802 luereses
1526 5747 1916 5817 promulgatas.
1978 5767 1996 5800 ι

411 5829 535 5888 Non
591 5831 737 5889 enim
801 5833 937 5891 dixit
989 5833 1251 5906 Origenes
1315 5838 1537 5898 Celsum
1590 5842 2003 5917 sub_Adriano

2099 3421 2211 3491 jam
2250 3420 2341 3475 diu
2385 3420 2641 3474 hatretica
2692 3435 2790 3474 sua
2824 3418 3078 3490 dogmata
3109 3419 3495 3490 promulgasse
3518 3432 3671 3472 enuna

2104 3512 2354 3578 tiavcrit;
2384 3511 2752 3582 quisquamne
2780 3511 2964 3566 induci
3007 3510 3182 3580 possit
3209 3520 3268 3565 ut
3309 3511 3501 3565 credat
3553 3507 3671 3561 Mar-

2102 3603 2315 3658 cionem
2360 3604 2550 3672 paucis
2594 3611 2719 3672 post
2767 3603 2983 3657 initium
3014 3601 3240 3657 Adriani
3272 3603 3444 3657 annis
3479 3598 3669 3655 haereti-

2103 3711 2229 3750 cum
2263 3710 2374 3749 non
2405 3694 2616 3750 fuisse?
2641 3693 2760 3750 Non
2807 3695 3058 3766 equidem
3087 3703 3220 3764 puto
3248 3709 3378 3748 vera
3414 3709 3536 3750 esse
3571 3707 3673 3761 qua:

2103 3787 2176 3841 de
2211 3785 2488 3842 Marcione
2533 3787 2755 3858 scripsit
2797 3785 3178 3842 Philastrius:
3230 3805 3250 3839 ι
3299 3785 3407 3853 Qui
3454 3785 3671 3843 devictus

2105 3887 2269 3948 atque
2307 3879 2530 3951 fugatus
2560 3896 2593 3935 a
2634 3879 2794 3935 beato
2829 3879 3040 3935 Joanne
3071 3881 3413 3951 evangelista
3448 3890 3502 3934 ct
3525 3892 3673 3949 spre-

2104 3973 2341 4044 sbyteris
2365 3975 2431 4028 de
2459 3973 2685 4028 civitate
2708 3972 2929 4042 Ephesi,
2962 3971 3150 4027 Romae
3181 3972 3323 4026 hanc
3357 3971 3586 4027 haeresin
3607 3985 3671 4024 se-

2103 4066 2378 4122 minavit:
2418 4086 2438 4120 ι
2469 4065 2730 4120 existimo
2763 4074 2944 4120 tamen
2973 4081 3038 4120 ea
3082 4080 3206 4120 esse
3246 4064 3400 4120 illius
3427 4064 3670 4118 haereseos

2102 4157 2449 4228 antiquitatis
2495 4157 2719 4228 aliquod
2767 4165 3178 4229 argumentum.
3237 4153 3306 4210 Et
3339 4172 3411 4210 ex
3459 4156 3542 4210 his
3573 4167 3670 4224 qua:

2100 4253 2247 4308 dicta
2279 4261 2410 4308 sunt
2439 4252 2615 4332 obiter
2645 4252 2908 4317 observo,
2940 4251 3402 4307 verisimillimum
3442 4265 3560 4306 esse
3592 4255 3672 4318 pa-

2101 4355 2241 4400 trem
2272 4345 2567 4402 Marcionis
2589 4355 2714 4401 ante
2741 4347 3063 4418 martyrium
3093 4344 3282 4415 lgnatii
3308 4344 3363 4398 in
3384 4343 3558 4398 Ponto
3574 4340 3670 4410 epi-

2106 4452 2336 4508 scopum
2365 4435 2561 4505 fuisse,
2587 4447 2640 4493 et
2661 4438 2882 4507 quidem
2911 4436 3282 4508 διαπρὲποντα
3303 4438 3362 4489 ὲν
3389 4439 3458 4508 τῇ
3479 4439 3672 4489 imam.

2041 4523 2082 4577 D
2113 4531 2223 4602 πῆς
2245 4530 2580 4602 λειτουργίᾳ,
2613 4541 2673 4584 ut
2703 4529 2948 4600 loquitur
2986 4527 3326 4598 Epiphanius
3358 4546 3373 4582 :
3417 4536 3514 4582 aut
3549 4533 3671 4580 certe

2104 4625 2197 4679 diu
2228 4635 2354 4679 ante
2383 4623 2475 4677 illa
2517 4631 2764 4692 tempora
2805 4621 3008 4691 quibus
3049 4621 3349 4690 primulum
3390 4630 3552 4691 caput
3590 4635 3669 4672 ex-

2104 4719 2300 4774 tulisse
2321 4718 2700 4788 episcopatum
2728 4717 3034 4771 decernunt
3058 4713 3372 4770 Blondcllus
3397 4731 3451 4770 et
3487 4713 3671 4768 Saluta-

2105 4813 2245 4868 sius.
2277 4809 2402 4867 llaec
2433 4820 2620 4866 autem
2646 4811 2713 4864 de
2753 4818 2911 4866 aetate
2940 4809 3237 4865 Marcionis
3276 4827 3342 4864 ex
3377 4804 3671 4878 antiquissi-

2105 4908 2212 4961 mis
2252 4915 2496 4962 veterum
2551 4904 2928 4958 monumentis
2966 4903 3231 4974 ‘decerpta
3290 4903 3357 4957 ad
3394 4900 3668 4956 eruendum

2109 4999 2381 5056 Valentini
2425 5017 2602 5056 aevum
2675 5000 3146 5071 quamplurimum
3200 4999 3404 5054 valent.
3475 4997 3669 5053 Veteres

2105 5095 2250 5148 enim
2277 5109 2470 5148 omnes
2491 5095 2688 5149 docent
2723 5110 2848 5149 eum
2899 5093 3070 5149 fuisse
3108 5091 3389 5148 Marcione
3421 5091 3670 5161 antiquiu-

2107 5201 2257 5253 rem;
2318 5194 2527 5256 quanto
2601 5195 2782 5241 autem
2847 5186 3128 5256 antiquior
3195 5185 3328 5250 luit,
3405 5185 3510 5240 hoc
3573 5199 3668 5235 um-

2107 5283 2198 5343 do,
2228 5281 2283 5335 ni
2315 5280 2494 5346 fallor,
2525 5280 2736 5336 discere
2773 5281 3124 5351 aliquatenus
3159 5279 3484 5352 poterimus.
3521 5275 3668 5329 Nemo

2105 5377 2304 5446 estqui
2335 5391 2442 5430 non
2489 5375 2654 5428 tradit
2696 5373 3000 5429 Cerdonem
3036 5371 3333 5428 Marcionis
3365 5370 3665 5441 magistrum

2107 5468 2309 5534 fuisse;
2345 5467 2568 5538 Κέρδων
2602 5465 2658 5518 δὲ
2691 5468 2719 5519 ὁ
2753 5464 2858 5538 πρὸ
2891 5465 3236 5536 Μαρκίωνος,
3281 5482 3300 5514 ι
3339 5463 3548 5517 Cerdon
3583 5473 3666 5510 au-

2106 5570 2216 5615 tem
2240 5560 2334 5629 qui
2366 5569 2493 5614 ante
2521 5557 2877 5619 Marcionem,
2924 5575 2943 5608 ι
2995 5567 3098 5611 et:
3147 5575 3166 5608 ε
3213 5555 3455 5611 Marcion
3507 5561 3665 5608 autem

2106 5653 2188 5708 illi
2227 5652 2552 5719 succedens,
2596 5671 2614 5704 ι
2659 5651 2839 5720 inquit
2882 5649 3122 5706 lrcnaeus
3180 5650 3276 5704 lib.
3330 5665 3412 5713 ιιι,
3461 5663 3577 5716 cap.
3620 5643 3665 5705 ὃ»

2106 5747 2202 5817 qui
2239 5756 2295 5802 et
2333 5748 2431 5804 lib.
2487 5764 2503 5801 ι
2557 5747 2716 5802 docet
2767 5747 3068 5802 Cerdonem
3115 5762 3213 5802 sua
3271 5761 3301 5798 a
3349 5739 3664 5799 Simonianis

2105 5842 2360 5903 hausisse
2386 5860 2401 5900 :
2431 5841 2824 5914 Διαδεξάμενος
2845 5840 2899 5896 δὲ
2933 5840 3112 5911 αὑτὸν,
3149 5841 3348 5911 inquit,
3373 5841 3400 5894 ὀ
3431 5831 3664 5893 novatis;
