  <div class='ocr_page' id='page_1' title='image "/cluster/home/n/w/nwhite01/storage/ocr_20150623/5/hvd.32044019206598/178.png"; bbox 0 0 3824 6198; ppageno 0'>
   <div class='ocr_carea' id='block_1_1' title="bbox 138 249 223 309">
    <p class='ocr_par' dir='ltr' id='par_1_1' title="bbox 138 249 223 309">
     <span class='ocr_line' id='line_1_1' title="bbox 138 249 223 309; baseline -0.035 -1"><span class='ocrx_word' id='word_1_1' title='bbox 138 249 223 309; x_wconf 67' lang='lat' dir='ltr'><strong>Sil</strong></span> 
     </span>
    </p>
   </div>
   <div class='ocr_carea' id='block_1_2' title="bbox 892 244 2612 308">
    <p class='ocr_par' dir='ltr' id='par_1_2' title="bbox 892 244 2612 308">
     <span class='ocr_line' id='line_1_2' title="bbox 892 244 2612 308; baseline -0.005 0"><span class='ocrx_word' id='word_1_2' title='bbox 892 254 943 308; x_wconf 81' lang='lat' dir='ltr'><strong>J.</strong></span> <span class='ocrx_word' id='word_1_3' title='bbox 986 250 1355 307; x_wconf 77' lang='lat' dir='ltr'><strong>PEARSONII</strong></span> <span class='ocrx_word' id='word_1_4' title='bbox 1393 249 1718 306; x_wconf 68' lang='grc' dir='ltr'><strong>ΥΙΝΠΙΕΙΑΞ</strong></span> <span class='ocrx_word' id='word_1_5' title='bbox 1758 246 2190 305; x_wconf 63' lang='grc' dir='ltr'><strong>ιοΝΑτιΑΝΑΞ.</strong></span> <span class='ocrx_word' id='word_1_6' title='bbox 2223 278 2289 289; x_wconf 89' lang='lat'><strong>—-</strong></span> <span class='ocrx_word' id='word_1_7' title='bbox 2324 246 2508 301; x_wconf 78' lang='lat' dir='ltr'><strong>PARS</strong></span> <span class='ocrx_word' id='word_1_8' title='bbox 2548 244 2612 299; x_wconf 92' lang='lat' dir='ltr'><strong>ll.</strong></span> 
     </span>
    </p>
   </div>
   <div class='ocr_carea' id='block_1_3' title="bbox 3303 243 3417 298">
    <p class='ocr_par' dir='ltr' id='par_1_3' title="bbox 3303 243 3417 298">
     <span class='ocr_line' id='line_1_3' title="bbox 3303 243 3417 298; baseline -0.018 0"><span class='ocrx_word' id='word_1_9' title='bbox 3303 243 3417 298; x_wconf 60' lang='lat'><strong>342&#39;</strong></span> 
     </span>
    </p>
   </div>
   <div class='ocr_carea' id='block_1_4' title="bbox 141 357 1735 449">
    <p class='ocr_par' dir='ltr' id='par_1_4' title="bbox 141 373 1717 449">
     <span class='ocr_line' id='line_1_4' title="bbox 141 373 1717 449; baseline -0.004 -17"><span class='ocrx_word' id='word_1_10' title='bbox 141 376 378 449; x_wconf 70' lang='grc' dir='ltr'>Μαρκίων</span> <span class='ocrx_word' id='word_1_11' title='bbox 409 373 628 445; x_wconf 71' lang='grc' dir='ltr'><strong>ηὔξησε</strong></span> <span class='ocrx_word' id='word_1_12' title='bbox 666 375 731 427; x_wconf 86' lang='grc' dir='ltr'>τὸ</span> <span class='ocrx_word' id='word_1_13' title='bbox 766 376 1148 430; x_wconf 73' lang='grc' dir='ltr'><strong>διδασκαλεῖον.</strong></span> <span class='ocrx_word' id='word_1_14' title='bbox 1193 394 1211 427; x_wconf 74' lang='grc' dir='ltr'>ι</span> <span class='ocrx_word' id='word_1_15' title='bbox 1262 374 1574 430; x_wconf 87' lang='lat' dir='ltr'><strong>Succedens</strong></span> <span class='ocrx_word' id='word_1_16' title='bbox 1616 388 1717 426; x_wconf 78' lang='lat' dir='ltr'><strong>an—</strong></span> 
     </span>
    </p>
   </div>
   <div class='ocr_carea' id='block_1_5' title="bbox 1842 357 3411 449">
    <p class='ocr_par' dir='ltr' id='par_1_5' title="bbox 1842 357 3411 436">
     <span class='ocr_line' id='line_1_5' title="bbox 1842 357 3411 436; baseline -0.006 -14"><span class='ocrx_word' id='word_1_17' title='bbox 1842 368 2007 423; x_wconf 67' lang='lat' dir='ltr'><strong>l’erba</strong></span> <span class='ocrx_word' id='word_1_18' title='bbox 2034 370 2200 422; x_wconf 89' lang='lat' dir='ltr'><strong>etiam</strong></span> <span class='ocrx_word' id='word_1_19' title='bbox 2229 367 2509 436; x_wconf 76' lang='lat' dir='ltr'><strong>sequentia</strong></span> <span class='ocrx_word' id='word_1_20' title='bbox 2541 363 2685 419; x_wconf 89' lang='lat' dir='ltr'><strong>idem</strong></span> <span class='ocrx_word' id='word_1_21' title='bbox 2731 360 2991 416; x_wconf 80' lang='lat' dir='ltr'><strong>evincunt</strong></span> <span class='ocrx_word' id='word_1_22' title='bbox 3022 377 3036 413; x_wconf 90' lang='lat'><strong>:</strong></span> <span class='ocrx_word' id='word_1_23' title='bbox 3072 378 3089 410; x_wconf 76' lang='grc' dir='ltr'><strong><em>ι</em></strong></span> <span class='ocrx_word' id='word_1_24' title='bbox 3121 357 3240 426; x_wconf 87' lang='lat' dir='ltr'><strong>Qua</strong></span> <span class='ocrx_word' id='word_1_25' title='bbox 3273 368 3411 413; x_wconf 87' lang='lat' dir='ltr'><strong>tem-</strong></span> 
     </span>
    </p>
   </div>
   <div class='ocr_carea' id='block_1_6' title="bbox 143 467 1723 525">
    <p class='ocr_par' dir='ltr' id='par_1_6' title="bbox 143 467 1723 525">
     <span class='ocr_line' id='line_1_6' title="bbox 143 467 1723 525; baseline -0.002 -2"><span class='ocrx_word' id='word_1_26' title='bbox 143 480 231 523; x_wconf 88' lang='lat' dir='ltr'><strong>tem</strong></span> <span class='ocrx_word' id='word_1_27' title='bbox 256 470 301 524; x_wconf 91' lang='lat' dir='ltr'><strong>ei</strong></span> <span class='ocrx_word' id='word_1_28' title='bbox 330 468 577 523; x_wconf 79' lang='lat' dir='ltr'><strong>Marcion</strong></span> <span class='ocrx_word' id='word_1_29' title='bbox 614 468 891 525; x_wconf 87' lang='lat' dir='ltr'><strong>Ponticus</strong></span> <span class='ocrx_word' id='word_1_30' title='bbox 934 471 1173 525; x_wconf 78' lang='lat' dir='ltr'><strong>scholam</strong></span> <span class='ocrx_word' id='word_1_31' title='bbox 1207 469 1380 524; x_wconf 83' lang='lat' dir='ltr'><strong>auxit.</strong></span> <span class='ocrx_word' id='word_1_32' title='bbox 1429 489 1447 523; x_wconf 70' lang='grc' dir='ltr'><strong>ι</strong></span> <span class='ocrx_word' id='word_1_33' title='bbox 1483 469 1560 523; x_wconf 92' lang='lat' dir='ltr'><strong>lta</strong></span> <span class='ocrx_word' id='word_1_34' title='bbox 1591 467 1723 521; x_wconf 86' lang='lat' dir='ltr'><strong>Ter-</strong></span> 
     </span>
    </p>
   </div>
   <div class='ocr_carea' id='block_1_7' title="bbox 145 562 1721 637">
    <p class='ocr_par' dir='ltr' id='par_1_7' title="bbox 145 562 1721 637">
     <span class='ocr_line' id='line_1_7' title="bbox 145 562 1721 637; baseline 0.003 -22"><span class='ocrx_word' id='word_1_35' title='bbox 145 562 409 627; x_wconf 84' lang='lat' dir='ltr'><strong>tullianus;</strong></span> <span class='ocrx_word' id='word_1_36' title='bbox 449 563 525 616; x_wconf 93' lang='lat' dir='ltr'><strong>ita</strong></span> <span class='ocrx_word' id='word_1_37' title='bbox 566 564 797 633; x_wconf 86' lang='lat' dir='ltr'><strong>reliqui.</strong></span> <span class='ocrx_word' id='word_1_38' title='bbox 832 564 897 619; x_wconf 85' lang='lat' dir='ltr'><strong>Et</strong></span> <span class='ocrx_word' id='word_1_39' title='bbox 919 566 1136 634; x_wconf 86' lang='lat' dir='ltr'><strong>quidem</strong></span> <span class='ocrx_word' id='word_1_40' title='bbox 1165 564 1511 620; x_wconf 75' lang='lat' dir='ltr'><strong>Valentinum</strong></span> <span class='ocrx_word' id='word_1_41' title='bbox 1543 567 1721 637; x_wconf 91' lang='lat' dir='ltr'><strong>primo</strong></span> 
     </span>
    </p>
   </div>
   <div class='ocr_carea' id='block_1_8' title="bbox 147 651 1721 724">
    <p class='ocr_par' dir='ltr' id='par_1_8' title="bbox 147 651 1721 724">
     <span class='ocr_line' id='line_1_8' title="bbox 147 651 1721 724; baseline 0.004 -17"><span class='ocrx_word' id='word_1_42' title='bbox 147 654 230 707; x_wconf 79' lang='lat' dir='ltr'><strong>sub</strong></span> <span class='ocrx_word' id='word_1_43' title='bbox 258 651 461 724; x_wconf 87' lang='lat' dir='ltr'><strong>Hygino</strong></span> <span class='ocrx_word' id='word_1_44' title='bbox 496 654 745 710; x_wconf 86' lang='lat' dir='ltr'><strong>Romam</strong></span> <span class='ocrx_word' id='word_1_45' title='bbox 778 658 1013 723; x_wconf 79' lang='lat' dir='ltr'><strong>venisse,</strong></span> <span class='ocrx_word' id='word_1_46' title='bbox 1038 656 1163 712; x_wconf 90' lang='lat' dir='ltr'><strong>dein</strong></span> <span class='ocrx_word' id='word_1_47' title='bbox 1200 659 1506 719; x_wconf 69' lang='lat' dir='ltr'><strong>Cerdonem</strong></span> <span class='ocrx_word' id='word_1_48' title='bbox 1555 659 1721 713; x_wconf 78' lang='lat' dir='ltr'><strong>tradit</strong></span> 
     </span>
    </p>
   </div>
   <div class='ocr_carea' id='block_1_9' title="bbox 147 745 1721 823">
    <p class='ocr_par' dir='ltr' id='par_1_9' title="bbox 147 745 1721 823">
     <span class='ocr_line' id='line_1_9' title="bbox 147 745 1721 823; baseline 0.006 -26"><span class='ocrx_word' id='word_1_49' title='bbox 147 745 370 802; x_wconf 47' lang='lat' dir='ltr'><strong>ln‘naeus.</strong></span> <span class='ocrx_word' id='word_1_50' title='bbox 406 746 539 801; x_wconf 87' lang='lat' dir='ltr'><strong>Inde</strong></span> <span class='ocrx_word' id='word_1_51' title='bbox 593 758 788 803; x_wconf 87' lang='lat' dir='ltr'><strong>autem</strong></span> <span class='ocrx_word' id='word_1_52' title='bbox 826 750 960 804; x_wconf 87' lang='lat' dir='ltr'><strong>nihil</strong></span> <span class='ocrx_word' id='word_1_53' title='bbox 994 750 1125 805; x_wconf 84' lang='lat' dir='ltr'><strong>certi</strong></span> <span class='ocrx_word' id='word_1_54' title='bbox 1168 749 1234 805; x_wconf 91' lang='lat' dir='ltr'><strong>de</strong></span> <span class='ocrx_word' id='word_1_55' title='bbox 1267 759 1512 821; x_wconf 90' lang='lat' dir='ltr'><strong>tempore</strong></span> <span class='ocrx_word' id='word_1_56' title='bbox 1538 752 1721 823; x_wconf 80' lang='lat' dir='ltr'><strong>colligi</strong></span> 
     </span>
    </p>
   </div>
   <div class='ocr_carea' id='block_1_10' title="bbox 148 838 1722 912">
    <p class='ocr_par' dir='ltr' id='par_1_10' title="bbox 148 838 1722 912">
     <span class='ocr_line' id='line_1_10' title="bbox 148 838 1722 912; baseline 0.004 -19"><span class='ocrx_word' id='word_1_57' title='bbox 148 848 315 908; x_wconf 78' lang='lat' dir='ltr'><strong>pntest.</strong></span> <span class='ocrx_word' id='word_1_58' title='bbox 341 838 532 895; x_wconf 85' lang='lat' dir='ltr'><strong>Nullos</strong></span> <span class='ocrx_word' id='word_1_59' title='bbox 560 844 719 896; x_wconf 89' lang='lat' dir='ltr'><strong>enim</strong></span> <span class='ocrx_word' id='word_1_60' title='bbox 752 843 1098 912; x_wconf 84' lang='lat' dir='ltr'><strong>pontiﬁcibus</strong></span> <span class='ocrx_word' id='word_1_61' title='bbox 1127 842 1390 899; x_wconf 78' lang='lat' dir='ltr'><strong>Romanis</strong></span> <span class='ocrx_word' id='word_1_62' title='bbox 1429 860 1604 899; x_wconf 83' lang='lat' dir='ltr'><strong>annos</strong></span> <span class='ocrx_word' id='word_1_63' title='bbox 1633 861 1722 899; x_wconf 87' lang='lat' dir='ltr'><strong>as-</strong></span> 
     </span>
    </p>
   </div>
   <div class='ocr_carea' id='block_1_11' title="bbox 149 934 1721 1005">
    <p class='ocr_par' dir='ltr' id='par_1_11' title="bbox 149 934 1721 1005">
     <span class='ocr_line' id='line_1_11' title="bbox 149 934 1721 1005; baseline 0.003 -19"><span class='ocrx_word' id='word_1_64' title='bbox 149 934 321 1001; x_wconf 80' lang='lat' dir='ltr'><strong>signat,</strong></span> <span class='ocrx_word' id='word_1_65' title='bbox 366 947 548 1001; x_wconf 91' lang='lat' dir='ltr'><strong>neque</strong></span> <span class='ocrx_word' id='word_1_66' title='bbox 601 949 708 988; x_wconf 87' lang='lat' dir='ltr'><strong>eos</strong></span> <span class='ocrx_word' id='word_1_67' title='bbox 773 951 900 988; x_wconf 91' lang='lat' dir='ltr'><strong>cum</strong></span> <span class='ocrx_word' id='word_1_68' title='bbox 969 934 1233 989; x_wconf 81' lang='lat' dir='ltr'><strong>Romanis</strong></span> <span class='ocrx_word' id='word_1_69' title='bbox 1296 936 1721 1005; x_wconf 85' lang='lat' dir='ltr'><strong>imperatoribus</strong></span> 
     </span>
    </p>
   </div>
   <div class='ocr_carea' id='block_1_12' title="bbox 150 1022 1721 1096">
    <p class='ocr_par' dir='ltr' id='par_1_12' title="bbox 150 1022 1721 1096">
     <span class='ocr_line' id='line_1_12' title="bbox 150 1022 1721 1096; baseline 0.005 -22"><span class='ocrx_word' id='word_1_70' title='bbox 150 1030 399 1089; x_wconf 86' lang='lat' dir='ltr'><strong>comparat</strong></span> <span class='ocrx_word' id='word_1_71' title='bbox 430 1022 701 1078; x_wconf 77' lang='lat' dir='ltr'><strong>lrenaeus.</strong></span> <span class='ocrx_word' id='word_1_72' title='bbox 744 1022 1014 1080; x_wconf 83' lang='lat' dir='ltr'><strong>Eusebius</strong></span> <span class='ocrx_word' id='word_1_73' title='bbox 1057 1027 1276 1096; x_wconf 87' lang='lat' dir='ltr'><strong>quidem</strong></span> <span class='ocrx_word' id='word_1_74' title='bbox 1336 1028 1388 1083; x_wconf 89' lang='lat' dir='ltr'><strong>in</strong></span> <span class='ocrx_word' id='word_1_75' title='bbox 1447 1028 1721 1083; x_wconf 88' lang='lat' dir='ltr'><strong>Chronico</strong></span> 
     </span>
    </p>
   </div>
   <div class='ocr_carea' id='block_1_13' title="bbox 150 1114 1717 1188">
    <p class='ocr_par' dir='ltr' id='par_1_13' title="bbox 150 1114 1717 1188">
     <span class='ocr_line' id='line_1_13' title="bbox 150 1114 1717 1188; baseline 0.007 -24"><span class='ocrx_word' id='word_1_76' title='bbox 150 1114 354 1181; x_wconf 84' lang='lat' dir='ltr'><strong>primum</strong></span> <span class='ocrx_word' id='word_1_77' title='bbox 383 1130 596 1170; x_wconf 90' lang='lat' dir='ltr'><strong>annum</strong></span> <span class='ocrx_word' id='word_1_78' title='bbox 629 1116 836 1188; x_wconf 83' lang='lat' dir='ltr'><strong>Hygini</strong></span> <span class='ocrx_word' id='word_1_79' title='bbox 862 1120 1098 1173; x_wconf 88' lang='lat' dir='ltr'><strong>secundo</strong></span> <span class='ocrx_word' id='word_1_80' title='bbox 1124 1120 1384 1174; x_wconf 88' lang='lat' dir='ltr'><strong>Antonini</strong></span> <span class='ocrx_word' id='word_1_81' title='bbox 1405 1120 1485 1174; x_wconf 87' lang='lat' dir='ltr'><strong>Pii</strong></span> <span class='ocrx_word' id='word_1_82' title='bbox 1508 1122 1717 1185; x_wconf 83' lang='lat' dir='ltr'><strong>tribuit,</strong></span> 
     </span>
    </p>
   </div>
   <div class='ocr_carea' id='block_1_14' title="bbox 152 1206 1721 1277">
    <p class='ocr_par' dir='ltr' id='par_1_14' title="bbox 152 1206 1721 1277">
     <span class='ocr_line' id='line_1_14' title="bbox 152 1206 1721 1277; baseline 0.007 -19"><span class='ocrx_word' id='word_1_83' title='bbox 152 1206 419 1277; x_wconf 80' lang='lat' dir='ltr'><strong>Eutycbius</strong></span> <span class='ocrx_word' id='word_1_84' title='bbox 464 1218 660 1263; x_wconf 87' lang='lat' dir='ltr'><strong>autem</strong></span> <span class='ocrx_word' id='word_1_85' title='bbox 703 1219 868 1265; x_wconf 85' lang='lat' dir='ltr'><strong>sexto</strong></span> <span class='ocrx_word' id='word_1_86' title='bbox 898 1210 1141 1268; x_wconf 81' lang='lat' dir='ltr'><strong>Adriani.</strong></span> <span class='ocrx_word' id='word_1_87' title='bbox 1182 1212 1380 1269; x_wconf 81' lang='lat' dir='ltr'><strong>Tribus</strong></span> <span class='ocrx_word' id='word_1_88' title='bbox 1429 1215 1590 1269; x_wconf 89' lang='lat' dir='ltr'><strong>annis</strong></span> <span class='ocrx_word' id='word_1_89' title='bbox 1635 1230 1721 1269; x_wconf 88' lang='lat' dir='ltr'><strong>se-</strong></span> 
     </span>
    </p>
   </div>
   <div class='ocr_carea' id='block_1_15' title="bbox 152 1298 1719 1372">
    <p class='ocr_par' dir='ltr' id='par_1_15' title="bbox 152 1298 1719 1372">
     <span class='ocr_line' id='line_1_15' title="bbox 152 1298 1719 1372; baseline 0.006 -20"><span class='ocrx_word' id='word_1_90' title='bbox 152 1299 274 1354; x_wconf 84' lang='lat' dir='ltr'><strong>disse</strong></span> <span class='ocrx_word' id='word_1_91' title='bbox 292 1302 402 1355; x_wconf 92' lang='lat' dir='ltr'><strong>vult</strong></span> <span class='ocrx_word' id='word_1_92' title='bbox 430 1298 721 1372; x_wconf 79' lang='lat' dir='ltr'><strong>Hyginum</strong></span> <span class='ocrx_word' id='word_1_93' title='bbox 764 1302 1034 1359; x_wconf 85' lang='lat' dir='ltr'><strong>Eusebius</strong></span> <span class='ocrx_word' id='word_1_94' title='bbox 1082 1324 1095 1359; x_wconf 89' lang='lat'><strong>:</strong></span> <span class='ocrx_word' id='word_1_95' title='bbox 1152 1324 1170 1356; x_wconf 83' lang='grc'><em>‹</em></span> <span class='ocrx_word' id='word_1_96' title='bbox 1216 1305 1390 1360; x_wconf 86' lang='lat' dir='ltr'><strong>Annis</strong></span> <span class='ocrx_word' id='word_1_97' title='bbox 1428 1306 1719 1361; x_wconf 88' lang='lat' dir='ltr'><strong>duodecim</strong></span> 
     </span>
    </p>
   </div>
   <div class='ocr_carea' id='block_1_16' title="bbox 154 1393 1721 1462">
    <p class='ocr_par' dir='ltr' id='par_1_16' title="bbox 154 1393 1721 1462">
     <span class='ocr_line' id='line_1_16' title="bbox 154 1393 1721 1462; baseline 0.008 -19"><span class='ocrx_word' id='word_1_98' title='bbox 154 1393 401 1449; x_wconf 87' lang='lat' dir='ltr'><strong>mensibus</strong></span> <span class='ocrx_word' id='word_1_99' title='bbox 432 1396 643 1459; x_wconf 88' lang='lat' dir='ltr'><strong>tribus,</strong></span> <span class='ocrx_word' id='word_1_100' title='bbox 674 1398 880 1454; x_wconf 87' lang='lat' dir='ltr'><strong>diebus</strong></span> <span class='ocrx_word' id='word_1_101' title='bbox 909 1413 1026 1462; x_wconf 87' lang='lat' dir='ltr'><strong>sex,</strong></span> <span class='ocrx_word' id='word_1_102' title='bbox 1069 1419 1087 1451; x_wconf 70' lang='grc' dir='ltr'><strong>ι</strong></span> <span class='ocrx_word' id='word_1_103' title='bbox 1130 1410 1323 1455; x_wconf 90' lang='lat' dir='ltr'><strong>auctor</strong></span> <span class='ocrx_word' id='word_1_104' title='bbox 1359 1401 1721 1457; x_wconf 83' lang='lat' dir='ltr'><strong>vetustissimi</strong></span> 
     </span>
    </p>
   </div>
   <div class='ocr_carea' id='block_1_17' title="bbox 154 1485 1720 1564">
    <p class='ocr_par' dir='ltr' id='par_1_17' title="bbox 154 1485 1720 1564">
     <span class='ocr_line' id='line_1_17' title="bbox 154 1485 1720 1564; baseline 0.008 -28"><span class='ocrx_word' id='word_1_105' title='bbox 154 1485 352 1555; x_wconf 81' lang='lat' dir='ltr'><strong>catalogi</strong></span> <span class='ocrx_word' id='word_1_106' title='bbox 391 1487 537 1557; x_wconf 88' lang='lat' dir='ltr'><strong>apud</strong></span> <span class='ocrx_word' id='word_1_107' title='bbox 574 1488 945 1545; x_wconf 89' lang='lat' dir='ltr'><strong>Bucherium.</strong></span> <span class='ocrx_word' id='word_1_108' title='bbox 1001 1491 1064 1545; x_wconf 90' lang='lat' dir='ltr'><strong>Et</strong></span> <span class='ocrx_word' id='word_1_109' title='bbox 1114 1510 1241 1547; x_wconf 89' lang='lat' dir='ltr'><strong>vera</strong></span> <span class='ocrx_word' id='word_1_110' title='bbox 1294 1494 1513 1564; x_wconf 91' lang='lat' dir='ltr'><strong>quidem</strong></span> <span class='ocrx_word' id='word_1_111' title='bbox 1566 1495 1720 1548; x_wconf 90' lang='lat' dir='ltr'><strong>initia</strong></span> 
     </span>
    </p>
   </div>
   <div class='ocr_carea' id='block_1_18' title="bbox 157 1580 1719 1655">
    <p class='ocr_par' dir='ltr' id='par_1_18' title="bbox 157 1580 1719 1655">
     <span class='ocr_line' id='line_1_18' title="bbox 157 1580 1719 1655; baseline 0.006 -26"><span class='ocrx_word' id='word_1_112' title='bbox 157 1586 248 1630; x_wconf 89' lang='lat' dir='ltr'><strong>tum</strong></span> <span class='ocrx_word' id='word_1_113' title='bbox 280 1580 506 1645; x_wconf 80' lang='lat' dir='ltr'><strong>Aniceti,</strong></span> <span class='ocrx_word' id='word_1_114' title='bbox 555 1591 680 1636; x_wconf 90' lang='lat' dir='ltr'><strong>tum</strong></span> <span class='ocrx_word' id='word_1_115' title='bbox 740 1582 859 1646; x_wconf 87' lang='lat' dir='ltr'><strong>Pii,</strong></span> <span class='ocrx_word' id='word_1_116' title='bbox 900 1592 1013 1638; x_wconf 89' lang='lat' dir='ltr'><strong>tum</strong></span> <span class='ocrx_word' id='word_1_117' title='bbox 1057 1583 1251 1655; x_wconf 84' lang='lat' dir='ltr'><strong>llygini</strong></span> <span class='ocrx_word' id='word_1_118' title='bbox 1307 1586 1719 1655; x_wconf 81' lang='lat' dir='ltr'><strong>pnntiﬁcatuum</strong></span> 
     </span>
    </p>
   </div>
   <div class='ocr_carea' id='block_1_19' title="bbox 155 1673 1722 1746">
    <p class='ocr_par' dir='ltr' id='par_1_19' title="bbox 155 1673 1722 1746">
     <span class='ocr_line' id='line_1_19' title="bbox 155 1673 1722 1746; baseline 0.003 -23"><span class='ocrx_word' id='word_1_119' title='bbox 155 1681 262 1738; x_wconf 89' lang='lat' dir='ltr'><strong>puto</strong></span> <span class='ocrx_word' id='word_1_120' title='bbox 281 1688 395 1727; x_wconf 89' lang='lat' dir='ltr'><strong>esse</strong></span> <span class='ocrx_word' id='word_1_121' title='bbox 422 1673 708 1729; x_wconf 89' lang='lat' dir='ltr'><strong>hactenus</strong></span> <span class='ocrx_word' id='word_1_122' title='bbox 747 1675 1043 1746; x_wconf 81' lang='lat' dir='ltr'><strong>incognita.</strong></span> <span class='ocrx_word' id='word_1_123' title='bbox 1074 1675 1154 1729; x_wconf 84' lang='lat' dir='ltr'><strong>Ex</strong></span> <span class='ocrx_word' id='word_1_124' title='bbox 1183 1677 1535 1732; x_wconf 86' lang='lat' dir='ltr'><strong>successione</strong></span> <span class='ocrx_word' id='word_1_125' title='bbox 1559 1677 1722 1746; x_wconf 81' lang='lat' dir='ltr'><strong>igitur</strong></span> 
     </span>
    </p>
   </div>
   <div class='ocr_carea' id='block_1_20' title="bbox 158 1761 1721 1838">
    <p class='ocr_par' dir='ltr' id='par_1_20' title="bbox 158 1761 1721 1838">
     <span class='ocr_line' id='line_1_20' title="bbox 158 1761 1721 1838; baseline 0.005 -25"><span class='ocrx_word' id='word_1_126' title='bbox 158 1761 503 1821; x_wconf 66' lang='lat' dir='ltr'><strong>haereticorum</strong></span> <span class='ocrx_word' id='word_1_127' title='bbox 530 1767 602 1822; x_wconf 89' lang='lat' dir='ltr'><strong>de</strong></span> <span class='ocrx_word' id='word_1_128' title='bbox 630 1767 799 1822; x_wconf 90' lang='lat' dir='ltr'><strong>initio</strong></span> <span class='ocrx_word' id='word_1_129' title='bbox 836 1769 1099 1823; x_wconf 88' lang='lat' dir='ltr'><strong>Valentini</strong></span> <span class='ocrx_word' id='word_1_130' title='bbox 1133 1769 1687 1838; x_wconf 90' lang='lat' dir='ltr'><strong>potiusjudicandum</strong></span> <span class='ocrx_word' id='word_1_131' title='bbox 1706 1808 1721 1831; x_wconf 96' lang='lat'><strong>,</strong></span> 
     </span>
    </p>
   </div>
   <div class='ocr_carea' id='block_1_21' title="bbox 158 1856 1725 1917">
    <p class='ocr_par' dir='ltr' id='par_1_21' title="bbox 158 1856 1725 1917">
     <span class='ocr_line' id='line_1_21' title="bbox 158 1856 1725 1917; baseline 0.005 -10"><span class='ocrx_word' id='word_1_132' title='bbox 158 1856 258 1910; x_wconf 77' lang='lat' dir='ltr'><strong>talis</strong></span> <span class='ocrx_word' id='word_1_133' title='bbox 302 1867 479 1911; x_wconf 84' lang='lat' dir='ltr'><strong>autem</strong></span> <span class='ocrx_word' id='word_1_134' title='bbox 549 1875 582 1913; x_wconf 92' lang='lat' dir='ltr'><strong>a</strong></span> <span class='ocrx_word' id='word_1_135' title='bbox 640 1861 931 1915; x_wconf 83' lang='lat' dir='ltr'><strong>veteribus</strong></span> <span class='ocrx_word' id='word_1_136' title='bbox 980 1876 1172 1915; x_wconf 82' lang='lat' dir='ltr'><strong>eorum</strong></span> <span class='ocrx_word' id='word_1_137' title='bbox 1232 1861 1511 1917; x_wconf 74' lang='lat' dir='ltr'><strong>successio</strong></span> <span class='ocrx_word' id='word_1_138' title='bbox 1562 1862 1725 1916; x_wconf 81' lang='lat' dir='ltr'><strong>nobis</strong></span> 
     </span>
    </p>
   </div>
   <div class='ocr_carea' id='block_1_22' title="bbox 157 1950 1727 2023">
    <p class='ocr_par' dir='ltr' id='par_1_22' title="bbox 157 1950 1727 2023">
     <span class='ocr_line' id='line_1_22' title="bbox 157 1950 1727 2023; baseline 0.003 -22"><span class='ocrx_word' id='word_1_139' title='bbox 157 1950 322 2003; x_wconf 72' lang='lat' dir='ltr'><strong>tradita</strong></span> <span class='ocrx_word' id='word_1_140' title='bbox 371 1962 488 2017; x_wconf 89' lang='lat' dir='ltr'><strong>est;</strong></span> <span class='ocrx_word' id='word_1_141' title='bbox 544 1951 736 2007; x_wconf 85' lang='lat' dir='ltr'><strong>Cerdo</strong></span> <span class='ocrx_word' id='word_1_142' title='bbox 780 1953 1049 2008; x_wconf 86' lang='lat' dir='ltr'><strong>successit</strong></span> <span class='ocrx_word' id='word_1_143' title='bbox 1089 1952 1444 2017; x_wconf 85' lang='lat' dir='ltr'><strong>Ileracleoni,</strong></span> <span class='ocrx_word' id='word_1_144' title='bbox 1492 1955 1564 2008; x_wconf 88' lang='lat' dir='ltr'><strong>ita</strong></span> <span class='ocrx_word' id='word_1_145' title='bbox 1608 1953 1727 2023; x_wconf 81' lang='lat' dir='ltr'><strong>Epi-</strong></span> 
     </span>
    </p>
   </div>
   <div class='ocr_carea' id='block_1_23' title="bbox 157 2041 1727 2118">
    <p class='ocr_par' dir='ltr' id='par_1_23' title="bbox 157 2041 1727 2118">
     <span class='ocr_line' id='line_1_23' title="bbox 157 2041 1727 2118; baseline 0.004 -26"><span class='ocrx_word' id='word_1_146' title='bbox 157 2041 358 2110; x_wconf 86' lang='lat' dir='ltr'><strong>phanius</strong></span> <span class='ocrx_word' id='word_1_147' title='bbox 393 2062 406 2097; x_wconf 92' lang='lat'><strong>:</strong></span> <span class='ocrx_word' id='word_1_148' title='bbox 440 2045 687 2117; x_wconf 81' lang='grc' dir='ltr'>Κέρδων</span> <span class='ocrx_word' id='word_1_149' title='bbox 722 2063 808 2109; x_wconf 78' lang='grc' dir='ltr'><strong>τις</strong></span> <span class='ocrx_word' id='word_1_150' title='bbox 842 2048 1060 2110; x_wconf 77' lang='grc' dir='ltr'>τούτους</span> <span class='ocrx_word' id='word_1_151' title='bbox 1086 2047 1180 2100; x_wconf 79' lang='grc' dir='ltr'><strong>καὶ</strong></span> <span class='ocrx_word' id='word_1_152' title='bbox 1230 2046 1319 2100; x_wconf 84' lang='grc' dir='ltr'>τὸν</span> <span class='ocrx_word' id='word_1_153' title='bbox 1381 2046 1727 2118; x_wconf 80' lang='grc' dir='ltr'><strong>Ἡρακλέωνα</strong></span> 
     </span>
    </p>
   </div>
   <div class='ocr_carea' id='block_1_24' title="bbox 157 2133 1725 2211">
    <p class='ocr_par' dir='ltr' id='par_1_24' title="bbox 157 2133 1725 2211">
     <span class='ocr_line' id='line_1_24' title="bbox 157 2133 1725 2211; baseline 0.004 -25"><span class='ocrx_word' id='word_1_154' title='bbox 157 2133 416 2207; x_wconf 78' lang='grc' dir='ltr'><strong>διαδέχεται</strong></span> <span class='ocrx_word' id='word_1_155' title='bbox 451 2140 523 2191; x_wconf 81' lang='grc' dir='ltr'><strong>ἐκ</strong></span> <span class='ocrx_word' id='word_1_156' title='bbox 560 2138 664 2209; x_wconf 79' lang='grc' dir='ltr'><strong>τῆς</strong></span> <span class='ocrx_word' id='word_1_157' title='bbox 697 2137 880 2191; x_wconf 75' lang='grc' dir='ltr'>αὐτῶν</span> <span class='ocrx_word' id='word_1_158' title='bbox 916 2139 1108 2211; x_wconf 78' lang='grc' dir='ltr'><strong>σχολῆς</strong></span> <span class='ocrx_word' id='word_1_159' title='bbox 1140 2138 1234 2193; x_wconf 80' lang='grc' dir='ltr'>ὧν.</span> <span class='ocrx_word' id='word_1_160' title='bbox 1274 2159 1292 2191; x_wconf 86' lang='grc'><em>‹</em></span> <span class='ocrx_word' id='word_1_161' title='bbox 1343 2140 1553 2195; x_wconf 86' lang='lat' dir='ltr'><strong>Cerdon</strong></span> <span class='ocrx_word' id='word_1_162' title='bbox 1600 2140 1725 2210; x_wconf 77' lang='lat' dir='ltr'><strong>qui—</strong></span> 
     </span>
    </p>
   </div>
   <div class='ocr_carea' id='block_1_25' title="bbox 158 2227 1727 2299">
    <p class='ocr_par' dir='ltr' id='par_1_25' title="bbox 158 2227 1727 2299">
     <span class='ocr_line' id='line_1_25' title="bbox 158 2227 1727 2299; baseline 0.005 -20"><span class='ocrx_word' id='word_1_163' title='bbox 158 2227 255 2281; x_wconf 89' lang='lat' dir='ltr'><strong>dem</strong></span> <span class='ocrx_word' id='word_1_164' title='bbox 280 2229 360 2285; x_wconf 90' lang='lat' dir='ltr'><strong>bis</strong></span> <span class='ocrx_word' id='word_1_165' title='bbox 386 2240 440 2285; x_wconf 89' lang='lat' dir='ltr'><strong>et</strong></span> <span class='ocrx_word' id='word_1_166' title='bbox 481 2230 831 2286; x_wconf 86' lang='lat' dir='ltr'><strong>Heracleoni</strong></span> <span class='ocrx_word' id='word_1_167' title='bbox 883 2233 1142 2299; x_wconf 89' lang='lat' dir='ltr'><strong>succedit,</strong></span> <span class='ocrx_word' id='word_1_168' title='bbox 1191 2249 1255 2288; x_wconf 81' lang='lat' dir='ltr'><strong>ex</strong></span> <span class='ocrx_word' id='word_1_169' title='bbox 1310 2249 1499 2289; x_wconf 87' lang='lat' dir='ltr'><strong>eorum</strong></span> <span class='ocrx_word' id='word_1_170' title='bbox 1542 2235 1727 2289; x_wconf 89' lang='lat' dir='ltr'><strong>schola</strong></span> 
     </span>
    </p>
   </div>
   <div class='ocr_carea' id='block_1_26' title="bbox 158 2321 1730 2393">
    <p class='ocr_par' dir='ltr' id='par_1_26' title="bbox 158 2321 1730 2393">
     <span class='ocr_line' id='line_1_26' title="bbox 158 2321 1730 2393; baseline 0.006 -21"><span class='ocrx_word' id='word_1_171' title='bbox 158 2321 411 2378; x_wconf 79' lang='lat' dir='ltr'><strong>existens:</strong></span> <span class='ocrx_word' id='word_1_172' title='bbox 444 2342 463 2375; x_wconf 73' lang='grc' dir='ltr'><strong><em>ι</em></strong></span> <span class='ocrx_word' id='word_1_173' title='bbox 514 2322 832 2380; x_wconf 87' lang='lat' dir='ltr'><strong>Ileracleon</strong></span> <span class='ocrx_word' id='word_1_174' title='bbox 864 2325 1182 2393; x_wconf 88' lang='lat' dir='ltr'><strong>Colarbaso,</strong></span> <span class='ocrx_word' id='word_1_175' title='bbox 1227 2326 1559 2383; x_wconf 90' lang='lat' dir='ltr'><strong>Colarbasus</strong></span> <span class='ocrx_word' id='word_1_176' title='bbox 1606 2326 1730 2381; x_wconf 87' lang='lat' dir='ltr'><strong>Pto-</strong></span> 
     </span>
    </p>
   </div>
   <div class='ocr_carea' id='block_1_27' title="bbox 159 2412 1726 2491">
    <p class='ocr_par' dir='ltr' id='par_1_27' title="bbox 159 2412 1726 2491">
     <span class='ocr_line' id='line_1_27' title="bbox 159 2412 1726 2491; baseline 0.006 -25"><span class='ocrx_word' id='word_1_177' title='bbox 159 2412 336 2481; x_wconf 69' lang='lat' dir='ltr'><strong>lemaeo,</strong></span> <span class='ocrx_word' id='word_1_178' title='bbox 366 2414 719 2474; x_wconf 66' lang='lat' dir='ltr'><strong>Ptolemaeus</strong></span> <span class='ocrx_word' id='word_1_179' title='bbox 758 2416 1055 2489; x_wconf 86' lang='lat' dir='ltr'><strong>Epiphani,</strong></span> <span class='ocrx_word' id='word_1_180' title='bbox 1078 2420 1408 2491; x_wconf 79' lang='lat' dir='ltr'><strong>.Epipbanes</strong></span> <span class='ocrx_word' id='word_1_181' title='bbox 1456 2419 1726 2489; x_wconf 83' lang='lat' dir='ltr'><strong>Secundo,</strong></span> 
     </span>
    </p>
   </div>
   <div class='ocr_carea' id='block_1_28' title="bbox 161 2507 1729 2583">
    <p class='ocr_par' dir='ltr' id='par_1_28' title="bbox 161 2507 1729 2583">
     <span class='ocr_line' id='line_1_28' title="bbox 161 2507 1729 2583; baseline 0.006 -23"><span class='ocrx_word' id='word_1_182' title='bbox 161 2507 414 2565; x_wconf 85' lang='lat' dir='ltr'><strong>Secundus</strong></span> <span class='ocrx_word' id='word_1_183' title='bbox 446 2509 761 2566; x_wconf 75' lang='lat' dir='ltr'><strong>Valentino</strong></span> <span class='ocrx_word' id='word_1_184' title='bbox 788 2514 1076 2568; x_wconf 89' lang='lat' dir='ltr'><strong>successit.</strong></span> <span class='ocrx_word' id='word_1_185' title='bbox 1111 2511 1432 2570; x_wconf 79' lang='lat' dir='ltr'><strong>Valentinus</strong></span> <span class='ocrx_word' id='word_1_186' title='bbox 1464 2515 1647 2583; x_wconf 78' lang='lat' dir='ltr'><strong>igitur,</strong></span> <span class='ocrx_word' id='word_1_187' title='bbox 1699 2530 1729 2569; x_wconf 90' lang='lat' dir='ltr'><strong>e</strong></span> 
     </span>
    </p>
   </div>
   <div class='ocr_carea' id='block_1_29' title="bbox 158 2601 1729 2677">
    <p class='ocr_par' dir='ltr' id='par_1_29' title="bbox 158 2601 1729 2677">
     <span class='ocr_line' id='line_1_29' title="bbox 158 2601 1729 2677; baseline 0.005 -23"><span class='ocrx_word' id='word_1_188' title='bbox 158 2601 291 2670; x_wconf 84' lang='lat' dir='ltr'><strong>cujus</strong></span> <span class='ocrx_word' id='word_1_189' title='bbox 325 2605 519 2659; x_wconf 84' lang='lat' dir='ltr'><strong>schola</strong></span> <span class='ocrx_word' id='word_1_190' title='bbox 559 2605 763 2675; x_wconf 85' lang='lat' dir='ltr'><strong>reliqui</strong></span> <span class='ocrx_word' id='word_1_191' title='bbox 802 2607 1139 2675; x_wconf 80' lang='lat' dir='ltr'><strong>prodierunt,</strong></span> <span class='ocrx_word' id='word_1_192' title='bbox 1176 2625 1284 2662; x_wconf 87' lang='lat' dir='ltr'><strong>non</strong></span> <span class='ocrx_word' id='word_1_193' title='bbox 1336 2608 1527 2677; x_wconf 87' lang='lat' dir='ltr'><strong>paucis</strong></span> <span class='ocrx_word' id='word_1_194' title='bbox 1571 2608 1729 2662; x_wconf 88' lang='lat' dir='ltr'><strong>annis</strong></span> 
     </span>
    </p>
   </div>
   <div class='ocr_carea' id='block_1_30' title="bbox 158 2692 1731 2768">
    <p class='ocr_par' dir='ltr' id='par_1_30' title="bbox 158 2692 1731 2768">
     <span class='ocr_line' id='line_1_30' title="bbox 158 2692 1731 2768; baseline 0.006 -23"><span class='ocrx_word' id='word_1_195' title='bbox 158 2692 373 2752; x_wconf 83' lang='lat' dir='ltr'><strong>Cerdone</strong></span> <span class='ocrx_word' id='word_1_196' title='bbox 405 2698 681 2768; x_wconf 87' lang='lat' dir='ltr'><strong>superior</strong></span> <span class='ocrx_word' id='word_1_197' title='bbox 710 2697 839 2752; x_wconf 82' lang='lat' dir='ltr'><strong>fuit.</strong></span> <span class='ocrx_word' id='word_1_198' title='bbox 883 2696 938 2751; x_wconf 92' lang='lat' dir='ltr'><strong>Si</strong></span> <span class='ocrx_word' id='word_1_199' title='bbox 973 2709 1153 2754; x_wconf 88' lang='lat' dir='ltr'><strong>autem</strong></span> <span class='ocrx_word' id='word_1_200' title='bbox 1188 2700 1490 2754; x_wconf 83' lang='lat' dir='ltr'><strong>Cerdonem</strong></span> <span class='ocrx_word' id='word_1_201' title='bbox 1524 2710 1731 2755; x_wconf 91' lang='lat' dir='ltr'><strong>statua-</strong></span> 
     </span>
    </p>
   </div>
   <div class='ocr_carea' id='block_1_31' title="bbox 160 2789 1729 2859">
    <p class='ocr_par' dir='ltr' id='par_1_31' title="bbox 160 2789 1729 2859">
     <span class='ocr_line' id='line_1_31' title="bbox 160 2789 1729 2859; baseline 0.005 -22"><span class='ocrx_word' id='word_1_202' title='bbox 160 2801 259 2841; x_wconf 88' lang='lat' dir='ltr'><strong>mus</strong></span> <span class='ocrx_word' id='word_1_203' title='bbox 288 2789 328 2842; x_wconf 92' lang='lat' dir='ltr'><strong>si</strong></span> <span class='ocrx_word' id='word_1_204' title='bbox 360 2805 473 2844; x_wconf 87' lang='lat' dir='ltr'><strong>non</strong></span> <span class='ocrx_word' id='word_1_205' title='bbox 504 2798 659 2856; x_wconf 89' lang='lat' dir='ltr'><strong>ante,</strong></span> <span class='ocrx_word' id='word_1_206' title='bbox 696 2790 820 2859; x_wconf 91' lang='lat' dir='ltr'><strong>ipso</strong></span> <span class='ocrx_word' id='word_1_207' title='bbox 853 2799 1035 2845; x_wconf 90' lang='lat' dir='ltr'><strong>tamen</strong></span> <span class='ocrx_word' id='word_1_208' title='bbox 1080 2791 1265 2845; x_wconf 86' lang='lat' dir='ltr'><strong>statim</strong></span> <span class='ocrx_word' id='word_1_209' title='bbox 1308 2792 1464 2846; x_wconf 88' lang='lat' dir='ltr'><strong>initio</strong></span> <span class='ocrx_word' id='word_1_210' title='bbox 1502 2792 1729 2846; x_wconf 87' lang='lat' dir='ltr'><strong>Adriani</strong></span> 
     </span>
    </p>
   </div>
   <div class='ocr_carea' id='block_1_32' title="bbox 158 2882 1732 2953">
    <p class='ocr_par' dir='ltr' id='par_1_32' title="bbox 158 2882 1732 2953">
     <span class='ocr_line' id='line_1_32' title="bbox 158 2882 1732 2953; baseline 0.004 -22"><span class='ocrx_word' id='word_1_211' title='bbox 158 2895 237 2933; x_wconf 88' lang='lat' dir='ltr'><strong>sua</strong></span> <span class='ocrx_word' id='word_1_212' title='bbox 264 2882 452 2937; x_wconf 86' lang='lat' dir='ltr'><strong>deliria</strong></span> <span class='ocrx_word' id='word_1_213' title='bbox 496 2883 929 2949; x_wconf 87' lang='lat' dir='ltr'><strong>disseminasse,</strong></span> <span class='ocrx_word' id='word_1_214' title='bbox 975 2884 1121 2953; x_wconf 90' lang='lat' dir='ltr'><strong>quod</strong></span> <span class='ocrx_word' id='word_1_215' title='bbox 1167 2883 1405 2937; x_wconf 82' lang='lat' dir='ltr'><strong>maxime</strong></span> <span class='ocrx_word' id='word_1_216' title='bbox 1450 2883 1732 2953; x_wconf 89' lang='lat' dir='ltr'><strong>probabile</strong></span> 
     </span>
    </p>
   </div>
   <div class='ocr_carea' id='block_1_33' title="bbox 160 2974 1730 3047">
    <p class='ocr_par' dir='ltr' id='par_1_33' title="bbox 160 2974 1730 3047">
     <span class='ocr_line' id='line_1_33' title="bbox 160 2974 1730 3047; baseline 0.004 -22"><span class='ocrx_word' id='word_1_217' title='bbox 160 2974 493 3043; x_wconf 83' lang='lat' dir='ltr'><strong>reddidimus,</strong></span> <span class='ocrx_word' id='word_1_218' title='bbox 552 2991 724 3031; x_wconf 87' lang='lat' dir='ltr'><strong>nemo</strong></span> <span class='ocrx_word' id='word_1_219' title='bbox 772 2976 991 3047; x_wconf 81' lang='lat' dir='ltr'><strong>negabit</strong></span> <span class='ocrx_word' id='word_1_220' title='bbox 1039 2978 1203 3031; x_wconf 88' lang='lat' dir='ltr'><strong>etiam</strong></span> <span class='ocrx_word' id='word_1_221' title='bbox 1244 2975 1588 3032; x_wconf 83' lang='lat' dir='ltr'><strong>Valentinum</strong></span> <span class='ocrx_word' id='word_1_222' title='bbox 1632 2993 1730 3032; x_wconf 91' lang='lat' dir='ltr'><strong>sua</strong></span> 
     </span>
    </p>
   </div>
   <div class='ocr_carea' id='block_1_34' title="bbox 1823 449 3414 532">
    <p class='ocr_par' dir='ltr' id='par_1_34' title="bbox 1823 449 3414 532">
     <span class='ocr_line' id='line_1_34' title="bbox 1823 449 3414 532; baseline -0.009 -16"><span class='ocrx_word' id='word_1_223' title='bbox 1823 470 2035 532; x_wconf 89' lang='lat' dir='ltr'><strong>pestate</strong></span> <span class='ocrx_word' id='word_1_224' title='bbox 2056 471 2110 515; x_wconf 91' lang='lat' dir='ltr'><strong>et</strong></span> <span class='ocrx_word' id='word_1_225' title='bbox 2140 458 2465 514; x_wconf 88' lang='lat' dir='ltr'><strong>Chocbebas</strong></span> <span class='ocrx_word' id='word_1_226' title='bbox 2492 458 2603 512; x_wconf 82' lang='lat' dir='ltr'><strong>dux</strong></span> <span class='ocrx_word' id='word_1_227' title='bbox 2650 453 2891 509; x_wconf 72' lang='lat' dir='ltr'><strong>Iudaica:</strong></span> <span class='ocrx_word' id='word_1_228' title='bbox 2941 451 3199 507; x_wconf 83' lang='lat' dir='ltr'><strong>factionis</strong></span> <span class='ocrx_word' id='word_1_229' title='bbox 3251 449 3414 512; x_wconf 80' lang='lat' dir='ltr'><strong>Chri-</strong></span> 
     </span>
    </p>
   </div>
   <div class='ocr_carea' id='block_1_35' title="bbox 1822 542 3409 619">
    <p class='ocr_par' dir='ltr' id='par_1_35' title="bbox 1822 542 3409 619">
     <span class='ocr_line' id='line_1_35' title="bbox 1822 542 3409 619; baseline -0.007 -14"><span class='ocrx_word' id='word_1_230' title='bbox 1822 552 2037 607; x_wconf 88' lang='lat' dir='ltr'><strong>stianos</strong></span> <span class='ocrx_word' id='word_1_231' title='bbox 2073 551 2240 605; x_wconf 89' lang='lat' dir='ltr'><strong>variis</strong></span> <span class='ocrx_word' id='word_1_232' title='bbox 2286 548 2570 619; x_wconf 86' lang='lat' dir='ltr'><strong>suppliciis</strong></span> <span class='ocrx_word' id='word_1_233' title='bbox 2621 546 2889 602; x_wconf 86' lang='lat' dir='ltr'><strong>enecavit.</strong></span> <span class='ocrx_word' id='word_1_234' title='bbox 2947 565 2965 594; x_wconf 77' lang='grc' dir='ltr'>ι</span> <span class='ocrx_word' id='word_1_235' title='bbox 3020 544 3102 597; x_wconf 80' lang='lat' dir='ltr'><strong>Ad</strong></span> <span class='ocrx_word' id='word_1_236' title='bbox 3153 542 3409 597; x_wconf 90' lang='lat' dir='ltr'><strong>eumdem</strong></span> 
     </span>
    </p>
   </div>
   <div class='ocr_carea' id='block_1_36' title="bbox 1821 631 3411 697">
    <p class='ocr_par' dir='ltr' id='par_1_36' title="bbox 1821 631 3411 697">
     <span class='ocr_line' id='line_1_36' title="bbox 1821 631 3411 697; baseline -0.008 0"><span class='ocrx_word' id='word_1_237' title='bbox 1821 644 1970 697; x_wconf 92' lang='lat' dir='ltr'><strong>enim</strong></span> <span class='ocrx_word' id='word_1_238' title='bbox 1998 641 2225 696; x_wconf 85' lang='lat' dir='ltr'><strong>Adriani</strong></span> <span class='ocrx_word' id='word_1_239' title='bbox 2247 656 2451 695; x_wconf 88' lang='lat' dir='ltr'><strong>annum</strong></span> <span class='ocrx_word' id='word_1_240' title='bbox 2482 640 2535 693; x_wconf 91' lang='lat' dir='ltr'><strong>in</strong></span> <span class='ocrx_word' id='word_1_241' title='bbox 2557 637 2836 693; x_wconf 85' lang='lat' dir='ltr'><strong>Chronico</strong></span> <span class='ocrx_word' id='word_1_242' title='bbox 2862 633 3078 689; x_wconf 87' lang='lat' dir='ltr'><strong>Eusebii</strong></span> <span class='ocrx_word' id='word_1_243' title='bbox 3103 632 3219 688; x_wconf 76' lang='lat' dir='ltr'><strong>haec</strong></span> <span class='ocrx_word' id='word_1_244' title='bbox 3242 631 3411 686; x_wconf 86' lang='lat' dir='ltr'><strong>verba</strong></span> 
     </span>
    </p>
   </div>
   <div class='ocr_carea' id='block_1_37' title="bbox 1822 723 3412 806">
    <p class='ocr_par' dir='ltr' id='par_1_37' title="bbox 1822 723 3412 806">
     <span class='ocr_line' id='line_1_37' title="bbox 1822 723 3412 806; baseline -0.008 -17"><span class='ocrx_word' id='word_1_245' title='bbox 1822 735 2104 806; x_wconf 87' lang='lat' dir='ltr'><strong>prioribus</strong></span> <span class='ocrx_word' id='word_1_246' title='bbox 2136 734 2547 802; x_wconf 85' lang='lat' dir='ltr'><strong>subjunguntur</strong></span> <span class='ocrx_word' id='word_1_247' title='bbox 2575 749 2589 785; x_wconf 89' lang='lat'><strong>:</strong></span> <span class='ocrx_word' id='word_1_248' title='bbox 2621 749 2639 781; x_wconf 77' lang='grc' dir='ltr'>ι</span> <span class='ocrx_word' id='word_1_249' title='bbox 2673 727 2996 784; x_wconf 88' lang='lat' dir='ltr'><strong>Choehebas</strong></span> <span class='ocrx_word' id='word_1_250' title='bbox 3024 727 3135 780; x_wconf 85' lang='lat' dir='ltr'><strong>dux</strong></span> <span class='ocrx_word' id='word_1_251' title='bbox 3166 723 3412 779; x_wconf 57' lang='lat' dir='ltr'><strong>Judaica‘.</strong></span> 
     </span>
    </p>
   </div>
   <div class='ocr_carea' id='block_1_38' title="bbox 1822 812 3410 882">
    <p class='ocr_par' dir='ltr' id='par_1_38' title="bbox 1822 812 3410 882">
     <span class='ocr_line' id='line_1_38' title="bbox 1822 812 3410 882; baseline -0.007 0"><span class='ocrx_word' id='word_1_252' title='bbox 1822 827 2083 882; x_wconf 85' lang='lat' dir='ltr'><strong>factionis</strong></span> <span class='ocrx_word' id='word_1_253' title='bbox 2130 826 2379 879; x_wconf 91' lang='lat' dir='ltr'><strong>nolentes</strong></span> <span class='ocrx_word' id='word_1_254' title='bbox 2419 824 2521 879; x_wconf 89' lang='lat' dir='ltr'><strong>sibi</strong></span> <span class='ocrx_word' id='word_1_255' title='bbox 2566 821 2915 877; x_wconf 88' lang='lat' dir='ltr'><strong>Christianos</strong></span> <span class='ocrx_word' id='word_1_256' title='bbox 2964 818 3255 873; x_wconf 90' lang='lat' dir='ltr'><strong>adversum</strong></span> <span class='ocrx_word' id='word_1_257' title='bbox 3298 812 3410 871; x_wconf 82' lang='lat' dir='ltr'><strong>Bo-</strong></span> 
     </span>
    </p>
   </div>
   <div class='ocr_carea' id='block_1_39' title="bbox 1822 909 3409 976">
    <p class='ocr_par' dir='ltr' id='par_1_39' title="bbox 1822 909 3409 976">
     <span class='ocr_line' id='line_1_39' title="bbox 1822 909 3409 976; baseline -0.009 0"><span class='ocrx_word' id='word_1_258' title='bbox 1822 937 2050 976; x_wconf 90' lang='lat' dir='ltr'><strong>manum</strong></span> <span class='ocrx_word' id='word_1_259' title='bbox 2074 920 2301 974; x_wconf 88' lang='lat' dir='ltr'><strong>militem</strong></span> <span class='ocrx_word' id='word_1_260' title='bbox 2331 918 2473 974; x_wconf 82' lang='lat' dir='ltr'><strong>ferre</strong></span> <span class='ocrx_word' id='word_1_261' title='bbox 2499 916 2803 973; x_wconf 88' lang='lat' dir='ltr'><strong>subsidium</strong></span> <span class='ocrx_word' id='word_1_262' title='bbox 2842 912 3175 970; x_wconf 90' lang='lat' dir='ltr'><strong>omnimodis</strong></span> <span class='ocrx_word' id='word_1_263' title='bbox 3194 909 3409 966; x_wconf 91' lang='lat' dir='ltr'><strong>crucia-</strong></span> 
     </span>
    </p>
   </div>
   <div class='ocr_carea' id='block_1_40' title="bbox 1824 1008 3411 1085">
    <p class='ocr_par' dir='ltr' id='par_1_40' title="bbox 1824 1008 3411 1085">
     <span class='ocr_line' id='line_1_40' title="bbox 1824 1008 3411 1085; baseline -0.006 -13"><span class='ocrx_word' id='word_1_264' title='bbox 1824 1019 1973 1072; x_wconf 91' lang='lat' dir='ltr'><strong>tibus</strong></span> <span class='ocrx_word' id='word_1_265' title='bbox 2002 1025 2176 1071; x_wconf 88' lang='lat' dir='ltr'><strong>necat.</strong></span> <span class='ocrx_word' id='word_1_266' title='bbox 2219 1034 2237 1067; x_wconf 85' lang='grc'><strong>›</strong></span> <span class='ocrx_word' id='word_1_267' title='bbox 2272 1014 2410 1068; x_wconf 90' lang='lat' dir='ltr'><strong>Eum</strong></span> <span class='ocrx_word' id='word_1_268' title='bbox 2465 1013 2629 1085; x_wconf 84' lang='lat' dir='ltr'><strong>igitur</strong></span> <span class='ocrx_word' id='word_1_269' title='bbox 2678 1028 2909 1077; x_wconf 92' lang='lat' dir='ltr'><strong>annum,</strong></span> <span class='ocrx_word' id='word_1_270' title='bbox 2962 1026 3123 1081; x_wconf 90' lang='lat' dir='ltr'><strong>quem</strong></span> <span class='ocrx_word' id='word_1_271' title='bbox 3164 1008 3411 1079; x_wconf 63' lang='lat' dir='ltr'><strong>_Dall&#39;¢eus</strong></span> 
     </span>
    </p>
   </div>
   <div class='ocr_carea' id='block_1_41' title="bbox 1821 1104 3413 1182">
    <p class='ocr_par' dir='ltr' id='par_1_41' title="bbox 1821 1104 3413 1182">
     <span class='ocr_line' id='line_1_41' title="bbox 1821 1104 3413 1182; baseline -0.006 -17"><span class='ocrx_word' id='word_1_272' title='bbox 1821 1128 1922 1182; x_wconf 91' lang='lat' dir='ltr'><strong>pro</strong></span> <span class='ocrx_word' id='word_1_273' title='bbox 1953 1127 2051 1165; x_wconf 91' lang='lat' dir='ltr'><strong>sua</strong></span> <span class='ocrx_word' id='word_1_274' title='bbox 2084 1110 2351 1163; x_wconf 82' lang='lat' dir='ltr'><strong>sententia</strong></span> <span class='ocrx_word' id='word_1_275' title='bbox 2391 1106 2643 1178; x_wconf 85' lang='lat' dir='ltr'><strong>arripuit,</strong></span> <span class='ocrx_word' id='word_1_276' title='bbox 2676 1121 2775 1176; x_wconf 88' lang='lat' dir='ltr'><strong>pro</strong></span> <span class='ocrx_word' id='word_1_277' title='bbox 2805 1114 3007 1161; x_wconf 73' lang='lat' dir='ltr'><strong>nostrae</strong></span> <span class='ocrx_word' id='word_1_278' title='bbox 3049 1104 3413 1157; x_wconf 88' lang='lat' dir='ltr'><strong>fundamento</strong></span> 
     </span>
    </p>
   </div>
   <div class='ocr_carea' id='block_1_42' title="bbox 1822 1194 3411 1275">
    <p class='ocr_par' dir='ltr' id='par_1_42' title="bbox 1822 1194 3411 1275">
     <span class='ocr_line' id='line_1_42' title="bbox 1822 1194 3411 1275; baseline -0.006 -18"><span class='ocrx_word' id='word_1_279' title='bbox 1822 1220 2005 1275; x_wconf 89' lang='lat' dir='ltr'><strong>pono;</strong></span> <span class='ocrx_word' id='word_1_280' title='bbox 2034 1215 2089 1257; x_wconf 92' lang='lat' dir='ltr'><strong>et</strong></span> <span class='ocrx_word' id='word_1_281' title='bbox 2107 1202 2399 1257; x_wconf 89' lang='lat' dir='ltr'><strong>Basilidem</strong></span> <span class='ocrx_word' id='word_1_282' title='bbox 2428 1215 2575 1255; x_wconf 86' lang='lat' dir='ltr'><strong>anno</strong></span> <span class='ocrx_word' id='word_1_283' title='bbox 2604 1200 2669 1252; x_wconf 78' lang='lat' dir='ltr'><strong>l7</strong></span> <span class='ocrx_word' id='word_1_284' title='bbox 2704 1198 2955 1267; x_wconf 87' lang='lat' dir='ltr'><strong>Adriani,</strong></span> <span class='ocrx_word' id='word_1_285' title='bbox 2995 1205 3117 1267; x_wconf 86' lang='lat' dir='ltr'><strong>post</strong></span> <span class='ocrx_word' id='word_1_286' title='bbox 3151 1194 3210 1250; x_wconf 92' lang='lat' dir='ltr'><strong>S.</strong></span> <span class='ocrx_word' id='word_1_287' title='bbox 3252 1195 3411 1265; x_wconf 82' lang='lat' dir='ltr'><strong>lgna-</strong></span> 
     </span>
    </p>
   </div>
   <div class='ocr_carea' id='block_1_43' title="bbox 1824 1294 3407 1367">
    <p class='ocr_par' dir='ltr' id='par_1_43' title="bbox 1824 1294 3407 1367">
     <span class='ocr_line' id='line_1_43' title="bbox 1824 1294 3407 1367; baseline -0.007 -15"><span class='ocrx_word' id='word_1_288' title='bbox 1824 1298 1884 1352; x_wconf 88' lang='lat' dir='ltr'><strong>tii</strong></span> <span class='ocrx_word' id='word_1_289' title='bbox 1933 1296 2258 1367; x_wconf 84' lang='lat' dir='ltr'><strong>martyrium</strong></span> <span class='ocrx_word' id='word_1_290' title='bbox 2306 1295 2529 1350; x_wconf 86' lang='lat' dir='ltr'><strong>circiter</strong></span> <span class='ocrx_word' id='word_1_291' title='bbox 2563 1294 2633 1349; x_wconf 71' lang='lat'><strong>27</strong></span> <span class='ocrx_word' id='word_1_292' title='bbox 2690 1302 2971 1348; x_wconf 90' lang='lat' dir='ltr'><strong>mortuum</strong></span> <span class='ocrx_word' id='word_1_293' title='bbox 3023 1306 3147 1346; x_wconf 89' lang='lat' dir='ltr'><strong>esse</strong></span> <span class='ocrx_word' id='word_1_294' title='bbox 3204 1298 3407 1345; x_wconf 87' lang='lat' dir='ltr'><strong>statuo.</strong></span> 
     </span>
    </p>
   </div>
   <div class='ocr_carea' id='block_1_44' title="bbox 1822 1379 3411 1442">
    <p class='ocr_par' dir='ltr' id='par_1_44' title="bbox 1822 1379 3411 1442">
     <span class='ocr_line' id='line_1_44' title="bbox 1822 1379 3411 1442; baseline -0.007 0"><span class='ocrx_word' id='word_1_295' title='bbox 1822 1389 1964 1442; x_wconf 91' lang='lat' dir='ltr'><strong>Dum</strong></span> <span class='ocrx_word' id='word_1_296' title='bbox 2015 1397 2195 1442; x_wconf 90' lang='lat' dir='ltr'><strong>autem</strong></span> <span class='ocrx_word' id='word_1_297' title='bbox 2235 1387 2466 1442; x_wconf 90' lang='lat' dir='ltr'><strong>schedas</strong></span> <span class='ocrx_word' id='word_1_298' title='bbox 2496 1384 2760 1440; x_wconf 90' lang='lat' dir='ltr'><strong>Notarum</strong></span> <span class='ocrx_word' id='word_1_299' title='bbox 2806 1381 3038 1437; x_wconf 84' lang='lat' dir='ltr'><strong>Joannis</strong></span> <span class='ocrx_word' id='word_1_300' title='bbox 3067 1380 3321 1436; x_wconf 88' lang='lat' dir='ltr'><strong>Cotclerii</strong></span> <span class='ocrx_word' id='word_1_301' title='bbox 3355 1379 3411 1432; x_wconf 91' lang='lat' dir='ltr'><strong>in</strong></span> 
     </span>
    </p>
   </div>
   <div class='ocr_carea' id='block_1_45' title="bbox 1821 1472 3412 1549">
    <p class='ocr_par' dir='ltr' id='par_1_45' title="bbox 1821 1472 3412 1549">
     <span class='ocr_line' id='line_1_45' title="bbox 1821 1472 3412 1549; baseline -0.009 -11"><span class='ocrx_word' id='word_1_302' title='bbox 1821 1481 2261 1547; x_wconf 78' lang='lat' dir='ltr'><strong>Constitutiones</strong></span> <span class='ocrx_word' id='word_1_303' title='bbox 2301 1479 2631 1549; x_wconf 85' lang='lat' dir='ltr'><strong>apostolicas</strong></span> <span class='ocrx_word' id='word_1_304' title='bbox 2663 1476 2987 1532; x_wconf 80' lang='lat' dir='ltr'><strong>festinanter</strong></span> <span class='ocrx_word' id='word_1_305' title='bbox 3026 1475 3225 1540; x_wconf 90' lang='lat' dir='ltr'><strong>lustro,</strong></span> <span class='ocrx_word' id='word_1_306' title='bbox 3255 1472 3412 1525; x_wconf 90' lang='lat' dir='ltr'><strong>video</strong></span> 
     </span>
    </p>
   </div>
   <div class='ocr_carea' id='block_1_46' title="bbox 1823 1571 3416 1647">
    <p class='ocr_par' dir='ltr' id='par_1_46' title="bbox 1823 1571 3416 1647">
     <span class='ocr_line' id='line_1_46' title="bbox 1823 1571 3416 1647; baseline -0.009 -14"><span class='ocrx_word' id='word_1_307' title='bbox 1823 1595 1948 1633; x_wconf 91' lang='lat' dir='ltr'><strong>cum</strong></span> <span class='ocrx_word' id='word_1_308' title='bbox 1983 1577 2139 1631; x_wconf 87' lang='lat' dir='ltr'><strong>aliter</strong></span> <span class='ocrx_word' id='word_1_309' title='bbox 2175 1575 2564 1647; x_wconf 84' lang='lat' dir='ltr'><strong>Hieronymum</strong></span> <span class='ocrx_word' id='word_1_310' title='bbox 2602 1571 2926 1641; x_wconf 83' lang='lat' dir='ltr'><strong>intelligere,</strong></span> <span class='ocrx_word' id='word_1_311' title='bbox 2964 1576 3020 1623; x_wconf 91' lang='lat' dir='ltr'><strong>et</strong></span> <span class='ocrx_word' id='word_1_312' title='bbox 3057 1582 3157 1638; x_wconf 90' lang='lat' dir='ltr'><strong>pro</strong></span> <span class='ocrx_word' id='word_1_313' title='bbox 3213 1585 3231 1617; x_wconf 85' lang='grc'><strong>‹</strong></span> <span class='ocrx_word' id='word_1_314' title='bbox 3265 1580 3416 1619; x_wconf 88' lang='lat' dir='ltr'><strong>mor-</strong></span> 
     </span>
    </p>
   </div>
   <div class='ocr_carea' id='block_1_47' title="bbox 1777 1655 3410 1760">
    <p class='ocr_par' dir='ltr' id='par_1_47' title="bbox 1777 1655 3410 1760">
     <span class='ocr_line' id='line_1_47' title="bbox 1777 1655 3410 1760; baseline -0.012 -34"><span class='ocrx_word' id='word_1_315' title='bbox 1777 1731 1797 1760; x_wconf 56' lang='lat'>’</span> <span class='ocrx_word' id='word_1_316' title='bbox 1827 1683 1957 1726; x_wconf 90' lang='lat' dir='ltr'><strong>tuus</strong></span> <span class='ocrx_word' id='word_1_317' title='bbox 1990 1681 2074 1723; x_wconf 88' lang='lat' dir='ltr'><strong>est</strong></span> <span class='ocrx_word' id='word_1_318' title='bbox 2108 1687 2125 1719; x_wconf 72' lang='grc' dir='ltr'><strong><em>ι</em></strong></span> <span class='ocrx_word' id='word_1_319' title='bbox 2164 1669 2339 1736; x_wconf 80' lang='lat' dir='ltr'><strong>legere</strong></span> <span class='ocrx_word' id='word_1_320' title='bbox 2372 1684 2391 1711; x_wconf 75' lang='grc' dir='ltr'><strong><em>ε</em></strong></span> <span class='ocrx_word' id='word_1_321' title='bbox 2437 1672 2687 1718; x_wconf 87' lang='lat' dir='ltr'><strong>moratus</strong></span> <span class='ocrx_word' id='word_1_322' title='bbox 2715 1669 2817 1717; x_wconf 90' lang='lat' dir='ltr'><strong>est.</strong></span> <span class='ocrx_word' id='word_1_323' title='bbox 2857 1681 2875 1712; x_wconf 78' lang='grc' dir='ltr'><strong><em>ι</em></strong></span> <span class='ocrx_word' id='word_1_324' title='bbox 2913 1658 3068 1725; x_wconf 84' lang='lat' dir='ltr'><strong>Quod</strong></span> <span class='ocrx_word' id='word_1_325' title='bbox 3105 1664 3163 1710; x_wconf 89' lang='lat' dir='ltr'><strong>ut</strong></span> <span class='ocrx_word' id='word_1_326' title='bbox 3188 1655 3410 1719; x_wconf 81' lang='lat' dir='ltr'><strong>faceret,</strong></span> 
     </span>
    </p>
   </div>
   <div class='ocr_carea' id='block_1_48' title="bbox 1830 1751 3413 1826">
    <p class='ocr_par' dir='ltr' id='par_1_48' title="bbox 1830 1751 3413 1826">
     <span class='ocr_line' id='line_1_48' title="bbox 1830 1751 3413 1826; baseline -0.011 -8"><span class='ocrx_word' id='word_1_327' title='bbox 1830 1765 1931 1818; x_wconf 91' lang='lat' dir='ltr'><strong>tria</strong></span> <span class='ocrx_word' id='word_1_328' title='bbox 1966 1763 2143 1817; x_wconf 87' lang='lat' dir='ltr'><strong>virum</strong></span> <span class='ocrx_word' id='word_1_329' title='bbox 2193 1763 2345 1815; x_wconf 88' lang='lat' dir='ltr'><strong>illum</strong></span> <span class='ocrx_word' id='word_1_330' title='bbox 2387 1758 2665 1815; x_wconf 87' lang='lat' dir='ltr'><strong>eruditum</strong></span> <span class='ocrx_word' id='word_1_331' title='bbox 2700 1760 3108 1826; x_wconf 81' lang='lat' dir='ltr'><strong>permoverunt.</strong></span> <span class='ocrx_word' id='word_1_332' title='bbox 3144 1751 3413 1813; x_wconf 88' lang='lat' dir='ltr'><strong>Primum,</strong></span> 
     </span>
    </p>
   </div>
   <div class='ocr_carea' id='block_1_49' title="bbox 1828 1846 3417 1928">
    <p class='ocr_par' dir='ltr' id='par_1_49' title="bbox 1828 1846 3417 1928">
     <span class='ocr_line' id='line_1_49' title="bbox 1828 1846 3417 1928; baseline -0.011 -15"><span class='ocrx_word' id='word_1_333' title='bbox 1828 1857 1977 1928; x_wconf 88' lang='lat' dir='ltr'><strong>quod</strong></span> <span class='ocrx_word' id='word_1_334' title='bbox 2006 1857 2160 1911; x_wconf 92' lang='lat' dir='ltr'><strong>locus</strong></span> <span class='ocrx_word' id='word_1_335' title='bbox 2190 1852 2438 1921; x_wconf 86' lang='lat' dir='ltr'><strong>Catalogi</strong></span> <span class='ocrx_word' id='word_1_336' title='bbox 2482 1851 2559 1905; x_wconf 91' lang='lat' dir='ltr'><strong>illi</strong></span> <span class='ocrx_word' id='word_1_337' title='bbox 2605 1850 2748 1919; x_wconf 89' lang='lat' dir='ltr'><strong>apud</strong></span> <span class='ocrx_word' id='word_1_338' title='bbox 2795 1846 3108 1902; x_wconf 83' lang='lat' dir='ltr'><strong>Chronieon</strong></span> <span class='ocrx_word' id='word_1_339' title='bbox 3142 1853 3253 1898; x_wconf 90' lang='lat' dir='ltr'><strong>tam</strong></span> <span class='ocrx_word' id='word_1_340' title='bbox 3292 1849 3417 1911; x_wconf 86' lang='lat' dir='ltr'><strong>apte</strong></span> 
     </span>
    </p>
   </div>
   <div class='ocr_carea' id='block_1_50' title="bbox 1832 1935 3416 2020">
    <p class='ocr_par' dir='ltr' id='par_1_50' title="bbox 1832 1935 3416 2020">
     <span class='ocr_line' id='line_1_50' title="bbox 1832 1935 3416 2020; baseline -0.011 -17"><span class='ocrx_word' id='word_1_341' title='bbox 1832 1949 2113 2020; x_wconf 88' lang='lat' dir='ltr'><strong>quadret:</strong></span> <span class='ocrx_word' id='word_1_342' title='bbox 2166 1946 2493 2009; x_wconf 90' lang='lat' dir='ltr'><strong>secundum,</strong></span> <span class='ocrx_word' id='word_1_343' title='bbox 2544 1941 2691 2013; x_wconf 84' lang='lat' dir='ltr'><strong>quod</strong></span> <span class='ocrx_word' id='word_1_344' title='bbox 2737 1941 2793 1994; x_wconf 90' lang='lat' dir='ltr'><strong>in</strong></span> <span class='ocrx_word' id='word_1_345' title='bbox 2840 1940 3085 2009; x_wconf 91' lang='lat' dir='ltr'><strong>quinque</strong></span> <span class='ocrx_word' id='word_1_346' title='bbox 3132 1935 3416 1992; x_wconf 87' lang='lat' dir='ltr'><strong>codicihus</strong></span> 
     </span>
    </p>
   </div>
   <div class='ocr_carea' id='block_1_51' title="bbox 1830 2027 3415 2112">
    <p class='ocr_par' dir='ltr' id='par_1_51' title="bbox 1830 2027 3415 2112">
     <span class='ocr_line' id='line_1_51' title="bbox 1830 2027 3415 2112; baseline -0.012 -13"><span class='ocrx_word' id='word_1_347' title='bbox 1830 2042 2095 2112; x_wconf 90' lang='lat' dir='ltr'><strong>scriptum</strong></span> <span class='ocrx_word' id='word_1_348' title='bbox 2128 2040 2443 2110; x_wconf 86' lang='lat' dir='ltr'><strong>reperisset,</strong></span> <span class='ocrx_word' id='word_1_349' title='bbox 2481 2056 2499 2088; x_wconf 75' lang='grc' dir='ltr'>ι</span> <span class='ocrx_word' id='word_1_350' title='bbox 2541 2044 2790 2090; x_wconf 88' lang='lat' dir='ltr'><strong>moratus</strong></span> <span class='ocrx_word' id='word_1_351' title='bbox 2822 2041 2937 2096; x_wconf 83' lang='lat' dir='ltr'><strong>est;</strong></span> <span class='ocrx_word' id='word_1_352' title='bbox 2980 2050 2998 2083; x_wconf 75' lang='grc' dir='ltr'><strong>ι</strong></span> <span class='ocrx_word' id='word_1_353' title='bbox 3039 2030 3260 2085; x_wconf 88' lang='lat' dir='ltr'><strong>tertium</strong></span> <span class='ocrx_word' id='word_1_354' title='bbox 3289 2027 3415 2081; x_wconf 86' lang='lat' dir='ltr'><strong>Cle-</strong></span> 
     </span>
    </p>
   </div>
   <div class='ocr_carea' id='block_1_52' title="bbox 1831 2123 3417 2197">
    <p class='ocr_par' dir='ltr' id='par_1_52' title="bbox 1831 2123 3417 2197">
     <span class='ocr_line' id='line_1_52' title="bbox 1831 2123 3417 2197; baseline -0.011 -6"><span class='ocrx_word' id='word_1_355' title='bbox 1831 2137 2031 2191; x_wconf 90' lang='lat' dir='ltr'><strong>mentis</strong></span> <span class='ocrx_word' id='word_1_356' title='bbox 2054 2132 2407 2189; x_wconf 86' lang='lat' dir='ltr'><strong>Alexandrini</strong></span> <span class='ocrx_word' id='word_1_357' title='bbox 2435 2131 2616 2183; x_wconf 91' lang='lat' dir='ltr'><strong>locum</strong></span> <span class='ocrx_word' id='word_1_358' title='bbox 2644 2135 2872 2197; x_wconf 89' lang='lat' dir='ltr'><strong>spectat.</strong></span> <span class='ocrx_word' id='word_1_359' title='bbox 2925 2123 3032 2178; x_wconf 90' lang='lat' dir='ltr'><strong>Sed</strong></span> <span class='ocrx_word' id='word_1_360' title='bbox 3077 2123 3195 2176; x_wconf 66' lang='lat' dir='ltr'><strong>haec</strong></span> <span class='ocrx_word' id='word_1_361' title='bbox 3240 2134 3417 2190; x_wconf 89' lang='lat' dir='ltr'><strong>neque</strong></span> 
     </span>
    </p>
   </div>
   <div class='ocr_carea' id='block_1_53' title="bbox 1830 2214 3416 2302">
    <p class='ocr_par' dir='ltr' id='par_1_53' title="bbox 1830 2214 3416 2302">
     <span class='ocr_line' id='line_1_53' title="bbox 1830 2214 3416 2302; baseline -0.014 -14"><span class='ocrx_word' id='word_1_362' title='bbox 1830 2243 2054 2302; x_wconf 87' lang='lat' dir='ltr'><strong>cogunt,</strong></span> <span class='ocrx_word' id='word_1_363' title='bbox 2086 2242 2264 2298; x_wconf 91' lang='lat' dir='ltr'><strong>neque</strong></span> <span class='ocrx_word' id='word_1_364' title='bbox 2308 2223 2662 2295; x_wconf 88' lang='lat' dir='ltr'><strong>persuadent,</strong></span> <span class='ocrx_word' id='word_1_365' title='bbox 2699 2229 2757 2275; x_wconf 91' lang='lat' dir='ltr'><strong>ut</strong></span> <span class='ocrx_word' id='word_1_366' title='bbox 2807 2220 3083 2289; x_wconf 78' lang='lat' dir='ltr'><strong>vulgatam</strong></span> <span class='ocrx_word' id='word_1_367' title='bbox 3122 2214 3416 2269; x_wconf 87' lang='lat' dir='ltr'><strong>lectionem</strong></span> 
     </span>
    </p>
   </div>
   <div class='ocr_carea' id='block_1_54' title="bbox 1830 2304 3418 2384">
    <p class='ocr_par' dir='ltr' id='par_1_54' title="bbox 1830 2304 3418 2384">
     <span class='ocr_line' id='line_1_54' title="bbox 1830 2304 3418 2384; baseline -0.014 -5"><span class='ocrx_word' id='word_1_368' title='bbox 1830 2324 2175 2384; x_wconf 85' lang='lat' dir='ltr'><strong>deseramus,</strong></span> <span class='ocrx_word' id='word_1_369' title='bbox 2207 2328 2303 2374; x_wconf 91' lang='lat' dir='ltr'><strong>aut</strong></span> <span class='ocrx_word' id='word_1_370' title='bbox 2329 2315 2623 2372; x_wconf 91' lang='lat' dir='ltr'><strong>Basilidem</strong></span> <span class='ocrx_word' id='word_1_371' title='bbox 2659 2320 2784 2384; x_wconf 90' lang='lat' dir='ltr'><strong>post</strong></span> <span class='ocrx_word' id='word_1_372' title='bbox 2817 2326 2941 2365; x_wconf 90' lang='lat' dir='ltr'><strong>eum</strong></span> <span class='ocrx_word' id='word_1_373' title='bbox 2979 2322 3183 2363; x_wconf 85' lang='lat' dir='ltr'><strong>annum</strong></span> <span class='ocrx_word' id='word_1_374' title='bbox 3213 2304 3418 2360; x_wconf 79' lang='lat' dir='ltr'><strong>vixisse</strong></span> 
     </span>
    </p>
   </div>
   <div class='ocr_carea' id='block_1_55' title="bbox 1832 2402 3420 2479">
    <p class='ocr_par' dir='ltr' id='par_1_55' title="bbox 1832 2402 3420 2479">
     <span class='ocr_line' id='line_1_55' title="bbox 1832 2402 3420 2479; baseline -0.014 -10"><span class='ocrx_word' id='word_1_375' title='bbox 1832 2415 2143 2470; x_wconf 86' lang='lat' dir='ltr'><strong>credamus.</strong></span> <span class='ocrx_word' id='word_1_376' title='bbox 2171 2410 2291 2465; x_wconf 86' lang='lat' dir='ltr'><strong>Non</strong></span> <span class='ocrx_word' id='word_1_377' title='bbox 2321 2407 2585 2479; x_wconf 88' lang='lat' dir='ltr'><strong>primum,</strong></span> <span class='ocrx_word' id='word_1_378' title='bbox 2616 2404 2746 2474; x_wconf 84' lang='lat' dir='ltr'><strong>quia</strong></span> <span class='ocrx_word' id='word_1_379' title='bbox 2791 2402 2984 2457; x_wconf 91' lang='lat' dir='ltr'><strong>eodem</strong></span> <span class='ocrx_word' id='word_1_380' title='bbox 3023 2413 3169 2453; x_wconf 91' lang='lat' dir='ltr'><strong>anno</strong></span> <span class='ocrx_word' id='word_1_381' title='bbox 3207 2404 3262 2451; x_wconf 85' lang='lat' dir='ltr'><strong>et</strong></span> <span class='ocrx_word' id='word_1_382' title='bbox 3297 2409 3420 2449; x_wconf 89' lang='lat' dir='ltr'><strong>mo-</strong></span> 
     </span>
    </p>
   </div>
   <div class='ocr_carea' id='block_1_56' title="bbox 1833 2484 3417 2577">
    <p class='ocr_par' dir='ltr' id='par_1_56' title="bbox 1833 2484 3417 2577">
     <span class='ocr_line' id='line_1_56' title="bbox 1833 2484 3417 2577; baseline -0.016 -14"><span class='ocrx_word' id='word_1_383' title='bbox 1833 2509 1942 2563; x_wconf 90' lang='lat' dir='ltr'><strong>rari</strong></span> <span class='ocrx_word' id='word_1_384' title='bbox 1998 2506 2179 2577; x_wconf 91' lang='lat' dir='ltr'><strong>potuit</strong></span> <span class='ocrx_word' id='word_1_385' title='bbox 2226 2499 2571 2555; x_wconf 60' lang='lat' dir='ltr'><strong>Alexandria:</strong></span> <span class='ocrx_word' id='word_1_386' title='bbox 2616 2495 2908 2550; x_wconf 72' lang='lat' dir='ltr'><strong>brereticus</strong></span> <span class='ocrx_word' id='word_1_387' title='bbox 2956 2491 3078 2554; x_wconf 90' lang='lat' dir='ltr'><strong>ille,</strong></span> <span class='ocrx_word' id='word_1_388' title='bbox 3138 2495 3193 2542; x_wconf 91' lang='lat' dir='ltr'><strong>et</strong></span> <span class='ocrx_word' id='word_1_389' title='bbox 3232 2484 3417 2549; x_wconf 89' lang='lat' dir='ltr'><strong>mori;</strong></span> 
     </span>
    </p>
   </div>
   <div class='ocr_carea' id='block_1_57' title="bbox 1834 2579 3420 2664">
    <p class='ocr_par' dir='ltr' id='par_1_57' title="bbox 1834 2579 3420 2664">
     <span class='ocr_line' id='line_1_57' title="bbox 1834 2579 3420 2664; baseline -0.017 -6"><span class='ocrx_word' id='word_1_390' title='bbox 1834 2617 2003 2657; x_wconf 87' lang='lat' dir='ltr'><strong>unmn</strong></span> <span class='ocrx_word' id='word_1_391' title='bbox 2038 2597 2283 2653; x_wconf 86' lang='lat' dir='ltr'><strong>indicare</strong></span> <span class='ocrx_word' id='word_1_392' title='bbox 2317 2593 2495 2664; x_wconf 87' lang='lat' dir='ltr'><strong>potuit</strong></span> <span class='ocrx_word' id='word_1_393' title='bbox 2537 2588 2831 2649; x_wconf 90' lang='lat' dir='ltr'><strong>Eusebius,</strong></span> <span class='ocrx_word' id='word_1_394' title='bbox 2867 2586 3100 2640; x_wconf 90' lang='lat' dir='ltr'><strong>alterum</strong></span> <span class='ocrx_word' id='word_1_395' title='bbox 3146 2579 3420 2650; x_wconf 71' lang='lat' dir='ltr'><strong>Hierony-</strong></span> 
     </span>
    </p>
   </div>
   <div class='ocr_carea' id='block_1_58' title="bbox 1834 2671 3423 2760">
    <p class='ocr_par' dir='ltr' id='par_1_58' title="bbox 1834 2671 3423 2760">
     <span class='ocr_line' id='line_1_58' title="bbox 1834 2671 3423 2760; baseline -0.016 -12"><span class='ocrx_word' id='word_1_396' title='bbox 1834 2708 1995 2760; x_wconf 90' lang='lat' dir='ltr'><strong>mus;</strong></span> <span class='ocrx_word' id='word_1_397' title='bbox 2037 2700 2243 2745; x_wconf 89' lang='lat' dir='ltr'><strong>etcum</strong></span> <span class='ocrx_word' id='word_1_398' title='bbox 2275 2688 2342 2742; x_wconf 91' lang='lat' dir='ltr'><strong>de</strong></span> <span class='ocrx_word' id='word_1_399' title='bbox 2374 2692 2536 2739; x_wconf 76' lang='lat' dir='ltr'><strong>aetate</strong></span> <span class='ocrx_word' id='word_1_400' title='bbox 2584 2682 2838 2751; x_wconf 67' lang='lat' dir='ltr'><strong>Agrippa:</strong></span> <span class='ocrx_word' id='word_1_401' title='bbox 2884 2675 3131 2732; x_wconf 84' lang='lat' dir='ltr'><strong>Castoris</strong></span> <span class='ocrx_word' id='word_1_402' title='bbox 3189 2680 3315 2743; x_wconf 87' lang='lat' dir='ltr'><strong>agat</strong></span> <span class='ocrx_word' id='word_1_403' title='bbox 3366 2671 3423 2724; x_wconf 90' lang='lat' dir='ltr'><strong>in</strong></span> 
     </span>
    </p>
   </div>
   <div class='ocr_carea' id='block_1_59' title="bbox 1833 2768 3423 2854">
    <p class='ocr_par' dir='ltr' id='par_1_59' title="bbox 1833 2768 3423 2854">
     <span class='ocr_line' id='line_1_59' title="bbox 1833 2768 3423 2854; baseline -0.015 -14"><span class='ocrx_word' id='word_1_404' title='bbox 1833 2784 2114 2854; x_wconf 86' lang='lat' dir='ltr'><strong>Catalogo,</strong></span> <span class='ocrx_word' id='word_1_405' title='bbox 2138 2780 2322 2850; x_wconf 92' lang='lat' dir='ltr'><strong>potius</strong></span> <span class='ocrx_word' id='word_1_406' title='bbox 2345 2778 2410 2832; x_wconf 92' lang='lat' dir='ltr'><strong>ad</strong></span> <span class='ocrx_word' id='word_1_407' title='bbox 2441 2783 2673 2831; x_wconf 90' lang='lat' dir='ltr'><strong>mortem</strong></span> <span class='ocrx_word' id='word_1_408' title='bbox 2713 2768 2991 2832; x_wconf 87' lang='lat' dir='ltr'><strong>Basilidis,</strong></span> <span class='ocrx_word' id='word_1_409' title='bbox 3035 2777 3225 2822; x_wconf 85' lang='lat' dir='ltr'><strong>contra</strong></span> <span class='ocrx_word' id='word_1_410' title='bbox 3257 2779 3423 2833; x_wconf 83' lang='lat' dir='ltr'><strong>quem</strong></span> 
     </span>
    </p>
   </div>
   <div class='ocr_carea' id='block_1_60' title="bbox 1833 2855 3429 2948">
    <p class='ocr_par' dir='ltr' id='par_1_60' title="bbox 1833 2855 3429 2948">
     <span class='ocr_line' id='line_1_60' title="bbox 1833 2855 3429 2948; baseline -0.013 -18"><span class='ocrx_word' id='word_1_411' title='bbox 1833 2876 2072 2948; x_wconf 78' lang='lat' dir='ltr'><strong>Agrippa</strong></span> <span class='ocrx_word' id='word_1_412' title='bbox 2130 2873 2234 2929; x_wconf 90' lang='lat' dir='ltr'><strong>sub</strong></span> <span class='ocrx_word' id='word_1_413' title='bbox 2268 2870 2516 2925; x_wconf 83' lang='lat' dir='ltr'><strong>Adriano</strong></span> <span class='ocrx_word' id='word_1_414' title='bbox 2561 2864 2805 2935; x_wconf 88' lang='lat' dir='ltr'><strong>scripsit,</strong></span> <span class='ocrx_word' id='word_1_415' title='bbox 2842 2862 3115 2931; x_wconf 85' lang='lat' dir='ltr'><strong>respicere</strong></span> <span class='ocrx_word' id='word_1_416' title='bbox 3144 2855 3429 2927; x_wconf 85' lang='lat' dir='ltr'><strong>putandus</strong></span> 
     </span>
    </p>
   </div>
   <div class='ocr_carea' id='block_1_61' title="bbox 1833 2946 3426 3036">
    <p class='ocr_par' dir='ltr' id='par_1_61' title="bbox 1833 2946 3426 3036">
     <span class='ocr_line' id='line_1_61' title="bbox 1833 2946 3426 3036; baseline -0.016 -13"><span class='ocrx_word' id='word_1_417' title='bbox 1833 2946 1937 3034; x_wconf 76' lang='lat' dir='ltr'><strong>est,</strong></span> <span class='ocrx_word' id='word_1_418' title='bbox 1971 2981 2135 3036; x_wconf 90' lang='lat' dir='ltr'><strong>quam</strong></span> <span class='ocrx_word' id='word_1_419' title='bbox 2167 2964 2234 3018; x_wconf 87' lang='lat' dir='ltr'><strong>ad</strong></span> <span class='ocrx_word' id='word_1_420' title='bbox 2263 2977 2508 3026; x_wconf 92' lang='lat' dir='ltr'><strong>moram;</strong></span> <span class='ocrx_word' id='word_1_421' title='bbox 2539 2968 2593 3013; x_wconf 90' lang='lat' dir='ltr'><strong>et</strong></span> <span class='ocrx_word' id='word_1_422' title='bbox 2624 2954 2919 3012; x_wconf 84' lang='lat' dir='ltr'><strong>verisimile</strong></span> <span class='ocrx_word' id='word_1_423' title='bbox 2939 2960 3024 3007; x_wconf 88' lang='lat' dir='ltr'><strong>est</strong></span> <span class='ocrx_word' id='word_1_424' title='bbox 3052 2965 3176 3003; x_wconf 89' lang='lat' dir='ltr'><strong>eum</strong></span> <span class='ocrx_word' id='word_1_425' title='bbox 3208 2950 3278 3001; x_wconf 89' lang='lat' dir='ltr'><strong>ita</strong></span> <span class='ocrx_word' id='word_1_426' title='bbox 3314 2946 3426 2999; x_wconf 87' lang='lat' dir='ltr'><strong>Eu-</strong></span> 
     </span>
    </p>
   </div>
   <div class='ocr_carea' id='block_1_62' title="bbox 160 3037 3427 3143">
    <p class='ocr_par' dir='ltr' id='par_1_62' title="bbox 160 3037 3427 3143">
     <span class='ocr_line' id='line_1_62' title="bbox 160 3037 3427 3143; baseline -0.01 -21"><span class='ocrx_word' id='word_1_427' title='bbox 160 3081 387 3137; x_wconf 78' lang='lat' dir='ltr'><strong>spargere</strong></span> <span class='ocrx_word' id='word_1_428' title='bbox 413 3068 680 3139; x_wconf 89' lang='lat' dir='ltr'><strong>potuisse</strong></span> <span class='ocrx_word' id='word_1_429' title='bbox 712 3076 842 3121; x_wconf 90' lang='lat' dir='ltr'><strong>ante</strong></span> <span class='ocrx_word' id='word_1_430' title='bbox 868 3067 1215 3122; x_wconf 91' lang='lat' dir='ltr'><strong>undecimum</strong></span> <span class='ocrx_word' id='word_1_431' title='bbox 1246 3083 1449 3122; x_wconf 86' lang='lat' dir='ltr'><strong>annum</strong></span> <span class='ocrx_word' id='word_1_432' title='bbox 1485 3067 1744 3143; x_wconf 57' lang='lat' dir='ltr'><strong>Traiani;</strong></span> <span class='ocrx_word' id='word_1_433' title='bbox 1773 3079 1819 3141; x_wconf 73' lang='grc' dir='ltr'>ο</span> <span class='ocrx_word' id='word_1_434' title='bbox 1850 3058 2061 3114; x_wconf 89' lang='lat' dir='ltr'><strong>sebium</strong></span> <span class='ocrx_word' id='word_1_435' title='bbox 2096 3053 2449 3115; x_wconf 83' lang='lat' dir='ltr'><strong>intellexisse,</strong></span> <span class='ocrx_word' id='word_1_436' title='bbox 2483 3057 2543 3103; x_wconf 92' lang='lat' dir='ltr'><strong>ut</strong></span> <span class='ocrx_word' id='word_1_437' title='bbox 2580 3062 2753 3117; x_wconf 90' lang='lat' dir='ltr'><strong>usque</strong></span> <span class='ocrx_word' id='word_1_438' title='bbox 2800 3044 2867 3099; x_wconf 89' lang='lat' dir='ltr'><strong>ad</strong></span> <span class='ocrx_word' id='word_1_439' title='bbox 2917 3057 3124 3097; x_wconf 88' lang='lat' dir='ltr'><strong>annum</strong></span> <span class='ocrx_word' id='word_1_440' title='bbox 3158 3038 3213 3092; x_wconf 92' lang='lat' dir='ltr'><strong>in</strong></span> <span class='ocrx_word' id='word_1_441' title='bbox 3248 3037 3427 3091; x_wconf 87' lang='lat' dir='ltr'><strong>Chro—</strong></span> 
     </span>
    </p>
   </div>
   <div class='ocr_carea' id='block_1_63' title="bbox 159 3159 1732 3232">
    <p class='ocr_par' dir='ltr' id='par_1_63' title="bbox 159 3159 1732 3232">
     <span class='ocr_line' id='line_1_63' title="bbox 159 3159 1732 3232; baseline 0.004 -23"><span class='ocrx_word' id='word_1_442' title='bbox 159 3174 303 3227; x_wconf 76' lang='lat' dir='ltr'><strong>raque</strong></span> <span class='ocrx_word' id='word_1_443' title='bbox 333 3176 507 3215; x_wconf 88' lang='lat' dir='ltr'><strong>nemo</strong></span> <span class='ocrx_word' id='word_1_444' title='bbox 551 3176 666 3215; x_wconf 92' lang='lat' dir='ltr'><strong>non</strong></span> <span class='ocrx_word' id='word_1_445' title='bbox 698 3159 961 3214; x_wconf 83' lang='lat' dir='ltr'><strong>concedet</strong></span> <span class='ocrx_word' id='word_1_446' title='bbox 992 3160 1059 3214; x_wconf 90' lang='lat' dir='ltr'><strong>ab</strong></span> <span class='ocrx_word' id='word_1_447' title='bbox 1113 3160 1321 3232; x_wconf 88' lang='lat' dir='ltr'><strong>lgnatio</strong></span> <span class='ocrx_word' id='word_1_448' title='bbox 1362 3170 1487 3215; x_wconf 89' lang='lat' dir='ltr'><strong>ante</strong></span> <span class='ocrx_word' id='word_1_449' title='bbox 1527 3170 1732 3232; x_wconf 79' lang='lat' dir='ltr'><strong>marty-</strong></span> 
     </span>
    </p>
   </div>
   <div class='ocr_carea' id='block_1_64' title="bbox 159 3250 878 3321">
    <p class='ocr_par' dir='ltr' id='par_1_64' title="bbox 159 3250 878 3321">
     <span class='ocr_line' id='line_1_64' title="bbox 159 3250 878 3321; baseline 0.004 -20"><span class='ocrx_word' id='word_1_450' title='bbox 159 3250 276 3302; x_wconf 83' lang='lat' dir='ltr'><strong>rium</strong></span> <span class='ocrx_word' id='word_1_451' title='bbox 298 3251 553 3321; x_wconf 86' lang='lat' dir='ltr'><strong>potuisse</strong></span> <span class='ocrx_word' id='word_1_452' title='bbox 586 3250 878 3321; x_wconf 82' lang='lat' dir='ltr'><strong>cognosci.</strong></span> 
     </span>
    </p>
   </div>
   <div class='ocr_carea' id='block_1_65' title="bbox 215 3324 1741 3413">
    <p class='ocr_par' dir='ltr' id='par_1_65' title="bbox 215 3324 1741 3413">
     <span class='ocr_line' id='line_1_65' title="bbox 215 3324 1741 3413; baseline 0.005 -21"><span class='ocrx_word' id='word_1_453' title='bbox 215 3340 324 3397; x_wconf 75' lang='lat' dir='ltr'><strong>Alio</strong></span> <span class='ocrx_word' id='word_1_454' title='bbox 352 3343 527 3397; x_wconf 89' lang='lat' dir='ltr'><strong>etiam</strong></span> <span class='ocrx_word' id='word_1_455' title='bbox 552 3352 887 3413; x_wconf 85' lang='lat' dir='ltr'><strong>argumento</strong></span> <span class='ocrx_word' id='word_1_456' title='bbox 919 3344 1091 3397; x_wconf 89' lang='lat' dir='ltr'><strong>utitur</strong></span> <span class='ocrx_word' id='word_1_457' title='bbox 1130 3343 1361 3400; x_wconf 62' lang='lat' dir='ltr'><strong>Dallmns</strong></span> <span class='ocrx_word' id='word_1_458' title='bbox 1407 3363 1420 3398; x_wconf 89' lang='lat'>:</span> <span class='ocrx_word' id='word_1_459' title='bbox 1472 3365 1489 3396; x_wconf 74' lang='grc' dir='ltr'><strong>ί</strong></span> <span class='ocrx_word' id='word_1_460' title='bbox 1545 3324 1741 3400; x_wconf 63' lang='lat' dir='ltr'><strong>Satur:</strong></span> 
     </span>
    </p>
   </div>
   <div class='ocr_carea' id='block_1_66' title="bbox 159 3434 1735 3509">
    <p class='ocr_par' dir='ltr' id='par_1_66' title="bbox 159 3434 1735 3509">
     <span class='ocr_line' id='line_1_66' title="bbox 159 3434 1735 3509; baseline 0.004 -24"><span class='ocrx_word' id='word_1_461' title='bbox 159 3434 280 3491; x_wconf 82' lang='lat' dir='ltr'><strong>nilus</strong></span> <span class='ocrx_word' id='word_1_462' title='bbox 329 3450 385 3491; x_wconf 88' lang='lat' dir='ltr'><strong>et</strong></span> <span class='ocrx_word' id='word_1_463' title='bbox 433 3436 712 3491; x_wconf 81' lang='lat' dir='ltr'><strong>Basilides</strong></span> <span class='ocrx_word' id='word_1_464' title='bbox 768 3437 930 3491; x_wconf 87' lang='lat' dir='ltr'><strong>annis</strong></span> <span class='ocrx_word' id='word_1_465' title='bbox 980 3437 1227 3505; x_wconf 83' lang='lat' dir='ltr'><strong>pluribus</strong></span> <span class='ocrx_word' id='word_1_466' title='bbox 1282 3453 1445 3508; x_wconf 89' lang='lat' dir='ltr'><strong>quam</strong></span> <span class='ocrx_word' id='word_1_467' title='bbox 1501 3437 1572 3492; x_wconf 72' lang='lat'><strong>20</strong></span> <span class='ocrx_word' id='word_1_468' title='bbox 1611 3447 1735 3509; x_wconf 88' lang='lat' dir='ltr'><strong>post</strong></span> 
     </span>
    </p>
   </div>
   <div class='ocr_carea' id='block_1_67' title="bbox 160 3523 1731 3601">
    <p class='ocr_par' dir='ltr' id='par_1_67' title="bbox 160 3523 1731 3601">
     <span class='ocr_line' id='line_1_67' title="bbox 160 3523 1731 3601; baseline 0.006 -25"><span class='ocrx_word' id='word_1_469' title='bbox 160 3523 325 3589; x_wconf 73' lang='lat' dir='ltr'><strong>lgnatii</strong></span> <span class='ocrx_word' id='word_1_470' title='bbox 364 3529 706 3599; x_wconf 85' lang='lat' dir='ltr'><strong>martyrium</strong></span> <span class='ocrx_word' id='word_1_471' title='bbox 751 3544 849 3583; x_wconf 86' lang='lat' dir='ltr'><strong>sua</strong></span> <span class='ocrx_word' id='word_1_472' title='bbox 886 3528 1077 3583; x_wconf 82' lang='lat' dir='ltr'><strong>deliria</strong></span> <span class='ocrx_word' id='word_1_473' title='bbox 1124 3545 1379 3600; x_wconf 83' lang='lat' dir='ltr'><strong>spargere</strong></span> <span class='ocrx_word' id='word_1_474' title='bbox 1427 3541 1731 3601; x_wconf 73' lang='lat' dir='ltr'><strong>coeperunt.</strong></span> 
     </span>
    </p>
   </div>
   <div class='ocr_carea' id='block_1_68' title="bbox 164 3616 1736 3693">
    <p class='ocr_par' dir='ltr' id='par_1_68' title="bbox 164 3616 1736 3693">
     <span class='ocr_line' id='line_1_68' title="bbox 164 3616 1736 3693; baseline 0.002 -20"><span class='ocrx_word' id='word_1_475' title='bbox 164 3616 463 3677; x_wconf 72' lang='lat' dir='ltr'><strong>Valentinus</strong></span> <span class='ocrx_word' id='word_1_476' title='bbox 505 3630 693 3676; x_wconf 88' lang='lat' dir='ltr'><strong>autem</strong></span> <span class='ocrx_word' id='word_1_477' title='bbox 727 3630 851 3691; x_wconf 88' lang='lat' dir='ltr'><strong>post</strong></span> <span class='ocrx_word' id='word_1_478' title='bbox 898 3622 998 3677; x_wconf 89' lang='lat' dir='ltr'><strong>bos</strong></span> <span class='ocrx_word' id='word_1_479' title='bbox 1045 3623 1185 3677; x_wconf 89' lang='lat' dir='ltr'><strong>duos</strong></span> <span class='ocrx_word' id='word_1_480' title='bbox 1230 3624 1428 3693; x_wconf 89' lang='lat' dir='ltr'><strong>erupit.</strong></span> <span class='ocrx_word' id='word_1_481' title='bbox 1485 3644 1503 3675; x_wconf 85' lang='grc'>›</span> <span class='ocrx_word' id='word_1_482' title='bbox 1550 3623 1736 3677; x_wconf 87' lang='lat' dir='ltr'><strong>Primo</strong></span> 
     </span>
    </p>
   </div>
   <div class='ocr_carea' id='block_1_69' title="bbox 160 3713 1733 3787">
    <p class='ocr_par' dir='ltr' id='par_1_69' title="bbox 160 3713 1733 3787">
     <span class='ocr_line' id='line_1_69' title="bbox 160 3713 1733 3787; baseline 0.003 -23"><span class='ocrx_word' id='word_1_483' title='bbox 160 3713 356 3778; x_wconf 87' lang='lat' dir='ltr'><strong>quidem</strong></span> <span class='ocrx_word' id='word_1_484' title='bbox 387 3714 573 3769; x_wconf 85' lang='lat' dir='ltr'><strong>fateor</strong></span> <span class='ocrx_word' id='word_1_485' title='bbox 599 3713 954 3769; x_wconf 86' lang='lat' dir='ltr'><strong>Valentinum</strong></span> <span class='ocrx_word' id='word_1_486' title='bbox 986 3725 1112 3785; x_wconf 91' lang='lat' dir='ltr'><strong>post</strong></span> <span class='ocrx_word' id='word_1_487' title='bbox 1151 3732 1245 3771; x_wconf 90' lang='lat' dir='ltr'><strong>eos</strong></span> <span class='ocrx_word' id='word_1_488' title='bbox 1278 3718 1421 3772; x_wconf 92' lang='lat' dir='ltr'><strong>duos</strong></span> <span class='ocrx_word' id='word_1_489' title='bbox 1463 3719 1733 3787; x_wconf 77' lang='lat' dir='ltr'><strong>erupisse,</strong></span> 
     </span>
    </p>
   </div>
   <div class='ocr_carea' id='block_1_70' title="bbox 160 3805 1737 3881">
    <p class='ocr_par' dir='ltr' id='par_1_70' title="bbox 160 3805 1737 3881">
     <span class='ocr_line' id='line_1_70' title="bbox 160 3805 1737 3881; baseline 0.006 -26"><span class='ocrx_word' id='word_1_490' title='bbox 160 3805 237 3858; x_wconf 87' lang='lat' dir='ltr'><strong>sed</strong></span> <span class='ocrx_word' id='word_1_491' title='bbox 269 3822 376 3861; x_wconf 92' lang='lat' dir='ltr'><strong>non</strong></span> <span class='ocrx_word' id='word_1_492' title='bbox 405 3822 613 3878; x_wconf 85' lang='lat' dir='ltr'><strong>magno</strong></span> <span class='ocrx_word' id='word_1_493' title='bbox 648 3807 955 3862; x_wconf 89' lang='lat' dir='ltr'><strong>intervallo.</strong></span> <span class='ocrx_word' id='word_1_494' title='bbox 994 3809 1244 3864; x_wconf 86' lang='lat' dir='ltr'><strong>Secundo</strong></span> <span class='ocrx_word' id='word_1_495' title='bbox 1285 3811 1448 3865; x_wconf 88' lang='lat' dir='ltr'><strong>etiam</strong></span> <span class='ocrx_word' id='word_1_496' title='bbox 1495 3827 1737 3881; x_wconf 84' lang='lat' dir='ltr'><strong>agnoseo</strong></span> 
     </span>
    </p>
   </div>
   <div class='ocr_carea' id='block_1_71' title="bbox 163 3894 1737 3975">
    <p class='ocr_par' dir='ltr' id='par_1_71' title="bbox 163 3894 1737 3975">
     <span class='ocr_line' id='line_1_71' title="bbox 163 3894 1737 3975; baseline 0.007 -27"><span class='ocrx_word' id='word_1_497' title='bbox 163 3894 487 3954; x_wconf 76' lang='lat' dir='ltr'><strong>Saturnilum</strong></span> <span class='ocrx_word' id='word_1_498' title='bbox 518 3900 676 3970; x_wconf 87' lang='lat' dir='ltr'><strong>prius</strong></span> <span class='ocrx_word' id='word_1_499' title='bbox 704 3916 862 3955; x_wconf 87' lang='lat' dir='ltr'><strong>suam</strong></span> <span class='ocrx_word' id='word_1_500' title='bbox 894 3902 1124 3957; x_wconf 61' lang='lat' dir='ltr'><strong>haeresin</strong></span> <span class='ocrx_word' id='word_1_501' title='bbox 1155 3903 1410 3959; x_wconf 87' lang='lat' dir='ltr'><strong>docuisse</strong></span> <span class='ocrx_word' id='word_1_502' title='bbox 1437 3919 1603 3975; x_wconf 90' lang='lat' dir='ltr'><strong>quam</strong></span> <span class='ocrx_word' id='word_1_503' title='bbox 1632 3904 1737 3959; x_wconf 83' lang='lat' dir='ltr'><strong>Ba-</strong></span> 
     </span>
    </p>
   </div>
   <div class='ocr_carea' id='block_1_72' title="bbox 162 3988 1740 4062">
    <p class='ocr_par' dir='ltr' id='par_1_72' title="bbox 162 3988 1740 4062">
     <span class='ocr_line' id='line_1_72' title="bbox 162 3988 1740 4062; baseline 0.006 -22"><span class='ocrx_word' id='word_1_504' title='bbox 162 3988 381 4054; x_wconf 87' lang='lat' dir='ltr'><strong>silidem,</strong></span> <span class='ocrx_word' id='word_1_505' title='bbox 423 3992 574 4061; x_wconf 90' lang='lat' dir='ltr'><strong>quod</strong></span> <span class='ocrx_word' id='word_1_506' title='bbox 607 3990 806 4046; x_wconf 84' lang='lat' dir='ltr'><strong>frivola</strong></span> <span class='ocrx_word' id='word_1_507' title='bbox 851 3992 1167 4062; x_wconf 89' lang='lat' dir='ltr'><strong>suspicione</strong></span> <span class='ocrx_word' id='word_1_508' title='bbox 1214 3995 1415 4052; x_wconf 81' lang='lat' dir='ltr'><strong>ductus</strong></span> <span class='ocrx_word' id='word_1_509' title='bbox 1466 3996 1740 4053; x_wconf 89' lang='lat' dir='ltr'><strong>Baronius</strong></span> 
     </span>
    </p>
   </div>
   <div class='ocr_carea' id='block_1_73' title="bbox 163 4083 1740 4158">
    <p class='ocr_par' dir='ltr' id='par_1_73' title="bbox 163 4083 1740 4158">
     <span class='ocr_line' id='line_1_73' title="bbox 163 4083 1740 4158; baseline 0.006 -26"><span class='ocrx_word' id='word_1_510' title='bbox 163 4083 382 4151; x_wconf 82' lang='lat' dir='ltr'><strong>negavit.</strong></span> <span class='ocrx_word' id='word_1_511' title='bbox 414 4083 521 4138; x_wconf 87' lang='lat' dir='ltr'><strong>Sed</strong></span> <span class='ocrx_word' id='word_1_512' title='bbox 555 4084 778 4139; x_wconf 87' lang='lat' dir='ltr'><strong>interim</strong></span> <span class='ocrx_word' id='word_1_513' title='bbox 815 4095 1000 4154; x_wconf 84' lang='lat' dir='ltr'><strong>aperte</strong></span> <span class='ocrx_word' id='word_1_514' title='bbox 1028 4101 1165 4156; x_wconf 86' lang='lat' dir='ltr'><strong>nego</strong></span> <span class='ocrx_word' id='word_1_515' title='bbox 1188 4088 1299 4143; x_wconf 93' lang='lat' dir='ltr'><strong>ullo</strong></span> <span class='ocrx_word' id='word_1_516' title='bbox 1326 4089 1491 4144; x_wconf 90' lang='lat' dir='ltr'><strong>modo</strong></span> <span class='ocrx_word' id='word_1_517' title='bbox 1517 4089 1740 4158; x_wconf 90' lang='lat' dir='ltr'><strong>probari</strong></span> 
     </span>
    </p>
   </div>
   <div class='ocr_carea' id='block_1_74' title="bbox 166 4174 1742 4248">
    <p class='ocr_par' dir='ltr' id='par_1_74' title="bbox 166 4174 1742 4248">
     <span class='ocr_line' id='line_1_74' title="bbox 166 4174 1742 4248; baseline 0.005 -22"><span class='ocrx_word' id='word_1_518' title='bbox 166 4186 330 4238; x_wconf 77' lang='lat' dir='ltr'><strong>posse,</strong></span> <span class='ocrx_word' id='word_1_519' title='bbox 358 4174 653 4230; x_wconf 86' lang='lat' dir='ltr'><strong>Basilidem</strong></span> <span class='ocrx_word' id='word_1_520' title='bbox 696 4183 779 4229; x_wconf 91' lang='lat' dir='ltr'><strong>tot</strong></span> <span class='ocrx_word' id='word_1_521' title='bbox 804 4177 964 4231; x_wconf 90' lang='lat' dir='ltr'><strong>annis</strong></span> <span class='ocrx_word' id='word_1_522' title='bbox 996 4187 1124 4247; x_wconf 89' lang='lat' dir='ltr'><strong>post</strong></span> <span class='ocrx_word' id='word_1_523' title='bbox 1148 4177 1343 4248; x_wconf 87' lang='lat' dir='ltr'><strong>lgnatii</strong></span> <span class='ocrx_word' id='word_1_524' title='bbox 1375 4188 1608 4235; x_wconf 89' lang='lat' dir='ltr'><strong>mortem</strong></span> <span class='ocrx_word' id='word_1_525' title='bbox 1642 4197 1742 4234; x_wconf 90' lang='lat' dir='ltr'><strong>sua</strong></span> 
     </span>
    </p>
   </div>
   <div class='ocr_carea' id='block_1_75' title="bbox 166 4262 1745 4343">
    <p class='ocr_par' dir='ltr' id='par_1_75' title="bbox 166 4262 1745 4343">
     <span class='ocr_line' id='line_1_75' title="bbox 166 4262 1745 4343; baseline 0.008 -28"><span class='ocrx_word' id='word_1_526' title='bbox 166 4262 342 4318; x_wconf 85' lang='lat' dir='ltr'><strong>deliria</strong></span> <span class='ocrx_word' id='word_1_527' title='bbox 370 4281 633 4335; x_wconf 78' lang='lat' dir='ltr'><strong>spargere</strong></span> <span class='ocrx_word' id='word_1_528' title='bbox 663 4268 921 4337; x_wconf 72' lang='lat' dir='ltr'><strong>cmpisse.</strong></span> <span class='ocrx_word' id='word_1_529' title='bbox 956 4268 1145 4326; x_wconf 84' lang='lat' dir='ltr'><strong>Plures</strong></span> <span class='ocrx_word' id='word_1_530' title='bbox 1200 4286 1365 4340; x_wconf 86' lang='lat' dir='ltr'><strong>quam</strong></span> <span class='ocrx_word' id='word_1_531' title='bbox 1414 4272 1607 4343; x_wconf 78' lang='lat' dir='ltr'><strong>viginti</strong></span> <span class='ocrx_word' id='word_1_532' title='bbox 1646 4288 1745 4326; x_wconf 90' lang='lat' dir='ltr'><strong>an-</strong></span> 
     </span>
    </p>
   </div>
   <div class='ocr_carea' id='block_1_76' title="bbox 169 4355 1744 4435">
    <p class='ocr_par' dir='ltr' id='par_1_76' title="bbox 169 4355 1744 4435">
     <span class='ocr_line' id='line_1_76' title="bbox 169 4355 1744 4435; baseline 0.008 -27"><span class='ocrx_word' id='word_1_533' title='bbox 169 4369 257 4408; x_wconf 87' lang='lat' dir='ltr'><strong>nos</strong></span> <span class='ocrx_word' id='word_1_534' title='bbox 302 4355 402 4412; x_wconf 90' lang='lat' dir='ltr'><strong>hoc</strong></span> <span class='ocrx_word' id='word_1_535' title='bbox 445 4358 570 4412; x_wconf 90' lang='lat' dir='ltr'><strong>loco</strong></span> <span class='ocrx_word' id='word_1_536' title='bbox 631 4360 903 4422; x_wconf 90' lang='lat' dir='ltr'><strong>nominat,</strong></span> <span class='ocrx_word' id='word_1_537' title='bbox 948 4362 1125 4432; x_wconf 86' lang='lat' dir='ltr'><strong>capite</strong></span> <span class='ocrx_word' id='word_1_538' title='bbox 1164 4372 1346 4427; x_wconf 84' lang='lat' dir='ltr'><strong>autem</strong></span> <span class='ocrx_word' id='word_1_539' title='bbox 1395 4365 1462 4419; x_wconf 83' lang='grc'><strong>10</strong></span> <span class='ocrx_word' id='word_1_540' title='bbox 1497 4365 1564 4419; x_wconf 89' lang='lat' dir='ltr'><strong>ad</strong></span> <span class='ocrx_word' id='word_1_541' title='bbox 1599 4365 1744 4435; x_wconf 92' lang='lat' dir='ltr'><strong>quod</strong></span> 
     </span>
    </p>
   </div>
   <div class='ocr_carea' id='block_1_77' title="bbox 1838 3131 3425 3207">
    <p class='ocr_par' dir='ltr' id='par_1_77' title="bbox 1838 3131 3425 3207">
     <span class='ocr_line' id='line_1_77' title="bbox 1838 3131 3425 3207; baseline -0.016 0"><span class='ocrx_word' id='word_1_542' title='bbox 1838 3152 1965 3207; x_wconf 89' lang='lat' dir='ltr'><strong>nico</strong></span> <span class='ocrx_word' id='word_1_543' title='bbox 1992 3156 2240 3203; x_wconf 90' lang='lat' dir='ltr'><strong>notatum</strong></span> <span class='ocrx_word' id='word_1_544' title='bbox 2270 3144 2563 3200; x_wconf 90' lang='lat' dir='ltr'><strong>Basilidem</strong></span> <span class='ocrx_word' id='word_1_545' title='bbox 2602 3141 2806 3195; x_wconf 84' lang='lat' dir='ltr'><strong>vixisse</strong></span> <span class='ocrx_word' id='word_1_546' title='bbox 2838 3134 3093 3199; x_wconf 89' lang='lat' dir='ltr'><strong>voluerit,</strong></span> <span class='ocrx_word' id='word_1_547' title='bbox 3136 3131 3183 3187; x_wconf 93' lang='lat' dir='ltr'><strong>si</strong></span> <span class='ocrx_word' id='word_1_548' title='bbox 3237 3144 3425 3184; x_wconf 88' lang='lat' dir='ltr'><strong>revera</strong></span> 
     </span>
    </p>
   </div>
   <div class='ocr_carea' id='block_1_78' title="bbox 1838 3230 3420 3306">
    <p class='ocr_par' dir='ltr' id='par_1_78' title="bbox 1838 3230 3420 3306">
     <span class='ocr_line' id='line_1_78' title="bbox 1838 3230 3420 3306; baseline -0.015 -10"><span class='ocrx_word' id='word_1_549' title='bbox 1838 3242 1891 3296; x_wconf 89' lang='lat' dir='ltr'><strong>in</strong></span> <span class='ocrx_word' id='word_1_550' title='bbox 1915 3238 2191 3295; x_wconf 89' lang='lat' dir='ltr'><strong>Chronico</strong></span> <span class='ocrx_word' id='word_1_551' title='bbox 2214 3234 2579 3306; x_wconf 81' lang='lat' dir='ltr'><strong>Hieronymus</strong></span> <span class='ocrx_word' id='word_1_552' title='bbox 2603 3230 2886 3302; x_wconf 85' lang='lat' dir='ltr'><strong>scripserit</strong></span> <span class='ocrx_word' id='word_1_553' title='bbox 2915 3246 2933 3279; x_wconf 75' lang='grc' dir='ltr'>ι</span> <span class='ocrx_word' id='word_1_554' title='bbox 2971 3230 3362 3282; x_wconf 90' lang='lat' dir='ltr'><strong>commoratur.</strong></span> <span class='ocrx_word' id='word_1_555' title='bbox 3402 3240 3420 3271; x_wconf 72' lang='grc' dir='ltr'><strong>ι</strong></span> 
     </span>
    </p>
   </div>
   <div class='ocr_carea' id='block_1_79' title="bbox 1837 3313 3428 3391">
    <p class='ocr_par' dir='ltr' id='par_1_79' title="bbox 1837 3313 3428 3391">
     <span class='ocr_line' id='line_1_79' title="bbox 1837 3313 3428 3391; baseline -0.013 -6"><span class='ocrx_word' id='word_1_556' title='bbox 1837 3329 1973 3386; x_wconf 77' lang='lat' dir='ltr'><strong>Nam</strong></span> <span class='ocrx_word' id='word_1_557' title='bbox 2006 3345 2107 3384; x_wconf 91' lang='lat' dir='ltr'><strong>nec</strong></span> <span class='ocrx_word' id='word_1_558' title='bbox 2154 3329 2258 3383; x_wconf 89' lang='lat' dir='ltr'><strong>hoc</strong></span> <span class='ocrx_word' id='word_1_559' title='bbox 2293 3334 2503 3381; x_wconf 90' lang='lat' dir='ltr'><strong>certum</strong></span> <span class='ocrx_word' id='word_1_560' title='bbox 2550 3332 2663 3389; x_wconf 87' lang='lat' dir='ltr'><strong>est;</strong></span> <span class='ocrx_word' id='word_1_561' title='bbox 2703 3322 2963 3391; x_wconf 88' lang='lat' dir='ltr'><strong>quoniam</strong></span> <span class='ocrx_word' id='word_1_562' title='bbox 2994 3331 3062 3372; x_wconf 91' lang='lat' dir='ltr'><strong>eo</strong></span> <span class='ocrx_word' id='word_1_563' title='bbox 3090 3315 3200 3369; x_wconf 92' lang='lat' dir='ltr'><strong>loci</strong></span> <span class='ocrx_word' id='word_1_564' title='bbox 3227 3313 3428 3382; x_wconf 84' lang='lat' dir='ltr'><strong>legitur</strong></span> 
     </span>
    </p>
   </div>
   <div class='ocr_carea' id='block_1_80' title="bbox 1838 3402 3428 3481">
    <p class='ocr_par' dir='ltr' id='par_1_80' title="bbox 1838 3402 3428 3481">
     <span class='ocr_line' id='line_1_80' title="bbox 1838 3402 3428 3481; baseline -0.016 -2"><span class='ocrx_word' id='word_1_565' title='bbox 1838 3426 2003 3480; x_wconf 91' lang='lat' dir='ltr'><strong>etiam</strong></span> <span class='ocrx_word' id='word_1_566' title='bbox 2043 3441 2061 3475; x_wconf 87' lang='grc'>‹</span> <span class='ocrx_word' id='word_1_567' title='bbox 2094 3426 2602 3475; x_wconf 86' lang='lat' dir='ltr'><strong>commemoratur:</strong></span> <span class='ocrx_word' id='word_1_568' title='bbox 2652 3433 2671 3466; x_wconf 74' lang='grc' dir='ltr'><strong><em>ι</em></strong></span> <span class='ocrx_word' id='word_1_569' title='bbox 2709 3422 2764 3467; x_wconf 89' lang='lat' dir='ltr'><strong>et</strong></span> <span class='ocrx_word' id='word_1_570' title='bbox 2789 3408 3042 3481; x_wconf 81' lang='lat' dir='ltr'><strong>quamvis</strong></span> <span class='ocrx_word' id='word_1_571' title='bbox 3067 3407 3346 3460; x_wconf 91' lang='lat' dir='ltr'><strong>Pontacus</strong></span> <span class='ocrx_word' id='word_1_572' title='bbox 3372 3402 3428 3454; x_wconf 92' lang='lat' dir='ltr'><strong>in</strong></span> 
     </span>
    </p>
   </div>
   <div class='ocr_carea' id='block_1_81' title="bbox 1840 3494 3426 3587">
    <p class='ocr_par' dir='ltr' id='par_1_81' title="bbox 1840 3494 3426 3587">
     <span class='ocr_line' id='line_1_81' title="bbox 1840 3494 3426 3587; baseline -0.017 -14"><span class='ocrx_word' id='word_1_573' title='bbox 1840 3517 2115 3587; x_wconf 86' lang='lat' dir='ltr'><strong>aliquibus</strong></span> <span class='ocrx_word' id='word_1_574' title='bbox 2148 3530 2283 3568; x_wconf 91' lang='lat' dir='ltr'><strong>mss.</strong></span> <span class='ocrx_word' id='word_1_575' title='bbox 2333 3531 2351 3562; x_wconf 74' lang='grc' dir='ltr'>ι</span> <span class='ocrx_word' id='word_1_576' title='bbox 2389 3515 2766 3564; x_wconf 88' lang='lat' dir='ltr'><strong>commoratur</strong></span> <span class='ocrx_word' id='word_1_577' title='bbox 2795 3523 2813 3556; x_wconf 73' lang='grc' dir='ltr'><strong>ι</strong></span> <span class='ocrx_word' id='word_1_578' title='bbox 2856 3502 2959 3572; x_wconf 84' lang='lat' dir='ltr'><strong>legi</strong></span> <span class='ocrx_word' id='word_1_579' title='bbox 3001 3501 3217 3563; x_wconf 89' lang='lat' dir='ltr'><strong>doceat,</strong></span> <span class='ocrx_word' id='word_1_580' title='bbox 3260 3500 3343 3561; x_wconf 86' lang='lat' dir='ltr'><strong>(ut</strong></span> <span class='ocrx_word' id='word_1_581' title='bbox 3372 3494 3426 3546; x_wconf 95' lang='lat' dir='ltr'><strong>in</strong></span> 
     </span>
    </p>
   </div>
   <div class='ocr_carea' id='block_1_82' title="bbox 1842 3586 3427 3675">
    <p class='ocr_par' dir='ltr' id='par_1_82' title="bbox 1842 3586 3427 3675">
     <span class='ocr_line' id='line_1_82' title="bbox 1842 3586 3427 3675; baseline -0.017 -9"><span class='ocrx_word' id='word_1_582' title='bbox 1842 3586 1952 3665; x_wconf 91' lang='lat' dir='ltr'><strong>uno</strong></span> <span class='ocrx_word' id='word_1_583' title='bbox 1982 3602 2423 3675; x_wconf 88' lang='lat' dir='ltr'><strong>Cantabrigiensi</strong></span> <span class='ocrx_word' id='word_1_584' title='bbox 2475 3599 2664 3655; x_wconf 87' lang='lat' dir='ltr'><strong>codice</strong></span> <span class='ocrx_word' id='word_1_585' title='bbox 2711 3595 2974 3664; x_wconf 89' lang='lat' dir='ltr'><strong>scriptum</strong></span> <span class='ocrx_word' id='word_1_586' title='bbox 3018 3591 3183 3646; x_wconf 87' lang='lat' dir='ltr'><strong>etiam</strong></span> <span class='ocrx_word' id='word_1_587' title='bbox 3226 3586 3427 3657; x_wconf 89' lang='lat' dir='ltr'><strong>reperi)</strong></span> 
     </span>
    </p>
   </div>
   <div class='ocr_carea' id='block_1_83' title="bbox 1841 3679 3441 3764">
    <p class='ocr_par' dir='ltr' id='par_1_83' title="bbox 1841 3679 3441 3764">
     <span class='ocr_line' id='line_1_83' title="bbox 1841 3679 3441 3764; baseline -0.018 -7"><span class='ocrx_word' id='word_1_588' title='bbox 1841 3702 1983 3757; x_wconf 87' lang='lat' dir='ltr'><strong>idem</strong></span> <span class='ocrx_word' id='word_1_589' title='bbox 2008 3708 2189 3753; x_wconf 90' lang='lat' dir='ltr'><strong>tamen</strong></span> <span class='ocrx_word' id='word_1_590' title='bbox 2223 3695 2278 3749; x_wconf 92' lang='lat' dir='ltr'><strong>in</strong></span> <span class='ocrx_word' id='word_1_591' title='bbox 2312 3693 2563 3764; x_wconf 89' lang='lat' dir='ltr'><strong>pluribus</strong></span> <span class='ocrx_word' id='word_1_592' title='bbox 2602 3708 2621 3743; x_wconf 87' lang='grc'><em>‹</em></span> <span class='ocrx_word' id='word_1_593' title='bbox 2664 3692 3131 3744; x_wconf 90' lang='lat' dir='ltr'><strong>commemoratur</strong></span> <span class='ocrx_word' id='word_1_594' title='bbox 3177 3700 3196 3733; x_wconf 72' lang='grc' dir='ltr'><strong><em>ι</em></strong></span> <span class='ocrx_word' id='word_1_595' title='bbox 3234 3679 3441 3734; x_wconf 66' lang='lat' dir='ltr'><strong>haberi;</strong></span> 
     </span>
    </p>
   </div>
   <div class='ocr_carea' id='block_1_84' title="bbox 1843 3775 3444 3860">
    <p class='ocr_par' dir='ltr' id='par_1_84' title="bbox 1843 3775 3444 3860">
     <span class='ocr_line' id='line_1_84' title="bbox 1843 3775 3444 3860; baseline -0.015 -12"><span class='ocrx_word' id='word_1_596' title='bbox 1843 3793 2063 3848; x_wconf 88' lang='lat' dir='ltr'><strong>innuit:</strong></span> <span class='ocrx_word' id='word_1_597' title='bbox 2093 3805 2216 3860; x_wconf 71' lang='lat' dir='ltr'><strong>qua:</strong></span> <span class='ocrx_word' id='word_1_598' title='bbox 2254 3804 2357 3842; x_wconf 91' lang='lat' dir='ltr'><strong>vox</strong></span> <span class='ocrx_word' id='word_1_599' title='bbox 2393 3787 2438 3842; x_wconf 87' lang='lat' dir='ltr'><strong>si</strong></span> <span class='ocrx_word' id='word_1_600' title='bbox 2481 3783 2800 3855; x_wconf 86' lang='lat' dir='ltr'><strong>recipiatur,</strong></span> <span class='ocrx_word' id='word_1_601' title='bbox 2847 3776 3151 3835; x_wconf 88' lang='lat' dir='ltr'><strong>similitudo</strong></span> <span class='ocrx_word' id='word_1_602' title='bbox 3180 3775 3444 3829; x_wconf 62' lang='lat' dir='ltr'><strong>locorum:</strong></span> 
     </span>
    </p>
   </div>
   <div class='ocr_carea' id='block_1_85' title="bbox 1842 3864 3434 3957">
    <p class='ocr_par' dir='ltr' id='par_1_85' title="bbox 1842 3864 3434 3957">
     <span class='ocr_line' id='line_1_85' title="bbox 1842 3864 3434 3957; baseline -0.016 -16"><span class='ocrx_word' id='word_1_603' title='bbox 1842 3886 2002 3957; x_wconf 87' lang='lat' dir='ltr'><strong>perit.</strong></span> <span class='ocrx_word' id='word_1_604' title='bbox 2038 3881 2224 3953; x_wconf 85' lang='lat' dir='ltr'><strong>Neque</strong></span> <span class='ocrx_word' id='word_1_605' title='bbox 2273 3878 2578 3935; x_wconf 89' lang='lat' dir='ltr'><strong>secundum</strong></span> <span class='ocrx_word' id='word_1_606' title='bbox 2630 3873 2931 3944; x_wconf 87' lang='lat' dir='ltr'><strong>quidquam</strong></span> <span class='ocrx_word' id='word_1_607' title='bbox 2971 3867 3154 3933; x_wconf 87' lang='lat' dir='ltr'><strong>valet;</strong></span> <span class='ocrx_word' id='word_1_608' title='bbox 3204 3864 3335 3935; x_wconf 86' lang='lat' dir='ltr'><strong>quia</strong></span> <span class='ocrx_word' id='word_1_609' title='bbox 3376 3870 3434 3917; x_wconf 87' lang='lat' dir='ltr'><strong>et</strong></span> 
     </span>
    </p>
   </div>
   <div class='ocr_carea' id='block_1_86' title="bbox 1843 3957 3443 4039">
    <p class='ocr_par' dir='ltr' id='par_1_86' title="bbox 1843 3957 3443 4039">
     <span class='ocr_line' id='line_1_86' title="bbox 1843 3957 3443 4039; baseline -0.016 -6"><span class='ocrx_word' id='word_1_610' title='bbox 1843 3978 2146 4039; x_wconf 90' lang='lat' dir='ltr'><strong>editiones,</strong></span> <span class='ocrx_word' id='word_1_611' title='bbox 2209 3979 2264 4027; x_wconf 91' lang='lat' dir='ltr'><strong>et</strong></span> <span class='ocrx_word' id='word_1_612' title='bbox 2312 3970 2423 4025; x_wconf 90' lang='lat' dir='ltr'><strong>duo</strong></span> <span class='ocrx_word' id='word_1_613' title='bbox 2482 3966 2625 4038; x_wconf 88' lang='lat' dir='ltr'><strong>apud</strong></span> <span class='ocrx_word' id='word_1_614' title='bbox 2681 3972 2903 4019; x_wconf 90' lang='lat' dir='ltr'><strong>nostros</strong></span> <span class='ocrx_word' id='word_1_615' title='bbox 2950 3957 3443 4029; x_wconf 81' lang='lat' dir='ltr'><strong>Cantabrigienses</strong></span> 
     </span>
    </p>
   </div>
   <div class='ocr_carea' id='block_1_87' title="bbox 1846 4048 3433 4132">
    <p class='ocr_par' dir='ltr' id='par_1_87' title="bbox 1846 4048 3433 4132">
     <span class='ocr_line' id='line_1_87' title="bbox 1846 4048 3433 4132; baseline -0.016 -7"><span class='ocrx_word' id='word_1_616' title='bbox 1846 4085 1982 4124; x_wconf 92' lang='lat' dir='ltr'><strong>mss.</strong></span> <span class='ocrx_word' id='word_1_617' title='bbox 2013 4065 2255 4126; x_wconf 85' lang='lat' dir='ltr'><strong>codices,</strong></span> <span class='ocrx_word' id='word_1_618' title='bbox 2293 4076 2453 4132; x_wconf 90' lang='lat' dir='ltr'><strong>quos,</strong></span> <span class='ocrx_word' id='word_1_619' title='bbox 2493 4059 2625 4114; x_wconf 89' lang='lat' dir='ltr'><strong>dum</strong></span> <span class='ocrx_word' id='word_1_620' title='bbox 2665 4055 2873 4119; x_wconf 89' lang='lat' dir='ltr'><strong>scribo,</strong></span> <span class='ocrx_word' id='word_1_621' title='bbox 2935 4052 3206 4122; x_wconf 87' lang='lat' dir='ltr'><strong>inspicere</strong></span> <span class='ocrx_word' id='word_1_622' title='bbox 3258 4048 3433 4109; x_wconf 91' lang='lat' dir='ltr'><strong>licuit,</strong></span> 
     </span>
    </p>
   </div>
   <div class='ocr_carea' id='block_1_88' title="bbox 1846 4140 3440 4231">
    <p class='ocr_par' dir='ltr' id='par_1_88' title="bbox 1846 4140 3440 4231">
     <span class='ocr_line' id='line_1_88' title="bbox 1846 4140 3440 4231; baseline -0.015 -16"><span class='ocrx_word' id='word_1_623' title='bbox 1846 4159 2146 4231; x_wconf 65' lang='lat' dir='ltr'><strong>praeterunt</strong></span> <span class='ocrx_word' id='word_1_624' title='bbox 2168 4163 2419 4209; x_wconf 89' lang='lat' dir='ltr'><strong>mortuus</strong></span> <span class='ocrx_word' id='word_1_625' title='bbox 2436 4159 2539 4216; x_wconf 89' lang='lat' dir='ltr'><strong>est,</strong></span> <span class='ocrx_word' id='word_1_626' title='bbox 2568 4158 2619 4204; x_wconf 90' lang='lat' dir='ltr'><strong>et</strong></span> <span class='ocrx_word' id='word_1_627' title='bbox 2649 4148 2838 4203; x_wconf 65' lang='lat' dir='ltr'><strong>Grazca</strong></span> <span class='ocrx_word' id='word_1_628' title='bbox 2859 4145 3043 4201; x_wconf 90' lang='lat' dir='ltr'><strong>versio</strong></span> <span class='ocrx_word' id='word_1_629' title='bbox 3064 4143 3168 4199; x_wconf 86' lang='lat' dir='ltr'><strong>sub</strong></span> <span class='ocrx_word' id='word_1_630' title='bbox 3193 4140 3440 4210; x_wconf 84' lang='lat' dir='ltr'><strong>Sophro-</strong></span> 
     </span>
    </p>
   </div>
   <div class='ocr_carea' id='block_1_89' title="bbox 1846 4234 3442 4317">
    <p class='ocr_par' dir='ltr' id='par_1_89' title="bbox 1846 4234 3442 4317">
     <span class='ocr_line' id='line_1_89' title="bbox 1846 4234 3442 4317; baseline -0.014 -11"><span class='ocrx_word' id='word_1_631' title='bbox 1846 4253 1923 4306; x_wconf 88' lang='lat' dir='ltr'><strong>nii</strong></span> <span class='ocrx_word' id='word_1_632' title='bbox 1950 4251 2195 4313; x_wconf 89' lang='lat' dir='ltr'><strong>nomine,</strong></span> <span class='ocrx_word' id='word_1_633' title='bbox 2230 4247 2474 4317; x_wconf 88' lang='lat' dir='ltr'><strong>quinque</strong></span> <span class='ocrx_word' id='word_1_634' title='bbox 2502 4242 2608 4298; x_wconf 92' lang='lat' dir='ltr'><strong>illis</strong></span> <span class='ocrx_word' id='word_1_635' title='bbox 2633 4240 2917 4298; x_wconf 87' lang='lat' dir='ltr'><strong>codicibus</strong></span> <span class='ocrx_word' id='word_1_636' title='bbox 2941 4238 3060 4294; x_wconf 89' lang='lat' dir='ltr'><strong>sine</strong></span> <span class='ocrx_word' id='word_1_637' title='bbox 3087 4235 3261 4292; x_wconf 92' lang='lat' dir='ltr'><strong>dubio</strong></span> <span class='ocrx_word' id='word_1_638' title='bbox 3280 4234 3442 4302; x_wconf 86' lang='lat' dir='ltr'><strong>longe</strong></span> 
     </span>
    </p>
   </div>
   <div class='ocr_carea' id='block_1_90' title="bbox 1850 4332 3446 4418">
    <p class='ocr_par' dir='ltr' id='par_1_90' title="bbox 1850 4332 3446 4418">
     <span class='ocr_line' id='line_1_90' title="bbox 1850 4332 3446 4418; baseline -0.016 -16"><span class='ocrx_word' id='word_1_639' title='bbox 1850 4346 2149 4418; x_wconf 84' lang='lat' dir='ltr'><strong>antiquior,</strong></span> <span class='ocrx_word' id='word_1_640' title='bbox 2183 4344 2325 4396; x_wconf 92' lang='lat' dir='ltr'><strong>hanc</strong></span> <span class='ocrx_word' id='word_1_641' title='bbox 2352 4340 2626 4408; x_wconf 79' lang='lat' dir='ltr'><strong>vulgatam</strong></span> <span class='ocrx_word' id='word_1_642' title='bbox 2656 4334 2947 4390; x_wconf 88' lang='lat' dir='ltr'><strong>lectionem</strong></span> <span class='ocrx_word' id='word_1_643' title='bbox 2973 4334 3347 4400; x_wconf 66' lang='lat' dir='ltr'><strong>repraesentat,</strong></span> <span class='ocrx_word' id='word_1_644' title='bbox 3385 4332 3446 4378; x_wconf 70' lang='lat' dir='ltr'><strong>et</strong></span> 
     </span>
    </p>
   </div>
   <div class='ocr_carea' id='block_1_91' title="bbox 170 4417 1735 4529">
    <p class='ocr_par' dir='ltr' id='par_1_91' title="bbox 170 4417 1735 4529">
     <span class='ocr_line' id='line_1_91' title="bbox 170 4417 1735 4529; baseline 0.008 -29"><span class='ocrx_word' id='word_1_645' title='bbox 170 4463 260 4502; x_wconf 91' lang='lat' dir='ltr'><strong>nos</strong></span> <span class='ocrx_word' id='word_1_646' title='bbox 292 4454 535 4519; x_wconf 88' lang='lat' dir='ltr'><strong>remittit,</strong></span> <span class='ocrx_word' id='word_1_647' title='bbox 590 4453 862 4523; x_wconf 89' lang='lat' dir='ltr'><strong>epocham</strong></span> <span class='ocrx_word' id='word_1_648' title='bbox 904 4454 1176 4511; x_wconf 64' lang='lat' dir='ltr'><strong>haereseos</strong></span> <span class='ocrx_word' id='word_1_649' title='bbox 1217 4455 1567 4512; x_wconf 66' lang='lat' dir='ltr'><strong>Basilidianaa</strong></span> <span class='ocrx_word' id='word_1_650' title='bbox 1606 4417 1735 4529; x_wconf 56' lang='lat' dir='ltr'><strong>tigit,</strong></span> 
     </span>
    </p>
   </div>
   <div class='ocr_carea' id='block_1_92' title="bbox 1842 4417 3444 4529">
    <p class='ocr_par' dir='ltr' id='par_1_92' title="bbox 1853 4417 3444 4497">
     <span class='ocr_line' id='line_1_92' title="bbox 1853 4417 3444 4497; baseline -0.018 -1"><span class='ocrx_word' id='word_1_651' title='bbox 1853 4417 2052 4496; x_wconf 83' lang='lat' dir='ltr'><strong>tuetur.</strong></span> <span class='ocrx_word' id='word_1_652' title='bbox 2083 4435 2452 4497; x_wconf 83' lang='grc' dir='ltr'>Τελευτῶντος</span> <span class='ocrx_word' id='word_1_653' title='bbox 2480 4430 2791 4485; x_wconf 77' lang='grc' dir='ltr'><strong>Βασιλείδου</strong></span> <span class='ocrx_word' id='word_1_654' title='bbox 2820 4422 3119 4479; x_wconf 73' lang='grc' dir='ltr'>Γνωστικοὶ</span> <span class='ocrx_word' id='word_1_655' title='bbox 3156 4423 3214 4473; x_wconf 85' lang='grc' dir='ltr'>ὲν</span> <span class='ocrx_word' id='word_1_656' title='bbox 3266 4417 3444 4482; x_wconf 59' lang='grc' dir='ltr'>Ἀλεξρ</span> 
     </span>
    </p>
   </div>
   <div class='ocr_carea' id='block_1_93' title="bbox 174 4543 1744 4619">
    <p class='ocr_par' dir='ltr' id='par_1_93' title="bbox 174 4543 1744 4619">
     <span class='ocr_line' id='line_1_93' title="bbox 174 4543 1744 4619; baseline 0.01 -31"><span class='ocrx_word' id='word_1_657' title='bbox 174 4552 328 4596; x_wconf 82' lang='lat' dir='ltr'><strong>annos</strong></span> <span class='ocrx_word' id='word_1_658' title='bbox 346 4543 415 4596; x_wconf 77' lang='lat'><strong>27</strong></span> <span class='ocrx_word' id='word_1_659' title='bbox 446 4554 570 4614; x_wconf 88' lang='lat' dir='ltr'><strong>post</strong></span> <span class='ocrx_word' id='word_1_660' title='bbox 598 4543 797 4615; x_wconf 83' lang='lat' dir='ltr'><strong>lgnatii</strong></span> <span class='ocrx_word' id='word_1_661' title='bbox 835 4548 1157 4619; x_wconf 88' lang='lat' dir='ltr'><strong>martyrium</strong></span> <span class='ocrx_word' id='word_1_662' title='bbox 1190 4560 1465 4615; x_wconf 88' lang='lat' dir='ltr'><strong>numerat,</strong></span> <span class='ocrx_word' id='word_1_663' title='bbox 1502 4558 1555 4603; x_wconf 90' lang='lat' dir='ltr'><strong>et</strong></span> <span class='ocrx_word' id='word_1_664' title='bbox 1578 4550 1744 4605; x_wconf 91' lang='lat' dir='ltr'><strong>verba</strong></span> 
     </span>
    </p>
   </div>
   <div class='ocr_carea' id='block_1_94' title="bbox 175 4627 1747 4695">
    <p class='ocr_par' dir='ltr' id='par_1_94' title="bbox 175 4627 1747 4695">
     <span class='ocr_line' id='line_1_94' title="bbox 175 4627 1747 4695; baseline 0.006 -11"><span class='ocrx_word' id='word_1_665' title='bbox 175 4627 369 4687; x_wconf 79' lang='lat' dir='ltr'><strong>Eusebii</strong></span> <span class='ocrx_word' id='word_1_666' title='bbox 402 4637 456 4689; x_wconf 92' lang='lat' dir='ltr'><strong>in</strong></span> <span class='ocrx_word' id='word_1_667' title='bbox 485 4635 770 4691; x_wconf 82' lang='lat' dir='ltr'><strong>Chronico</strong></span> <span class='ocrx_word' id='word_1_668' title='bbox 807 4638 872 4691; x_wconf 89' lang='lat' dir='ltr'><strong>ad</strong></span> <span class='ocrx_word' id='word_1_669' title='bbox 904 4654 1107 4691; x_wconf 82' lang='lat' dir='ltr'><strong>annum</strong></span> <span class='ocrx_word' id='word_1_670' title='bbox 1144 4639 1371 4695; x_wconf 82' lang='lat' dir='ltr'><strong>Adriani</strong></span> <span class='ocrx_word' id='word_1_671' title='bbox 1416 4630 1505 4695; x_wconf 31' lang='lat' dir='ltr'><strong>l7.</strong></span> <span class='ocrx_word' id='word_1_672' title='bbox 1527 4639 1747 4695; x_wconf 90' lang='lat' dir='ltr'><strong>Domini</strong></span> 
     </span>
    </p>
   </div>
   <div class='ocr_carea' id='block_1_95' title="bbox 178 4726 1748 4796">
    <p class='ocr_par' dir='ltr' id='par_1_95' title="bbox 178 4726 1748 4796">
     <span class='ocr_line' id='line_1_95' title="bbox 178 4726 1748 4796; baseline 0.008 -22"><span class='ocrx_word' id='word_1_673' title='bbox 178 4735 287 4777; x_wconf 86' lang='lat' dir='ltr'><strong>vero</strong></span> <span class='ocrx_word' id='word_1_674' title='bbox 322 4726 421 4780; x_wconf 73' lang='grc'><strong>154</strong></span> <span class='ocrx_word' id='word_1_675' title='bbox 461 4728 625 4796; x_wconf 83' lang='lat' dir='ltr'><strong>quasi</strong></span> <span class='ocrx_word' id='word_1_676' title='bbox 681 4726 912 4783; x_wconf 81' lang='lat' dir='ltr'><strong>fundum</strong></span> <span class='ocrx_word' id='word_1_677' title='bbox 970 4731 1256 4786; x_wconf 65' lang='lat' dir='ltr'><strong>sententia:</strong></span> <span class='ocrx_word' id='word_1_678' title='bbox 1308 4734 1517 4788; x_wconf 88' lang='lat' dir='ltr'><strong>laudat.</strong></span> <span class='ocrx_word' id='word_1_679' title='bbox 1572 4732 1748 4787; x_wconf 88' lang='lat' dir='ltr'><strong>Verba</strong></span> 
     </span>
    </p>
   </div>
   <div class='ocr_carea' id='block_1_96' title="bbox 181 4810 1753 4878">
    <p class='ocr_par' dir='ltr' id='par_1_96' title="bbox 181 4810 1753 4878">
     <span class='ocr_line' id='line_1_96' title="bbox 181 4810 1753 4878; baseline 0.007 -11"><span class='ocrx_word' id='word_1_680' title='bbox 181 4810 370 4872; x_wconf 75' lang='lat' dir='ltr'><strong>Eusebii</strong></span> <span class='ocrx_word' id='word_1_681' title='bbox 408 4829 539 4874; x_wconf 90' lang='lat' dir='ltr'><strong>sunt</strong></span> <span class='ocrx_word' id='word_1_682' title='bbox 576 4840 589 4875; x_wconf 93' lang='lat'>:</span> <span class='ocrx_word' id='word_1_683' title='bbox 633 4840 651 4871; x_wconf 75' lang='grc' dir='ltr'>ι</span> <span class='ocrx_word' id='word_1_684' title='bbox 699 4819 968 4876; x_wconf 87' lang='lat' dir='ltr'><strong>Basilides</strong></span> <span class='ocrx_word' id='word_1_685' title='bbox 1000 4822 1390 4878; x_wconf 67' lang='lat' dir='ltr'><strong>hazresiarches</strong></span> <span class='ocrx_word' id='word_1_686' title='bbox 1423 4825 1476 4877; x_wconf 92' lang='lat' dir='ltr'><strong>in</strong></span> <span class='ocrx_word' id='word_1_687' title='bbox 1515 4823 1753 4878; x_wconf 84' lang='lat' dir='ltr'><strong>Alexan-</strong></span> 
     </span>
    </p>
   </div>
   <div class='ocr_carea' id='block_1_97' title="bbox 184 4904 1753 4985">
    <p class='ocr_par' dir='ltr' id='par_1_97' title="bbox 184 4904 1753 4985">
     <span class='ocr_line' id='line_1_97' title="bbox 184 4904 1753 4985; baseline 0.006 -28"><span class='ocrx_word' id='word_1_688' title='bbox 184 4904 283 4962; x_wconf 87' lang='lat' dir='ltr'><strong>dria</strong></span> <span class='ocrx_word' id='word_1_689' title='bbox 311 4922 712 4977; x_wconf 83' lang='lat' dir='ltr'><strong>commoratur,</strong></span> <span class='ocrx_word' id='word_1_690' title='bbox 748 4928 777 4965; x_wconf 88' lang='lat' dir='ltr'><strong>a</strong></span> <span class='ocrx_word' id='word_1_691' title='bbox 809 4929 920 4982; x_wconf 90' lang='lat' dir='ltr'><strong>quo</strong></span> <span class='ocrx_word' id='word_1_692' title='bbox 951 4912 1216 4968; x_wconf 89' lang='lat' dir='ltr'><strong>Gnostiei.</strong></span> <span class='ocrx_word' id='word_1_693' title='bbox 1253 4933 1272 4967; x_wconf 68' lang='grc' dir='ltr'><strong><em>ι</em></strong></span> <span class='ocrx_word' id='word_1_694' title='bbox 1303 4914 1408 4968; x_wconf 88' lang='lat' dir='ltr'><strong>Sed</strong></span> <span class='ocrx_word' id='word_1_695' title='bbox 1432 4930 1598 4985; x_wconf 89' lang='lat' dir='ltr'><strong>quam</strong></span> <span class='ocrx_word' id='word_1_696' title='bbox 1630 4930 1753 4983; x_wconf 86' lang='lat' dir='ltr'><strong>per-</strong></span> 
     </span>
    </p>
   </div>
   <div class='ocr_carea' id='block_1_98' title="bbox 186 5003 1755 5077">
    <p class='ocr_par' dir='ltr' id='par_1_98' title="bbox 186 5003 1755 5077">
     <span class='ocr_line' id='line_1_98' title="bbox 186 5003 1755 5077; baseline 0.005 -26"><span class='ocrx_word' id='word_1_697' title='bbox 186 5010 345 5063; x_wconf 87' lang='lat' dir='ltr'><strong>peram</strong></span> <span class='ocrx_word' id='word_1_698' title='bbox 374 5003 489 5059; x_wconf 74' lang='lat' dir='ltr'><strong>baec</strong></span> <span class='ocrx_word' id='word_1_699' title='bbox 518 5004 591 5059; x_wconf 91' lang='lat' dir='ltr'><strong>ad</strong></span> <span class='ocrx_word' id='word_1_700' title='bbox 638 5004 860 5059; x_wconf 92' lang='lat' dir='ltr'><strong>initium</strong></span> <span class='ocrx_word' id='word_1_701' title='bbox 913 5005 1184 5060; x_wconf 72' lang='lat' dir='ltr'><strong>hzereseos</strong></span> <span class='ocrx_word' id='word_1_702' title='bbox 1235 5007 1569 5072; x_wconf 87' lang='lat' dir='ltr'><strong>trahuntur;</strong></span> <span class='ocrx_word' id='word_1_703' title='bbox 1631 5022 1755 5077; x_wconf 74' lang='lat' dir='ltr'><strong>qua:</strong></span> 
     </span>
    </p>
   </div>
   <div class='ocr_carea' id='block_1_99' title="bbox 187 5091 1757 5168">
    <p class='ocr_par' dir='ltr' id='par_1_99' title="bbox 187 5091 1757 5168">
     <span class='ocr_line' id='line_1_99' title="bbox 187 5091 1757 5168; baseline 0.006 -28"><span class='ocrx_word' id='word_1_704' title='bbox 187 5091 342 5155; x_wconf 81' lang='lat' dir='ltr'><strong>potius</strong></span> <span class='ocrx_word' id='word_1_705' title='bbox 369 5095 576 5153; x_wconf 86' lang='lat' dir='ltr'><strong>exitum</strong></span> <span class='ocrx_word' id='word_1_706' title='bbox 623 5096 870 5149; x_wconf 80' lang='lat' dir='ltr'><strong>haeretici</strong></span> <span class='ocrx_word' id='word_1_707' title='bbox 922 5095 1204 5151; x_wconf 86' lang='lat' dir='ltr'><strong>indicant?</strong></span> <span class='ocrx_word' id='word_1_708' title='bbox 1241 5096 1319 5153; x_wconf 90' lang='lat' dir='ltr'><strong>Eo</strong></span> <span class='ocrx_word' id='word_1_709' title='bbox 1355 5098 1580 5168; x_wconf 87' lang='lat' dir='ltr'><strong>quidem</strong></span> <span class='ocrx_word' id='word_1_710' title='bbox 1609 5112 1757 5151; x_wconf 92' lang='lat' dir='ltr'><strong>anno</strong></span> 
     </span>
    </p>
   </div>
   <div class='ocr_carea' id='block_1_100' title="bbox 187 5178 1755 5256">
    <p class='ocr_par' dir='ltr' id='par_1_100' title="bbox 187 5178 1755 5256">
     <span class='ocr_line' id='line_1_100' title="bbox 187 5178 1755 5256; baseline 0.005 -27"><span class='ocrx_word' id='word_1_711' title='bbox 187 5178 499 5241; x_wconf 74' lang='lat' dir='ltr'><strong>Alexandria:</strong></span> <span class='ocrx_word' id='word_1_712' title='bbox 529 5186 719 5240; x_wconf 89' lang='lat' dir='ltr'><strong>adhuc</strong></span> <span class='ocrx_word' id='word_1_713' title='bbox 742 5186 1075 5239; x_wconf 90' lang='lat' dir='ltr'><strong>commorari</strong></span> <span class='ocrx_word' id='word_1_714' title='bbox 1105 5186 1327 5253; x_wconf 88' lang='lat' dir='ltr'><strong>dicitur,</strong></span> <span class='ocrx_word' id='word_1_715' title='bbox 1352 5188 1444 5256; x_wconf 92' lang='lat' dir='ltr'><strong>qui</strong></span> <span class='ocrx_word' id='word_1_716' title='bbox 1473 5196 1600 5255; x_wconf 89' lang='lat' dir='ltr'><strong>post</strong></span> <span class='ocrx_word' id='word_1_717' title='bbox 1628 5201 1755 5240; x_wconf 90' lang='lat' dir='ltr'><strong>eum</strong></span> 
     </span>
    </p>
   </div>
   <div class='ocr_carea' id='block_1_101' title="bbox 191 5279 1761 5350">
    <p class='ocr_par' dir='ltr' id='par_1_101' title="bbox 191 5279 1761 5350">
     <span class='ocr_line' id='line_1_101' title="bbox 191 5279 1761 5350; baseline 0.004 -23"><span class='ocrx_word' id='word_1_718' title='bbox 191 5285 364 5331; x_wconf 78' lang='lat' dir='ltr'><strong>annum</strong></span> <span class='ocrx_word' id='word_1_719' title='bbox 396 5292 677 5350; x_wconf 86' lang='lat' dir='ltr'><strong>nusquam</strong></span> <span class='ocrx_word' id='word_1_720' title='bbox 706 5280 1035 5347; x_wconf 88' lang='lat' dir='ltr'><strong>comparuit.</strong></span> <span class='ocrx_word' id='word_1_721' title='bbox 1062 5279 1137 5334; x_wconf 85' lang='lat' dir='ltr'><strong>Ita</strong></span> <span class='ocrx_word' id='word_1_722' title='bbox 1163 5279 1457 5336; x_wconf 89' lang='lat' dir='ltr'><strong>Eusebium</strong></span> <span class='ocrx_word' id='word_1_723' title='bbox 1490 5280 1761 5348; x_wconf 72' lang='lat' dir='ltr'><strong>iMerpre-</strong></span> 
     </span>
    </p>
   </div>
   <div class='ocr_carea' id='block_1_102' title="bbox 192 5372 1761 5445">
    <p class='ocr_par' dir='ltr' id='par_1_102' title="bbox 192 5372 1761 5445">
     <span class='ocr_line' id='line_1_102' title="bbox 192 5372 1761 5445; baseline 0.004 -23"><span class='ocrx_word' id='word_1_724' title='bbox 192 5374 315 5424; x_wconf 75' lang='lat' dir='ltr'><strong>tatus</strong></span> <span class='ocrx_word' id='word_1_725' title='bbox 338 5383 438 5440; x_wconf 88' lang='lat' dir='ltr'><strong>est,</strong></span> <span class='ocrx_word' id='word_1_726' title='bbox 495 5375 592 5445; x_wconf 91' lang='lat' dir='ltr'><strong>qui</strong></span> <span class='ocrx_word' id='word_1_727' title='bbox 625 5390 692 5429; x_wconf 90' lang='lat' dir='ltr'><strong>ea</strong></span> <span class='ocrx_word' id='word_1_728' title='bbox 740 5373 907 5428; x_wconf 88' lang='lat' dir='ltr'><strong>verba</strong></span> <span class='ocrx_word' id='word_1_729' title='bbox 944 5389 974 5429; x_wconf 92' lang='lat' dir='ltr'><strong>e</strong></span> <span class='ocrx_word' id='word_1_730' title='bbox 1016 5372 1206 5429; x_wconf 64' lang='lat' dir='ltr'><strong>Graeco</strong></span> <span class='ocrx_word' id='word_1_731' title='bbox 1238 5374 1541 5439; x_wconf 88' lang='lat' dir='ltr'><strong>transtulit,</strong></span> <span class='ocrx_word' id='word_1_732' title='bbox 1568 5372 1761 5428; x_wconf 79' lang='lat' dir='ltr'><strong>Hiero-</strong></span> 
     </span>
    </p>
   </div>
   <div class='ocr_carea' id='block_1_103' title="bbox 196 5467 1763 5539">
    <p class='ocr_par' dir='ltr' id='par_1_103' title="bbox 196 5467 1763 5539">
     <span class='ocr_line' id='line_1_103' title="bbox 196 5467 1763 5539; baseline 0.002 -21"><span class='ocrx_word' id='word_1_733' title='bbox 196 5474 385 5528; x_wconf 59' lang='lat' dir='ltr'><strong>nimus.</strong></span> <span class='ocrx_word' id='word_1_734' title='bbox 418 5469 476 5522; x_wconf 91' lang='lat' dir='ltr'><strong>ln</strong></span> <span class='ocrx_word' id='word_1_735' title='bbox 521 5467 799 5536; x_wconf 86' lang='lat' dir='ltr'><strong>Catalogo</strong></span> <span class='ocrx_word' id='word_1_736' title='bbox 849 5467 1019 5534; x_wconf 90' lang='lat' dir='ltr'><strong>enim,</strong></span> <span class='ocrx_word' id='word_1_737' title='bbox 1052 5484 1191 5522; x_wconf 90' lang='lat' dir='ltr'><strong>voce</strong></span> <span class='ocrx_word' id='word_1_738' title='bbox 1227 5487 1245 5521; x_wconf 72' lang='grc' dir='ltr'>ι</span> <span class='ocrx_word' id='word_1_739' title='bbox 1284 5468 1552 5539; x_wconf 83' lang='lat' dir='ltr'><strong>Agrippa,</strong></span> <span class='ocrx_word' id='word_1_740' title='bbox 1589 5486 1608 5519; x_wconf 71' lang='grc' dir='ltr'><strong>ι</strong></span> <span class='ocrx_word' id='word_1_741' title='bbox 1646 5468 1763 5521; x_wconf 70' lang='lat' dir='ltr'><strong>hazc</strong></span> 
     </span>
    </p>
   </div>
   <div class='ocr_carea' id='block_1_104' title="bbox 198 5546 1765 5622">
    <p class='ocr_par' dir='ltr' id='par_1_104' title="bbox 198 5546 1765 5622">
     <span class='ocr_line' id='line_1_104' title="bbox 198 5546 1765 5622; baseline 0 -15"><span class='ocrx_word' id='word_1_742' title='bbox 198 5546 336 5608; x_wconf 78' lang='lat' dir='ltr'><strong>habet</strong></span> <span class='ocrx_word' id='word_1_743' title='bbox 361 5575 373 5610; x_wconf 92' lang='lat'>:</span> <span class='ocrx_word' id='word_1_744' title='bbox 402 5576 421 5610; x_wconf 73' lang='grc' dir='ltr'>ι</span> <span class='ocrx_word' id='word_1_745' title='bbox 462 5557 725 5612; x_wconf 81' lang='lat' dir='ltr'><strong>Mortuus</strong></span> <span class='ocrx_word' id='word_1_746' title='bbox 755 5565 843 5611; x_wconf 88' lang='lat' dir='ltr'><strong>est</strong></span> <span class='ocrx_word' id='word_1_747' title='bbox 877 5565 1058 5611; x_wconf 88' lang='lat' dir='ltr'><strong>autem</strong></span> <span class='ocrx_word' id='word_1_748' title='bbox 1088 5555 1376 5621; x_wconf 87' lang='lat' dir='ltr'><strong>Basilides,</strong></span> <span class='ocrx_word' id='word_1_749' title='bbox 1406 5572 1436 5610; x_wconf 88' lang='lat' dir='ltr'><strong>a</strong></span> <span class='ocrx_word' id='word_1_750' title='bbox 1466 5569 1581 5622; x_wconf 88' lang='lat' dir='ltr'><strong>quo</strong></span> <span class='ocrx_word' id='word_1_751' title='bbox 1616 5553 1765 5608; x_wconf 87' lang='lat' dir='ltr'><strong>Gno-</strong></span> 
     </span>
    </p>
   </div>
   <div class='ocr_carea' id='block_1_105' title="bbox 196 5643 1766 5718">
    <p class='ocr_par' dir='ltr' id='par_1_105' title="bbox 196 5643 1766 5718">
     <span class='ocr_line' id='line_1_105' title="bbox 196 5643 1766 5718; baseline 0.001 -21"><span class='ocrx_word' id='word_1_752' title='bbox 196 5643 317 5711; x_wconf 83' lang='lat' dir='ltr'><strong>stici,</strong></span> <span class='ocrx_word' id='word_1_753' title='bbox 362 5648 412 5704; x_wconf 91' lang='lat' dir='ltr'><strong>in</strong></span> <span class='ocrx_word' id='word_1_754' title='bbox 462 5650 807 5706; x_wconf 85' lang='lat' dir='ltr'><strong>Alexandria</strong></span> <span class='ocrx_word' id='word_1_755' title='bbox 854 5648 1196 5718; x_wconf 86' lang='lat' dir='ltr'><strong>temporibus</strong></span> <span class='ocrx_word' id='word_1_756' title='bbox 1239 5646 1491 5702; x_wconf 84' lang='lat' dir='ltr'><strong>Adriani.</strong></span> <span class='ocrx_word' id='word_1_757' title='bbox 1548 5665 1567 5696; x_wconf 75' lang='grc' dir='ltr'><strong>ι</strong></span> <span class='ocrx_word' id='word_1_758' title='bbox 1631 5644 1766 5710; x_wconf 82' lang='lat' dir='ltr'><strong>Quis</strong></span> 
     </span>
    </p>
   </div>
   <div class='ocr_carea' id='block_1_106' title="bbox 198 5735 1766 5810">
    <p class='ocr_par' dir='ltr' id='par_1_106' title="bbox 198 5735 1766 5810">
     <span class='ocr_line' id='line_1_106' title="bbox 198 5735 1766 5810; baseline 0.003 -24"><span class='ocrx_word' id='word_1_759' title='bbox 198 5741 351 5790; x_wconf 81' lang='lat' dir='ltr'><strong>autem</strong></span> <span class='ocrx_word' id='word_1_760' title='bbox 382 5754 486 5796; x_wconf 91' lang='lat' dir='ltr'><strong>non</strong></span> <span class='ocrx_word' id='word_1_761' title='bbox 518 5739 674 5796; x_wconf 86' lang='lat' dir='ltr'><strong>videt</strong></span> <span class='ocrx_word' id='word_1_762' title='bbox 707 5751 837 5793; x_wconf 90' lang='lat' dir='ltr'><strong>eum</strong></span> <span class='ocrx_word' id='word_1_763' title='bbox 871 5736 938 5792; x_wconf 87' lang='lat' dir='ltr'><strong>ad</strong></span> <span class='ocrx_word' id='word_1_764' title='bbox 970 5736 1280 5794; x_wconf 85' lang='lat' dir='ltr'><strong>Eusebiana</strong></span> <span class='ocrx_word' id='word_1_765' title='bbox 1305 5736 1422 5810; x_wconf 72' lang='lat' dir='ltr'><strong>alia</strong></span> <span class='ocrx_word' id='word_1_766' title='bbox 1458 5735 1766 5807; x_wconf 78' lang='lat' dir='ltr'><strong>respicere?</strong></span> 
     </span>
    </p>
   </div>
   <div class='ocr_carea' id='block_1_107' title="bbox 1848 4512 3438 4605">
    <p class='ocr_par' dir='ltr' id='par_1_107' title="bbox 1848 4512 3438 4605">
     <span class='ocr_line' id='line_1_107' title="bbox 1848 4512 3438 4605; baseline -0.014 -18"><span class='ocrx_word' id='word_1_767' title='bbox 1848 4532 2070 4605; x_wconf 76' lang='grc' dir='ltr'>ανδρείᾳ</span> <span class='ocrx_word' id='word_1_768' title='bbox 2138 4529 2445 4600; x_wconf 79' lang='grc' dir='ltr'>ἐκλήθησαν</span> <span class='ocrx_word' id='word_1_769' title='bbox 2513 4526 2573 4576; x_wconf 81' lang='grc' dir='ltr'>ὲν</span> <span class='ocrx_word' id='word_1_770' title='bbox 2654 4524 2767 4584; x_wconf 84' lang='grc' dir='ltr'>τοῖς</span> <span class='ocrx_word' id='word_1_771' title='bbox 2848 4519 3059 4591; x_wconf 84' lang='grc' dir='ltr'>χρόνοις</span> <span class='ocrx_word' id='word_1_772' title='bbox 3137 4512 3438 4586; x_wconf 81' lang='grc' dir='ltr'>Ἀδριανοῦ.</span> 
     </span>
    </p>
   </div>
   <div class='ocr_carea' id='block_1_108' title="bbox 1856 4606 3440 4678">
    <p class='ocr_par' dir='ltr' id='par_1_108' title="bbox 1856 4606 3440 4678">
     <span class='ocr_line' id='line_1_108' title="bbox 1856 4606 3440 4678; baseline -0.01 -3"><span class='ocrx_word' id='word_1_773' title='bbox 1856 4644 1876 4675; x_wconf 68' lang='grc' dir='ltr'><em>ς</em></span> <span class='ocrx_word' id='word_1_774' title='bbox 1926 4624 2142 4678; x_wconf 86' lang='lat' dir='ltr'><strong>Mortuo</strong></span> <span class='ocrx_word' id='word_1_775' title='bbox 2184 4618 2420 4672; x_wconf 88' lang='lat' dir='ltr'><strong>Basilide</strong></span> <span class='ocrx_word' id='word_1_776' title='bbox 2469 4613 2715 4670; x_wconf 86' lang='lat' dir='ltr'><strong>Gnostici</strong></span> <span class='ocrx_word' id='word_1_777' title='bbox 2768 4612 2825 4665; x_wconf 91' lang='lat' dir='ltr'><strong>in</strong></span> <span class='ocrx_word' id='word_1_778' title='bbox 2879 4607 3213 4664; x_wconf 84' lang='lat' dir='ltr'><strong>Alexandria</strong></span> <span class='ocrx_word' id='word_1_779' title='bbox 3257 4606 3440 4661; x_wconf 86' lang='lat' dir='ltr'><strong>vocati</strong></span> 
     </span>
    </p>
   </div>
   <div class='ocr_carea' id='block_1_109' title="bbox 1851 4698 3446 4781">
    <p class='ocr_par' dir='ltr' id='par_1_109' title="bbox 1851 4698 3446 4781">
     <span class='ocr_line' id='line_1_109' title="bbox 1851 4698 3446 4781; baseline -0.015 -7"><span class='ocrx_word' id='word_1_780' title='bbox 1851 4726 1982 4775; x_wconf 89' lang='lat' dir='ltr'><strong>sunt</strong></span> <span class='ocrx_word' id='word_1_781' title='bbox 2014 4712 2357 4781; x_wconf 89' lang='lat' dir='ltr'><strong>temporibus</strong></span> <span class='ocrx_word' id='word_1_782' title='bbox 2390 4706 2636 4763; x_wconf 88' lang='lat' dir='ltr'><strong>Adriani.</strong></span> <span class='ocrx_word' id='word_1_783' title='bbox 2674 4725 2693 4758; x_wconf 78' lang='grc' dir='ltr'><strong><em>ι</em></strong></span> <span class='ocrx_word' id='word_1_784' title='bbox 2730 4704 2806 4759; x_wconf 89' lang='lat' dir='ltr'><strong>De</strong></span> <span class='ocrx_word' id='word_1_785' title='bbox 2832 4702 2996 4759; x_wconf 89' lang='lat' dir='ltr'><strong>tertio</strong></span> <span class='ocrx_word' id='word_1_786' title='bbox 3029 4701 3294 4756; x_wconf 86' lang='lat' dir='ltr'><strong>adversus</strong></span> <span class='ocrx_word' id='word_1_787' title='bbox 3318 4698 3446 4752; x_wconf 66' lang='grc' dir='ltr'><strong>θαι..</strong></span> 
     </span>
    </p>
   </div>
   <div class='ocr_carea' id='block_1_110' title="bbox 1852 4797 3445 4879">
    <p class='ocr_par' dir='ltr' id='par_1_110' title="bbox 1852 4797 3445 4879">
     <span class='ocr_line' id='line_1_110' title="bbox 1852 4797 3445 4879; baseline -0.015 -12"><span class='ocrx_word' id='word_1_788' title='bbox 1852 4814 2015 4877; x_wconf 79' lang='lat' dir='ltr'><strong>laeum</strong></span> <span class='ocrx_word' id='word_1_789' title='bbox 2046 4810 2280 4879; x_wconf 82' lang='lat' dir='ltr'><strong>agimus.</strong></span> <span class='ocrx_word' id='word_1_790' title='bbox 2318 4803 2423 4859; x_wconf 87' lang='lat' dir='ltr'><strong>Sed</strong></span> <span class='ocrx_word' id='word_1_791' title='bbox 2460 4801 2694 4855; x_wconf 65' lang='lat' dir='ltr'><strong>Dallaaus</strong></span> <span class='ocrx_word' id='word_1_792' title='bbox 2724 4797 2900 4853; x_wconf 87' lang='lat' dir='ltr'><strong>nescit</strong></span> <span class='ocrx_word' id='word_1_793' title='bbox 2928 4797 3035 4851; x_wconf 88' lang='lat' dir='ltr'><strong>hoc</strong></span> <span class='ocrx_word' id='word_1_794' title='bbox 3054 4810 3221 4865; x_wconf 90' lang='lat' dir='ltr'><strong>quam</strong></span> <span class='ocrx_word' id='word_1_795' title='bbox 3250 4808 3445 4847; x_wconf 88' lang='lat' dir='ltr'><strong>verum</strong></span> 
     </span>
    </p>
   </div>
   <div class='ocr_carea' id='block_1_111' title="bbox 1856 4883 3446 4970">
    <p class='ocr_par' dir='ltr' id='par_1_111' title="bbox 1856 4883 3446 4970">
     <span class='ocr_line' id='line_1_111' title="bbox 1856 4883 3446 4970; baseline -0.016 -9"><span class='ocrx_word' id='word_1_796' title='bbox 1856 4906 1958 4970; x_wconf 90' lang='lat' dir='ltr'><strong>sit;</strong></span> <span class='ocrx_word' id='word_1_797' title='bbox 1994 4924 2011 4956; x_wconf 85' lang='grc'><strong>‹</strong></span> <span class='ocrx_word' id='word_1_798' title='bbox 2054 4909 2203 4957; x_wconf 89' lang='lat' dir='ltr'><strong>certe</strong></span> <span class='ocrx_word' id='word_1_799' title='bbox 2236 4913 2345 4952; x_wconf 92' lang='lat' dir='ltr'><strong>non</strong></span> <span class='ocrx_word' id='word_1_800' title='bbox 2374 4895 2591 4951; x_wconf 86' lang='lat' dir='ltr'><strong>videtur</strong></span> <span class='ocrx_word' id='word_1_801' title='bbox 2622 4892 2920 4954; x_wconf 63' lang='lat' dir='ltr'><strong>cohaerere,</strong></span> <span class='ocrx_word' id='word_1_802' title='bbox 2968 4888 3167 4957; x_wconf 87' lang='lat' dir='ltr'><strong>inquit,</strong></span> <span class='ocrx_word' id='word_1_803' title='bbox 3206 4900 3330 4940; x_wconf 92' lang='lat' dir='ltr'><strong>cum</strong></span> <span class='ocrx_word' id='word_1_804' title='bbox 3375 4883 3446 4936; x_wconf 87' lang='lat' dir='ltr'><strong>iis</strong></span> 
     </span>
    </p>
   </div>
   <div class='ocr_carea' id='block_1_112' title="bbox 1857 4974 3447 5067">
    <p class='ocr_par' dir='ltr' id='par_1_112' title="bbox 1857 4974 3447 5067">
     <span class='ocr_line' id='line_1_112' title="bbox 1857 4974 3447 5067; baseline -0.016 -17"><span class='ocrx_word' id='word_1_805' title='bbox 1857 5013 1979 5067; x_wconf 71' lang='lat' dir='ltr'><strong>qua:</strong></span> <span class='ocrx_word' id='word_1_806' title='bbox 1998 4995 2249 5051; x_wconf 86' lang='lat' dir='ltr'><strong>Clemens</strong></span> <span class='ocrx_word' id='word_1_807' title='bbox 2280 4988 2521 5053; x_wconf 87' lang='lat' dir='ltr'><strong>tradidit,</strong></span> <span class='ocrx_word' id='word_1_808' title='bbox 2553 4986 2783 5049; x_wconf 89' lang='lat' dir='ltr'><strong>scilicet,</strong></span> <span class='ocrx_word' id='word_1_809' title='bbox 2812 4980 3103 5037; x_wconf 90' lang='lat' dir='ltr'><strong>Basilidem</strong></span> <span class='ocrx_word' id='word_1_810' title='bbox 3130 4974 3447 5047; x_wconf 89' lang='lat' dir='ltr'><strong>pervenisse</strong></span> 
     </span>
    </p>
   </div>
   <div class='ocr_carea' id='block_1_113' title="bbox 1859 5066 3450 5143">
    <p class='ocr_par' dir='ltr' id='par_1_113' title="bbox 1859 5066 3450 5143">
     <span class='ocr_line' id='line_1_113' title="bbox 1859 5066 3450 5143; baseline -0.016 0"><span class='ocrx_word' id='word_1_811' title='bbox 1859 5089 1925 5143; x_wconf 90' lang='lat' dir='ltr'><strong>ad</strong></span> <span class='ocrx_word' id='word_1_812' title='bbox 1956 5085 2220 5141; x_wconf 80' lang='lat' dir='ltr'><strong>Antonini</strong></span> <span class='ocrx_word' id='word_1_813' title='bbox 2256 5083 2335 5138; x_wconf 89' lang='lat' dir='ltr'><strong>Pii</strong></span> <span class='ocrx_word' id='word_1_814' title='bbox 2363 5098 2558 5137; x_wconf 62' lang='lat' dir='ltr'><strong>aevum.</strong></span> <span class='ocrx_word' id='word_1_815' title='bbox 2602 5100 2619 5133; x_wconf 76' lang='grc' dir='ltr'><strong>ι</strong></span> <span class='ocrx_word' id='word_1_816' title='bbox 2661 5078 2767 5134; x_wconf 87' lang='lat' dir='ltr'><strong>Sed</strong></span> <span class='ocrx_word' id='word_1_817' title='bbox 2804 5090 2908 5130; x_wconf 85' lang='lat' dir='ltr'><strong>nec</strong></span> <span class='ocrx_word' id='word_1_818' title='bbox 2950 5076 3056 5127; x_wconf 88' lang='lat' dir='ltr'><strong>hoc</strong></span> <span class='ocrx_word' id='word_1_819' title='bbox 3086 5070 3290 5125; x_wconf 90' lang='lat' dir='ltr'><strong>diserte</strong></span> <span class='ocrx_word' id='word_1_820' title='bbox 3314 5066 3450 5121; x_wconf 91' lang='lat' dir='ltr'><strong>dicit</strong></span> 
     </span>
    </p>
   </div>
   <div class='ocr_carea' id='block_1_114' title="bbox 1860 5156 3450 5245">
    <p class='ocr_par' dir='ltr' id='par_1_114' title="bbox 1860 5156 3450 5245">
     <span class='ocr_line' id='line_1_114' title="bbox 1860 5156 3450 5245; baseline -0.017 -10"><span class='ocrx_word' id='word_1_821' title='bbox 1860 5181 2112 5236; x_wconf 89' lang='lat' dir='ltr'><strong>Clemens</strong></span> <span class='ocrx_word' id='word_1_822' title='bbox 2141 5177 2195 5231; x_wconf 86' lang='lat' dir='ltr'><strong>in</strong></span> <span class='ocrx_word' id='word_1_823' title='bbox 2218 5176 2341 5230; x_wconf 88' lang='lat' dir='ltr'><strong>loco</strong></span> <span class='ocrx_word' id='word_1_824' title='bbox 2369 5175 2461 5245; x_wconf 73' lang='lat' dir='ltr'><strong>illo</strong></span> <span class='ocrx_word' id='word_1_825' title='bbox 2485 5174 2742 5232; x_wconf 88' lang='lat' dir='ltr'><strong>obscuro,</strong></span> <span class='ocrx_word' id='word_1_826' title='bbox 2780 5183 2941 5239; x_wconf 87' lang='lat' dir='ltr'><strong>quem</strong></span> <span class='ocrx_word' id='word_1_827' title='bbox 2973 5178 3101 5218; x_wconf 78' lang='lat' dir='ltr'><strong>mox</strong></span> <span class='ocrx_word' id='word_1_828' title='bbox 3129 5156 3450 5215; x_wconf 89' lang='lat' dir='ltr'><strong>considera-</strong></span> 
     </span>
    </p>
   </div>
   <div class='ocr_carea' id='block_1_115' title="bbox 1860 5250 3449 5339">
    <p class='ocr_par' dir='ltr' id='par_1_115' title="bbox 1860 5250 3449 5339">
     <span class='ocr_line' id='line_1_115' title="bbox 1860 5250 3449 5339; baseline -0.017 -11"><span class='ocrx_word' id='word_1_829' title='bbox 1860 5274 2080 5339; x_wconf 87' lang='lat' dir='ltr'><strong>bimus;</strong></span> <span class='ocrx_word' id='word_1_830' title='bbox 2116 5286 2218 5325; x_wconf 89' lang='lat' dir='ltr'><strong>nec</strong></span> <span class='ocrx_word' id='word_1_831' title='bbox 2254 5269 2302 5325; x_wconf 88' lang='lat' dir='ltr'><strong>si</strong></span> <span class='ocrx_word' id='word_1_832' title='bbox 2340 5268 2392 5323; x_wconf 91' lang='lat' dir='ltr'><strong>id</strong></span> <span class='ocrx_word' id='word_1_833' title='bbox 2422 5267 2671 5327; x_wconf 88' lang='lat' dir='ltr'><strong>dixisset,</strong></span> <span class='ocrx_word' id='word_1_834' title='bbox 2709 5262 2941 5316; x_wconf 93' lang='lat' dir='ltr'><strong>multum</strong></span> <span class='ocrx_word' id='word_1_835' title='bbox 2967 5266 3146 5311; x_wconf 60' lang='lat' dir='ltr'><strong>causa!</strong></span> <span class='ocrx_word' id='word_1_836' title='bbox 3185 5250 3449 5306; x_wconf 86' lang='lat' dir='ltr'><strong>adversa-</strong></span> 
     </span>
    </p>
   </div>
   <div class='ocr_carea' id='block_1_116' title="bbox 1863 5344 3448 5426">
    <p class='ocr_par' dir='ltr' id='par_1_116' title="bbox 1863 5344 3448 5426">
     <span class='ocr_line' id='line_1_116' title="bbox 1863 5344 3448 5426; baseline -0.016 -6"><span class='ocrx_word' id='word_1_837' title='bbox 1863 5366 2075 5421; x_wconf 90' lang='lat' dir='ltr'><strong>riorum</strong></span> <span class='ocrx_word' id='word_1_838' title='bbox 2120 5361 2433 5426; x_wconf 89' lang='lat' dir='ltr'><strong>accederet;</strong></span> <span class='ocrx_word' id='word_1_839' title='bbox 2471 5373 2573 5413; x_wconf 87' lang='lat' dir='ltr'><strong>nec</strong></span> <span class='ocrx_word' id='word_1_840' title='bbox 2617 5356 2762 5409; x_wconf 87' lang='lat' dir='ltr'><strong>enim</strong></span> <span class='ocrx_word' id='word_1_841' title='bbox 2814 5350 2942 5404; x_wconf 90' lang='lat' dir='ltr'><strong>inde</strong></span> <span class='ocrx_word' id='word_1_842' title='bbox 2989 5344 3209 5417; x_wconf 88' lang='lat' dir='ltr'><strong>probari</strong></span> <span class='ocrx_word' id='word_1_843' title='bbox 3238 5350 3448 5414; x_wconf 86' lang='lat' dir='ltr'><strong>posset.</strong></span> 
     </span>
    </p>
   </div>
   <div class='ocr_carea' id='block_1_117' title="bbox 1865 5431 3449 5523">
    <p class='ocr_par' dir='ltr' id='par_1_117' title="bbox 1865 5431 3449 5523">
     <span class='ocr_line' id='line_1_117' title="bbox 1865 5431 3449 5523; baseline -0.016 -13"><span class='ocrx_word' id='word_1_844' title='bbox 1865 5457 2008 5509; x_wconf 86' lang='lat' dir='ltr'><strong>ultra</strong></span> <span class='ocrx_word' id='word_1_845' title='bbox 2051 5451 2489 5523; x_wconf 88' lang='lat' dir='ltr'><strong>quinquennium</strong></span> <span class='ocrx_word' id='word_1_846' title='bbox 2529 5453 2654 5517; x_wconf 88' lang='lat' dir='ltr'><strong>post</strong></span> <span class='ocrx_word' id='word_1_847' title='bbox 2708 5457 2833 5495; x_wconf 85' lang='lat' dir='ltr'><strong>eum</strong></span> <span class='ocrx_word' id='word_1_848' title='bbox 2892 5452 3097 5493; x_wconf 86' lang='lat' dir='ltr'><strong>annum</strong></span> <span class='ocrx_word' id='word_1_849' title='bbox 3151 5431 3449 5489; x_wconf 87' lang='lat' dir='ltr'><strong>Basilidem</strong></span> 
     </span>
    </p>
   </div>
   <div class='ocr_carea' id='block_1_118' title="bbox 1865 5524 3453 5603">
    <p class='ocr_par' dir='ltr' id='par_1_118' title="bbox 1865 5524 3453 5603">
     <span class='ocr_line' id='line_1_118' title="bbox 1865 5524 3453 5603; baseline -0.015 -2"><span class='ocrx_word' id='word_1_850' title='bbox 1865 5549 2089 5603; x_wconf 86' lang='lat' dir='ltr'><strong>vixisse.</strong></span> <span class='ocrx_word' id='word_1_851' title='bbox 2155 5544 2285 5598; x_wconf 91' lang='lat' dir='ltr'><strong>Inde</strong></span> <span class='ocrx_word' id='word_1_852' title='bbox 2327 5542 2495 5596; x_wconf 86' lang='lat' dir='ltr'><strong>etiam</strong></span> <span class='ocrx_word' id='word_1_853' title='bbox 2543 5534 2740 5599; x_wconf 82' lang='lat' dir='ltr'><strong>infero,</strong></span> <span class='ocrx_word' id='word_1_854' title='bbox 2797 5529 3019 5602; x_wconf 85' lang='lat' dir='ltr'><strong>probari</strong></span> <span class='ocrx_word' id='word_1_855' title='bbox 3077 5527 3232 5582; x_wconf 91' lang='lat' dir='ltr'><strong>nullo</strong></span> <span class='ocrx_word' id='word_1_856' title='bbox 3286 5524 3453 5579; x_wconf 90' lang='lat' dir='ltr'><strong>modo</strong></span> 
     </span>
    </p>
   </div>
   <div class='ocr_carea' id='block_1_119' title="bbox 1866 5617 3451 5712">
    <p class='ocr_par' dir='ltr' id='par_1_119' title="bbox 1866 5617 3451 5712">
     <span class='ocr_line' id='line_1_119' title="bbox 1866 5617 3451 5712; baseline -0.018 -15"><span class='ocrx_word' id='word_1_857' title='bbox 1866 5655 2049 5712; x_wconf 87' lang='lat' dir='ltr'><strong>posse.</strong></span> <span class='ocrx_word' id='word_1_858' title='bbox 2080 5645 2205 5707; x_wconf 91' lang='lat' dir='ltr'><strong>post</strong></span> <span class='ocrx_word' id='word_1_859' title='bbox 2233 5633 2423 5706; x_wconf 87' lang='lat' dir='ltr'><strong>lgnatii</strong></span> <span class='ocrx_word' id='word_1_860' title='bbox 2443 5638 2673 5685; x_wconf 88' lang='lat' dir='ltr'><strong>mortem</strong></span> <span class='ocrx_word' id='word_1_861' title='bbox 2690 5623 2928 5680; x_wconf 78' lang='lat' dir='ltr'><strong>baeresiu</strong></span> <span class='ocrx_word' id='word_1_862' title='bbox 2949 5636 3105 5677; x_wconf 89' lang='lat' dir='ltr'><strong>suam</strong></span> <span class='ocrx_word' id='word_1_863' title='bbox 3130 5619 3189 5675; x_wconf 90' lang='lat' dir='ltr'><strong>in</strong></span> <span class='ocrx_word' id='word_1_864' title='bbox 3215 5617 3451 5688; x_wconf 65' lang='lat' dir='ltr'><strong>Egypto</strong></span> 
     </span>
    </p>
   </div>
   <div class='ocr_carea' id='block_1_120' title="bbox 1870 5712 3451 5803">
    <p class='ocr_par' dir='ltr' id='par_1_120' title="bbox 1870 5712 3451 5803">
     <span class='ocr_line' id='line_1_120' title="bbox 1870 5712 3451 5803; baseline -0.016 -14"><span class='ocrx_word' id='word_1_865' title='bbox 1870 5749 1995 5790; x_wconf 85' lang='lat' dir='ltr'><strong>eum</strong></span> <span class='ocrx_word' id='word_1_866' title='bbox 2028 5729 2317 5803; x_wconf 87' lang='lat' dir='ltr'><strong>sparsisse.</strong></span> <span class='ocrx_word' id='word_1_867' title='bbox 2346 5723 2521 5792; x_wconf 80' lang='lat' dir='ltr'><strong>Quam</strong></span> <span class='ocrx_word' id='word_1_868' title='bbox 2557 5717 2885 5778; x_wconf 82' lang='lat' dir='ltr'><strong>sententiam</strong></span> <span class='ocrx_word' id='word_1_869' title='bbox 2920 5731 2988 5772; x_wconf 83' lang='lat' dir='ltr'><strong>ex</strong></span> <span class='ocrx_word' id='word_1_870' title='bbox 3032 5712 3290 5771; x_wconf 85' lang='lat' dir='ltr'><strong>Veterum</strong></span> <span class='ocrx_word' id='word_1_871' title='bbox 3334 5724 3451 5763; x_wconf 44' lang='lat' dir='ltr'><strong>me,</strong></span> 
     </span>
    </p>
   </div>
  </div>
