3770 6290
383 280 490 335 543

1424 276 1481 334 S.
1518 275 1872 334 IGNATIUS.
1924 306 1985 315 ——
2018 270 2560 330 PROLEGOMENA.

3560 266 3653 320 3H

382 398 664 454 numentis
690 396 770 453 sie
792 396 1077 453 confirmo.
1095 396 1211 452 Sub
1230 395 1461 466 imperio
1489 395 1712 450 Adriani
1735 394 1969 466 Agrippa
1999 398 2045 453 Α
2074 392 2314 447 fatentur
2341 387 2669 460 discipulum
2702 386 2873 442 luisse
2896 383 3140 441 Simonis
3160 380 3335 455 Magi;
3360 391 3515 438 certe
3539 398 3651 437 eum

380 486 581 541 Castor
638 486 896 543 Basilidis
954 488 1285 543 luculentam
1347 486 1781 542 confutationem
1833 485 1970 540 scri-

381 580 513 649 psit,
551 581 605 635 in
633 595 740 650 qua
772 590 824 634 et
857 581 1189 635 mentionem
1230 579 1360 635 fecit
1385 578 1455 633 9.4
1492 579 1760 633 librorum
1799 578 1869 631 ab
1899 591 1966 631 eo

379 673 435 725 in
481 670 835 742 Evangelium
894 673 1249 742 scriptorum,
1299 679 1442 727 teste
1501 670 1761 735 Eusebio,
1818 667 1966 721 Hist.

378 762 476 815 lib.
509 779 583 829 iv,
618 779 739 832 cap.
774 763 826 828 7,
858 779 1037 833 neque
1078 771 1292 817 tantum
1337 763 1604 818 adversus
1648 759 1965 826 Basilidem,

377 856 470 910 sed
493 866 547 909 et
581 855 749 910 tilium
776 857 898 926 ejus
940 873 1004 911 ac
1036 857 1365 926 discipulum
1405 854 1674 911 lsidorum
1723 851 1965 921 scripsit,

379 953 514 999 teste
538 945 904 1001 Theodorctn.
942 947 1046 1013 Qui
1095 948 1199 1003 sub
1244 946 1486 1001 Adriano
1518 954 1598 999 tot
1632 945 1806 999 libros
1847 943 1966 998 edi-

376 1038 551 1105 derat,
583 1038 871 1110 tiliumque
905 1056 971 1095 ac
1003 1040 1339 1111 discipulum
1389 1049 1581 1092 notum
1619 1036 1785 1091 etiam
1830 1034 1968 1090 seri-

373 1139 586 1200 ptorem
610 1141 742 1187 tunc
773 1133 984 1199 habuit,
1020 1147 1144 1187 eum
1178 1132 1281 1188 sub
1320 1129 1560 1201 Traiano
1588 1146 1687 1185 sua
1712 1129 1968 1183 docuisse

373 1235 473 1290 par
526 1230 613 1275 est
663 1223 908 1277 credere.
959 1220 1128 1277 Juelis
1172 1223 1340 1293 igitur
1403 1218 1968 1290 chronographuslde

374 1312 619 1384 Trajano
649 1315 978 1385 imperatore
1007 1331 1195 1387 agens,
1237 1316 1354 1370 haec
1384 1314 1545 1369 habet
1572 1331 1586 1367 :
1627 1313 1743 1381 Ἐφ’
1776 1306 1843 1365 οὐ·
1873 1310 1966 1364 καὶ

370 1403 596 1473 Συμεὼν
627 1406 656 1457 ό
685 1405 779 1458 τοῦ
806 1405 1045 1458 Κλεωπᾶ
1074 1406 1165 1459 καὶ
1210 1404 1468 1473 Ἰγνάτιος
1499 1403 1528 1456 ὁ
1559 1402 1847 1473 Θεοφόρος,
1872 1400 1967 1455 καὶ

371 1489 712 1563 Βασιλείδης,
732 1493 827 1547 καί
844 1494 1134 1559 Νικόλαος,
1165 1494 1259 1548 καὶ
1295 1494 1607 1556 Ἐὁιωναῖος
1624 1493 1967 1564 οἱαίρεσιάρ-

370 1599 464 1653 χαι
494 1584 588 1637 καὶ
618 1584 802 1656 ἐχθροὶ
825 1584 924 1655 τῆς
951 1584 1206 1657 ἀληθείας
1234 1584 1605 1655 ὲγνωρίζοντο.
1636 1601 1654 1634 ι
1701 1583 1814 1636 Sub
1858 1599 1968 1651 quo

370 1686 428 1728 et
449 1674 672 1729 Simcon
696 1677 909 1747 Cleopaa
938 1676 1104 1742 ﬁlius,
1136 1688 1189 1732 et
1213 1676 1457 1747 lgnatius
1487 1674 1689 1739 Deifer,
1708 1688 1761 1729 et
1777 1673 1968 1729 Basili-

2074 484 2320 556 μαθητὴν
2393 482 2486 537 τοῦ
2551 482 2796 552 Σίμωνος
2867 487 3028 534 vocat
3105 476 3361 532 Justinus
3430 486 3649 546 martyr.

2070 574 2379 645 Utrumque
2415 573 2616 644 igitur;
2645 570 2792 641 quod
2825 570 2893 625 ad
2931 568 3192 640 temporis
3225 567 3506 622 rationem
3539 583 3653 637 spe-

2070 681 2202 735 ctat,
2232 669 2422 725 audire
2449 665 2628 738 potuit
2648 672 2703 719 et
2726 662 3010 719 Glauciam
3046 670 3100 715 et
3132 658 3526 721 Menandrum,
3557 659 3650 712 nisi

2069 769 2435 833 prmmaturus
2466 758 2616 814 illius
2649 755 2890 811 Glaucias
2915 754 3099 808 obitus
3135 750 3299 806 alicui
3329 750 3451 821 jam
3504 761 3652 803 notus

2070 850 2161 906 sit.
2180 849 2430 905 Mortuus
2454 858 2534 903 est
2561 846 2752 901 Simon
2782 845 2886 901 sub
2911 842 3160 909 Nerone;
3193 843 3297 898 sub
3317 840 3655 913 Vespasiano

2070 944 2237 1013 igitur
2275 942 2461 997 ﬂoruit
2492 939 2809 1005 Menander,
2852 937 2955 993 sub
2986 936 3300 991 Domitiano
3335 935 3513 1005 igitur
3549 950 3654 990 cre-

2068 1035 2233 1092 dibile
2264 1045 2348 1091 est
2389 1049 2514 1089 eum
2556 1032 2834 1088 audivisse
2870 1029 3209 1085 Satnrnilum
3249 1037 3304 1082 et
3338 1025 3653 1091 Basilidem,

2069 1128 2173 1183 sub
2197 1127 2437 1198 Trajano
2474 1143 2605 1182 suas
2652 1125 2892 1180 haereses
2933 1123 3257 1177 eﬂormasse
3283 1129 3458 1190 atque
3478 1122 3652 1189 prodi-

2067 1221 2237 1287 disse,
2296 1218 2514 1276 scholas
2568 1218 2735 1275 etiam
2784 1232 2882 1272 seu
2937 1215 3201 1271 ecclesias
3261 1213 3371 1268 sub
3415 1211 3652 1266 Adriano

2068 1313 2403 1371 condidisse.
2441 1312 2516 1368 De
2545 1313 2746 1383 quibus
2784 1310 3053 1368 Eusebius
3089 1329 3101 1364 :
3155 1303 3253 1362 Ὧν
3302 1310 3335 1361 ὁ
3383 1307 3492 1379 μὲν
3528 1308 3651 1377 μετὰ

2070 1407 2321 1478 Συρίανὸ
2360 1406 2418 1460 δὲ
2462 1407 2583 1459 κατ’
2628 1404 2902 1473 Αἴγυπτον
2945 1403 3344 1473 συνεστήσαντο
3392 1400 3653 1465 θεομιςιῖιν

2068 1500 2330 1571 αἱρέσεων
2344 1498 2708 1552 διδασκαλεῖα.
2727 1516 2745 1547 ι
2775 1495 3019 1563 Quorum
3044 1496 3133 1549 ille
3151 1494 3374 1565 quidem
3395 1493 3452 1546 in
3483 1491 3651 1562 Syria,

2071 1592 2161 1648 hic
2181 1608 2312 1647 vero
2343 1590 2483 1661 apud
2515 1588 2811 1661 Egyptum
2846 1588 3138 1657 impiarum
3181 1586 3474 1641 hatreseon
3504 1583 3654 1637 scho-

2070 1686 2149 1740 las
2176 1684 2441 1739 condidit.
2475 1702 2492 1735 ι
2542 1681 2698 1738 Unde
2741 1682 2935 1752 probat
2970 1680 3225 1737 Clemens
3246 1678 3655 1733 Alexandrinus

372 1768 492 1836 des,
510 1780 564 1825 et
584 1768 867 1835 Nicolaus,
893 1780 947 1826 et
976 1770 1267 1829 Ebionaeus
1299 1771 1678 1828 haeresiarcba:
1700 1778 1754 1825 et
1770 1784 1860 1824 ver

2164 1776 2564 1848 ταγενεστέρας
2606 1775 2705 1847 τῆς
2739 1774 3030 1846 καθολικῆς
3082 1772 3414 1842 Ἐκκλησίας
3440 1771 3543 1834 τὰς
3568 1772 3653 1823 άν-

370 1865 443 1919 tis
488 1864 679 1920 hostes
722 1866 893 1935 agniti
945 1874 1092 1921 sunt.
1157 1886 1176 1919 ι
1242 1865 1317 1922 De
1374 1865 1567 1921 eodem
1628 1864 1963 1932 imperatore

370 1972 541 2028 agens
571 1956 926 2014 Abulfaraius
969 1976 981 2012 :
1023 1976 1043 2010 ε
1083 1958 1196 2014 Ηοε
1241 1967 1488 2029 tempore
1524 1954 1723 2026 prodiit
1770 1951 1965 2006 Antio-

369 2050 510 2104 chize
538 2049 760 2120 quidam
812 2052 1035 2106 nomine
1080 2049 1403 2117 Suterinus,
1455 2049 1571 2103 sive
1609 2042 1963 2099 Saturninus.

366 2139 578 2194 Prodiit
604 2141 768 2194 etiam
798 2139 1090 2198 Basilides.
1136 2162 1155 2194 ι
1187 2139 1375 2211 Neque
1398 2140 1598 2195 mirum
1626 2138 1729 2191 hos
1766 2148 1959 2189 recen-

366 2234 538 2289 tiores
567 2234 681 2289 haac
721 2235 1052 2304 prodidisse,
1101 2251 1225 2290 cum
1260 2233 1486 2289 Veteres
1530 2230 1685 2302 paria
1737 2225 1967 2282 tradide-

364 2326 497 2381 rint.
548 2326 889 2395 Epiphanius
941 2328 1138 2383 hzeresi
1196 2328 1259 2381 '51
1297 2345 1311 2381 :
1352 2324 1710 2385 Οὐαλεντῖνος
1742 2320 1839 2391 μὲν
1873 2312 1966 2371 οὖν

365 2410 523 2481 οὗτος
554 2417 632 2487 τῷ
657 2419 834 2489 χρόνῳ
863 2418 1169 2489 διαδέχεται
1199 2418 1323 2481 τοὺς
1349 2416 1454 2487 πρὸ
1484 2412 1652 2469 αὐτοῦ
1702 2427 1968 2483 προτετα-

365 2512 624 2582 γμένους,
655 2512 970 2583 Βασιλείδην
1007 2530 1067 2567 τε
1102 2514 1193 2568 καὶ
1232 2512 1574 2585 Σατορνῖλον,
1638 2507 1871 2563 Ἐϐίωνά
1908 2522 1966 2559 τε

368 2604 462 2657 καὶ
492 2606 766 2675 Κήρινθον
806 2608 897 2660 καὶ
937 2606 1237 2678 Μήρινθον,
1274 2607 1369 2661 καὶ
1415 2608 1541 2669 τοὺς
1582 2602 1719 2675 ἀμφ’
1747 2598 1963 2663 αὐτούς·

365 2690 530 2749 υύτοι
561 2697 671 2769 γάρ
702 2698 903 2760 πάντες
933 2700 989 2751 ὲν
1021 2698 1100 2751 ἑνὶ
1130 2698 1305 2770 καιρῷ
1332 2696 1409 2768 τῷ
1444 2695 1542 2768 βίῳ
1586 2692 1771 2756 κακῶς
1801 2690 1969 2761 ἐφύη-

365 2807 490 2853 σαν,
529 2788 694 2860 ὀλίγῳ
725 2790 783 2843 δὲ
815 2789 1050 2860 πρόσθεν
1082 2790 1281 2861 μᾶλλον
1310 2792 1360 2843 οἱ
1390 2788 1517 2862 περὶ
1546 2785 1838 2859 Κήρινθον,
1872 2781 1966 2836 καὶ

363 2880 671 2952 Μήρινθον,
705 2881 800 2934 καὶ
841 2882 1093 2935 Ἑϐίωνα.
1129 2900 1149 2933 ι
1189 2880 1512 2936 Valentinus
1545 2880 1648 2933 iste
1689 2874 1966 2946 prioribus

364 2973 476 3028 illis
510 2989 541 3029 a
591 2989 679 3029 me
719 2983 881 3029 antea
916 2972 1364 3030 commemoratis
1393 2982 1641 3041 tempore
1668 2978 1752 3024 est
1781 2974 1964 3037 poste-

363 3064 501 3131 rior,
535 3063 793 3131 Basilide,
829 3067 1114 3131 nimirum,
1160 3082 1225 3121 ac
1251 3064 1552 3129 Saturnilo,
1584 3062 1811 3124 Ebione,
1851 3057 1957 3112 Ge-

364 3161 556 3220 rintho
621 3177 686 3217 ac
736 3161 1014 3218 Merintho
1061 3176 1365 3231 eorumque
1426 3158 1613 3215 sociis.
1672 3154 1958 3225 Siquidem

366 3268 564 3308 omnes
635 3268 749 3308 uno
826 3266 1075 3325 tempore
1134 3255 1200 3308 ad
1282 3252 1511 3307 humani
1566 3250 1783 3319 generis
1851 3246 1971 3301 exi-

364 3348 507 3401 tium
550 3345 762 3416 profusi
826 3358 956 3402 sunt
1037 3366 1050 3401 :
1120 3360 1436 3416 quanquam
1501 3342 1834 3406 Cerinthus,
1895 3353 1961 3392 ac

362 3436 673 3494 Merinthus
720 3449 776 3494 et
823 3438 998 3494 Ebion
1051 3438 1337 3511 paululum
1392 3434 1697 3506 antegressi
1751 3440 1900 3489 sunt.
1934 3449 1955 3483 ι

364 3525 485 3581 Non
516 3529 751 3582 multum
790 3529 1051 3599 temporis
1098 3530 1266 3599 igitur
1309 3526 1621 3583 intercessit
1674 3525 1816 3579 inter
1859 3522 1960 3577 Ce-

365 3622 611 3675 rinthum
662 3621 979 3676 haereticum
1036 3620 1092 3675 in
1144 3620 1275 3674 Asia
1328 3618 1607 3690 agnitum,
1662 3624 1957 3685 antequam

368 3711 429 3767 S.
481 3712 723 3769 Joannes
764 3712 1119 3783 Evangelium
1160 3711 1478 3782 scripserat,
1533 3719 1589 3765 et
1638 3708 1957 3774 Basilidem,

366 3814 509 3861 teste
532 3804 864 3876 Epiphanio.
896 3805 1208 3872 Quinetiam
1237 3806 1354 3876 ipse
1395 3802 1763 3874 Hieronymus
1804 3801 1959 3856 Basi-

367 3900 536 3956 lidem
569 3901 712 3955 inter
741 3899 1032 3955 hzereticos
1066 3897 1493 3967 apostolicorum
1520 3904 1826 3965 temporum
1857 3909 1960 3946 nn-

368 3991 875 4061 merat,disputans
903 3990 1169 4045 adversus
1190 3988 1570 4045 Luciferianos
1596 4006 1610 4041 :
1646 4005 1664 4037 ι
1691 3986 1798 4041 Sed
1828 3984 1959 4055 quid

369 4084 439 4138 de
468 4083 873 4154 posterioribus
899 4082 1079 4137 adhuc
1119 4081 1353 4152 loquor?
1387 4078 1668 4150 Apostolis
1695 4077 1875 4133 adhuc
1903 4077 1957 4130 in

369 4176 575 4231 saeculo
602 4174 1018 4245 superstitibus,
1038 4174 1180 4244 apud
1200 4172 1444 4227 Iudaeam
1463 4170 1667 4227 Christi
1693 4169 1962 4241 sanguine

368 4264 576 4319 recenti
608 4263 933 4333 phantasma
966 4262 1183 4317 Domini
1211 4277 1413 4333 corpus
1444 4261 1815 4318 asserebatur.
1847 4259 1958 4315 Ga-

367 4358 511 4411 latas
559 4356 627 4410 ad
677 4354 1118 4411 observationem
1171 4354 1307 4424 legis
1350 4352 1629 4407 traductos
1664 4351 1958 4421 Apostolus

2066 1868 2345 1941 θρωπίνας
2399 1867 2734 1939 συνηλύσεις,
2800 1885 2819 1920 ι
2876 1874 3179 1923 conventus
3226 1865 3333 1920 hos
3387 1864 3653 1918 humanos

2066 1959 2333 2015 catholica
2363 1957 2605 2014 Ecclesia
2642 1959 2995 2028 posteriores.
3032 1975 3051 2007 ι

2139 2049 2404 2117 Quamvis
2432 2050 2547 2106 haec
2573 2068 2603 2105 a
2632 2052 2789 2107 nobis
2814 2062 2923 2106 tam
2946 2050 3235 2121 perspicue
3263 2049 3504 2119 probata
3535 2049 3655 2115 sint,

2066 2144 2229 2199 habet
2254 2153 2436 2198 tamen
2474 2143 2709 2201 Dallaaus
2741 2156 3016 2211 auctores,
3046 2154 3106 2198 ut
3133 2153 3304 2213 putat,
3338 2144 3435 2213 qui
3469 2141 3656 2197 Basili-

2064 2238 2186 2293 dem
2210 2238 2381 2305 hunc,
2412 2237 2694 2294 Menandri
2728 2241 3085 2310 discipulum,
3126 2238 3321 2294 lsidori
3368 2249 3588 2309 patrem
3608 2249 3655 2293 et

2066 2331 2414 2401 magistrum,
2441 2331 2546 2387 sub
2575 2333 2820 2388 Adriano
2847 2333 3084 2403 primum
3124 2332 3400 2402 erupisse,
3448 2341 3507 2386 et
3552 2332 3654 2386 bae-

2066 2424 2211 2479 resin
2243 2438 2401 2479 suam
2429 2424 2626 2479 docere
2650 2425 2885 2493 cuapisse
2915 2425 3156 2480 tradunt.
3182 2424 3260 2479 Ac
3294 2424 3480 2492 primo
3502 2425 3654 2479 nobis

2067 2516 2318 2572 nominat
2361 2517 2697 2573 Clementem
2752 2517 3207 2583 Alexandrinum,
3249 2517 3414 2581 cujus
3476 2518 3653 2573 locum

2067 2610 2227 2675 mire,
2277 2618 2339 2665 ut
2380 2611 2600 2681 Opinor,
2657 2618 2975 2680 corruptum
3010 2618 3107 2665 aut
3139 2610 3280 2665 male
3314 2610 3653 2665 intellectum

2069 2699 2230 2755 t0ties
2260 2700 2551 2755 advocant.
2598 2698 2737 2753 Eum
2774 2700 2939 2771 igitur
2970 2716 3068 2770 per
3098 2711 3283 2770 partes
3310 2701 3653 2755 examinabi-

2068 2805 2213 2845 mus.
2256 2791 2321 2843 Ἠ
2355 2791 2455 2862 μὲν
2480 2791 2592 2862 γὰρ
2634 2790 2729 2844 τοῦ
2766 2791 2970 2864 Κυρίου
3019 2792 3162 2846 κατὰ
3198 2792 3297 2862 τὴν
3349 2793 3654 2864 παρουσίαν

2066 2882 2386 2938 διδασκαλία
2430 2884 2539 2939 άπὸ
2584 2885 2892 2956 Αὐγούστου
2929 2886 3024 2939 καὶ
3074 2886 3323 2957 Τιϐερίου
3374 2887 3654 2957 Καίσαρος

2067 2978 2370 3050 ἀρξαμένη,
2434 2978 2743 3048 μεσούντων
2794 2977 2889 3032 τοῦ
2950 2978 3260 3047 Αὐγούστου
3314 2979 3532 3049 χρόνων
3572 2996 3653 3031 τε·

2067 3066 2325 3125 λειοῦται.
2362 3067 2467 3125 Ubi
2504 3085 2607 3125 vox
2637 3068 2948 3140 Αὐγούστου
2978 3069 3285 3137 posteriore
3335 3071 3463 3125 loco
3514 3081 3652 3126 recte

2062 3158 2193 3228 poni
2239 3174 2348 3213 non
2393 3170 2606 3230 potest;
2644 3176 2824 3230 neque
2857 3160 3004 3214 enim
3045 3160 3112 3215 de
3144 3160 3399 3229 Augusto
3427 3161 3549 3230 ipso
3572 3162 3651 3215 in-

2061 3252 2228 3323 telligi
2282 3253 2503 3322 poterit,
2556 3261 2681 3323 post
2725 3252 2884 3321 cujus
2928 3252 3144 3321 imperii
3181 3252 3365 3306 media
3404 3260 3649 3322 tempora

2060 3345 2315 3400 Christus
2346 3356 2538 3411 natus;
2574 3360 2751 3414 neque
2784 3344 3006 3400 Tiberio
3034 3360 3099 3399 ea
3126 3359 3233 3399 vox
3266 3346 3527 3400 convenit
3561 3346 3647 3399 ubi

2061 3448 2291 3507 uterque
2341 3437 2509 3491 simul
2559 3437 2897 3491 nominatur.
2945 3435 3202 3492 Mendum
3236 3439 3491 3507 agnoscit
3533 3434 3650 3508 Syl-

2060 3530 2290 3601 burgius
2319 3538 2374 3583 et
2400 3546 2500 3600 pro
2530 3529 2845 3598 Αὐγούστου
2880 3530 3009 3600 legit
3044 3545 3169 3584 cum
3220 3530 3520 3603 interprete
3558 3533 3650 3585 Tt-

2062 3620 2267 3693 ϐερίου.
2317 3620 2384 3675 Ει
2428 3622 2652 3692 quidem
2687 3622 2823 3677 satis
2875 3619 3064 3675 Greece
3096 3620 3298 3675 dicitur
3340 3623 3647 3691 μεσούντων

2060 3714 2170 3768 τῶν
2217 3713 2467 3785 Τιϐερίου
2525 3712 2750 3784 χρόνων,
2803 3732 2823 3766 ε
2871 3714 3051 3767 medio
3082 3711 3290 3767 Tiberii
3318 3725 3587 3783 tempore,
3621 3731 3644 3765 ι

2061 3806 2156 3861 sed
2187 3806 2383 3861 dubito
2408 3822 2476 3860 an
2512 3807 2586 3860 ita
2632 3807 2953 3877 loqueretur
2976 3806 3253 3873 Clemens,
3290 3807 3389 3877 qui
3420 3808 3490 3863 15
3522 3808 3647 3878 qui-

2060 3898 2183 3953 dem
2224 3896 2429 3953 Tiberii
2465 3897 2803 3968 haptizatum
2836 3914 2959 3955 esse
2991 3899 3274 3955 Christutn
3308 3902 3555 3969 agnovit,
3595 3909 3645 3952 et

2061 4000 2189 4061 post
2216 4007 2389 4047 unum
2429 4007 2637 4047 annum
2671 4008 2896 4064 passum
2945 3992 3113 4047 etiam
3157 3993 3392 4063 putavit,
3446 3994 3539 4047 sed
3577 3992 3647 4046 22

2062 4092 2275 4139 tantum
2310 4099 2488 4140 annos
2524 4083 2747 4140 Tiberio
2792 4085 3116 4154 assignavit.
3169 4084 3311 4140 Cum
3358 4086 3526 4153 igitur
3565 4086 3644 4140 le-

2058 4179 2181 4233 vior
2208 4176 2441 4232 mutatio
2472 4176 2720 4234 sufﬁcere
2764 4192 2929 4247 posse
2975 4177 3249 4246 videatur,
3287 4176 3430 4233 forte
3464 4178 3647 4248 legen-

2060 4268 2191 4323 dum
2222 4268 2533 4339 μεσούντων
2582 4268 2689 4324 τῶν
2724 4268 3049 4337 Αὐγούστων
3070 4269 3287 4341 χρόνον,
3324 4288 3347 4321 ί
3385 4270 3645 4340 Augustis

2062 4360 2170 4414 illis
2201 4368 2416 4429 tempus
2447 4359 2890 4425 dimidiantibus,
2932 4379 2952 4413 ι
2987 4360 3094 4426 vel,
3142 4370 3379 4429 utroque
3415 4362 3645 4431 impera-

368 4451 568 4505 iterum
599 4448 853 4520 parturit.
910 4447 1227 4503 Corinthios
1272 4447 1729 4507 resurrectionem
1773 4443 1957 4498 carnis
1988 4469 2033 4525 D
2061 4461 2179 4506 [ore
2205 4451 2494 4505 dimidium
2532 4452 2794 4521 temporis
2834 4452 2938 4507 sibi
2976 4461 3247 4507 sumente.
3301 4450 3375 4506 Ut,
3402 4453 3521 4521 ipse
3564 4454 3644 4506 lo-

368 4556 481 4595 non
514 4542 798 4596 credentes
838 4540 1088 4610 pluribus
1134 4538 1472 4609 argumentis
1504 4537 1573 4592 ad
1616 4551 1806 4590 verum
1853 4536 1956 4589 iter

370 4634 588 4687 trahere
614 4642 867 4688 conatur.
905 4633 1062 4687 Tunc
1102 4630 1291 4687 Simon
1329 4630 1520 4701 Magus
1550 4638 1604 4685 et
1659 4628 1956 4683 Menander

369 4726 678 4793 discipulus
706 4725 825 4793 ejus
858 4723 954 4779 Dei
980 4738 1040 4778 se
1068 4738 1355 4779 asseruere
1389 4722 1655 4788 virtutes;
1686 4728 1817 4776 tunc
1845 4719 1954 4773 Ba-

370 4816 561 4872 silides
587 4831 862 4870 summum
889 4816 1060 4872 Deum
1087 4816 1336 4873 Abraan
1357 4832 1481 4871 cum
1508 4813 1767 4869 trecentis
1796 4827 1957 4866 sexa-

370 4908 522 4977 ginta
560 4907 807 4976 quinque
832 4905 1103 4962 Eonibus
1135 4916 1542 4962 commentatus
1570 4915 1672 4961 est.
1708 4924 1727 4957 ›
1765 4904 1823 4958 Si
1858 4902 1959 4956 Ba-

369 4998 641 5054 silidianis
678 4998 813 5068 ipsis
847 4997 1160 5065 credamus,
1210 4998 1403 5053 habuit
1455 4997 1721 5052 Basilides
1781 4995 1956 5062 magi-

369 5103 550 5149 strum
589 5092 897 5154 Glauciam,
935 5090 1147 5161 fuitque
1175 5092 1264 5146 ille
1314 5091 1568 5147 Glaucias
1599 5091 1657 5145 S.
1692 5089 1838 5144 Petri
1871 5089 1957 5143 in-

370 5196 603 5256 terpres.
634 5186 893 5241 Clemens
933 5185 1357 5251 Alexandrinus,
1398 5184 1660 5239 Stromat.
1700 5184 1793 5237 lib.
1828 5199 1902 5238 vn
1937 5199 1953 5238 :

370 5279 641 5351 Καθάπερ
670 5281 699 5333 ὀ
731 5278 1069 5347 Βασιλείδης,
1118 5277 1217 5332 κᾶν
1264 5278 1533 5331 Γλαυκίαν
1584 5278 1959 5349 ἐπιγράφηται

372 5371 710 5437 διδάσκαλον,
742 5373 817 5437 ὡς
850 5368 1105 5442 αὐχοῦσιν
1136 5371 1310 5435 αὐτοὶ,
1336 5371 1427 5424 τὸν
1456 5371 1660 5443 Πέτρου
1692 5372 1954 5443 ἑρμηνέα.

375 5462 485 5517 Nec
528 5465 631 5519 hoc
676 5465 859 5520 statim
890 5464 1307 5533 repudiandum,
1337 5465 1481 5533 quod
1531 5480 1561 5517 a
1606 5463 1957 5519 Basilidianis

375 5555 582 5609 dictum
613 5556 702 5619 sit,
732 5556 881 5626 quod
918 5555 967 5609 ei
1003 5556 1152 5610 attati
1192 5556 1419 5611 minimc
1457 5566 1747 5626 repugnat,
1787 5573 1954 5626 quam

376 5648 551 5702 nostri
572 5649 739 5702 etiam
764 5658 1088 5717 agnoscunt.
1124 5646 1182 5702 Si
1230 5647 1488 5704 Glaucias
1527 5659 1645 5704 erat
1691 5650 1959 5720 interpres

375 5737 438 5796 8.
476 5740 645 5809 Petri,
682 5742 1027 5814 syncbronus
1076 5740 1179 5799 fuit
1217 5738 1538 5814 Menandro,
1575 5757 1739 5814 quem
1764 5758 1959 5801 omnes

2060 4542 2270 4612 quitur,
2313 4542 2408 4596 lib.
2457 4558 2473 4595 ι
2524 4558 2539 4597 :
2595 4540 3072 4612 Πεντεκαιδεκάτῳ
3096 4538 3188 4595 οὖν
3217 4540 3327 4593 ἔτει
3375 4541 3642 4612 Τιϐερίου,

2058 4632 2153 4687 καὶ
2188 4631 2659 4704 πεντεκαιδεκάτῳ
2692 4631 3003 4700 Αὐγούστου
3036 4631 3179 4684 οὕτω
3219 4631 3556 4704 πληροῦνται
3580 4634 3642 4685 τὰ

2058 4725 2352 4796 τριάκοντα
2384 4723 2481 4795 ἕτη
2504 4724 2608 4787 ἕως
2640 4719 2700 4779 οὐ
2726 4723 2947 4779 ἔπαθεν.
2988 4743 3008 4775 ι
3058 4723 3490 4790 Quintodecimo
3520 4739 3644 4795 ergo

2060 4833 2207 4871 anno
2228 4816 2435 4871 Tiberii
2459 4826 2514 4872 et
2533 4818 2942 4887 quintodecimo
2964 4816 3195 4888 Augusti
3233 4817 3316 4871 sic
3355 4817 3643 4886 implentur

2061 4909 2283 4978 triginta
2315 4908 2443 4963 anni
2470 4923 2643 4978 usque
2671 4908 2738 4963 ad
2775 4917 2991 4979 tempus
3013 4923 3125 4979 quo
3148 4923 3348 4977 passus
3368 4918 3455 4965 est
3493 4909 3641 4965 Chri-

2060 5016 2199 5061 stus.
2241 5025 2260 5057 ι
2295 5003 2398 5060 Sed
2426 5006 2633 5075 optima
2671 5009 2943 5061 correctio
2976 5020 3007 5059 a
3048 5005 3265 5059 meliori
3310 5006 3507 5060 codice
3555 5020 3641 5059 ex-

2059 5096 2353 5167 spectanda
2384 5110 2485 5151 est.
2511 5095 2624 5168 Ego
2660 5105 2871 5150 tantum
2900 5097 3080 5151 locum
3110 5112 3237 5151 eum
3268 5105 3330 5150 ut
3357 5112 3506 5151 nunc
3529 5094 3637 5151 edi-

2059 5198 2148 5244 tus
2168 5199 2274 5255 est,
2307 5191 2361 5245 in
2401 5190 2599 5243 mendo
2646 5188 2850 5243 cubare
2894 5188 3145 5243 observo.
3190 5187 3255 5239 Ἡ
3286 5186 3345 5240 δὲ
3378 5186 3489 5240 τῶν
3511 5188 3639 5239 ἀπο-

2060 5281 2262 5335 στόλων
2296 5280 2460 5335 αὐτοῦ
2505 5282 2667 5352 μέχρι
2704 5298 2767 5350 γε
2800 5279 2898 5349 τῆς
2927 5278 3141 5333 Παύλου
3173 5278 3521 5350 λειτουργίας
3556 5277 3638 5331 ἐπὶ

2059 5370 2311 5441 Νέρωνος
2342 5368 2663 5423 τελειοῦται.
2695 5388 2714 5420 ι
2750 5367 3139 5437 Apostolorum
3181 5378 3365 5422 autem
3391 5369 3514 5438 ejus
3550 5369 3639 5421 do-

2059 5466 2257 5530 ctrina,
2278 5478 2452 5534 usque
2473 5464 2538 5516 ad
2563 5461 2715 5515 Pauli
2748 5460 3136 5526 ministerium,
3156 5461 3260 5515 sub
3280 5459 3505 5516 Nerone
3524 5476 3637 5514 con-

2059 5567 2391 5615 summatur.
2415 5555 2568 5611 illaec
2579 5556 2646 5611 de
2666 5553 2993 5624 antiquitate
3010 5553 3273 5607 doctrinae
3296 5552 3639 5613 Christianae;

2059 5652 2127 5707 de
2159 5649 2397 5704 novitate
2438 5649 2720 5703 baereseon
2757 5646 2832 5701 ita
2880 5646 3125 5716 loquitur
3162 5663 3177 5699 :
3212 5645 3384 5699 Κάτω
3406 5643 3484 5707 δὲ,
3522 5639 3631 5712 ’περι

2060 5744 2183 5806 τοὺς
2230 5740 2504 5814 Ἁδριανοῦ
2548 5739 2646 5795 τοῦ
2678 5736 2939 5813 sane»;
2962 5738 3062 5811 χρό
3076 5755 3186 5802 κους
3211 5738 3261 5791 οἱ
3289 5738 3388 5801 τὰς
3412 5736 3619 5809 αἱρέσει
