3770 6308
129 357 223 413 515

841 355 895 411 ,1.
943 353 1316 411 PEARSONII
1352 352 1677 409 VINDlCle
1716 351 2137 409 ICNATIANrE.
2171 380 2236 389 —
2271 346 2451 403 PARS
2485 344 2550 400 ll.

3264 341 3370 397 346

128 478 487 549 ἐπινοήσαντες
512 476 785 547 γεγόνασι.
809 495 827 531 ι
866 475 1102 532 Interius
1131 486 1336 539 autem,
1361 475 1506 530 circa
1550 484 1677 530 tem-

1847 486 1936 540 Int,
1978 490 2007 529 a
2048 471 2330 528 Clemente
2371 464 2644 538 prolicisci
2691 479 2800 518 non
2847 472 3162 533 potuerunt.
3188 461 3370 527 Quare

126 586 245 641 pora
286 568 508 624 Adriani
550 569 919 638 imperatoris,
957 569 1179 624 fuerunt
1212 568 1287 622 illi
1329 568 1421 638 qui
1453 567 1688 623 haereses

128 662 507 731 excogitarunt.
558 679 577 713 ι
619 658 738 716 Νοη
791 669 953 731 negat
998 675 1332 731 quemquam
1371 658 1685 714 hmreticum

128 764 236 807 ante
270 751 491 806 Adriani
519 764 762 823 tempora
789 751 998 818 fuisse;
1046 754 1148 808 hoc
1188 755 1333 806 enim
1364 752 1549 822 negari
1579 767 1685 806 non

127 841 298 911 potuit.
311 839 428 895 Non
447 842 709 907 diciteos,
727 842 793 897 de
812 843 1013 911 quibus
1048 842 1310 913 loquitur,
1328 842 1430 897 sub
1444 841 1688 896 Adriano

126 935 336 1003 primum
378 950 476 989 sua
504 934 695 988 deliria
720 936 993 1000 docuisse,
1022 936 1168 1005 quod
1201 933 1499 989 adversarii
1535 948 1689 988 asse-

126 1034 255 1093 runt,
272 1041 365 1080 nos
378 1041 658 1097 negamus.
688 1025 800 1080 Hoc
814 1036 1021 1081 tantum
1047 1027 1305 1093 dicit,eos
1328 1026 1421 1095 qui
1447 1026 1684 1080 haereses

124 1119 515 1189 excogitarnnt,
545 1119 690 1174 circa
724 1128 966 1189 tempora
1004 1118 1231 1173 Adriani
1272 1119 1567 1172 exstitisse.
1596 1116 1677 1171 lta

123 1220 311 1266 veteres
352 1211 458 1280 ipsi
510 1210 845 1265 Clementem
898 1210 1323 1265 intellexerunt:
1376 1210 1491 1264 haec
1536 1209 1685 1263 enim

122 1300 378 1355 Ccdrenus
426 1316 490 1355 ex
534 1301 641 1357 illis
688 1302 888 1356 habet:
936 1302 1019 1365 Ὠς
1049 1300 1157 1372 γὰρ
1195 1301 1328 1371 φησὶ
1377 1299 1610 1371 Κλήμης
1653 1300 1682 1351 6

123 1391 474 1462 Στρωματεὺς
496 1392 587 1444 ἐπὶ
623 1391 901 1463 Ἀδριανοῦ
930 1391 1176 1463 ὑπῆρχον
1209 1391 1545 1463 Σατορνῖλος,
1575 1391 1683 1443 Βα-

124 1482 355 1552 σιλείδης,
397 1484 491 1535 καὶ
520 1483 950 1555 Καρποκράτης.
987 1502 1005 1534 ι
1036 1481 1105 1537 Ut
1134 1484 1278 1538 enim
1320 1485 1396 1538 ait
1430 1482 1684 1538 Clemens

121 1574 447 1629 Stromateon
486 1583 712 1641 auctor,
756 1574 859 1629 sub
900 1574 1143 1629 Adriano
1175 1576 1399 1630 fuerunt
1431 1576 1684 1630 Saturni-

120 1666 213 1731 lus,
242 1664 533 1731 Basilides,
567 1675 622 1720 et
650 1665 1033 1734 Carpocratt-s.
1070 1684 1090 1718 ι
1128 1666 1295 1720 Addit
1346 1678 1527 1721 autem
1558 1666 1679 1721 Cle-

119 1774 287 1811 mens:
319 1758 437 1810 Καὶ
480 1744 640 1829 μέχρι
669 1775 734 1826 γε
762 1757 863 1828 τῆς
898 1758 1212 1812 Ἀντωνίνου
1252 1758 1345 1812 τοῦ
1381 1758 1680 1829 πρεσϐυτέ-

121 1866 199 1920 ρου
229 1848 491 1902 διέτειναν
544 1851 791 1921 ἡλικίας,
837 1849 1089 1923 καθάπερ
1129 1852 1157 1903 6
1202 1852 1537 1923 Βασιλείδης.
1569 1871 1587 1903 ι
1618 1850 1683 1905 Ει
1716 1829 1755 1886 Β

119 1950 468 2010 pervenerunt
506 1958 684 2012 usque
719 1943 785 1996 ad
822 1952 1034 1997 atatem
1066 1944 1328 1998 Antonini
1374 1946 1627 2009 senioris,
1657 1963 1676 1998 ι

118 2031 205 2097 Pii,
232 2034 464 2099 scilicet,
489 2035 585 2102 qui
617 2034 860 2089 Adriano
887 2037 1175 2090 successit.
1208 2034 1248 2088 E
1279 2036 1479 2105 quibus
1504 2038 1683 2091 verbis

116 2137 265 2195 patet,
305 2127 372 2180 ad
419 2137 697 2196 postrema
742 2129 936 2182 horum
986 2128 1370 2182 haereticorum
1414 2138 1678 2197 tempora,

118 2234 208 2271 non
240 2220 418 2287 priora
462 2220 769 2288 respexisse
786 2220 1133 2287 .(Zlementem
1161 2237 1176 2286 ;
1238 2236 1302 2275 ac
1340 2221 1385 2275 si
1416 2221 1679 2276 dixisset:

116 2302 482 2364 Hieresiarcha:
515 2310 628 2375 illi,
662 2325 899 2379 quorum
944 2310 1198 2379 discipuli
1247 2310 1547 2365 etiamnum
1588 2327 1683 2365 ex-

116 2410 271 2467 stant,
303 2401 597 2456 iuferiores
638 2418 737 2456 seu
789 2402 1043 2471 juniores
1086 2412 1243 2457 erant
1275 2403 1365 2467 iis,
1397 2404 1489 2473 qui
1517 2402 1680 2458 Clui-

115 2497 322 2551 stiauam
381 2498 545 2552 [idem
600 2498 779 2567 primo
835 2497 1249 2567 praedicabant;
1306 2499 1676 2567 apostolorum

115 2590 240 2643 enim
271 2590 525 2645 doctrina
561 2591 664 2644 sub
691 2590 906 2649 Nerone
937 2600 1320 2645 consummata
1351 2600 1456 2657 est,
1491 2592 1543 2644 hi
1581 2607 1681 2645 au-

122 2688 212 2733 tem
238 2680 339 2735 sub
362 2680 610 2735 Adriano
649 2682 926 2750 vixerunt,
965 2692 1019 2736 et
1047 2697 1221 2751 usque
1249 2683 1315 2735 ad
1339 2682 1678 2735 Antoninum

114 2769 249 2826 Pium
282 2774 662 2839 duraverunt;
704 2774 971 2844 apostolis
1003 2774 1169 2843 igitur
1198 2771 1529 2842 posteriores
1561 2770 1679 2825 fue~

116 2872 239 2917 runt.
272 2862 347 2916 Ex
377 2865 464 2919 his
498 2877 609 2919 tres
653 2865 923 2929 nominat,
963 2863 1280 2926 Basilidem,
1302 2861 1675 2928 Valentinum,

116 2965 157 3008 et
184 2957 225 3009 si
259 2957 395 3011 forte
444 2956 817 3023 Marcionem;
852 2957 897 3010 si
942 2955 1101 3022 forte,
1146 2957 1393 3025 inquam,
1422 2971 1548 3009 nam
1586 2954 1677 3008 illa

115 3050 256 3103 verba
280 3069 292 3103 :
322 3051 593 3122 Μαρκίων
620 3050 749 3122 γὰρ,
768 3050 908 3103 κατὰ
936 3049 1034 3121 τὴν
1065 3048 1232 3119 αὐτὴν
1254 3049 1437 3112 αὐτοῖς
1462 3047 1678 3119 ἠλικίαν

114 3142 379 3211 γενόμενος
457 3143 537 3206 ὼς
612 3142 925 3214 πρεσϐύτης
982 3141 1267 3213 νεωτέροις
1343 3141 1674 3208 συνεγένετο.

119 3232 388 3289 «Μειτοίοη
437 3236 590 3291 enim
660 3236 764 3290 sub
814 3235 1005 3290 eadem
1051 3244 1209 3290 atate
1254 3234 1580 3288 versabatur
1616 3241 1677 3287 ut

116 3340 259 3380 senex
286 3343 409 3381 cum
436 3328 783 3397 junioribus,
816 3346 835 3379 ι
873 3337 930 3381 ut
952 3328 1114 3398 vulgo
1141 3337 1511 3397 exponuntur,
1541 3341 1675 3380 sana

115 3430 216 3470 esse
242 3431 345 3471 non
373 3427 631 3487 possunt,
669 3426 728 3472 ut
770 3433 871 3472 nec
894 3433 1016 3486 quae
1058 3425 1406 3487 sequuntur:
1453 3415 1588 3470 Μεθ’
1616 3414 1676 3469 6v

115 3507 271 3577 Σίμων
321 3511 408 3562 ἐπ’
455 3510 638 3579 ὀλίγον
687 3509 1055 3582 κηρύσσοντος
1114 3508 1209 3563 τοῦ
1272 3510 1482 3582 Πέτρου
1534 3510 1675 3579 ὑπή-

115 3613 273 3663 κουσε,
307 3618 324 3651 ί
354 3608 483 3670 post
512 3618 674 3671 quem
728 3601 919 3656 Simon
955 3601 1179 3655 Petrum
1211 3602 1363 3655 audit
1392 3601 1675 3671 paululum

115 3692 506 3756 praedicantem,
542 3716 561 3746 υ
600 3705 659 3748 ut
703 3694 863 3748 hodie
916 3694 1174 3763 leguntur
1200 3702 1253 3747 et
1301 3702 1671 3763 exponuntur.

116 3779 233 3846 Quis
257 3785 402 3838 enim
435 3786 493 3839 in
523 3786 754 3841 historia
780 3785 1154 3840 ecclesiastica
1185 3784 1328 3839 ferre
1356 3795 1553 3854 potest,
1581 3793 1677 3839 aut

115 3871 423 3930 Marcionem
465 3892 653 3931 senem
688 3876 883 3942 fuisse,
919 3891 1043 3930 cum
1090 3875 1357 3930 Basilides
1387 3884 1443 3929 et
1473 3874 1673 3929 Valen-

115 3966 491 4038 tinusjuvenes
518 3978 725 4033 essent,
771 3978 867 4023 aut
903 3967 1183 4022 Simonem
1210 3968 1304 4037 qui
1356 3964 1415 4021 S.
1450 3966 1674 4021 Petrum

115 4056 317 4122 audivit,
356 4068 493 4127 post
542 4056 876 4112 Marcionem
926 4057 1245 4112 exstitisse?
1275 4057 1350 4113 De
1398 4056 1677 4113 Marcione

115 4145 248 4201 aliter
294 4150 471 4205 sensit
528 4148 913 4220 Epiphanius,
979 4161 1037 4206 ut
1078 4151 1463 4206 ostendimus:
1518 4151 1677 4205 aliter

114 4240 251 4294 etiam
280 4252 494 4297 veteres
544 4243 712 4298 locuti
748 4256 895 4298 sunt.
921 4242 1170 4299 Justinus
1200 4252 1409 4314 martyr
1434 4240 1677 4297 Valenti-

114 4333 372 4394 nianorum
403 4346 459 4391 et
493 4334 953 4392 Basilidianorum
986 4336 1553 4405 meminit,dictosque
1579 4350 1676 4390 eos

115 4442 138 4477 a
164 4430 467 4485 nominibus
494 4430 989 4485 haeresiarcharum
1012 4431 1206 4494 docet;
1232 4430 1343 4485 imo
1366 4445 1529 4484 vero:
1564 4428 1674 4482 Καί

1793 565 2014 621 Isaacus
2047 563 2278 618 Vossius
2321 561 2450 614 huic
2499 560 2622 612 loco
2665 566 2925 626 tanquam
2969 555 3192 608 minime
3230 569 3367 607 sano

1792 657 2060 711 medelam
2112 650 2385 716 adhibuit,
2425 658 2480 703 et
2532 664 2629 718 pro
2663 647 2769 701 illis
2797 662 2917 715 qute
2945 645 3218 705 dedimus,
3254 644 3368 698 haec

1789 751 1917 822 legit
1947 769 1961 805 :
2001 747 2269 817 Μαρκίων
2294 742 2404 814 γὰρ
2434 740 2575 794 κατὰ
2611 740 2710 811 τὴν
2747 738 2917 808 αὐτὴν
2948 737 3126 799 αὐτοῖς
3156 734 3368 807 ἡλικίαν

1787 842 2075 912 γενόμενος
2108 839 2183 902 ὡς
2214 834 2548 909 πρεσϐύταις
2576 830 2838 902 νεώτερος
2876 828 3216 897 συνεγένετο,
3248 827 3366 898 μεθ’

1786 926 1861 986 ὧν
1885 934 2086 1004 Σίμων.
2110 929 2243 997 Quae
2270 929 2316 983 si
2344 936 2489 982 recte
2515 924 2672 994 capio
2692 924 2795 976 hoc
2815 930 3013 975 sonant
3039 938 3054 973 :
3085 939 3102 971 ι
3123 918 3364 973 Marcion

1786 1027 1932 1082 enim
1968 1025 2071 1080 sub
2101 1022 2291 1077 eadem
2321 1027 2484 1074 astate
2514 1032 2638 1072 cum
2678 1015 2788 1069 illis
2819 1022 3078 1083 tanquam
3112 1028 3236 1066 cum
3280 1026 3366 1066 se-

1787 1119 1949 1171 nibus
1976 1115 2163 1186 junior
2187 1120 2439 1165 versatus
2466 1116 2570 1175 est,
2594 1123 2719 1162 cum
2743 1106 2944 1176 quibus
2977 1102 3187 1169 Simon,
3212 1122 3232 1156 ι
3253 1113 3360 1157 etc.

1786 1203 1862 1258 lta
1893 1204 2003 1269 ille,
2034 1210 2194 1257 acute
2246 1200 2502 1270 quidem,
2561 1207 2619 1252 ut
2671 1196 2831 1251 solet.
2864 1193 3129 1249 Henricus
3178 1203 3361 1248 autem

1788 1297 2038 1352 Valesius
2076 1294 2212 1348 nihil
2244 1293 2565 1347 mutandum
2595 1291 2838 1361 putavit,
2869 1289 2962 1344 sed
2996 1288 3111 1359 μεθ’
3137 1288 3219 1353 ὃν,
3250 1289 3366 1342 sive

1791 1408 1810 1442 ι
1835 1398 1958 1461 post
1980 1404 2165 1458 quem,
2192 1406 2210 1439 ι
2250 1387 2391 1441 idem
2424 1384 2607 1437 valere
2637 1384 2732 1447 ait,
2766 1381 2912 1452 quod
2943 1400 2960 1432 ι
2982 1390 3106 1434 ante
3132 1395 3314 1448 quem,
3338 1399 3357 1431 ι

1785 1493 1839 1538 et
1875 1484 1981 1537 hoc
2020 1482 2254 1551 probare
2284 1479 2479 1533 nititur
2508 1477 2563 1530 in
2608 1474 3069 1529 Adnotationibus
3099 1474 3165 1527 ad
3194 1472 3365 1527 Euse-

1785 1575 1955 1629 bium.
1987 1569 2121 1638 Qua:
2148 1569 2523 1640 expositioan
2553 1565 2682 1620 ferri
2721 1565 2916 1633 possit,
2953 1564 3200 1633 judicent
3234 1577 3363 1616 eru-

1784 1666 1904 1721 diti.
1937 1664 2051 1737 Ego
2080 1679 2189 1718 non
2224 1662 2412 1716 dubito
2435 1659 2567 1731 quin
2610 1657 2946 1721 Blondcllus,
2980 1655 3073 1725 qui
3108 1653 3364 1707 Clemen-

1786 1768 1892 1813 tem
1923 1758 2029 1812 hoc
2066 1756 2188 1810 loco
2214 1751 2560 1806 Valentinum
2602 1758 2725 1819 post
2777 1747 3106 1801 Marcionem
3161 1744 3364 1798 referre

1786 1851 2014 1915 asserit,
2067 1848 2182 1902 sola
2239 1844 2434 1899 Latina
2486 1843 2738 1898 versione
2786 1840 3045 1908 deceptus
3103 1837 3207 1903 sit;
3241 1851 3364 1907 quae

1786 1952 1970 1997 tamen
2005 1941 2120 2011 ipsa
2153 1940 2207 1993 id
2234 1948 2420 2007 aperte
2448 1951 2555 1990 non
2584 1934 2715 1989 dicit
2738 1933 2883 2002 quod
2921 1933 3009 1984 ille
3032 1930 3220 1983 voluit.
3248 1928 3363 1999 Ego

1785 2043 2023 2089 mentem
2052 2030 2350 2087 Clementis
2379 2029 2450 2083 ita
2491 2036 2639 2082 recte
2686 2025 2917 2095 exprimi
2960 2039 3121 2094 posse
3147 2024 3359 2078 sentio:

1789 2124 1973 2191 «Quod
2003 2124 2069 2177 ad
2100 2122 2434 2177 Marcionem
2476 2119 2622 2175 enim
2652 2119 2865 2181 attinet,
2892 2116 2981 2170 ille
3012 2114 3230 2184 quidem
3259 2113 3363 2168 sub

1781 2216 1971 2270 eodem
2001 2215 2233 2284 imperio
2258 2212 2483 2267 Adriani
2511 2210 2681 2275 vixit,
2721 2208 2823 2263 sub
2865 2222 2975 2278 quo
3011 2204 3275 2259 Basilides
3308 2211 3363 2258 et

1784 2308 2127 2373 Valentinus,
2151 2307 2244 2362 sed
2270 2322 2394 2361 eum
2437 2319 2604 2360 senex
2636 2311 2802 2369 esset,
2838 2316 2963 2355 cum
2990 2300 3100 2354 illis
3128 2298 3223 2367 qui
3275 2297 3363 2351 his

1776 2403 2057 2474 juniores,
2093 2400 2429 2456 recentiores
2453 2413 2547 2452 seu
2578 2395 2911 2467 posteriores
2935 2402 3095 2458 sunt,
3125 2404 3357 2445 conver-

1782 2507 1936 2551 satus
1965 2504 2049 2549 est
2082 2492 2374 2548 haereticis.
2407 2510 2427 2543 ι
2464 2488 2579 2545 Vox
2610 2489 2757 2544 enim
2790 2486 3076 2558 νεωτέροις
3106 2499 3230 2539 cum
3258 2482 3361 2535 αὑ-

1780 2593 1892 2653 τοῖς
1921 2587 2179 2659 conjungi
2233 2601 2344 2641 non
2389 2584 2586 2651 debet,
2615 2582 2773 2654 quasi
2808 2582 2927 2651 ipso
2976 2578 3251 2633 Marcione
3283 2576 3361 2629 illi

1775 2682 2024 2753 juniores
2046 2689 2141 2734 aut
2160 2678 2495 2749 posteriores
2512 2674 2748 2742 fuerint;
2783 2689 2978 2729 sensus
3006 2669 3188 2725 omnis
3210 2669 3361 2723 vocis

1781 2774 1965 2836 αὐτοῖς
1993 2770 2229 2825 refertur
2270 2769 2339 2824 ad
2370 2766 2541 2838 αὐτήν
2567 2775 2621 2822 et
2663 2767 2717 2819 in
2764 2781 2896 2820 voce
2923 2762 3211 2833 γενόμενος
3238 2760 3362 2814 lini-

1779 2874 1901 2929 tur;
1950 2863 2237 2933 νεωτέροις
2281 2877 2406 2917 cum
2464 2858 2779 2928 συνεγένετο
2811 2844 2960 2911 arcte
3009 2852 3362 2922 conjungitur

1778 2971 1984 3025 eoaque
2012 2956 2269 3018 denotat,
2312 2968 2437 3008 eum
2469 2952 2670 3022 quibus
2706 2949 2947 3003 Marcion
2986 2956 3246 3015 tanquam
3279 2943 3362 2998 di-

1779 3048 2026 3117 scipulus
2070 3054 2429 3102 conversatus
2460 3053 2579 3109 est,
2620 3058 2651 3097 a
2677 3042 2879 3112 quibus
2930 3055 3045 3094 sum
3088 3039 3359 3092 haereseos

1781 3140 2048 3210 principia
2092 3138 2344 3210 quaedam
2390 3146 2674 3191 mutuatus
2706 3143 2825 3201 est,
2860 3133 2954 3203 qui
2987 3132 3206 3202 quidem
3254 3128 3357 3198 ipsi
3396 3194 3399 3199 ί

1777 3232 2034 3287 Basilidis
2061 3242 2115 3286 et
2163 3230 2433 3285 Valentini
2472 3228 2730 3298 discipuli
2774 3225 3017 3281 fuerunt.
3056 3222 3135 3278 Ita
3164 3237 3357 3277 vocem

1775 3339 1895 3379 eam
1923 3324 2052 3379 alibi
2082 3333 2315 3393 usurpat
2335 3322 2589 3377 Clemens
2620 3327 2683 3375 ut
2708 3319 2804 3374 lib.
2828 3335 2876 3374 ις
2902 3318 3081 3388 Θάλης
3106 3316 3163 3369 δὲ
3180 3312 3361 3380 Φοῖνιξ

1775 3416 1849 3471 ῶν
1878 3418 1940 3471 τὸ
1978 3417 2134 3486 γένος
2170 3416 2265 3470 καὶ
2296 3419 2410 3479 τοῖς
2440 3412 2753 3483 Αἰγυπτίων
2798 3412 3101 3483 προφήταις
3151 3405 3358 3478 συμϐε-

1777 3512 2038 3583 ϐληκέναι
2066 3510 2316 3582 εἴρηται·
2354 3508 2604 3577 καθάπερ
2632 3506 2729 3559 καὶ
2759 3508 2788 3559 ὁ
2823 3502 3148 3573 Πυθαγόρας
3173 3501 3359 3564 αὐτοῖς

1776 3616 1840 3669 γε
1887 3597 2130 3662 τούτοις,
2176 3596 2458 3650 Χαλδαίων
2488 3613 2547 3649 τε
2596 3595 2691 3649 καὶ
2742 3595 2932 3665 μάγων
2973 3595 3085 3656 τοῖς
3116 3591 3360 3662 ἀρίστοις

1778 3690 2111 3760 συνεγένετο.
2139 3688 2243 3744 Ubi
2268 3687 2699 3760 συμϐεὸληκέναι
2729 3696 2783 3741 ct
2811 3684 3163 3754 συγγενέσθαι
3187 3684 3349 3737 idem.

1777 3781 1855 3838 Ita
1883 3783 2089 3852 optime
2123 3780 2389 3836 Clementi
2419 3796 2545 3835 cum
2584 3777 2860 3834 veteribus
2890 3777 3163 3832 convenit.
3197 3772 3356 3828 Nullo

1778 3874 1944 3928 modo
1982 3873 2151 3943 igitur
2177 3888 2244 3926 ex
2274 3872 2380 3926 hoc
2409 3872 2532 3926 loco
2554 3870 2853 3940 colligitur,
2886 3876 2983 3923 aut
3008 3865 3359 3921 Valentinum

1778 3977 1901 4037 post
1948 3964 2283 4020 Marcionem
2317 3964 2558 4030 vixisse,
2606 3964 2752 4033 quod
2780 3962 2952 4018 voluit
3002 3959 3315 4014 Blondcllus
3344 3975 3359 3990 ν

1777 4070 1873 4115 aut
1892 4060 2186 4115 Basilidem
2207 4074 2305 4114 sua
2332 4073 2613 4128 nunquam
2636 4055 2896 4110 docuisse
2921 4062 3048 4108 ante
3066 4052 3362 4122 imperium

1776 4153 2030 4221 Adriani,
2058 4152 2206 4223 quod
2237 4152 2369 4207 hinc
2390 4152 2587 4206 elicere
2609 4150 2862 4221 cupiebat
2890 4147 3146 4203 Dallaeus.

1847 4243 2036 4315 Neque
2074 4259 2205 4299 vero
2257 4243 2453 4313 reliqui
2492 4243 2585 4314 qui
2617 4243 2685 4297 de
2731 4241 2975 4295 Adriano
3019 4240 3322 4309 loquuntur
3359 4262 3363 4267 ·

1778 4338 2081 4409 quidquam
2122 4337 2271 4393 aliud
2302 4345 2588 4403 statuunt,
2618 4350 2786 4406 quam
2828 4333 2975 4405 quod
3024 4347 3124 4387 nos
3154 4331 3317 4387 etiam
3340 4370 3368 4397 ,

1779 4430 2077 4486 Basilidcm
2131 4431 2236 4485 sub
2275 4430 2396 4501 ejus
2446 4427 2676 4498 imperio
2723 4425 2933 4493 fuisse,
2981 4425 3064 4480 vel
3110 4422 3365 4479 scholam

116 4521 228 4573 εἰσιν
255 4524 342 4592 ὑφ’
376 4524 571 4596 ἡμῶν,
614 4524 820 4593 inquit,
858 4523 965 4576 ἀπο
998 4522 1382 4594 προσωνυμίας
1425 4522 1533 4574 τῶν
1583 4523 1676 4575 ἀν-

1854 4525 2058 4579 buisse.
2106 4522 2483 4578 Theodoretus
2532 4522 2601 4576 de
2652 4519 2932 4574 Saturnilo
2978 4528 3033 4573 et
3078 4516 3313 4571 Basilide
3341 4534 3365 4571 :

115 4608 230 4680 δρῶν
272 4614 329 4679 ἐξ
378 4612 554 4685 οὗπερ
603 4616 806 4687 ἑκάστη
842 4614 1027 4686 διδαχὴ
1068 4616 1162 4669 καὶ
1201 4614 1394 4687 γνώμη
1449 4614 1671 4687 ἤρξατο.

121 4703 215 4758 «Et
251 4719 374 4762 sunt
422 4710 569 4779 apud
601 4726 701 4763 nos
730 4708 823 4778 qui
861 4726 890 4762 a
930 4709 1153 4763 nomine
1187 4724 1378 4763 eorum
1404 4709 1671 4771 virorum,

116 4810 166 4847 ex
201 4814 301 4867 quo
348 4801 607 4855 doctrina
655 4811 707 4854 et
747 4803 1013 4855 sententia
1055 4802 1310 4870 qualibet
1355 4803 1558 4871 incepEt
1586 4841 1601 4867 ,
1647 4821 1666 4854 ι

117 4886 425 4945 deuominati
455 4902 606 4956 sunt,
642 4893 820 4947 solum
854 4892 1184 4948 Mareionem
1214 4905 1485 4950 memorat
1514 4895 1673 4965 quasi

118 4978 270 5035 adhuc
320 4983 373 5036 in
428 4983 570 5037 vivis
614 4999 740 5037 cum
781 4983 897 5053 ipse
938 4985 1224 5053 scriberet,
1274 4996 1330 5041 et
1379 4996 1672 5056 postquam

117 5080 283 5125 contra
310 5088 508 5128 omnes
539 5075 777 5129 haereses
800 5076 1131 5144 scripsisset.
1163 5077 1246 5131 An
1274 5094 1399 5132 eum
1432 5087 1675 5133 tantum—

119 5162 255 5217 modo
281 5164 335 5221 in
366 5166 511 5220 vivis
539 5176 670 5223 tunc
694 5167 865 5245 fuisse
890 5170 1216 5236 monuisset,
1244 5170 1290 5225 si
1317 5171 1508 5225 eodem
1535 5180 1674 5226 tem-

118 5265 229 5317 pore
255 5254 522 5314 Basilides
553 5268 609 5313 et
638 5258 981 5328 Valentinus,
1010 5278 1120 5316 non
1146 5272 1358 5317 tantum
1382 5264 1671 5333 vixissent,

120 5347 196 5399 sed
224 5350 379 5407 etiam
412 5354 648 5423 juvenes
678 5362 733 5408 et
758 5354 812 5409 in
852 5354 1065 5409 ﬂorenti
1114 5355 1295 5410 adhuc
1326 5367 1483 5412 aelate
1531 5358 1673 5413 fuis-

121 5440 259 5493 sent?
322 5442 593 5499 Observat
661 5444 896 5501 lrenaeus
954 5448 1025 5501 de
1078 5458 1236 5503 aetate
1288 5450 1672 5507 hmreticorum

119 5536 260 5598 agens
279 5532 629 5591 Valentinum
656 5540 759 5592 sub
782 5537 993 5609 Hygino
1015 5539 1246 5595 Romam
1268 5544 1506 5608 venisse,
1530 5543 1675 5598 Mar-

120 5633 303 5679 cionem
334 5629 439 5683 sub
486 5631 715 5685 Aniceto
755 5647 943 5701 posrea
975 5633 1302 5701 iuvaluisse;
1351 5650 1421 5689 an
1454 5636 1544 5690 ille
1567 5652 1673 5706 pu-

122 5716 233 5771 tavit
257 5716 598 5776 Valentinum
618 5722 898 5792 juniorem
922 5723 1114 5793 fuisse,
1144 5742 1270 5782 cum
1294 5727 1536 5783 Marcion
1557 5731 1671 5799 jam

122 5824 265 5867 senex
300 5814 482 5870 esset?
515 5813 639 5873 Haec
671 5816 873 5889 igitur,
904 5818 1097 5876 saltem
1133 5830 1190 5877 ut
1223 5820 1294 5878 ab
1326 5822 1392 5879 iis
1426 5823 1673 5895 exposita

1782 4620 1984 4689 Ἀμφω
2031 4618 2088 4671 δὲ
2140 4618 2233 4669 ἐπὶ
2273 4614 2548 4687 Ἀδριανοῦ
2602 4612 2697 4668 τοῦ
2751 4613 3030 4684 Καίσαρος
3086 4610 3359 4680 ἐγένοντο.

1784 4731 1802 4763 ι
1832 4713 2010 4765 Ambo
2042 4720 2226 4764 autem
2258 4710 2486 4763 Adriani
2521 4708 2755 4763 Caesaris
2786 4714 3032 4775 tempore
3058 4703 3300 4759 fuerunt.
3331 4722 3361 4757 ι

1776 4803 2050 4858 Eusebius
2098 4801 2319 4872 quidem
2366 4802 2511 4857 circa
2540 4799 2766 4854 Adriani
2802 4808 3050 4868 tempora
3081 4797 3358 4851 narratio-—

1776 4910 1900 4949 nem
1931 4896 1997 4950 de
2022 4895 2231 4949 scholis
2252 4894 2519 4949 Saturnili
2548 4903 2603 4947 et
2628 4891 2881 4946 Basilidis
2906 4890 3149 4946 instituit
3172 4909 3184 4943 :
3210 4884 3309 4941 Ὧν
3329 4890 3369 4941 6

1780 4988 1881 5059 μὲν
1911 4986 2054 5040 κατὰ
2087 4987 2306 5058 Συρίαν,
2340 4988 2369 5039 6
2411 4985 2468 5038 δὲ
2501 4986 2621 5038 κατ’
2645 4982 2921 5052 Αἴγυπτον
2960 4981 3362 5051 συνεστήσαντο

1778 5080 2052 5151 θεομισῶν
2086 5081 2352 5152 αἱρέσεων
2378 5078 2743 5134 διδασκαλεῖα.
2774 5096 2795 5129 ι
2823 5076 3069 5144 Quorum
3106 5074 3196 5127 ille
3233 5072 3359 5141 qui-

1776 5175 1898 5229 dem
1940 5173 1992 5227 in
2022 5171 2210 5244 Syria,
2240 5174 2330 5228 hic
2360 5186 2488 5228 vero
2528 5172 2671 5241 apud
2716 5169 3010 5242 Egyptum
3040 5168 3220 5236 impias
3258 5165 3359 5219 do—

1774 5269 1969 5320 ctrinae
1999 5268 2220 5322 scholas
2252 5264 2688 5323 condidit.»Non
2722 5274 2833 5319 tum
2858 5264 3096 5333 primum
3120 5259 3359 5314 ἥξει-θείη

1775 5358 2033 5414 docuisse
2059 5360 2156 5425 ait,
2190 5360 2285 5415 sed
2325 5365 2473 5430 quod
2508 5357 2844 5413 contrarium
2875 5369 3101 5425 prorsus
3131 5352 3358 5421 evincit,

1778 5468 1808 5505 a
1837 5450 2140 5506 Menandro
2174 5451 2417 5507 Simonis
2443 5465 2766 5506 successore
2797 5449 3031 5503 haeresin
3074 5449 3357 5519 accepisse

1774 5546 1963 5611 docet;
1997 5546 2100 5599 sub
2121 5547 2311 5601 eodem
2337 5547 2666 5614 imperatore
2705 5543 2919 5613 aliquos
2947 5543 3359 5599 ecclesiasticos

1776 5637 1927 5692 viros
1965 5638 2231 5693 adversus
2260 5653 2357 5692 eos
2399 5637 2623 5706 scriptis
2653 5650 2957 5707 pugnasse,
2987 5651 3052 5690 ac
3082 5635 3359 5706 praecipue

1775 5729 2071 5801 Agrippam
2105 5730 2390 5787 Castorem
2432 5740 2625 5785 contra
2654 5730 2726 5785 24
2766 5730 3044 5785 volumina
3100 5728 3362 5785 Basilidis

1778 5824 2097 5895 scripsisse,
2142 5836 2196 5882 et
2246 5824 2536 5884 Basilidem
2585 5825 2765 5899 ipsum
2790 5864 2807 5894 ,
2841 5824 3136 5897 interprete
3164 5821 3361 5880 Ηίθεοι
