3824 6198
373 285 480 343 347

1399 283 1460 339 S.
1497 283 1853 341 lGNATlUS.
1891 318 1959 326 ——
1989 283 2523 339 PROLEGOMENA.

3525 279 3628 336 διε

377 421 562 476 nymo,
615 405 718 460 sub
760 405 950 460 eodem
987 403 1314 470 imperatore
1345 402 1572 456 obiisse.
1612 401 1809 455 Fateor
1849 400 1952 455 Va-
1982 407 2026 461 A
2053 401 2296 473 exsculpi
2328 410 2524 472 potest.
2583 400 2685 456 Sed
2735 387 2971 457 lreinnus
3001 400 3298 456 Clementis
3333 399 3401 454 ad
3431 396 3630 454 Corin-

377 499 572 553 lesium
606 499 672 552 ad
700 513 823 552 eum
853 497 1034 551 locum
1058 495 1172 549 haec
1202 503 1424 549 notare:
1457 514 1475 545 ι
1502 494 1666 549 Recte
1688 493 1956 549 Eusebius

381 593 632 647 Basilidis
657 591 884 646 hairesin
909 590 1216 660 principatu
1242 588 1465 643 Adriani
1492 588 1740 658 erupisse
1763 587 1948 642 dicit.»

381 685 484 738 Sed
520 700 682 754 quam
714 695 858 737 recte
887 683 958 736 ita
983 683 1273 750 judicavit,
1299 697 1362 736 ex
1399 680 1610 734 ratione
1629 695 1792 749 quam
1821 678 1956 732 sub-

375 775 576 845 jungit,
618 776 861 844 patebit:
907 794 924 826 ι
955 774 1110 828 Tunc
1154 774 1302 829 enim
1338 774 1574 844 primum
1616 771 1855 826 haeretici
1888 785 1955 825 ex

379 864 600 920 latebris
647 865 863 933 prodire
894 874 947 919 et
1000 873 1164 934 caput
1195 864 1442 918 attollere
1484 870 1798 931 coeperunt,
1830 876 1954 916 cum

380 957 643 1025 apostolis
675 957 930 1010 omnibus
959 957 1071 1025 jam
1104 956 1411 1023 exstinctis,
1449 963 1817 1025 Opportunum
1851 953 1956 1008 sibi

381 1049 573 1103 adesse
617 1058 834 1118 tempus
876 1050 942 1103 ad
973 1050 1277 1118 evulganda
1308 1064 1559 1103 errorum
1608 1063 1834 1102 suorum
1861 1047 1959 1101 do-

381 1149 560 1212 gmata
605 1140 1003 1196 existimarent.
1037 1161 1054 1192 ι
1089 1141 1238 1196 Licet
1273 1141 1428 1195 multi
1469 1139 1710 1195 haeretici
1755 1138 1960 1194 fuerint
2000 1167 2006 1174 -

383 1233 486 1288 sub
527 1233 866 1302 temporibus
903 1233 1255 1302 apostolicis,
1290 1242 1349 1286 ut
1389 1241 1599 1287 veteres
1640 1231 1942 1302 saepissime

383 1333 711 1390 memorant,
729 1333 782 1379 et
822 1326 888 1378 de
919 1325 987 1378 iis
1016 1341 1156 1394 szepe
1199 1325 1515 1394 disputant;
1561 1333 1792 1391 tantum,
1820 1325 1956 1379 Stib-

385 1419 523 1473 latis
551 1419 808 1473 omnibus
849 1419 1166 1487 apostolicis
1191 1458 1205 1483 ,
1251 1419 1421 1472 multo
1452 1419 1679 1474 liberius
1725 1433 1824 1473 sua
1856 1419 1956 1472 do-

385 1521 568 1580 gniata
602 1511 1041 1581 promulgabant.
1082 1509 1188 1565 Sed
1235 1526 1304 1564 an
1338 1525 1532 1566 omnes
1576 1511 1808 1580 apostoli
1837 1519 1963 1564 ante

385 1603 612 1656 Adriani
677 1603 966 1672 imperium
1020 1602 1220 1658 sublati
1265 1619 1376 1658 non
1431 1605 1600 1658 sunt?
1647 1620 1715 1658 an
1769 1621 1960 1658 eorum

386 1694 675 1763 quisquam
703 1704 824 1762 post
856 1693 913 1748 S.
933 1692 1197 1748 Joannem
1223 1694 1514 1764 superfuit.
1546 1696 1640 1765 qui
1670 1696 1772 1750 sub
1805 1695 1962 1749 initio

2057 494 2204 550 thios
2234 495 2518 564 epistolam
2541 493 2772 550 afﬁrmat
2800 495 3152 550 vetustiorein
3199 509 3322 549 esse
3358 492 3633 548 hmreticis

2057 586 2289 641 alterum
2314 584 2483 640 Deum
2509 601 2670 654 super
2686 583 3037 654 Demiurgum
3063 583 3630 648 comminiscentibus,

2058 677 2110 730 id
2133 685 2238 742 est,
2271 684 2332 729 ut
2363 676 2554 746 liquet,
2586 675 2883 732 Gnosticis.
2919 675 3067 741 inde,
3119 676 3351 740 scilicet,
3386 685 3632 745 apparet,

2057 765 2348 822 Basilidem
2375 781 2475 822 sua
2505 767 2760 836 dogmata
2808 776 2936 822 ante
2976 766 3199 821 Adriani
3233 775 3481 836 tempora
3529 765 3633 818 mi-

2058 858 2206 912 nime
2236 858 2570 928 propalasse.
2602 854 2739 910 Nam
2763 871 2826 911 ea
2857 857 3086 926 epistola
3111 875 3129 908 ι
3153 871 3260 910 non
3292 856 3484 911 multis
3511 866 3637 908 ante

2059 947 2253 1018 lgnatii
2306 949 2630 1019 martyrium
2659 948 2819 1004 annis
2865 948 3066 1019 scripta
3101 957 3242 1002 est.»
3271 948 3348 1002 Ita
3377 948 3507 1013 ille;
3542 947 3639 1001 sed

2060 1041 2372 1096 Blondcllus
2406 1041 2522 1110 ipse
2577 1041 2761 1095 datam
2805 1055 2924 1094 eam
2966 1040 3251 1108 epistolam
3287 1040 3430 1092 inter
3467 1053 3522 1094 a.
3573 1036 3635 1091 D.

2059 1133 2128 1189 ()8
2175 1142 2228 1188 et
2270 1133 2336 1187 76
2383 1132 2616 1200 fatetur;
2650 1132 2899 1202 pluribus
2935 1133 3100 1204 igitur
3150 1147 3314 1202 quam
3363 1130 3434 1185 50
3479 1130 3641 1184 annis

2062 1232 2186 1276 ante
2240 1222 2435 1294 lgnatii
2464 1225 2785 1294 martyrium
2836 1224 3035 1293 scripta
3066 1232 3168 1278 est.
3204 1222 3280 1277 De
3317 1223 3424 1276 hac
3450 1221 3640 1276 lrenaei

2060 1315 2224 1369 verba
2258 1323 2424 1370 sunt:
2464 1332 2483 1367 ς
2512 1314 2649 1369 Cum
2681 1316 2751 1370 sit
2772 1317 3039 1371 vetustior
3069 1315 3154 1370 his
3185 1314 3280 1384 qui
3315 1329 3467 1368 nunc
3500 1312 3645 1366 falso

2061 1408 2282 1473 docent,
2307 1416 2362 1461 et
2381 1408 2616 1462 alterum
2663 1406 2835 1461 Deum
2877 1423 3044 1479 super
3075 1407 3434 1477 Demiurgum
3469 1416 3523 1461 et
3561 1404 3646 1458 fa-

2063 1511 2268 1554 ctorem
2303 1501 2502 1556 horum
2531 1501 2777 1555 omnium
2806 1517 2928 1572 qua:
2953 1513 3083 1558 sunt
3113 1500 3640 1560 commentiuntur.»

2066 1591 2297 1648 Dallaaus
2334 1609 2398 1647 ea
2429 1593 2615 1661 verba,
2667 1613 2686 1650 ‹
2708 1595 2802 1665 qui
2826 1611 2972 1650 nunc
3014 1594 3154 1650 falso
3187 1594 3407 1659 docent,
3436 1611 3455 1644 ι
3486 1593 3652 1663 plane

2065 1685 2287 1754 mnisit,
2324 1696 2383 1742 ut
2413 1700 2796 1758 argumentum
2849 1689 3090 1758 aliquam
3123 1687 3386 1758 ponderis
3407 1685 3651 1756 speciem

388 1784 609 1856 Trajani
657 1796 909 1842 mortuus
951 1788 1072 1842 est?
1105 1803 1174 1840 an
1214 1787 1418 1841 nullam
1465 1789 1728 1857 temporis
1758 1804 1958 1858 oppor-
1993 1780 2039 1840 Β
2070 1777 2337 1846 haberet;
2379 1780 2527 1850 quod
2557 1797 2704 1836 nunc
2731 1780 2978 1850 epistola:
3020 1779 3378 1835 Clementime
3401 1775 3650 1845 antiqui-

388 1879 677 1933 tunitatem
713 1880 958 1948 arripere
983 1889 1275 1948 potuerunt
1322 1880 1425 1935 sub
1459 1889 1570 1934 toto
1596 1879 1815 1950 Trajani
1859 1881 1956 1934 im-

386 1973 558 2040 perio,
593 1987 699 2040 qua
733 1988 828 2025 sua
862 1974 1116 2042 dogmata
1149 1972 1248 2026 viri
1275 1971 1468 2027 fervidi
1494 1983 1545 2027 et
1575 1973 1719 2028 docti
1744 1982 1798 2027 et
1834 1988 1962 2042 per-

386 2063 684 2117 secutionis
729 2071 923 2117 aestum
970 2064 1196 2119 minime
1240 2073 1543 2120 metuentes
1591 2064 1965 2135 exponerent?

384 2151 584 2210 Procul
648 2156 818 2209 dubio
865 2171 961 2225 per
1019 2157 1154 2210 illud
1198 2172 1373 2212 aevum
1440 2157 1722 2212 doctrinas
1785 2172 1814 2210 a
1854 2155 1966 2210 Me-

385 2247 598 2302 nandro
632 2259 885 2316 acceptas
924 2249 1329 2318 pet-poliebant,
1359 2249 1578 2318 scriptis
1609 2249 1963 2314 mandabant,

384 2339 686 2409 discipulos
716 2341 1152 2410 cougregabant,
1185 2357 1250 2394 ac
1297 2341 1516 2395 demum
1558 2342 1661 2395 sub
1693 2341 1964 2407 Adriano,

387 2448 516 2487 suas
549 2432 896 2503 συνηλύσεις,
927 2443 985 2487 ut
1017 2435 1262 2503 loquitur
1291 2433 1963 2499 Clelneiisﬁtﬁasuakaia,

386 2531 448 2575 ut
498 2521 800 2588 Eusebius;
835 2524 1128 2589 ecclesias,
1179 2532 1240 2578 ut
1287 2523 1697 2590 Tertulliauus,
1751 2523 1968 2592 publice

387 2616 577 2670 multis
628 2616 683 2670 in
736 2617 872 2672 locis
933 2617 1193 2673 habuere.
1232 2617 1387 2672 Tunc
1417 2618 1583 2689 igitur
1629 2618 1732 2672 viri
1788 2619 1967 2673 eccle-

387 2708 597 2764 siastici
629 2709 1021 2780 quamplurimi
1052 2710 1122 2764 iis
1175 2710 1495 2764 restiterunt
1523 2727 1537 2776 ;
1569 2721 1699 2765 tunc
1727 2710 1966 2780 primum

390 2801 641 2854 nonnulli
691 2803 956 2858 adversus
1009 2817 1201 2856 eorum
1237 2802 1469 2857 hmresin
1514 2803 1694 2872 palam
1749 2811 1805 2857 et
1862 2803 1968 2857 late

389 2901 760 2966 grassantem,
786 2903 841 2949 et
880 2895 1051 2950 libros
1080 2895 1282 2965 ubique
1317 2894 1608 2950 volitantes
1633 2894 1782 2964 justa
1814 2894 1969 2948 volu-

389 2988 538 3042 mina
573 2989 1040 3058 conscripserunt.
1081 2987 1229 3042 Nihil
1261 2987 1409 3043 aliud
1440 2987 1730 3043 voluerunt
1757 2995 1968 3043 veteres

387 3081 479 3151 qui
508 3081 575 3136 de
607 3090 766 3136 aetate
797 3081 1022 3136 Adriani
1047 3082 1213 3136 locuti
1248 3091 1396 3138 sunt.

458 3173 563 3240 Qui
596 3189 725 3228 vero
766 3174 1076 3245 generalius
1107 3174 1410 3244 loquuntur
1451 3173 1518 3228 de
1567 3181 1725 3227 aetate
1750 3171 1968 3227 haereti-
1993 3147 2038 3203 θ

387 3283 579 3323 corum
617 3269 957 3339 temporibus
1004 3265 1378 3338 apostoloi‘um
1429 3267 1753 3339 posteriori,
1795 3265 1968 3320 multo

388 3360 573 3416 minus
639 3364 897 3416 evincunt
951 3359 1242 3416 Basilidem
1314 3360 1545 3414 haeresin
1612 3374 1770 3413 suam
1841 3367 1969 3412 ante

387 3453 614 3506 Adriani
649 3461 895 3525 tempora
935 3453 1159 3508 minime
1193 3451 1472 3508 docuisse.
1506 3450 1813 3504 Firmiliani
1845 3450 1970 3518 qui-

387 3545 508 3600 dem
538 3546 701 3600 verba
731 3555 860 3600 sunt
901 3547 954 3599 in
1003 3545 1244 3616 Epistola
1274 3548 1338 3598 ad
1391 3544 1762 3618 Cyprianum:
1805 3561 1824 3594 ‹
1859 3541 1967 3597 Sed

385 3648 438 3692 et
471 3637 744 3692 Valentini
791 3649 845 3693 et
893 3638 1148 3692 Basilidis
1197 3648 1407 3707 tempus
1463 3636 1815 3690 manifestum
1846 3643 1964 3701 est,

387 3731 534 3798 quod
567 3739 623 3784 et
650 3729 752 3799 ipsi
789 3738 912 3800 post
937 3729 1240 3798 apostolos,
1270 3738 1326 3783 et
1352 3737 1474 3798 post
1503 3728 1720 3799 longam
1750 3736 1966 3782 aetatem

385 3822 652 3876 adversus
692 3821 992 3876 Ecclesium
1029 3820 1121 3874 Dei
1167 3820 1449 3874 sceleratis
1498 3819 1798 3874 mendaciis
1848 3819 1966 3874 suis

388 3912 809 3978 rebellaverint;
843 3931 861 3963 ι
902 3928 967 3966 ex
995 3912 1197 3982 quibus
1225 3913 1465 3981 primum
1494 3912 1726 3965 observo
1764 3910 1968 3965 Firmi-

388 4003 594 4056 lianum
652 4014 877 4072 putasse
934 4013 1048 4057 tum
1101 4003 1392 4058 Basilidem
1446 4013 1560 4058 tum
1615 4003 1966 4058 Valentinum

386 4092 672 4148 Mareione
722 4094 1089 4164 antiquiorem
1139 4093 1345 4161 fuisse,
1399 4094 1660 4150 adversus
1701 4093 1966 4149 Blondelli

387 4187 738 4248 sententiam,
775 4196 834 4241 ut
863 4187 1091 4242 cuilibet
1114 4187 1294 4240 locum
1346 4188 1617 4259 integrum
1657 4188 1967 4258 inspicienli

389 4279 621 4348 patebit.
677 4277 865 4350 Neque
933 4279 1236 4350 quidquam
1302 4279 1610 4335 Firniiliani
1670 4281 1968 4350 disputatio

386 4380 576 4425 contra
609 4380 852 4425 nostram
886 4373 1212 4426 sententiam
1253 4371 1320 4428 de
1359 4373 1514 4427 initio
1548 4373 1820 4429 haereseos
1864 4373 1970 4428 Ba-

386 4463 652 4518 silidianae
679 4461 830 4519 facit.
868 4461 940 4517 De
967 4465 1263 4520 rebellione
1298 4465 1415 4536 ejus
1440 4475 1633 4520 contra
1664 4465 1964 4521 Ecclesiam
1998 4499 2047 4557 ι)

385 4556 496 4624 agit
520 4555 630 4621 ille,
664 4571 830 4625 quam
863 4555 1027 4612 istius
1067 4558 1167 4612 aevi
1205 4557 1444 4612 haeretici
1487 4558 1729 4628 quandiu
1775 4566 1968 4628 potue-

385 4657 515 4702 runt
544 4663 758 4718 semper
798 4651 1110 4717 evitabant,
1143 4659 1203 4704 ut
1243 4665 1385 4721 saepe
1435 4651 1688 4724 legimus.
1729 4650 1800 4706 De
1835 4667 1968 4720 apo-

384 4742 540 4796 stolis
581 4741 826 4811 loquitur
863 4743 1054 4796 eodem
1092 4743 1258 4796 modo
1287 4760 1398 4814 quo
1437 4745 1694 4800 Clemens
1727 4743 1966 4796 Alexan-

383 4831 578 4886 drinus
596 4833 662 4887 de
686 4850 742 4887 re
765 4834 954 4889 eadem
979 4835 1258 4901 scribens;
1285 4845 1344 4889 ut
1372 4835 1517 4890 enim
1542 4836 1634 4890 ille
1657 4834 1963 4890 doctrinam

383 4925 742 4996 apostolicam
772 4943 866 4996 per
897 4927 954 4981 S.
975 4926 1207 4982 Paulum
1235 4928 1337 4984 sub
1365 4926 1582 4984 Nerone
1611 4942 1966 4984 consumma-

382 5026 494 5072 tam
521 5034 643 5073 esse
679 5019 831 5085 dicit,
866 5019 938 5074 ita
964 5036 1058 5090 per
1087 5020 1367 5090 apostolos
1392 5019 1614 5074 Petrum
1649 5029 1703 5074 et
1731 5017 1961 5072 Paulum

382 5109 641 5179 intelligit
668 5110 957 5180 disputans
997 5121 1189 5166 contra
1221 5111 1570 5165 traditionem
1605 5111 1962 5178 apostblicam

382 5215 412 5253 a
447 5198 728 5271 Stephano
753 5204 1010 5273 pontiﬁce
1041 5204 1291 5258 Romano
1328 5204 1487 5269 falso,
1531 5213 1587 5258 ut
1632 5205 1728 5268 ait,
1760 5203 1964 5272 produ-

382 5304 548 5350 ctam.
584 5296 664 5351 lta
695 5313 753 5352 se
783 5299 964 5367 ipsum
1009 5298 1262 5367 explicat,
1287 5299 1417 5352 dum
1451 5297 1764 5365 Stephanus
1796 5314 1964 5368 vava

381 5391 492 5456 lat,
527 5409 546 5442 ι
576 5392 735 5461 quasi
769 5391 1045 5446 infamans
1098 5391 1324 5446 Petrum
1372 5401 1427 5444 et
1470 5391 1738 5456 Paulum,
1775 5391 1963 5449 beatos

383 5484 694 5554 apostolos,
741 5486 901 5555 quasi
938 5485 1043 5540 hoc
1080 5485 1183 5555 ipsi
1238 5483 1582 5539 tradiderint.
1607 5503 1625 5536 ι
1663 5481 1762 5538 Diu
1799 5485 1964 5554 igitur

381 5585 508 5646 post
556 5574 776 5631 Petrum
818 5589 873 5632 et
899 5576 1130 5632 Paulum
1174 5576 1444 5632 Basilides
1473 5576 1741 5633 adversus
1773 5577 1964 5634 Eccle-

382 5670 521 5726 siam
572 5672 852 5727 rebellavit
905 5689 970 5728 ex
1024 5671 1296 5727 sententia
1330 5669 1674 5738 Firmiliani;
1726 5673 1876 5742 quod
1909 5681 1964 5728 et

382 5779 483 5820 nos
518 5762 788 5832 fatemur;
833 5780 1005 5837 neque
1041 5764 1185 5822 aliud
1216 5764 1497 5835 quidpiam
1535 5781 1600 5822 ex
1627 5781 1689 5822 ea
1728 5766 1959 5837 epistola

2067 1878 2172 1934 tas,
2205 1879 2259 1924 et
2285 1869 2474 1925 Irenzei
2503 1872 2676 1941 ipsius
2707 1873 2868 1927 verba
2901 1872 3035 1926 nihil
3063 1872 3292 1926 omnino
3315 1885 3442 1925 esse
3465 1877 3655 1938 aperte

2064 1962 2384 2018 ostendunt.
2423 1962 2528 2018 Sed
2582 1980 2775 2020 rursus
2819 1964 3010 2020 scribit
3053 1963 3220 2030 alibi,
3271 1977 3468 2018 omnes
3515 1962 3654 2016 istos

2069 2054 2356 2110 haereticos
2397 2056 2554 2111 valde
2600 2057 2935 2126 posteriores
2978 2073 3101 2114 esse
3124 2073 3289 2128 quam
3335 2057 3653 2127 episcopos,

2067 2147 2270 2215 quibus
2306 2149 2540 2219 apostoli
2576 2151 2917 2206 tradiderunt
2952 2149 3250 2216 Ecclesias,
3283 2169 3302 2203 ε
3327 2150 3579 2219 adeoque
3600 2156 3658 2201 et

2068 2238 2279 2308 lgnatio
2329 2242 2425 2311 qui
2476 2241 2672 2296 horum
2715 2244 3096 2314 episcoporum
3146 2259 3290 2299 unus
3336 2242 3461 2297 fuit.
3495 2261 3515 2294 ι
3556 2241 3659 2296 Hic

2067 2335 2230 2386 etiam
2262 2335 2449 2389 omisit
2490 2337 2653 2390 verba
2684 2351 2806 2407 quae
2834 2347 3161 2408 sequuntur,
3191 2355 3211 2388 ι
3248 2343 3302 2391 et
3329 2335 3513 2391 hocin
3547 2345 3658 2389 ter-

2067 2422 2145 2477 tio
2196 2423 2340 2478 libro
2387 2440 2512 2479 cum
2561 2425 2712 2480 omni
2755 2426 3033 2497 diligentia
3091 2425 3596 2480 manifestavimus.
3632 2443 3652 2476 ι

2068 2514 2214 2570 Nihil
2240 2516 2408 2587 igitur
2437 2517 2540 2573 hoc
2561 2519 2683 2574 loco
2715 2520 2868 2584 dicit“,
2896 2518 3042 2590 quod
3077 2534 3186 2572 non
3227 2529 3388 2572 antea
3415 2516 3655 2570 dixerat.

2069 2607 2140 2663 At
2182 2623 2308 2663 cum
2351 2611 2503 2664 omni
2547 2612 2830 2683 diligentia
2882 2621 3162 2677 uteretur,
3212 2611 3351 2665 nihil
3383 2611 3453 2664 de
3499 2618 3661 2666 aetate

2069 2698 2324 2755 Basilidis
2353 2700 2511 2766 dixit,
2555 2703 2625 2758 de
2659 2718 2768 2774 qua
2803 2719 2950 2758 nunc
3001 2703 3336 2774 disputatur.
3377 2698 3661 2756 Valentini

2067 2792 2288 2861 quidem
2312 2793 2562 2849 meminit
2591 2795 2733 2850 inter
2758 2795 3078 2863 haereticos;
3110 2793 3233 2848 Liui
3256 2835 3270 2857 ,
3302 2793 3556 2848 Anacleti
3608 2801 3664 2846 et

2069 2883 2371 2942 Clementis
2405 2887 2546 2943 inter
2570 2889 2900 2958 episcopos:
2935 2889 3136 2958 quibus
3165 2887 3428 2942 omnibus
3463 2896 3520 2941 et
3551 2885 3665 2940 Va-

2069 2979 2339 3034 lentinum
2385 2990 2440 3036 et
2480 2980 2775 3036 Basilidem
2823 2984 2979 3036 valde
3008 2982 3343 3052 posteriores
3393 2983 3662 3052 agnosci~

2071 3087 2218 3127 mus.
2265 3070 2516 3127 Nondum
2575 3074 2742 3142 igitur
2790 3075 3095 3144 probarunt
3146 3073 3249 3126 viri
3305 3073 3662 3139 doctissimi,

2073 3177 2251 3232 neque
2301 3165 2663 3234 probaturum
2718 3180 3049 3235 quemquam
3099 3174 3260 3236 puto,
3298 3163 3663 3220 Valentinum

2072 3255 2210 3310 adeo
2243 3271 2368 3311 sero
2399 3257 2630 3321 vixisse,
2670 3265 2766 3311 aut
2807 3256 2862 3310 in
2895 3257 3128 3312 haeresin
3167 3257 3458 3327 delapsum
3513 3272 3663 3322 esse,

2072 3354 2132 3400 ut
2179 3348 2300 3418 ejus
2334 3363 2552 3403 errores
2605 3348 2919 3404 necessario
2968 3349 3172 3403 fuerint
3226 3349 3284 3404 S.
3337 3349 3552 3421 lgnatio
3593 3353 3663 3406 a.l

2073 3440 2399 3511 martyrium
2434 3439 2714 3494 festinanti
2755 3440 2972 3511 penitus
3011 3440 3297 3511 incogniti.

2143 3529 2386 3586 Tandem
2408 3571 2424 3596 ,
2454 3532 2532 3585 uti
2563 3547 2758 3600 spero,
2792 3540 3115 3599 argumento
3144 3547 3174 3585 a
3211 3528 3488 3585 Valentini
3535 3530 3667 3603 Sige

2069 3623 2304 3681 deducto
2352 3623 2570 3679 abunde
2602 3640 2928 3693 responsum
2973 3632 3076 3678 est.
3111 3622 3360 3690 Quatuor
3391 3625 3539 3679 enim
3573 3640 3667 3679 as-

2070 3715 2340 3771 sertiones
2371 3713 2553 3777 attuli,
2604 3728 2816 3777 omnes,
2852 3724 2910 3768 ut
2964 3713 3098 3767 mihi
3127 3715 3364 3781 videtur,
3411 3725 3577 3772 certa:
3610 3722 3668 3768 et

2068 3803 2368 3872 exploratae
2396 3803 2666 3858 veritatis.
2711 3801 2790 3856 ita
2822 3811 3002 3856 tamen
3039 3813 3375 3872 comparata:
3405 3816 3570 3875 sunt,
3605 3817 3666 3860 ut

2070 3897 2117 3952 si
2144 3897 2229 3950 vel
2258 3912 2368 3950 una
2390 3910 2580 3950 earum
2605 3909 2762 3950 versa
2808 3895 2897 3960 sit,
2933 3910 2998 3949 ea
3045 3897 3205 3950 unica
3237 3911 3460 3953 omnem
3491 3917 3665 3969 argu—

2069 3989 2237 4046 menti
2277 3988 2718 4044 adversariorum
2754 3987 2864 4041 vim
2903 3987 3085 4042 elidat.

2649 4077 2878 4134 CAPUT
2939 4078 3070 4134 Vlll.

2070 4175 2152 4232 Ad
2195 4184 2426 4245 quatuor
2464 4173 2654 4226 ultima
2708 4189 2802 4243 pro
2861 4172 3145 4225 violatione
3185 4173 3438 4245 temporis
3494 4191 3668 4245 argu-

2142 4242 2318 4299 menta
2369 4242 2730 4313 respondetur.
2764 4245 2964 4296 Auctor
3014 4242 3363 4312 epistularum
3407 4245 3471 4298 de
3515 4242 3668 4300 Con.

2140 4317 2364 4369 stantini
2410 4315 2822 4368 Christianismo
2867 4313 3000 4366 nihil
3037 4314 3362 4384 suspicatus.
3392 4313 3670 4384 Leopardi

2142 4401 2240 4467 eoa:
2285 4386 2654 4471 antiquitatem
2687 4384 2932 4471 epis-tolle
2963 4384 3031 4436 ad
3063 4382 3333 4471 [latitantis
3371 4382 3521 4438 haud
3554 4390 3670 4469 im-

2146 4458 2358 4510 minuit.
2379 4454 2657 4525 Figmenta
2677 4454 2872 4525 Bal/(ei
2893 4457 2955 4508 de
2985 4456 3110 4507 certi
3146 4455 3426 4522 cujusdam
3455 4460 3669 4512 ordinis

2144 4528 2376 4580 militum
2418 4524 2793 4595 appellatione.
2834 4524 3092 4592 Leopardi
3143 4542 3315 4578 uocem
3349 4536 3475 4580 ante
3515 4529 3672 4582 Cano

2139 4600 2366 4651 stantini
2411 4614 2580 4651 wvum
2611 4597 2666 4651 in
2703 4613 2801 4649 usu
2846 4597 3010 4665 fuisse
3043 4595 3294 4649 adversus
3325 4595 3671 4654 Bac/(artum

2139 4671 2459 4724 ostenditur.
2496 4667 2740 4736 Receptio
2764 4667 3126 4738 paenitentiam
3149 4668 3440 4719 novitatem
3463 4672 3673 4738 episto-

2141 4739 2318 4792 larum
2347 4756 2445 4792 non
2478 4739 2688 4804 probat.
2720 4738 2793 4791 De
2818 4737 3146 4808 Albaspinwi
3163 4739 3441 4808 sententia
3465 4737 3672 4808 dispu-

2142 4819 2308 4864 tatur.
2341 4809 2668 4866 Onesimum.
2693 4825 2845 4878 quem
2879 4806 3121 4875 lgttatius
3149 4806 3355 4876 Epheso
3375 4806 3673 4933 prwluisse

2142 4882 2236 4933 ait.
2274 4892 2542 4933 mortuum
2583 4881 2744 4933 fuisse
2784 4879 2877 4931 sub
2913 4890 3142 4933 tempore
3194 4881 3442 4933 marturii
3522 4900 3669 4933 ana-

2136 4882 2236 4937 ait.
2274 4892 2542 4933 mortuum
2582 4881 2744 4948 fuisse
2784 4879 2877 4931 sub
2913 4890 3142 4951 tempore
3194 4881 3460 4951 martyrii
3486 4879 3669 4951 Igna-
3719 4892 3723 4900 '

2139 4952 2272 5021 (iani
2319 4967 2593 5021 perperam
2653 4951 2928 5003 asseritur.
2989 4948 3162 5002 Variae
3199 4948 3556 5019 quorumdam
3601 4955 3673 5008 de

2141 5019 2390 5075 Onesimo
2420 5021 2692 5074 sententia:
2721 5021 2774 5072 id
2798 5036 2902 5073 non
2929 5023 3196 5074 evincunt.
3285 5029 3290 5032 ”

2135 5110 2412 5169 Hactenus
2446 5115 2512 5168 de
2555 5113 2821 5167 haereticis
2857 5122 2912 5166 ct
2961 5113 3263 5168 hatresibus
3315 5113 3620 5168 observata
3652 5134 3666 5168 :

2065 5208 2163 5263 sed
2196 5208 2373 5278 capite
2401 5207 2613 5262 decimo
2643 5207 2804 5262 tertio
2835 5206 3007 5260 multa
3038 5206 3144 5260 alia
3179 5217 3498 5274 eoacervat,
3535 5225 3672 5278 quae

2064 5312 2261 5372 praeter
2293 5309 2598 5371 temporum
2641 5301 2800 5356 ﬁdem
2839 5301 2961 5355 ficta
3007 5315 3130 5356 esse
3173 5308 3364 5369 putat;
3414 5319 3670 5370 quorum

2064 5394 2300 5464 plurima
2351 5392 2433 5446 vel
2482 5391 2724 5446 fictorem
2761 5391 2846 5445 vel
2901 5390 3354 5460 interpolatorem
3411 5392 3666 5463 feriunt;

2064 5488 2251 5556 qualia
2284 5495 2414 5542 sunt
2448 5501 2570 5554 qua:
2593 5484 2660 5539 de
2693 5485 2980 5551 Anacleto,
3010 5485 3076 5540 de
3096 5482 3408 5550 Nicolaitis,
3434 5486 3506 5541 de
3534 5487 3667 5544 (ἓως

2065 5594 2210 5644 sare,
2229 5578 2296 5632 de
2323 5577 2609 5632 ordinibus
2637 5575 3051 5638 ecclesiasticis,
3083 5575 3150 5631 de
3170 5576 3453 5646 virginum
3487 5579 3671 5634 colle-

2064 5671 2193 5742 giis,
2223 5671 2291 5725 de
2326 5663 2757 5741 Quadragesima
2779 5709 2794 5736 ,
2826 5669 2894 5723 de
2927 5666 2986 5723 S.
3009 5665 3221 5723 Joanne
3251 5670 3471 5725 scribit.
3501 5671 3664 5737 Qua-

2066 5774 2192 5822 tuor
2222 5775 2404 5820 tamen
2432 5778 2555 5821 esse
2585 5763 2765 5832 video,
2800 5776 2922 5833 qua:
2953 5770 3234 5819 auctorem
3269 5763 3453 5855 ipsum
3486 5762 3668 5822 ferire
