3770 6318
139 361 230 422 539

141 486 423 550 videantur,
466 485 532 541 de
571 486 941 559 principibus,
988 492 1055 547 de
1085 493 1387 564 leopardis,
1420 494 1486 550 de
1512 496 1693 565 paeni-

141 582 358 634 tentibus
402 590 563 650 atque
595 582 662 637 de
700 581 983 638 Onesimo.

198 671 394 742 Primo,
437 674 655 743 scripsit
700 685 893 730 auctor
928 677 1174 745 epistolae
1214 678 1280 732 ad
1338 676 1689 750 Smyrntcos:

143 765 228 819 cEt
252 781 409 835 super
454 766 695 821 cmlestia
717 807 731 830 ,
763 777 817 822 et
861 769 1035 839 gloria
1084 771 1425 839 angelorum,
1458 782 1513 826 et
1546 772 1693 840 prin-

139 859 268 925 cipes
300 858 542 913 visibiles
569 870 621 914 et
646 861 951 917 invisibiles
1001 862 1047 917 si
1084 878 1191 915 non
1223 863 1448 918 credant
1480 864 1533 917 in
1566 880 1694 918 san-

139 951 331 1019 guinem
357 950 583 1012 Christi.
616 962 668 1006 et
710 952 819 1007 illis
845 953 1112 1022 judicium
1149 954 1274 1008 erit.
1308 974 1326 1006 ι
1355 953 1542 1009 Obiter
1564 954 1693 1023 qui-

137 1043 242 1096 dem
270 1042 412 1096 bunc
460 1042 641 1097 locum
698 1045 874 1115 tangit
905 1046 988 1099 vir
1030 1046 1405 1110 doctissimus,
1432 1056 1486 1101 et
1526 1048 1691 1101 verba

136 1136 255 1192 satis
286 1137 416 1191 mira
449 1154 571 1192 esse
605 1148 796 1208 putat;
831 1139 979 1208 quod
1031 1140 1096 1195 ad
1139 1140 1415 1210 principes
1446 1140 1691 1196 visibiles

134 1230 324 1295 attinet,
360 1230 477 1285 vult
517 1231 663 1286 hunc
695 1232 1019 1301 scriptorem
1073 1232 1196 1287 ideo
1246 1232 1483 1289 fortasse
1513 1249 1577 1287 ea
1609 1233 1691 1287 di-

135 1324 281 1388 xisse,
333 1343 350 1374 ι
382 1323 531 1393 quod
590 1324 709 1395 ejus
740 1340 856 1379 :evo
916 1326 1101 1395 aliqua
1126 1326 1239 1395 jam
1274 1335 1391 1381 erat
1427 1326 1494 1381 de
1539 1325 1655 1381 Con
1686 1360 1687 1363 η

134 1417 296 1470 slautii
335 1418 417 1471 vel
456 1417 805 1473 Constantini
839 1419 962 1488 ejus
997 1420 1093 1473 lilii
1142 1420 1225 1474 vel
1266 1419 1690 1475 Cbristianismo

131 1509 204 1562 vel
236 1509 295 1563 ad
328 1509 813 1565 Christianismum
843 1513 1211 1582 propensione
1240 1528 1427 1583 sparsa
1461 1512 1626 1567 fama.
1664 1532 1683 1565 ι

132 1601 285 1666 Quam
318 1601 551 1656 obseura
580 1603 694 1658 haec
722 1605 1060 1673 conjectura,
1098 1622 1262 1674 quam
1303 1606 1494 1670 dubia,
1524 1622 1688 1675 quam

131 1693 348 1748 incerta!
389 1692 486 1747 Vel
518 1694 721 1763 aliquid
750 1696 960 1749 audivit
991 1696 1058 1750 de
1086 1696 1390 1750 Constantii
1415 1695 1689 1751 Christia-

131 1786 323 1849 nismo,
361 1787 441 1839 vel
496 1786 883 1851 Constantini,
940 1788 1023 1842 vel
1060 1790 1250 1843 saltem
1299 1790 1684 1859 propensionc.

130 1879 457 1934 Constantius
509 1897 617 1934 non
652 1890 737 1935 est
788 1892 1053 1948 augustos
1101 1883 1281 1937 factus
1316 1893 1444 1937 ante
1478 1899 1683 1938 annum

130 1964 245 2029 50l,
286 1976 337 2020 et
391 1968 611 2035 quidem
656 1969 709 2022 in
740 1968 951 2035 Gallia;
1006 1970 1409 2028 Constantinus
1461 1988 1568 2026 non
1602 1984 1685 2028 est

130 2057 289 2111 (Iresar
314 2069 533 2114 creatus
576 2071 704 2115 ante
738 2078 943 2117 annum
974 2063 1098 2127 506,
1124 2076 1177 2118 et
1222 2065 1444 2135 quidem
1478 2067 1529 2119 in
1566 2065 1685 2119 Bri-

129 2150 561 2208 tannia.Grtecus
615 2154 802 2225 itaque
856 2157 945 2212 hic
993 2157 1246 2226 scriptor,
1293 2158 1337 2213 si
1391 2158 1457 2212 ad
1491 2174 1681 2214 eorum

129 2241 338 2311 aliquem
400 2251 665 2313 tanquam
719 2246 1021 2316 principem
1080 2248 1366 2317 respexit,
1413 2258 1537 2303 ante
1570 2250 1686 2306 haec

129 2344 347 2402 tempora
380 2336 626 2391 scribere
660 2354 766 2390 non
793 2340 989 2407 potuit.
1024 2339 1093 2393 At
1119 2340 1234 2409 ipse
1276 2339 1505 2395 Dalla-us
1545 2340 1685 2397 forte

130 2424 335 2493 scriptas
387 2426 489 2480 has
528 2426 789 2490 epistolas
848 2428 924 2482 ait
974 2429 1190 2485 labente
1239 2432 1398 2487 tertio
1441 2434 1679 2498 saeculo,

132 2514 413 2570 Blondellus
440 2518 687 2581 ineunte,
717 2518 1022 2576 Salmasius
1046 2522 1431 2579 etAlbertinus
1460 2526 1684 2581 secundi

131 2608 304 2663 med’o.
336 2609 501 2666 Nullo
533 2614 610 2666 illi
659 2616 729 2668 de
776 2616 1021 2685 principe
1061 2617 1375 2674 Christiano
1406 2630 1684 2674 auctorem

127 2702 452 2770 cpistolarum
509 2708 816 2763 somniasse
862 2710 1244 2778 crediderunt;
1289 2713 1460 2768 multo
1501 2714 1685 2770 minus

130 2811 213 2850 nos
236 2798 424 2853 Dallzeo
460 2800 871 2872 credimus,qui
896 2812 976 2857 tot
998 2805 1308 2860 testimonia
1340 2823 1439 2877 pro
1468 2808 1552 2861 bis
1572 2808 1687 2876 epi-

127 2886 256 2941 stolis
278 2900 399 2943 ante
430 2902 691 2959 quartum
732 2895 992 2949 saeculum
1033 2898 1383 2965 protulimus.
1414 2897 1520 2953 Sed
1548 2899 1683 2953 nihil

128 2980 330 3049 scriptor
392 2992 619 3050 uoster,
666 2985 918 3055 quisquis
976 2996 1101 3054 est,
1142 2990 1211 3043 de
1264 2988 1686 3058 imperatoribus

126 3072 424 3131 Christianis
479 3080 702 3146 propnie
735 3079 916 3147 dixit;
958 3081 1229 3152 ἄρχοντας
1256 3090 1467 3137 tantum
1504 3084 1687 3138 nomi-

126 3167 282 3229 navit,
327 3169 418 3237 qui
475 3179 607 3224 sunt
635 3172 867 3239 quilibet
911 3174 1309 3244 magistratus;
1362 3177 1573 3231 monuit
1619 3193 1686 3233 ne

127 3272 262 3324 quem
313 3260 506 3327 locus,
556 3262 671 3317 sive
718 3264 954 3334 dignitas
1001 3266 1152 3322 inﬂet
1196 3267 1363 3337 (nam
1398 3278 1451 3323 et
1493 3269 1686 3340 ἄρχον-

125 3366 203 3413 τις
227 3354 494 3407 vocabant
530 3355 937 3411 ecclesiasticos
971 3360 1297 3429 praepositos
1322 3364 1683 3417 vetustissimi

126 3443 408 3513 scriptores,
457 3466 475 3497 ι
509 3447 770 3517 ἄρχοντες
811 3449 1071 3505 dicuntur
1106 3452 1380 3522 principes
1424 3464 1479 3508 et
1508 3456 1682 3525 magi-
1718 3506 1721 3509 .

126 3546 324 3606 stratus,
358 3560 375 3590 ι
418 3541 603 3610 inquit
630 3541 1051 3610 Tertullianus),
1086 3559 1210 3598 cum
1241 3560 1341 3599 nec
1373 3546 1550 3616 angeli
1584 3562 1685 3602 nec

126 3626 343 3688 homines
377 3634 699 3703 superiores
747 3634 867 3689 siue
916 3636 1021 3690 fide
1052 3637 1104 3690 in
1136 3635 1416 3692 Christum
1449 3639 1680 3693 salutem

125 3725 350 3792 consequi
405 3726 642 3795 possint.
703 3725 835 3791 Qua:
890 3728 1143 3782 doctrina
1217 3728 1394 3783 cuivis
1442 3732 1675 3799 tempori

125 3828 250 3881 aeque
278 3817 555 3878 convenit,
603 3816 717 3870 sive
749 3816 1024 3887 principes
1052 3810 1352 3871 Christiani
1387 3818 1495 3872 sint
1520 3861 1535 3884 ,
1566 3819 1681 3874 sive

128 3919 248 3972 non;
299 3908 433 3962 nihil
471 3923 605 3979 ergo
661 3908 750 3963 hic
808 3918 1117 3979 temporum
1154 3910 1315 3965 ﬁdem
1374 3912 1575 3981 pulsat,
1625 3922 1680 3965 et

126 4000 331 4055 suaviter
365 4001 611 4057 riderent
646 4001 975 4069 Salmasius,
1002 4004 1320 4060 Blondellus
1356 4016 1411 4061 et
1441 4007 1679 4062 Alberti-

125 4095 283 4153 nus,si
303 4094 413 4150 haec
437 4094 679 4164 cuipiam
701 4095 1270 4167 negotiumfacessere
1292 4099 1674 4169 intelligerent.

182 4183 435 4252 Secundo,
488 4198 684 4242 auctor
718 4189 967 4257 epistola:
994 4190 1061 4243 ad
1102 4189 1383 4245 Romanos
1436 4208 1559 4245 cum
1619 4209 1678 4248 se

124 4272 316 4333 dixisset
344 4281 626 4351 alligatum
677 4282 864 4335 decem
914 4281 1212 4352 leopardis,
1242 4282 1533 4355 diligenter
1578 4285 1677 4339 do-

125 4377 192 4423 cet
225 4373 342 4441 quid
376 4375 481 4429 hoc
513 4375 605 4430 sit.
652 4395 668 4426 ι
697 4375 947 4442 Vinetus,
1003 4377 1200 4447 inquit,
1238 4378 1424 4432 decem
1455 4378 1672 4447 leOpar-

124 4461 208 4525 dis,
238 4467 372 4533 quod
402 4478 488 4523 est
525 4468 779 4523 militaris
826 4468 983 4522 ordo.
1018 4488 1036 4521 ι
1074 4467 1189 4524 Hoc
1236 4480 1445 4537 autem,
1489 4472 1675 4541 judice

855 367 905 423 J.
944 368 1309 425 PEARSONII
1350 370 1672 428 VlNDlCl.-E
1715 372 2138 431 ΙΟΝΑἸἹΑΝᾹΞ.
2176 405 2247 415 -
2281 373 2462 430 PARS
2500 374 2543 429 It

3271 370 3376 429 350

1723 512 1764 566 Α
1796 507 1916 553 sent
1955 497 2031 550 illi
2056 497 2301 567 leopardi
2336 512 2365 550 a
2413 496 2615 566 quibus
2644 496 2870 562 ligatum
2900 508 2960 549 se
3009 492 3134 549 duci
3160 495 3376 559 scribit,

1797 602 1905 641 non
1926 588 2325 657 intelligerent:
2357 585 2505 655 quod
2531 584 2772 655 lgnatius
2800 601 2907 638 non
2936 594 3082 639 esset
3112 585 3372 637 veritus.»

1794 678 1976 745 Quare
2016 689 2199 733 autem
2254 678 2499 748 lgnatins
2530 678 2705 733 vereri
2758 694 2865 732 non
2910 678 3110 747 potuit,
3163 679 3208 732 si
3237 679 3377 732 alius

1792 773 2087 842 quisquam
2118 771 2402 842 potuerit?
2431 770 2613 838 Quare
2641 788 2748 826 non
2785 770 2873 825 ille
2888 771 3189 824 cavendum
3220 780 3379 840 puta-

1793 873 1896 927 ret,
1924 880 1991 919 ne
2017 880 2115 919 sua
2162 864 2325 918 verba
2355 880 2384 917 a
2413 863 2679 918 Romanis
2712 864 2859 918 haud
2910 874 3057 917 recte
3106 864 3377 932 intellige-

1792 957 2020 1012 rentur?
2046 956 2296 1028 Ligatum
2328 973 2387 1011 se
2415 956 2602 1011 decem
2641 956 2915 1026 leopardis
2941 956 3171 1021 dixerat;
3194 956 3243 1008 id
3273 972 3376 1008 au-

1793 1054 1900 1099 tem
1932 1047 2145 1101 solebat
2178 1061 2321 1114 saepe
2354 1046 2468 1099 fieri
2500 1061 2626 1100 cum
2660 1046 2901 1100 bestiarii
2929 1046 3157 1114 jamjam
3206 1046 3376 1099 mori-

1791 1137 1901 1191 turi
1929 1148 2134 1199 essent,
2170 1138 2249 1191 uti
2280 1136 2555 1191 Saturnus
2579 1138 2632 1189 in
2669 1152 2857 1191 ursum
2900 1136 3232 1190 substrictus
3270 1146 3373 1201 est,

1790 1242 1845 1287 et
1869 1245 2003 1301 apro
2029 1230 2353 1301 subligatus,
2379 1240 2437 1284 ut
2460 1232 2513 1284 in
2557 1230 2614 1285 S.
2642 1230 2923 1300 Perpetua:
2944 1229 3208 1285 Passione
3244 1231 3377 1299 legi-

1790 1339 1937 1377 mus.
1966 1322 2104 1377 Cutn
2159 1323 2327 1394 igitur
2358 1323 2667 1392 scripsisset
2714 1321 2771 1377 S.
2802 1321 3043 1395 lgnatius
3078 1340 3135 1379 se
3186 1324 3373 1378 decem

1791 1416 2067 1485 leopardis
2110 1416 2224 1485 jam
2271 1416 2537 1485 illigatum
2574 1432 2718 1479 esse,
2748 1418 2942 1486 (pardi
2985 1428 3165 1471 autem
3219 1425 3379 1470 erant

1791 1509 1932 1564 inter
1955 1507 2128 1580 Θῆρας
2160 1508 2490 1581 αἱμοόόρους
2536 1519 2591 1563 et
2632 1508 3082 1581 ἀνθρωποὸόρςυς
3107 1550 3122 1574 ,
3174 1509 3376 1578 quibus

1790 1600 2036 1655 bestiarii
2063 1602 2225 1670 objici
2255 1601 2506 1656 solebant
2532 1643 2547 1667 ,
2590 1612 2649 1655 ut
2677 1601 2820 1670 apud
2850 1611 3063 1656 veteres
3095 1602 3330 1672 legimus
3355 1606 3373 1671 )

1791 1708 1900 1746 non
1926 1692 2271 1747 incommode
2290 1708 2516 1747 monere
2542 1694 2740 1762 potuit,
2765 1709 2863 1749 eos
2896 1708 3004 1747 non
3032 1708 3154 1747 esse
3173 1693 3375 1745 bestias

1793 1785 1972 1853 ipsum
2019 1786 2202 1839 statim
2235 1784 2617 1851 devoraturas,
2673 1786 2767 1839 sed
2816 1785 3017 1839 milites
3070 1783 3138 1839 ad
3185 1785 3375 1837 urbem

1720 1864 1762 1918 Β
1793 1874 2023 1931 Romam
2072 1877 2359 1931 ducturos.
2409 1876 2612 1931 Verum
2663 1878 2810 1931 aliud
2849 1893 2974 1931 eum
3032 1877 3374 1946 suspicatum

1785 1984 1909 2023 esse
1956 1968 2109 2023 novit
2159 1968 2415 2023 Dallaaus.
2468 1967 2603 2023 Nam
2648 1989 2665 2021 ι
2704 1970 2891 2040 Ignatii
2943 1986 3061 2023 tcvo
3092 1970 3373 2032 omnibus,

1784 2061 2087 2130 praesertim
2113 2061 2327 2115 civibus
2355 2060 2642 2126 Romanis,
2677 2072 2801 2116 nota
2847 2071 2965 2116 erat
3001 2070 3053 2115 et
3084 2061 3374 2116 familiaris

1786 2154 1876 2208 illa
1909 2154 2140 2207 militum
2175 2158 2311 2209 certi
2340 2156 2625 2224 cujusdam
2652 2156 2861 2210 ordinis
2887 2155 3177 2225 appellatio
3252 2154 3374 2207 vul-

1786 2246 1955 2315 garis.
1989 2265 2007 2296 ι
2064 2245 2209 2301 Itane
2258 2248 2424 2301 vero?
2453 2264 2520 2301 an
2568 2248 2862 2317 leopardus
2900 2259 2981 2303 est
3008 2248 3198 2302 militis
3235 2246 3372 2303 certi

1786 2337 2074 2406 cujusdam
2106 2340 2320 2393 ordinis
2351 2340 2775 2410 appellatio?an
2795 2356 2857 2394 ea
2887 2342 3145 2395 omnibus
3174 2340 3371 2411 lgnatii

1784 2446 1900 2486 aevo
1924 2440 2054 2485 nota
2094 2440 2147 2485 ct
2170 2431 2459 2488 familiaris
2477 2432 2613 2487 fuit?
2634 2432 2889 2488 Profecto
2918 2434 3033 2488 hate
3060 2435 3373 2489 observatio

1785 2531 1879 2576 aut
1912 2538 1978 2577 ex
2012 2524 2274 2593 przeclara
2315 2526 2665 2594 antiquitatis
2713 2527 3029 2595 cognitione
3071 2527 3375 2597 proficisci-

1786 2621 1897 2681 tur,
1931 2625 2026 2669 aut
2049 2617 2326 2687 egregium
2357 2628 2729 2673 commentum
2764 2627 2867 2673 est.
2900 2617 3075 2684 Unde,
3120 2634 3230 2688 quo
3270 2635 3372 2673 au-

1786 2716 1956 2772 ctore,
1994 2707 2108 2763 baic
2143 2724 2245 2764 nos
2275 2708 2469 2763 docet?
2497 2708 2780 2765 Neminem
2814 2711 3029 2777 laudat;
3063 2712 3264 2765 nullius
3292 2720 3371 2766 te-

1787 2799 2111 2855 stimonium
2145 2800 2373 2871 profert.
2410 2802 2523 2873 Ego
2553 2813 2703 2858 certe
2736 2820 2856 2858 eam
2888 2805 3131 2874 leopardi
3158 2805 3372 2875 signifi-

1786 2890 2059 2945 cationem
2104 2893 2349 2947 nondum
2388 2894 2630 2949 invenio.
2670 2893 2783 2949 Sub
2813 2894 3052 2964 Trajano
3100 2898 3373 2965 scripsere

1788 2981 2035 3051 Tacitus,
2068 2984 2280 3041 Plinius
2315 2990 2613 3053 secundus,
2650 2989 2873 3055 Florus;
2916 2990 3018 3043 sub
3048 2987 3289 3058 Trajano
3320 2997 3375 3043 et

1788 3075 2036 3131 Adriano
2060 3078 2195 3132 vixit
2237 3076 2555 3136 Suetonius.
2591 3082 2789 3136 Iisdem
2812 3082 3150 3151 temporibus
3184 3081 3372 3137 Graace

1789 3168 2132 3237 scripserunt
2157 3169 2505 3239 Plutarchus,
2533 3174 2824 3241 Arrianus,
2858 3174 3110 3230 IElianus
3130 3217 3145 3241 ,
3178 3191 3371 3231 omnes

1788 3278 1972 3317 rerum
1994 3261 2363 3318 Romanarum
2389 3264 2522 3319 satis
2539 3267 2721 3334 periti,
2740 3266 2815 3321 rei
2836 3267 3091 3321 militaris
3109 3268 3367 3320 maxime.

1786 3356 1953 3409 Anex
1990 3356 2096 3411 illis
2122 3356 2416 3426 quisquam
2468 3358 2711 3425 prodidit
2762 3358 2905 3412 hanc
2956 3358 3189 3412 militum
3235 3357 3369 3411 certi

1785 3447 2072 3514 cujusdam
2106 3449 2319 3502 ordinis
2348 3450 2766 3519 appellationem
2803 3448 2976 3504 fuisse
3001 3465 3102 3504 suo
3130 3465 3247 3503 aevo
3289 3448 3371 3502 fa-

1786 3538 2093 3592 miliarem?
2120 3555 2230 3594 non
2255 3540 2440 3595 credo.
2473 3539 2577 3595 Sed
2617 3562 2634 3592 ‹
2662 3559 2749 3596 res
2770 3551 2824 3596 et
2850 3542 2923 3595 rei
2955 3558 3152 3597 nomen
3184 3542 3237 3595 in
3264 3556 3368 3594 usu

1783 3646 1903 3684 esse
1936 3630 2097 3685 desiit
2123 3644 2249 3686 ante
2278 3633 2713 3688 ducentesimum
2747 3644 2870 3703 post
2900 3633 3090 3704 Ignatii
3133 3646 3364 3686 mortem

1782 3723 2022 3776 annum!
2061 3743 2078 3774 ι
2117 3721 2234 3777 Jam
2264 3723 2429 3794 igitur
2452 3736 2636 3779 certus
2666 3725 2754 3779 ille
2791 3725 3025 3779 militum
3054 3726 3192 3779 ordo
3237 3740 3367 3779 evac

1781 3823 1996 3880 nucrat,
2032 3823 2229 3868 etcum
2257 3816 2375 3884 ipso
2408 3815 2602 3871 ordine
2621 3832 2817 3871 nomen
2842 3818 3007 3872 etiam
3033 3819 3363 3874 exstinctum

1781 3906 1923 3960 fuit?
1949 3905 2083 3973 Quis
2104 3908 2218 3962 lnec
2244 3908 2406 3962 nobis
2431 3909 2694 3964 tradidit?
2721 3911 2847 3980 quis
2874 3910 3081 3965 militiae
3104 3910 3366 3965 Romana:

1782 3997 2109 4053 reformator
2134 3998 2273 4054 fuit?
2319 4001 2445 4070 quis
2474 4001 2721 4056 ordinem
2764 4003 3105 4072 exstirpavit,
3164 4018 3363 4057 nomen

1780 4089 2153 4145 oblitteravit?
2182 4090 2474 4158 Quomodo
2505 4093 2638 4148 illud
2682 4094 2737 4148 in
2769 4110 2869 4149 usu
2911 4096 3158 4158 desierit,
3214 4096 3364 4165 quod

1779 4185 1833 4237 in
1867 4201 1967 4239 usu
1995 4202 2275 4257 nunquam
2320 4186 2446 4254 fuit,
2488 4190 2732 4243 nondum
2763 4191 2945 4245 video.
2979 4191 3083 4246 Sed
3110 4194 3224 4247 haec
3246 4208 3366 4247 cer-

1780 4275 1996 4330 tissima
2060 4286 2229 4342 sunt,
2274 4295 2453 4348 neque
2501 4296 2533 4334 a
2578 4283 2837 4351 quopiam
2896 4284 3174 4353 neganda:
3235 4300 3361 4338 nam

1783 4386 1801 4418 σ
1834 4366 2025 4437 Ignatii
2053 4370 2342 4424 simulator
2374 4369 2785 4447 LeOpardorum
2820 4375 3041 4443 quidem
3072 4393 3268 4432 nomen
3295 4378 3363 4431 ad

1776 4461 2122 4529 antiquitatis
2150 4464 2385 4531 speciem
2416 4465 2665 4530 retinuit,
2702 4466 2796 4520 sed
2834 4482 2902 4520 ne
2942 4468 3011 4521 ob
3052 4468 3365 4524 obscurita-

124 4552 309 4624 Dallaeo,
356 4560 424 4614 ab
455 4560 648 4631 Ignatii
700 4578 818 4616 aevo
852 4562 1090 4616 alienum
1124 4554 1670 4632 interpretamentum
1708 4582 1750 4635 υ
1778 4561 1885 4606 Nm
1920 4555 2152 4609 Ιθοῐυνεδ
2180 4557 2447 4621 ῑυνικινθίν
2489 4558 2655 4611 etiam
2692 4560 3159 4628 interpretandum
3203 4573 3363 4632 PU'a'

122 4656 202 4700 est.
230 4652 324 4705 Sed
346 4670 373 4707 a
407 4656 588 4724 cujus,
614 4672 821 4724 qltzesn,
839 4667 997 4719 aetate
1020 4656 1256 4711 alienum
1280 4664 1386 4720 est,
1410 4672 1468 4710 se
1488 4657 1663 4725 ipsum

124 4746 166 4791 et
187 4744 329 4797 verba
365 4761 463 4800 sua
493 4747 883 4817 interpretari?
928 4765 1108 4803 nonne
1142 4750 1387 4819 quolibet
1428 4757 1671 4818 tempore

124 4829 205 4888 huc
225 4852 365 4906 atque
400 4841 600 4895 liceat?
632 4840 772 4896 Dicit
808 4843 1193 4897 sanctissimus
1230 4853 1453 4914 martyr,
1486 4858 1671 4897 exem-

124 4930 192 4991 Ρῖο
216 4926 265 4981 S.
291 4929 460 4997 Pauli,
484 4950 543 4988 se
572 4951 694 4988 cum
731 4935 920 4990 bestiis
959 4952 1226 5005 pugnare,
1259 4951 1353 4990 eas
1385 4936 1455 4989 ob
1480 4935 1667 4989 feritao

125 5027 207 5072 tein
229 5022 508 5093 leopardos
541 5036 732 5092 vocat;
784 5029 1026 5097 seipsum
1059 5027 1185 5081 dein
1238 5027 1625 5096 interpretatur
1652 5046 1665 5090 ς

122 5126 215 5175 eos,
236 5114 452 5184 scilicet,
488 5134 629 5187 quos
665 5118 891 5184 bestias,
929 5137 1070 5190 quos
1100 5121 1383 5190 leopardos
1410 5122 1666 5190 appellat,

124 5197 289 5256 milites
330 5219 451 5259 esse
496 5206 618 5268 ait,
672 5222 908 5273 quorum
960 5210 1225 5263 custodia:
1274 5210 1508 5264 traditus
1561 5219 1664 5263 est.

125 5285 290 5351 Quidni
316 5295 400 5350 hic
449 5297 593 5351 idem
651 5296 876 5363 faceret,
914 5306 1060 5369 quod
1117 5317 1259 5371 saepe
1319 5302 1447 5355 alibi
1501 5301 1669 5356 facit?

124 5376 252 5438 iubet
272 5385 559 5444 Trallesios
583 5389 869 5463 ἀλλοτρίας
901 5392 1131 5463 βοτάνης
1165 5392 1489 5463 ἀπέχεσθαι,
1515 5395 1667 5449 addit

124 5468 518 5543 explicationem,
547 5481 581 5550 ἦ
618 5498 701 5543 τις
737 5483 885 5535 ἐστὶν
920 5483 1152 5553 αἵρεσις.
1221 5482 1296 5537 De
1334 5486 1551 5539 Docetis
1588 5486 1665 5540 l0-

126 5572 275 5631 cutus,
297 5569 395 5622 εἶδ’
431 5570 621 5643 ὥσπερ
656 5575 800 5637 τινὲς
822 5573 969 5628 ἄθεοι
987 5574 1160 5639 ὄντες,
1182 5575 1483 5645 subjttngit,
1512 5595 1667 5631 τουτ-

124 5648 243 5738 ξςτιν
286 5660 515 5715 ἄπιστοι.
564 5664 762 5729 Quidni
807 5666 1080 5735 quispiam
1127 5677 1237 5721 tam
1286 5669 1389 5722 sub
1434 5669 1662 5738 imperio

126 5735 335 5829 irajani,
367 5766 529 5820 quam
557 5756 752 5825 quavis
813 5757 919 5811 alia
982 5767 1160 5823 aetate,
1196 5759 1271 5813 ita
1308 5735 1665 5829 loqueretur?

126 5825 312 5904 Nempe,
352 5858 368 5890 ς
397 5846 596 5899 veritus
624 5854 705 5899 est
751 5846 1011 5917 scriptor,
1055 5864 1122 5904 ne
1159 5846 1395 5907 Romani
1420 5852 1549 5923 quid
1579 5868 1664 5910 es-

1775 4647 1873 4711 vit,
1893 4662 1956 4700 ac
1980 4661 2038 4701 se
2073 4648 2147 4701 ita
2180 4647 2347 4700 nimia
2380 4648 2664 4714 diligentia
2698 4650 2814 4719 ipse
2855 4652 3110 4720 prodidit.
3139 4672 3157 4705 ι
3214 4653 3360 4709 Proh

1774 4740 1994 4793 stultam
2019 4740 2355 4794 simulatoris
2383 4740 2763 4795 calliditatem!
2801 4744 2935 4812 proh
2968 4744 3172 4799 fatuam
3206 4758 3360 4801 astu—

1773 4835 1935 4888 tiam!
1964 4832 2057 4903 qui
2078 4834 2397 4889 snoindicio
2426 4836 2585 4904 quasi
2618 4852 2778 4891 sorex
2806 4838 2972 4893 hodie
2999 4840 3181 4909 periit,
3212 4840 3359 4909 quod

1771 4939 2001 4977 acumen
2024 4922 2283 4977 Daltzcani
2305 4925 2505 4995 ingenii
2526 4927 2823 4996 praavidere
2843 4944 2949 4983 non
2970 4931 3227 4998 potuerit:
3250 4931 3359 4982 imo

1770 5032 1901 5071 vero
1920 5017 2180 5071 Censoris
2197 5032 2317 5070 com
2328 5028 2570 5073 mentum
2588 5020 2852 5090 lepidum,
2871 5031 2923 5075 et
2939 5022 3153 5076 inanem
3173 5022 3359 5091 conje-

1771 5121 1858 5165 ctu
1871 5126 2007 5172 ram,
2022 5111 2115 5179 qui
2132 5120 2189 5164 ut
2204 5120 2497 5183 martyrem
2516 5111 2720 5168 faceret
2746 5115 3120 5184 impostorem,
3143 5124 3261 5184 post
3279 5124 3359 5169 tot

1770 5204 1968 5258 smcula
1988 5204 2427 5274 totantiquitatis
2453 5206 2632 5260 larvas
2647 5206 2972 5276 etﬁgmenta
2991 5206 3347 5275 excogitavit.

1841 5293 1979 5348 Illud
2009 5310 2138 5348 vero
2166 5294 2530 5350 admiratione
2563 5297 2787 5367 dignum
2821 5303 2928 5360 est,
2968 5295 3206 5349 edidisse
3241 5296 3356 5351 lucc

1772 5386 2032 5441 Dallaaum
2065 5388 2304 5441 triennio
2338 5396 2628 5457 postquam
2651 5388 2921 5443 Samuelis
2942 5388 3195 5443 Bocbarti
3230 5388 3353 5443 llic-

1767 5478 2025 5534 rozoicon
2052 5479 2274 5548 prodiit,
2305 5480 2449 5548 quod
2484 5480 2599 5548 ipse
2632 5480 2684 5532 in
2725 5478 2965 5548 Epistola
3016 5480 3354 5535 dedicatoria

1774 5590 1793 5623 ι
1818 5572 2062 5637 doctum,
2090 5570 2232 5625 Deus
2268 5571 2429 5634 bone,
2456 5581 2510 5625 et
2531 5571 2867 5626 laboriosum
2894 5587 3031 5642 opus
3056 5591 3074 5623 ι
3096 5574 3351 5642 appellat.

1766 5662 1861 5720 llle
1890 5665 2058 5729 enim,
2088 5673 2147 5718 ut
2179 5664 2533 5734 impostorem
2559 5674 2758 5734 quarto
2810 5665 3012 5720 smculo
3066 5666 3355 5735 Scripsisse

1767 5757 2054 5828 probaret,
2079 5764 2132 5809 et
2166 5755 2385 5825 quidem
2429 5771 2496 5809 ex
2532 5755 2639 5812 hoc
2678 5756 2800 5826 ipso
2847 5756 2989 5825 loco,
3040 5757 3147 5811 alio
3194 5759 3355 5827 plane

1766 5864 1931 5925 atque
1973 5852 2251 5909 contrario
2302 5866 2439 5910 usus
2497 5861 2581 5910 est
2624 5865 2987 5927 argumento,
3041 5852 3352 5911 ﬂicrozoici
