3770 6298
391 298 492 354 331

1419 303 1478 358 S.
1521 303 1870 363 IGNATIUS.
1911 334 1979 345 -—
2018 305 2554 365 PROLEGOMENA.

3552 323 3652 380 553

394 422 549 485 parte
575 427 614 479 ι,
645 412 741 469 lib.
770 430 850 477 ιιι,
885 429 1004 485 cap.
1038 415 1103 471 8:
1147 435 1165 468 ι
1190 415 1457 487 Leopardi
1492 435 1621 487 vox,
1658 420 1859 491 inquit,
1887 402 1971 476 se-
2000 425 2048 482 Α
2076 419 2344 492 Leopardi
2370 440 2558 481 vocem
2595 440 2884 499 memorat,
2918 440 2979 488 ut
3010 431 3172 505 longe
3216 434 3334 491 suis
3388 445 3653 508 tempori-

392 506 511 559 rius
535 507 789 575 usurpari
821 507 1006 576 erepit,
1039 522 1234 577 nempe
1264 509 1614 565 Constantini
1649 528 1785 567 aevo.
1832 511 1968 566 Pro-

385 596 512 649 inde
540 594 731 666 Ignatii
762 598 827 651 ad
854 595 1132 655 Romanos
1167 600 1399 669 epistola
1458 618 1624 672 quam
1671 601 1969 659 circumfe-

382 696 533 750 runt,
560 702 625 741 eo
647 688 866 742 demum
913 692 1116 746 saeculo
1139 690 1310 747 fuisse
1342 694 1601 763 scriptam
1638 695 1720 749 vel
1750 711 1817 750 ex
1864 696 1971 752 hoc

386 786 713 847 argumento
742 781 1003 850 colligas,
1035 785 1179 852 quod
1205 785 1589 855 leopardorum
1626 789 1827 844 diserte
1851 805 1967 845 me—

386 868 566 923 minit.
595 887 613 920 ι
658 870 983 940 Argnmenti
1017 878 1410 946 consequentia
1442 877 1732 934 manifesta
1757 889 1861 935 est.
1910 879 1967 935 Si

384 960 529 1013 enim
561 961 804 1033 leopardi
841 979 946 1019 vox
973 966 1078 1020 sub
1104 967 1468 1022 Constantino
1502 970 1758 1041 usurpari
1780 971 1967 1041 cmpit,

384 1054 631 1124 adeoque
654 1065 781 1112 ante
807 1056 1226 1115 Constantinum
1254 1071 1516 1133 usurpata
1555 1080 1662 1120 non
1704 1076 1819 1132 est;
1846 1065 1969 1134 qni—

383 1163 601 1217 cunque
630 1164 750 1205 eam
777 1167 963 1207 vocem
992 1157 1299 1225 usurpavit,
1335 1159 1420 1212 vel
1446 1159 1550 1213 sub
1578 1158 1965 1230 Constantino,

379 1240 462 1294 vel
489 1248 612 1310 post
650 1257 774 1297 eum
805 1245 1046 1315 scripsit.
1096 1244 1227 1302 Post
1274 1248 1696 1306 Constantinum
1729 1254 1970 1309 scribere

380 1347 493 1385 non
528 1334 706 1403 potuit
735 1345 929 1390 auctor
958 1339 1206 1407 epistolae
1240 1341 1307 1395 ad
1339 1341 1653 1399 Romanos:
1710 1355 1967 1415 excerpta

380 1425 528 1478 enim
559 1426 679 1495 ejus
707 1427 972 1497 epistolae,
1001 1431 1053 1483 in
1084 1433 1285 1501 quibus
1332 1433 1598 1504 Leopardi
1630 1452 1740 1491 vox
1801 1437 1971 1493 habe-

382 1529 493 1585 tur,
521 1520 575 1573 in
603 1518 985 1578 Ecclesiaslica
1019 1524 1239 1582 Eusebii
1267 1527 1511 1583 Historia
1536 1541 1785 1597 exstant,
1847 1551 1970 1605 qua:

382 1610 488 1665 sub
518 1612 885 1670 Constantino
916 1617 1061 1673 edita
1103 1627 1205 1674 est.
1274 1618 1397 1676 Vult
1450 1622 1616 1693 igitur
1662 1623 1969 1683 Bochartus

383 1705 489 1758 sub
517 1704 886 1763 Constantino
914 1711 1210 1779 primulum
1268 1714 1543 1770 inventam
1593 1733 1716 1773 esse
1775 1734 1964 1775 vocem

382 1796 688 1867 Le0pardi;
733 1800 1015 1859 Romanos
1079 1806 1377 1876 scriptores
1421 1824 1541 1862 eam
1594 1809 1771 1879 primo
1803 1828 1966 1867 usur-

380 1905 577 1960 passe;
622 1892 842 1950 Graecos
873 1911 993 1950 eam
1023 1913 1212 1953 vocem
1248 1915 1279 1954 a
1306 1898 1575 1957 Romanis
1623 1912 1811 1972 postea
1846 1921 1969 1960 mu-

379 1991 567 2037 tuatos
594 1999 749 2053 esse;
778 1986 1160 2044 simulatorem
1192 1990 1387 2063 lgnatii
1427 1994 1569 2049 inter
1596 1994 1815 2051 Graecos
1832 1998 1968 2053 scri-

377 2084 564 2144 ptores
588 2086 643 2132 et
666 2079 903 2148 primum
951 2092 1006 2138 et
1039 2084 1214 2139 solum
1259 2089 1508 2144 eamdem
1557 2092 1876 2162 arripuisse,
1913 2102 1970 2148 et

376 2164 589 2237 lgnatio
616 2174 992 2241 supposuisse,
1017 2184 1182 2246 atque
1206 2177 1347 2234 hanc
1376 2181 1663 2250 epistolam
1691 2183 1964 2248 emisisse,

378 2273 674 2333 antequam
713 2265 972 2323 Historia:
1002 2270 1202 2324 librum
1234 2273 1457 2327 tertium
1499 2276 1760 2331 conderet
1799 2276 1968 2331 Euse-

377 2355 523 2410 bius.
555 2355 599 2411 Ο
624 2358 791 2413 miras
822 2362 1087 2431 temporis
1114 2366 1639 2437 angustias,quibus
1672 2370 1841 2425 miser
1865 2370 1967 2424 im-

377 2460 571 2519 postor
605 2450 939 2506 includitur!
975 2453 1019 2508 Ο
1067 2454 1304 2511 bardum
1361 2466 1417 2512 et
1462 2460 1741 2527 stupidum
1793 2462 1968 2521 Euse-

378 2541 553 2609 bium,
597 2544 690 2612 qui
716 2560 840 2598 cnm
880 2545 972 2599 diu
996 2555 1123 2600 ante
1151 2545 1421 2619 Leopardi
1442 2553 1773 2610 vocabulum
1806 2566 1966 2614 natus

377 2642 547 2697 esset,
586 2634 792 2690 lictitiis
830 2637 1137 2693 litterarum
1166 2642 1442 2699 mercibus
1485 2652 1591 2699 tarn
1640 2644 1819 2715 facile,
1854 2657 1964 2703 tam

379 2724 523 2780 ftede
551 2726 812 2797 deceptus
834 2731 948 2784 est!

452 2820 559 2875 Sed
581 2820 859 2878 videamus
875 2824 1152 2893 quomodo
1175 2828 1370 2896 probet
1389 2830 1459 2886 cl.
1481 2829 1808 2900 Bochartus,
1841 2849 1962 2889 eam

376 2926 567 2968 vocem
610 2914 960 2971 Constantini
1012 2935 1129 2975 aevo
1174 2923 1409 2991 cmpisse
1455 2928 1731 2996 usurpari.
1766 2946 1785 2978 ι
1823 2928 1959 2983 Cum

376 3006 547 3070 enim,
581 3007 778 3079 inquit,
809 3012 987 3067 tribus
1013 3015 1230 3070 saeculis
1261 3026 1384 3085 post
1432 3017 1712 3074 Christum
1770 3030 1960 3076 natum

378 3096 432 3150 in
459 3095 723 3155 Romanis
739 3102 1101 3171 scriptoribus
1130 3121 1399 3176 nusquam
1422 3110 1961 3183 reperiatur,quarto

373 3194 432 3240 et
460 3188 657 3243 exinde
708 3192 912 3259 passim
959 3197 1221 3251 occurrit.
1262 3217 1281 3250 ι
1319 3197 1445 3255 Haec
1472 3218 1539 3255 ex
1573 3203 1961 3261 observatione

378 3277 633 3335 Gesneri.
672 3281 873 3338 Verum
904 3302 973 3340 an
1001 3296 1128 3341 ante
1181 3298 1429 3361 tempora
1464 3291 1689 3362 Trajani
1737 3294 1795 3349 in
1855 3312 1960 3351 usu

377 3368 546 3425 fuerit
568 3387 629 3427 ea
665 3389 791 3442 vox,
818 3376 884 3430 ad
922 3393 1024 3434 nos
1062 3394 1174 3434 non
1221 3384 1483 3452 pertinet;
1510 3386 1764 3456 quamvis
1823 3389 1959 3444 mihi

378 3465 608 3520 dubium
640 3483 749 3522 non
773 3469 843 3524 sit
862 3472 994 3539 quin
1035 3473 1129 3527 diu
1155 3484 1282 3530 ante
1308 3488 1571 3548 usurpata
1592 3478 1687 3546 sit,
1721 3497 1830 3535 non
1856 3482 1962 3537 mi-

378 3572 484 3612 nus
501 3574 664 3629 quam
693 3561 1180 3631 Camelopardalis,
1211 3576 1307 3622 aut
1333 3567 1717 3637 Leocrocutta,
1741 3574 1809 3629 de
1837 3574 1961 3645 qui-

377 3646 484 3703 bus
521 3650 633 3719 agit
662 3648 893 3707 Plinius.
919 3652 1075 3719 Quod
1106 3667 1234 3711 ante
1260 3669 1515 3727 qnartum
1534 3663 1797 3717 saeculum
1815 3664 1960 3733 apud

379 3739 676 3810 scriptores
716 3741 1020 3811 Romanos,
1053 3762 1196 3816 quos
1231 3736 1438 3819 legerat
1485 3750 1812 3819 Bochartus,
1851 3771 1960 3812 non

379 3835 705 3902 reperiatur,
741 3838 968 3894 minime
1008 3842 1204 3910 probat
1232 3843 1285 3896 in
1316 3860 1416 3899 usu
1454 3862 1564 3900 non
1599 3846 1796 3913 fuisse;
1834 3849 1960 3919 plu-

379 3946 469 3985 res
480 3932 625 3985 enim
648 3934 941 4005 scriptores
959 3952 1148 3993 eorum
1176 3949 1481 4011 temporum
1500 3947 1779 4014 perierunt
1794 3965 1959 4019 quam

382 4036 721 4092 supersunt;
757 4028 925 4098 aliqui
953 4030 1189 4087 fortasse
1217 4044 1457 4101 exstant,
1515 4054 1655 4107 quos
1711 4041 1804 4096 ille
1848 4058 1958 4096 non

382 4113 542 4181 legit;
578 4118 770 4187 aliqui,
800 4137 940 4190 quos
975 4124 1204 4179 credidit
1230 4135 1355 4195 post
1375 4127 1795 4185 Constantinum
1820 4134 1960 4187 scri-

381 4206 579 4275 psisse,
613 4206 751 4264 forte
774 4220 900 4265 ante
934 4230 1058 4268 eum
1086 4216 1455 4286 scripserunt;
1504 4221 1674 4291 aliqui
1722 4224 1817 4292 qui
1855 4225 1962 4280 sub

380 4312 448 4351 co
470 4300 837 4356 meminerunt
878 4303 1031 4358 vocis
1066 4304 1360 4376 Leopardi,
1406 4309 1719 4379 signiﬁcare
1761 4324 1960 4384 potue-

380 4399 512 4446 runt
531 4407 651 4446 eam
688 4407 877 4449 vocem
904 4395 1148 4465 ipsorum
1198 4407 1355 4455 aetate
1407 4400 1564 4473 longe
1594 4405 1959 4475 antiquiorem

2072 511 2176 566 bus
2203 514 2566 584 antiquiorem
2611 533 2733 573 eam
2790 520 2961 576 fuisse
2994 533 3276 591 agnoscat.
3334 522 3465 581 Haec
3508 530 3651 583 enim

2072 604 2237 660 habet
2280 606 2334 661 in
2364 606 2486 663 Vita
2517 610 2779 666 Antonini
2821 612 2999 670 Getae:
3042 635 3060 667 ι
3094 614 3389 672 Familiare
3427 619 3507 673 illi
3557 620 3655 676 fuit

2072 696 2172 753 has
2202 702 2536 768 quaestiones
2556 706 2929 774 grammaticis
2953 723 3272 779 proponere,
3299 721 3362 765 ut
3387 713 3650 777 dicerent,

2071 791 2285 862 singula
2314 795 2569 851 animalia
2602 800 2879 868 quomodo
2902 817 3088 856 vocem
3109 804 3451 868 emitterent,
3486 806 3652 871 velut,

2070 886 2195 956 agni
2242 886 2471 955 balant,
2511 891 2734 961 porcelli
2786 894 3071 962 gruniunt,
3107 895 3394 964 palumbes
3445 899 3652 953 minut-

2072 978 2242 1045 riunt,
2267 980 2378 1036 ursi
2396 983 2648 1050 saeviunt,
2682 984 2869 1040 leones
2893 986 3139 1056 ruginnt,
3158 988 3401 1058 leopardi
3433 990 3650 1057 rictant,

2071 1072 2343 1143 elephanti
2375 1075 2646 1143 barriunt,
2704 1095 2851 1134 ranae
2907 1091 3176 1149 coaxant,
3211 1084 3341 1154 equi
3373 1084 3651 1151 hinniunt,

2070 1166 2211 1221 asini
2247 1168 2472 1236 rudunt,
2514 1170 2658 1224 tauri
2703 1172 2978 1243 mugiunt,
3034 1189 3237 1245 easque
3271 1176 3341 1230 de
3377 1178 3652 1233 veteribus

2070 1260 2417 1329 approbare,
2454 1263 2540 1317 vel
2595 1265 2981 1334 approbarent.
3018 1286 3037 1319 ι
3100 1265 3433 1338 Spartianus
3477 1269 3655 1340 itaque

2072 1350 2176 1407 100
2209 1363 2336 1409 ante
2364 1354 2790 1412 Constantinum
2816 1359 2977 1415 annis
3002 1358 3191 1415 Getam
3222 1378 3253 1416 a
3275 1365 3653 1433 grammaticis

2070 1444 2396 1514 quaesivisse
2434 1449 2720 1518 ostendit,
2767 1466 2836 1504 an
2902 1451 3175 1520 leopardis
3214 1455 3561 1510 conveniret.
3587 1456 3655 1509 rio

2070 1546 2243 1605 ctare,
2271 1547 2325 1593 et
2345 1540 2572 1609 quinam
2598 1558 2665 1597 ex
2703 1545 2978 1600 veteribus
3001 1560 3123 1599 eam
3157 1562 3350 1601 vocem
3380 1549 3654 1618 leopardis

2070 1632 2414 1688 tribuissent.
2466 1634 2612 1691 Satis
2657 1636 2824 1706 igitur
2885 1639 3112 1708 antiqua
3170 1655 3274 1694 vox
3336 1641 3653 1711 leopardus.

2071 1720 2413 1778 Glossarium
2464 1735 2639 1792 vetus,
2675 1727 2778 1781 sub
2826 1726 3105 1784 Benedicti
3163 1732 3389 1786 nomine
3426 1732 3653 1798 editum,

2070 1813 2297 1868 omnino
2327 1815 2541 1870 videtur
2559 1816 2907 1873 Constantini
2937 1821 3168 1890 imperio
3195 1821 3345 1876 haud
3370 1823 3542 1892 paulo
3564 1839 3656 1877 an-

2069 1906 2297 1977 tiquius,
2326 1909 2378 1963 in
2403 1926 2513 1980 quo
2532 1911 2762 1983 legimus
2783 1928 2795 1963 :
2817 1911 3155 1983 Leopardus,
3177 1914 3472 1986 πάρδαλις.
3498 1914 3654 1971 Ροιιι-

2068 1999 2225 2070 peius
2253 2000 2471 2069 Festus,
2507 2002 2811 2075 «Bigenera
2837 2005 3097 2061 dicuntur
3135 2008 3399 2064 animalia
3441 2027 3512 2065 ex
3576 2010 3654 2064 di-

2067 2110 2229 2149 verso
2261 2110 2460 2165 genere
2507 2109 2659 2163 nata,
2684 2108 2744 2153 ut
2766 2099 3062 2170 leopardus
3097 2116 3164 2155 ex
3194 2102 3356 2157 leone
3415 2112 3474 2157 et
3528 2119 3657 2174 pan-

2068 2184 2243 2240 thera.
2286 2206 2304 2239 ι
2335 2185 2455 2257 Ipse
2478 2198 2659 2243 autem
2687 2189 2905 2259 Festus,
2948 2208 2979 2247 a
3012 2190 3267 2248 Charisio
3292 2202 3349 2248 et
3376 2193 3656 2250 Macrobio

2069 2274 2348 2344 laudatus,
2377 2277 2421 2331 si
2454 2278 2589 2334 satis
2625 2280 2886 2351 antiquus
2921 2297 3032 2337 non
3082 2283 3185 2350 sit;
3234 2293 3384 2339 certe
3430 2283 3655 2341 Verrius

2069 2363 2319 2432 Flaccus,
2346 2367 2505 2438 cujus
2536 2369 2802 2425 librorum
2837 2370 3123 2442 Epitomen
3168 2375 3416 2444 scripsit,
3465 2376 3653 2447 Auga-

2071 2457 2139 2511 sti
2166 2465 2323 2513 :etate
2345 2459 2518 2526 vixit;
2550 2470 2605 2515 et
2644 2463 2895 2531 quithaac
2919 2464 3068 2520 illius
3097 2466 3262 2520 verba
3298 2466 3480 2523 fuisse
3509 2485 3656 2524 asse—

2069 2558 2234 2615 reret,
2273 2550 2447 2605 refelli
2479 2567 2588 2606 non
2616 2563 2821 2622 posset.
2860 2553 3031 2611 Caute
3067 2557 3234 2627 igitur
3265 2557 3417 2613 hunc
3474 2559 3654 2614 locum

2067 2638 2216 2697 Festi
2276 2644 2629 2712 praetermisit
2670 2646 3121 2718 diligentissimus
3164 2647 3504 2718 Bochartus,
3569 2652 3653 2706 ubi

2069 2735 2190 2805 ejus
2222 2734 2482 2791 all'erendi
2521 2740 2873 2795 occasionem
2905 2740 3098 2795 habuit
3121 2742 3362 2798 maxime
3392 2754 3658 2814 opportu-

2068 2843 2217 2881 nam.
2248 2827 2387 2883 Cum
2444 2831 2591 2885 enim
2644 2833 2918 2888 attulisset
2966 2849 3089 2903 quae
3144 2846 3358 2892 veteres
3392 2837 3656 2892 dixerunt

2073 2938 2093 2972 ι
2120 2920 2186 2975 de
2210 2920 2506 2975 leaenarum
2532 2939 2658 2979 cum
2693 2925 2863 2994 pardo
2888 2926 3184 2981 concubitu
3208 2969 3223 2993 ,
3251 2929 3397 2984 unde
3450 2945 3654 2985 novum

2067 3023 2375 3068 monstrum
2408 3017 2607 3081 editur,
2642 3017 2791 3085 huic,
2830 3019 3029 3088 inquit,
3057 3021 3397 3092 designando
3420 3024 3655 3079 conﬁcta

2067 3105 2283 3160 videtur
2327 3107 2569 3177 leopardi
2610 3126 2746 3177 vox;
2782 3129 2802 3162 ι
2845 3111 2941 3166 sed
2977 3113 3128 3168 nullo
3162 3114 3488 3170 testimonio
3537 3134 3652 3172 eam

2066 3197 2442 3267 conjecturam
2480 3200 2685 3267 firmat,
2717 3218 2841 3258 cum
2860 3202 2929 3257 ad
2962 3219 3183 3258 manum
3208 3214 3355 3262 esset
3387 3207 3485 3263 hic
3511 3209 3654 3264 Festi

2062 3287 2217 3343 locus
2242 3290 2308 3345 ad
2336 3306 2456 3344 eam
2481 3307 2595 3345 rem
2620 3295 3581 3364 accommodatissimus.Quinetiam
3610 3303 3654 3355 si

2061 3397 2165 3436 vox
2197 3382 2440 3453 leopardi
2468 3384 2701 3441 conﬁcta
2731 3387 2968 3457 primum
3006 3389 3078 3445 sit
3113 3388 3193 3444 illi
3220 3403 3480 3448 monstro
3513 3397 3655 3449 desi-

2062 3475 2304 3545 gnando,
2341 3478 2487 3547 quod
2518 3479 2735 3535 videtur
2768 3479 3039 3538 Bocharto
3065 3523 3082 3549 ,
3106 3484 3258 3538 'ante
3297 3483 3655 3541 Constantini

2063 3583 2241 3623 tevum
2271 3569 2394 3624 sine
2414 3570 2585 3625 dubio
2616 3572 2851 3628 conﬁcta
2877 3584 2995 3641 est;
3032 3584 3162 3631 tunc
3193 3577 3340 3631 enim
3382 3593 3492 3648 pro
3520 3596 3655 3650 quo-

2062 3659 2195 3716 libet
2220 3661 2395 3731 pardo
2426 3672 2689 3733 usurpata
2717 3675 2820 3733 est,
2841 3668 2989 3737 quod
3018 3668 3110 3722 ille
3134 3668 3321 3723 multis
3351 3678 3407 3724 et
3427 3673 3652 3741 quidem

2062 3760 2210 3807 recte
2243 3753 2457 3822 probat.
2489 3753 2640 3810 Trita
2674 3757 2839 3828 igitur
2869 3758 2960 3813 illa
2994 3760 3088 3813 sed
3127 3760 3536 3817 catachrestica
3564 3780 3654 3817 vo-

2063 3845 2144 3899 cis
2173 3848 2461 3915 usurpatio
2493 3849 2750 3917 primaeva
2775 3859 2829 3904 et
2865 3853 3086 3921 propria
3117 3853 3389 3921 posterior
3436 3856 3515 3909 sit
3562 3871 3655 3909 ne-

2062 3954 2216 3995 cesse
2235 3949 2339 3995 est.
2367 3941 2425 3996 Si
2459 3942 2626 4013 igitur
2653 3959 2681 3997 a
2726 3942 2991 4000 Romanis
3036 3945 3269 4000 conﬁcta
3297 3960 3365 4000 ea
3412 3963 3527 4001 vox
3560 3950 3649 4011 sit,

2064 4040 2194 4086 tunc
2222 4033 2461 4101 primum
2498 4034 2754 4103 imposita
2795 4034 2966 4092 fuisse
2990 4038 3224 4104 videtur,
3254 4054 3380 4092 cum
3408 4055 3505 4095 res
3538 4041 3651 4110 ipsa

2064 4121 2173 4177 illis
2207 4124 2488 4179 notaiuit.
2517 4124 2586 4180 Ut
2616 4126 2989 4184 Tertullianus
3017 4130 3084 4184 de
3118 4130 3303 4199 pallio,
3335 4151 3353 4182 ι
3379 4135 3489 4187 etsi
3511 4132 3652 4188 Grae-

2063 4229 2189 4268 cum
2210 4216 2406 4285 magis,
2438 4218 2532 4272 sed
2565 4218 2754 4289 lingua
2794 4220 2907 4289 jam
2943 4238 3108 4290 penes
3132 4221 3347 4277 Latium
3372 4236 3491 4290 est;
3527 4241 3649 4280 cum

2062 4320 2197 4360 voce
2226 4309 2395 4362 vestis
2424 4309 2666 4365 intravit.
2707 4329 2726 4361 ι
2762 4308 2883 4365 Νοιι
2932 4312 3294 4367 dubitandum
3349 4326 3437 4369 est
3488 4317 3651 4386 igitur

2065 4398 2200 4467 quin
2233 4414 2339 4452 vox
2370 4416 2436 4454 ex
2463 4401 2640 4470 prima
2664 4403 2741 4457 rei
2778 4402 2953 4473 ipsius
2976 4406 3286 4474 cognitione
3315 4412 3646 4464 manaverit.

382 4486 577 4544 fuisse.
603 4486 723 4543 Non
748 4490 898 4561 legit,
930 4492 1147 4561 opinor,
1172 4491 1480 4550 Bochartus
1506 4495 1827 4554 Passiunem
1855 4498 1871 4553 ε

2161 4487 2299 4541 mani
2328 4488 2476 4543 enim
2505 4490 2588 4544 vel
2619 4506 2781 4548 voces
2815 4494 2964 4564 ipsas
3016 4509 3142 4549 cum
3188 4497 3355 4552 rebus
3404 4501 3650 4571 accipie-

382 4580 666 4651 Perpetua:
698 4592 752 4638 et
774 4583 1074 4639 Felicitatis
1096 4584 1349 4655 primoin
1377 4585 1555 4643 lucem
1586 4590 1653 4644 ab
1680 4587 1961 4647 Holslenio

382 4674 730 4741 productam.
788 4673 845 4728 ln
897 4676 984 4729 illa
1016 4684 1199 4730 autem
1246 4673 1510 4734 Passione
1543 4694 1642 4735 nos
1694 4681 1957 4749 legimus:

391 4761 619 4832 «Itaque
642 4765 697 4817 in
729 4768 1122 4823 commissione
1160 4771 1459 4839 spectaculi
1505 4782 1797 4828 revocatus
1844 4775 1961 4830 leo-

384 4855 556 4925 pardo
587 4866 865 4923 expertus.
898 4859 1063 4912 etiam
1089 4862 1191 4914 sub
1222 4862 1431 4930 pulpito
1454 4862 1523 4917 ab
1548 4879 1678 4917 urso
1701 4874 1821 4918 erat
1863 4881 1961 4921 ve-

382 4956 568 5001 xatus.
591 4945 824 5001 Saturus
851 4960 1031 5003 autem
1060 4951 1195 5005 nihil
1225 4955 1400 5023 magis
1427 4970 1589 5023 quam
1616 4972 1808 5011 ursum
1836 4958 1964 5012 abo-

384 5040 716 5105 minabatur,
744 5040 839 5094 sed
870 5056 976 5094 uno
1009 5057 1193 5097 morsu
1230 5045 1475 5113 leopardi
1519 5047 1716 5101 conﬁci
1761 5063 1821 5102 se
1846 5048 1960 5116 jam

385 5132 771 5202 praesumebat.
808 5151 825 5183 ι
857 5130 1125 5201 Etpostea
1152 5134 1293 5189 idem
1318 5135 1551 5191 Saturus
1578 5138 1804 5192 militem
1827 5138 1962 5193 allo-

385 5224 606 5291 quitur:
664 5221 845 5276 «Ecce
890 5223 1094 5292 prodeo
1150 5225 1353 5290 illo,et
1387 5226 1456 5281 ad
1492 5243 1660 5281 unum
1710 5244 1959 5284 morsum

386 5312 628 5382 leopardi
653 5330 970 5369 consumar.
1000 5314 1068 5368 Et
1101 5317 1284 5370 statim
1313 5318 1366 5371 in
1396 5318 1503 5371 ﬁne
1530 5319 1822 5387 spectaculi
1852 5320 1963 5374 leo—

385 5407 557 5476 pardo
590 5405 785 5475 ejecto,
810 5405 879 5462 de
907 5422 1019 5462 uno
1052 5422 1241 5462 morsu
1266 5416 1417 5462 tanto
1434 5408 1695 5477 profusus
1727 5418 1813 5463 est
1842 5425 1963 5464 san-

387 5499 572 5569 guine,
600 5502 909 5572 utpopulus
936 5500 1228 5554 revertenti
1253 5501 1329 5554 illi
1356 5500 1582 5555 secundi
1615 5501 1962 5570 baptismatis

388 5587 763 5643 testimonium
781 5589 1182 5645 reclamaverit.
1205 5609 1224 5642 ι
1254 5588 1380 5645 Haec
1408 5605 1590 5645 autem
1618 5589 1809 5647 Passio
1826 5594 1963 5647 scri-

388 5688 482 5750 pta
511 5689 593 5734 est
622 5682 781 5737 annis
805 5683 906 5737 l00
935 5694 1061 5739 ante
1082 5684 1370 5756 imperium
1389 5683 1756 5741 Constantini.
1783 5686 1962 5745 Elius

392 5770 715 5843 Spartianus
737 5774 959 5846 quidem
980 5776 1083 5832 sub
1105 5776 1470 5836 Constantino
1498 5780 1739 5852 scripsit,
1763 5782 1855 5839 scd
1887 5784 1958 5839 ita

2066 4576 2217 4643 bant,
2269 4578 2356 4633 vel
2389 4579 2555 4636 rebus
2588 4584 2830 4653 acceptis
2886 4597 2985 4640 sua
3030 4587 3256 4642 nomina
3304 4589 3644 4645 indiderunt.

2071 4669 2403 4737 «Camelus,
2439 4673 2618 4745 inquit
2650 4674 2849 4743 Varro,
2902 4693 3005 4733 suo
3063 4681 3287 4736 nomine
3338 4683 3394 4736 in
3428 4682 3647 4739 Latium

2064 4763 2233 4830 venit,
2262 4774 2321 4819 ut
2342 4765 2670 4822 Alexandria
2700 4770 3155 4841 eamelopardalis
3181 4789 3357 4842 nuper
3386 4775 3646 4841 adducta,

2063 4854 2211 4924 quod
2242 4865 2361 4911 erat
2387 4855 2561 4928 ﬁgura
2588 4869 2647 4913 ut
2667 4862 2930 4926 camelus,
2950 4864 3181 4917 maculis
3212 4873 3272 4917 ut
3304 4867 3597 4933 panthera.
3624 4887 3642 4917 ι

2068 4945 2162 5002 Vel
2184 4948 2350 5018 igitur
2374 4950 2469 5019 qui
2498 4953 2737 5020 primum
2795 4964 3047 5010 naturam
3099 4956 3248 5011 illius
3310 4959 3549 5013 monstri
3584 4974 3643 5012 ex

2064 5040 2231 5094 leaena
2257 5051 2312 5096 et
2336 5042 2509 5110 pardo
2535 5044 2701 5113 geniti
2726 5047 2989 5101 Romanis
3011 5047 3377 5111 tradiderunt,
3409 5049 3517 5103 sub
3552 5066 3649 5102 no—

2065 5134 2211 5188 mine
2245 5133 2485 5204 leopardi
2534 5135 2669 5189 illud
2724 5137 3127 5204 describebant,
3188 5150 3249 5193 ut
3286 5141 3644 5195 Alexandrini

2062 5230 2561 5301 camelopardalin;
2595 5232 2677 5286 vel
2706 5247 2773 5287 ex
2803 5233 3167 5303 descriptione
3187 5231 3423 5288 Romani
3448 5248 3645 5288 nomen

2064 5320 2198 5374 illud
2263 5322 2599 5389 indiderunt,
2656 5332 2717 5377 ut
2762 5323 2934 5389 vesti,
2997 5338 3162 5393 quam
3219 5326 3645 5380 introduxerunt

2063 5418 2259 5486 Graeci,
2293 5435 2493 5475 nomen
2548 5420 2721 5488 pallii.
2770 5417 2879 5475 Res
2910 5427 3092 5474 autem
3123 5420 3263 5488 ipsa,
3291 5435 3389 5473 seu
3447 5430 3641 5474 natura

2064 5507 2212 5560 illius
2242 5507 2475 5562 monstri
2500 5508 2605 5562 sub
2637 5507 2743 5562 Titi
2778 5508 3010 5578 imperio
3032 5507 3297 5564 Romanis
3322 5509 3436 5563 fuit
3474 5510 3641 5580 probe

2064 5599 2303 5668 cognita.
2334 5598 2544 5654 Plinius
2568 5602 2714 5667 enim
2749 5616 2869 5654 eam
2904 5600 3166 5655 describit
3196 5599 3459 5655 Natural.
3510 5602 3636 5655 hist.

2064 5692 2161 5745 lib.
2188 5707 2306 5757 vni,
2344 5707 2465 5762 cap.
2515 5692 2603 5745 16.
2634 5671 2761 5747 Sive
2791 5693 2956 5761 igitur
3015 5691 3271 5758 Romani,
3311 5694 3431 5748 sive
3469 5692 3638 5748 Grani

2064 5786 2244 5855 primo
2275 5783 2405 5841 illud
2433 5800 2630 5841 nomen
2660 5786 3063 5859 excogitarunt,
3112 5786 3341 5844 dubium
3394 5801 3501 5843 non
3558 5796 3639 5840 est
