3770 6312
129 291 223 345 553
849 287 877 341 J
888 328 899 340 .
943 287 1307 344 PEARSONII
1342 289 1618 348 VINDICD

1880 289 2129 348 nam.
2173 326 2238 336 —
2276 294 2460 350 rans
2499 254 2567 351 tt.
3264 302 3369 361 εει

130 411 244 478 quin
284 419 406 463 ante
431 407 648 479 Trajani
678 417 919 478 tempora
944 410 1235 477 exstiterit,
1259 421 1320 466 ut
1343 428 1410 467 eo
1442 412 1500 467 S.
1535 413 1687 485 lgna—
1718 423 1759 477 Α
1790 414 2006 470 duritiae
2029 416 2109 469 vel
2127 431 2377 473 censurae
2403 434 2517 474 sua:
2550 417 2924 475 obstinatione
2967 433 3253 492 ruperunt,
3309 436 3371 482 ut

129 502 225 555 tius
257 505 308 555 in
344 501 497 572 Syria
547 511 795 556 versatus
822 541 838 566 ,
901 504 1046 558 unde
1105 502 1343 575 Vopisco
1394 524 1412 557 ι
1438 506 1681 576 leopardi
1786 506 1914 575 quia
1947 506 2089 575 apud
2114 507 2250 562 alios
2280 509 2542 564 adulteris
2572 526 2672 580 pax
2697 511 2950 572 dabatur,
2992 514 3085 582 qui
3119 530 3229 569 non
3270 518 3370 571 da-

128 605 326 650 centum
363 594 592 667 Syriaci,
627 615 645 647 ›
679 596 845 651 etiam
894 597 961 651 de
1023 599 1210 667 pardis
1273 600 1352 653 uti
1418 602 1680 671 potuerit.
1786 596 1879 650 bat
1904 597 1972 651 de
2021 596 2263 654 Ecclesia
2288 612 2655 669 separaretur.
2696 621 2714 654 ι
2757 602 2839 656 Ab
2875 604 3149 675 episcopis
3202 608 3369 678 igitur

126 688 293 757 Neque
318 689 483 742 etiam
516 704 705 743 verum
734 698 837 755 est,
883 691 1027 755 quod
1062 690 1370 747 Bochartus
1399 702 1574 762 putat,
1628 694 1682 750 id
1784 686 2060 745 Africanis
2084 706 2182 760 per
2204 692 2580 761 paenitentiam
2616 695 2820 765 recepti
2851 705 2979 751 sunt
3010 699 3211 753 moechi
3240 710 3368 754 ante

125 781 429 849 vocabulum
454 782 595 851 apud
624 780 874 837 Grtccum
898 784 1220 854 scriptorem
1245 800 1518 855 nusquam
1549 786 1680 841 alibi
1783 789 2001 836 aetatem
2038 784 2316 855 Cypriani,
2340 786 2587 855 adeoque
2613 797 2738 842 ante
2784 788 3138 846 Novatianos.
3198 789 3366 860 quue

124 882 337 928 exstare.
375 871 529 943 Apud
553 874 699 929 enim
730 872 790 929 S.
831 874 1192 931 Athanasium
1232 877 1288 932 in
1320 875 1444 933 Vita
1478 877 1535 933 S.
1570 879 1685 933 An-
1784 873 1853 927 ab
1885 872 2128 930 Ecclesia
2151 874 2357 931 factum
2382 890 2564 933 narrat
2589 878 2933 950 Cyprianus;
2966 882 3174 937 nullum
3199 883 3365 955 igitur

123 966 242 1021 tonii
269 966 381 1021 haec
408 966 561 1037 lego:
613 967 722 1021 Kal.
754 962 823 1038 ἦν
855 969 883 1021 ὁ
915 968 1080 1034 τόπος
1113 971 1274 1035 εὐθὺς
1306 970 1612 1043 πεπληρωμ

1872 982 1915 1021 ιο
1958 970 2224 1038 temporis
2256 969 2309 1023 in
2339 967 2582 1027 Ecclesia
2602 972 2859 1029 Africana
2883 974 3163 1035 decretum
3188 976 3361 1031 exsti-

125 1077 201 1123 νος
228 1061 521 1129 φαντασίας
552 1061 803 1129 λεόντων,
823 1064 1059 1137 ἄρκτων,
1080 1064 1463 1137 λεοπαρδάλων
1481 1069 1521 1129 ⁴,
1542 1083 1609 1119 τα

1874 1059 1942 1114 de
1971 1058 2238 1117 adulteris
2269 1062 2488 1132 penitus
2525 1078 2555 1119 a
2614 1066 2933 1135 paenitentia
2991 1071 3360 1128 removendis.

123 1171 216 1223 ρων
246 1152 333 1207 καὶ
366 1152 565 1223 ὄφεων,
599 1155 841 1208 ἀσπίδων
873 1155 967 1210 καὶ
1002 1156 1281 1229 σκορπίων
1331 1157 1424 1211 καὶ
1477 1156 1612 1210 λύκοι

1875 1167 1968 1222 lue
2001 1152 2207 1206 mirum
2234 1162 2318 1209 est
2346 1154 2563 1226 aliquos
2595 1163 2726 1213 tunc
2757 1159 3021 1229 temporis
3056 1160 3221 1216 etiam
3246 1164 3364 1233 epio

126 1267 141 1297 ι
161 1246 379 1317 Eratque
400 1249 542 1301 idem
562 1248 717 1303 locus
735 1249 917 1303 subito
934 1249 1165 1305 refertus
1186 1252 1416 1321 spectris
1433 1251 1677 1318 leonum,
1780 1259 1976 1315 scopos
2003 1246 2254 1301 mtecltos
2282 1248 2501 1317 penitus
2528 1249 2901 1305 excludendos
2931 1261 3177 1322 putasse,
3232 1270 3360 1309 cum

120 1354 371 1402 ursarum,
404 1338 828 1409 leopardorum,
877 1350 1163 1397 taurorum
1222 1352 1277 1396 et
1316 1342 1677 1412 serpentium,
1779 1336 2492 1394 sciamusMontanistarum
2509 1342 2789 1396 erroribus
2806 1343 3358 1413 plurimosinAfriea,

120 1431 344 1500 aspidum
388 1442 443 1486 et
474 1435 831 1502 scorpionum
876 1443 931 1489 et
962 1435 1237 1506 luporum.
1276 1455 1293 1487 ι
1332 1436 1477 1491 satis
1513 1436 1679 1508 igitur
1779 1429 1872 1498 qui
1896 1442 2075 1484 tamen
2109 1430 2165 1483 in
2200 1430 2441 1486 Ecclesia
2470 1441 2810 1502 perstarent,
2841 1435 3136 1504 implicitos
3165 1436 3357 1493 fuisse.

119 1534 255 1581 vetus
278 1535 357 1579 est
385 1540 495 1579 vox
531 1527 798 1595 leopardi.
829 1525 1049 1582 Interim
1097 1529 1143 1584 si
1194 1528 1467 1583 Bocharto
1495 1530 1676 1585 credi-
1781 1519 1896 1576 Stlb
1919 1520 2229 1592 Zephyrium
2254 1524 2565 1577 οοηοθάιιηι
2593 1524 2871 1579 decretum
2902 1525 3093 1590 fuisse.
3162 1536 3218 1581 ut
3264 1529 3361 1583 ad-

118 1630 265 1680 mus,
307 1614 507 1671 Dallteo
552 1611 884 1671 credendum
920 1633 1029 1673 non
1052 1627 1167 1685 est;
1197 1620 1243 1673 si
1271 1618 1473 1675 Dallaao
1515 1620 1675 1676 ﬁdem
1779 1616 2130 1670 mitterentur
2175 1614 2243 1668 ad
2278 1615 2654 1685 paenitentiam
2698 1616 2933 1683 moechi;
2989 1617 3120 1671 illud
3175 1627 3360 1675 autem

121 1705 411 1772 habeamus,
452 1708 730 1764 Bocharto
759 1710 1237 1778 renuntiabimus;
1267 1723 1374 1765 tant
1423 1712 1567 1766 male
1592 1712 1677 1767 in-
1778 1718 2041 1779 tanquam
2101 1723 2302 1762 novum
2344 1717 2398 1763 et
2433 1709 2763 1773 inauditum,
2797 1719 2850 1764 et
2892 1710 3061 1779 priori
3105 1709 3362 1768 Ecclesiae

118 1808 187 1852 ter
208 1800 319 1856 illos
346 1802 399 1854 in
433 1799 645 1871 lgnatio
667 1802 1030 1873 expugnando
1058 1804 1335 1859 convenit.
1373 1803 1486 1859 Nos
1525 1814 1675 1862 certe
1706 1785 1749 1840 Β
1779 1800 2063 1855 sententiae
2087 1799 2423 1855 contrarium
2449 1801 2829 1870 pronuntiant.
2887 1800 3180 1871 Perperam
3234 1819 3358 1857 om-

119 1891 162 1945 iu
184 1893 275 1947 hac
312 1909 367 1949 re
404 1894 539 1948 dum
570 1906 767 1949 neuter
804 1894 964 1951 alteri
1016 1897 1233 1964 credit,
1281 1897 1409 1967 jure
1464 1899 1674 1969 optimo
1775 1893 1927 1948 niuo.
1966 1892 2338 1947 Tertullianus
2390 1893 2505 1963 ipse
2535 1894 2788 1965 agnoscit
2833 1895 3158 1950 sententiam
3209 1897 3357 1952 illam

119 1985 274 2039 neutri
302 1986 636 2042 credendum
685 1996 966 2057 putamus.
1772 1984 2049 2055 pontificis
2076 1984 2309 2041 Romani
2349 1988 2512 2057 paulo
2543 1997 2836 2058 antequam
2868 1988 3069 2044 librum
3102 1990 3177 2043 De
3202 1991 3360 2059 pudi-

173 2075 367 2141 Tertio,
397 2076 455 2132 S.
482 2077 727 2149 Ignatius
758 2079 811 2133 in
834 2078 1064 2149 epistola
1091 2079 1159 2135 ad
1188 2078 1672 2151 Philadelphenses
1774 2078 1926 2145 cilia.
1957 2078 2071 2149 iam
2096 2088 2253 2134 extra
2276 2077 2581 2135 Ecclesiam
2610 2081 2842 2149 positus,
2892 2080 3176 2145 scriberet.
3203 2081 3358 2136 evul—

116 2185 195 2224 eos
220 2170 282 2224 ad
323 2171 596 2226 unitatem
628 2171 1063 2227 ecclesiasticam
1116 2182 1376 2241 tanquam
1411 2190 1518 2229 non
1566 2174 1673 2230 sibi
1774 2180 1953 2241 satam
1982 2169 2172 2227 fuisse.
2232 2190 2251 2224 ι
2274 2170 2471 2237 Audio,
2500 2172 2698 2242 inquit,
2732 2173 2895 2226 etiam
2945 2172 3186 2227 edictum
3234 2188 3359 2229 esse

117 2275 301 2320 tantum
330 2267 423 2322 sed
446 2275 503 2321 et
527 2266 650 2321 aliis
668 2266 859 2321 utilem
884 2276 1050 2336 atque
1071 2267 1367 2322 salutarem
1397 2268 1665 2325 hortatur.
1773 2263 2140 2333 propositum,
2195 2274 2249 2318 et
2297 2264 2516 2335 quidem
2549 2262 2977 2333 peremptorium
3011 2304 3027 2330 ,
3082 2263 3353 2333 pontifex,

124 2357 417 2428 «Quotquot
447 2359 596 2414 enim
622 2358 736 2425 Dei,
771 2358 971 2429 inquit,
997 2369 1125 2415 sunt
1173 2370 1227 2414 et
1261 2358 1391 2416 Jesu
1441 2361 1669 2429 Christi,
1775 2356 2008 2422 scilicet,
2036 2358 2332 2419 maximus,
2362 2355 2507 2425 quod
2527 2366 2611 2410 est
2633 2355 2927 2424 episcopus
2947 2356 3357 2426 episcoporum.

121 2451 193 2506 isti
220 2468 332 2506 cum
362 2453 626 2522 episcopo
658 2461 813 2516 sunt;
839 2461 893 2507 et
934 2461 1210 2523 quotquot
1255 2454 1447 2523 utique
1491 2457 1671 2525 poeni-
1773 2453 1973 2507 edicit:
2002 2451 2115 2522 Ego
2143 2461 2198 2507 et
2219 2451 2471 2506 moechis:
2490 2460 2544 2506 et
2564 2449 2948 2505 fornicationis
2964 2450 3157 2505 delicta
3183 2449 3361 2515 poeni-

115 2553 263 2599 tentes
293 2545 525 2600 veniunt
554 2546 607 2599 in
665 2546 931 2600 unitatem
986 2543 1282 2611 Ecclesiae,
1334 2554 1389 2601 et
1429 2546 1516 2601 isti
1575 2547 1669 2603 Dei
1774 2547 1941 2603 tentia
1967 2546 2169 2602 functis
2197 2546 2434 2602 dimitto.
2470 2564 2489 2597 ι
2524 2544 2629 2599 Sed
2663 2544 2914 2598 eamdem
2959 2544 3124 2598 etiam
3174 2542 3361 2599 Eccle-

114 2646 267 2692 erunt.
294 2658 311 2690 ι
346 2639 423 2693 Ac
444 2655 647 2694 rursus
677 2648 802 2709 post
828 2654 1040 2708 pauca:
1081 2659 1099 2690 ι
1144 2637 1245 2693 Ubi
1272 2639 1472 2695 divisio
1498 2648 1581 2695 est
1618 2648 1673 2695 et
1773 2638 1870 2695 site
1897 2639 2181 2693 catholica:
2203 2637 2531 2693 sententiam
2566 2635 2768 2698 fuisse,
2815 2644 3108 2704 antequam
3141 2632 3360 2705 Zephy-

114 2729 199 2793 ira,
229 2730 361 2787 Deus
386 2748 498 2787 non
531 2731 761 2786 habitat.
782 2728 1051 2785 Omnibus
1080 2731 1247 2799 igitur
1275 2733 1670 2801 paenitentibus
1772 2732 1876 2785 rini
1934 2729 2213 2784 decretum
2264 2728 2487 2799 prodiit,
2555 2727 2727 2781 libere
2760 2726 2961 2780 fatetur
3005 2727 3091 2780 his
3138 2726 3356 2779 verbis:

114 2823 309 2878 dimittit
336 2824 507 2887 Deus,
527 2823 571 2878 si
608 2823 915 2894 pteniteant
947 2822 1001 2875 in
1035 2823 1301 2878 unitatem
1337 2822 1430 2878 Dei
1461 2834 1515 2879 et
1538 2840 1671 2879 con-
1779 2838 1798 2872 t
1832 2819 1949 2875 Erit
1981 2820 2149 2891 igitur
2178 2828 2232 2873 et
2261 2819 2348 2873 hic
2372 2818 2638 2872 adversus
2666 2814 2964 2887 Psychicos
2990 2813 3203 2875 titulus,
3256 2810 3361 2867 ad-

116 2918 274 2971 cilium
307 2916 575 2987 episcopi.
604 2935 623 2968 ι
660 2915 803 2983 Quid
831 2916 916 2971 his
939 2916 1147 2980 verius,
1184 2916 1318 2986 quid
1344 2916 1669 2985 salutarius,
1771 2929 1967 2968 versus
2001 2927 2136 2966 mea:
2160 2926 2382 2982 quoque
2414 2904 2701 2966 sententia:
2746 2917 2894 2963 retro
2909 2921 3074 2976 penes
3115 2906 3238 2960 illos
3270 2918 3363 2959 so-

115 3010 220 3080 quid
250 3010 568 3080 antiquius?
596 3009 700 3064 Sed
740 3028 759 3060 ι
789 3009 894 3065 hoc
918 3008 987 3062 de
1036 3008 1403 3077 suscipiendis
1450 3010 1515 3064 ad
1551 3025 1669 3079 ρω-
1772 3004 2050 3069 cietatem,
2074 3016 2186 3072 quo
2212 3000 2385 3071 magis
2426 3000 2531 3054 hoc
2563 2998 2697 3052 mihi
2750 2997 2803 3051 in
2868 3004 3056 3050 notam
3121 2993 3361 3049 levitatis

119 3105 367 3158 nitentiam
397 3103 571 3172 lapsis
606 3103 886 3157 decretum
926 3099 1288 3156 Montanistas
1332 3101 1670 3158 et‘Novatia-
1694 3130 1740 3193 ο
1772 3096 2067 3165 objeclelll-
2106 3114 2123 3147 ι
2157 3092 2433 3165 Psychici.
2467 3092 2572 3147 hoc
2597 3101 2682 3146 εει
2715 3087 2989 3153 σθῑιιοιίεί,
3021 3094 3076 3141 οι
3116 3102 3240 3141 cum
3269 3101 3363 3140 ca-

118 3210 199 3250 nns
223 3205 394 3266 aperte
419 3194 624 3266 pulsat,
648 3194 740 3247 diu
766 3201 890 3263 post
916 3191 1185 3262 lgnatium
1220 3202 1463 3248 exortos.
1497 3213 1515 3245 ι
1580 3194 1664 3248 An
1698 3177 1740 3193 ”’
1773 3187 1993 3242 tholicis
2020 3186 2396 3241 Tertullianus
2431 3184 2569 3254 ipse,
2596 3191 2723 3238 ante
2748 3180 3029 3236 decretum
3065 3177 3361 3249 Zephyriui

117 3289 200 3342 hoc
244 3289 397 3343 scribi
462 3302 575 3342 non
620 3287 795 3356 potuit
818 3294 945 3340 ante
982 3283 1336 3349 Novatianos,
1366 3294 1462 3340 aut
1500 3286 1664 3342 etiam
1771 3281 1914 3335 idem
1948 3279 2274 3335 docuerunt.
2309 3276 2457 3331 Nihil
2496 3276 2663 3346 igitur
2694 3274 2783 3328 hic
2832 3287 3035 3327 novum
3073 3279 3168 3326 aut
3199 3269 3363 3324 inau-

116 3377 481 3435 Montanistas?
502 3379 586 3433 An
623 3394 785 3433 nemo
810 3378 943 3433 illud
976 3378 1122 3447 quod
1149 3392 1339 3432 verum
1377 3389 1463 3433 est
1492 3394 1668 3434 enun—
1771 3371 1945 3427 ditum
1976 3371 2030 3425 in
2071 3369 2376 3425 Ecclesiam
2415 3369 2690 3422 invectum
2717 3372 2824 3429 est,
2856 3371 3084 3433 utputat
3108 3362 3364 3432 Albaspi-

118 3474 443 3545 tiarepotest,
478 3481 777 3542 antequam
832 3472 902 3526 ab
950 3471 1057 3525 alio
1106 3470 1373 3540 negetur?
1413 3469 1666 3526 Hmretici
1768 3478 1930 3519 neus.
1961 3461 2063 3517 Diu
2092 3460 2630 3545 antelcphyrinum
2692 3456 2988 3527 Dionysius
3041 3455 3362 3509 Corinthio-

118 3574 191 3618 aut
224 3564 550 3620 schismatici
579 3579 795 3634 semper
844 3564 950 3618 hac
976 3562 1190 3617 ratione
1236 3562 1470 3618 convicti
1513 3571 1663 3630 sunt,
1770 3570 1892 3609 rum
1932 3542 2251 3623 episcopus;
2274 3549 2455 3606 Soteri
2487 3548 2739 3605 Romano
2770 3548 3141 3619 synchronus,
3165 3560 3360 3600 omnis

118 3658 235 3723 quod
262 3677 375 3715 eam
399 3661 690 3715 veritatem
723 3667 1008 3728 negarent,
1041 3673 1164 3727 qua:
1196 3666 1356 3711 antea
1391 3656 1445 3709 in
1479 3654 1669 3710 Eccle-
1768 3663 1868 3721 per
1905 3645 2308 3718 paenitentiam,
2346 3659 2413 3698 ne
2464 3641 2699 3697 moechis
2745 3639 2967 3710 quidem
3010 3646 3106 3692 aut
3157 3638 3358 3707 quovis

119 3750 181 3803 sia
207 3754 617 3821 praedicabatur.
656 3748 781 3805 Haec
831 3765 940 3804 non
972 3750 1156 3806 minus
1192 3749 1508 3804 Dnnatistas
1546 3748 1668 3819 pul-
1768 3739 1880 3793 alio
1906 3737 2235 3808 gravissimo
2271 3734 2505 3791 crimine
2561 3733 2807 3788 oneratis
2854 3729 3127 3801 exceptis,
3183 3732 3361 3784 susei-

118 3856 218 3899 saul
264 3864 422 3917 quam
486 3844 887 3909 Montanistas;
924 3858 987 3896 ea
1018 3851 1200 3896 autem
1252 3842 1456 3912 scripta
1494 3841 1668 3897 fuisse
1769 3832 1999 3903 piendos
2019 3845 2143 3886 esse
2163 3829 2370 3884 docuit.
2399 3826 2537 3881 Nam
2566 3827 2619 3880 in
2656 3824 2893 3896 epistola
2939 3824 3008 3878 ad
3057 3822 3359 3878 Amastria-

120 3914 379 3996 adversarii
410 3940 656 3995 fatentur
686 3946 812 3993 ante
855 3937 1147 4002 Donatum,
1194 3934 1387 4005 quidni
1440 3942 1495 3988 et
1541 3950 1609 3987 an

1867 3956 1890 3989 μ,
1924 3930 2061 3977 teste
2083 3920 2285 3976 Euseb.
2313 3921 2408 3975 lib.
2456 3936 2543 3984 tv,
2582 3934 2708 3990 cap.
2742 3917 2833 3971 25:
2880 3915 3059 3971 Πολλὰ
3092 3914 3221 3986 περὶ
3254 3914 3356 3983 γά-

119 4032 437 4089 Montanum?
497 4032 581 4087 Ad
627 4030 955 4086 firmandum
1003 4036 1385 4099 argumentum
1442 4026 1608 4081 addut

1869 4037 1874 4063 ι
1909 4016 2004 4070 καὶ
2036 4014 2259 4084 ἁγνείας
2291 4017 2403 4079 τοῖς
2437 4014 2622 4076 αὐτοῖς
2656 4013 2949 4084 παραινεῖ·
3008 4009 3101 4063 καὶ
3136 4008 3262 4073 τοὺς
3297 4006 3358 4073 ἐξ

120 4128 462 4183 auctoritatem
496 4122 837 4195 Alhaspinei,
883 4122 974 4192 qui
1010 4121 1080 4177 ob
1137 4120 1384 4189 eamdem
1443 4134 1608 4174 causa

1867 4126 1884 4174 ;
1924 4110 1968 4162 δ’
2002 4105 2095 4163 οὖν
2138 4108 2510 4199 ἁποςπτώσεφς
2552 4107 2585 4178 ἢ
2631 4103 3045 4177 πλημμελείας,
3093 4102 3203 4156 εἴτε
3249 4100 3356 4173 μὴν

122 4237 348 4276 canonem
378 4219 675 4291 quemdam
729 4213 1128 4272 Clementinum
1165 4221 1326 4282 negat
1359 4227 1482 4267 esse
1533 4226 1611 4280 apt

1867 4200 2049 4271 ετικῆς
2102 4200 2312 4271 πλάνης
2359 4194 2787 4269 ὲπίστρέφοντας
2829 4194 3135 4263 δεξιοῦσθαι
3185 4210 3356 4266 προσ-

121 4316 357 4380 stolicum,
389 4326 443 4370 et
472 4323 602 4369 ante
630 4310 963 4382 Cyprianum
1014 4308 1218 4365 sanciri
1252 4307 1516 4377 potuisse.
1556 4304 1610 4360 St

1867 4311 1972 4348 Tal.
2029 4312 2047 4345 t
2074 4292 2242 4347 Multa
2289 4307 2509 4362 quoque
2552 4292 2620 4345 tle
2668 4288 2875 4359 nuptiis
2913 4298 2967 4342 et
3003 4288 3069 4342 de
3107 4287 3356 4342 castitate

119 4406 322 4478 loquitur
348 4378 803 4478 Albaspineusde
826 4401 1233 4475 ptenitentium,
1273 4405 1376 4456 hoc
1407 4409 1490 4455 est
1541 4398 1608 4469 ip:

1880 4384 2155 4454 praecipit;
2180 4392 2235 4438 et
2263 4392 2491 4439 cunctos
2523 4380 2618 4451 qui
2653 4395 2685 4437 ι
2706 4380 2905 4451 quovis
2934 4379 3088 4448 lapsu
3122 4378 3236 4433 sive
3257 4378 3356 4431 de-

120 4502 391 4573 interprete,
417 4502 817 4567 adulterorum,
866 4498 1195 4554 sicariorum
1252 4503 1307 4551 et
1341 4493 1663 4549 itlololatra-
1695 4487 1740 4544 D
1766 4476 1918 4543 ιίοῑον
1949 4475 2066 4530 Sive
2107 4475 2273 4530 etiam
2327 4474 2398 4529 ab
2442 4474 2699 4573 ιιωνξιίοο
2754 4485 2957 4573 errore.
2983 4477 3352 4531 revertuntur.

119 4609 214 4650 rum
243 4597 570 4667 receptione,
621 4594 687 4648 de
719 4607 827 4663 qua
852 4607 911 4646 re
954 4590 1009 4644 in
1062 4588 1230 4643 veteri
1284 4586 1525 4642 Ecclesia
1567 4586 1608 4639 di

1862 4568 2000 4638 ligne
2041 4567 2249 4637 suscipi
2288 4566 2465 4637 jubet.
2505 4582 2524 4616 ι
2555 4562 2636 4617 Εη
2667 4571 2825 4617 vetus
2852 4561 3207 4634 πρόσταγμα,
3255 4575 3351 4615 seu

120 4650 417 4755 disputatuin
450 4695 556 4742 est.
594 4650 799 4739 Auctor
825 4696 957 4737 vero
987 4678 1345 4750 epistolarum
1379 4677 1447 4731 de
1492 4677 1609 4729 haen

1864 4658 2087 4714 udatum
2117 4654 2449 4726 episcopale,
2491 4654 2559 4708 de
2604 4651 2936 4722 recipiendis
2992 4650 3182 4721 lapsis,
3217 4666 3353 4704 mte-

120 4744 217 4833 ticis
242 4786 291 4833 et
311 4777 682 4835 schismaticis
730 4774 978 4845 loquitur
1000 4744 1067 4826 ad
1095 4770 1361 4825 unitatem
1403 4767 1609 4822 Ecclesi

1859 4767 1907 4818 s,
1945 4750 2217 4805 haereticis
2241 4748 2475 4816 aliisque
2514 4761 2610 4815 per
2640 4744 3014 4815 paenitentiam
3043 4744 3348 4799 conversis.

120 4876 161 4919 et
187 4871 457 4925 concilium
490 4867 736 4939 episcopi
769 4837 1145 4926 redeuntibus,
1168 4862 1370 4932 quibus
1392 4860 1609 4929 ptenitet

1860 4858 1953 4913 jue
1986 4856 2119 4896 vero
2158 4840 2350 4894 dubito
2407 4839 2540 4909 quin
2583 4837 2749 4908 hujus
2795 4837 3014 4908 generis
3064 4846 3349 4908 peccatum

122 4960 235 5016 tibus
266 4963 499 5033 receptio
528 4927 725 5031 negata
765 4972 1047 5027 nunquam
1103 4927 1226 5022 fuit,
1260 4962 1320 5008 ut
1378 4927 1431 5007 in
1490 4953 1662 5022 priori
1764 4933 2092 5033 Weiiluilhm
2124 4931 2485 5033 νθιθηιίξς-ἀεξ
2513 4945 2624 5000 (1υο
2658 4928 2718 5033 δῖ
2756 4927 3096 5000 Ρο¹Υ⁰³ΓΡυ⁸
3118 4930 3350 5033 epist?“

120 5062 242 5117 parte
261 5018 537 5109 ostensum
566 5018 668 5106 est.
696 5047 806 5104 Sed
839 5018 938 5103 nec
970 5047 1103 5101 illud
1143 5018 1332 5101 verum
1360 5053 1463 5109 est,
1493 5018 1661 5113 quod
1763 5029 1830 5084 ad
1853 5026 2262 5098 Philippense“
2296 5043 2313 5076 ‘
2341 5022 2516 5077 Nimis
2543 5025 2905 5117 εοηίτίὲἒῖηυε
2948 5038 3070 5117 ξυηι
3109 5038 3175 5117 PT_
3176 5037 3209 5075 0
3248 5018 3353 5072 νει-

120 5111 439 5214 Albaspineus
490 5143 767 5198 observat.
832 5140 972 5194 Ante
1019 5146 1231 5193 aetatem
1294 5134 1351 5190 S.
1403 5111 1662 5207 Cypriani
1761 5123 1931 5189 Ῑθηιθο
1962 5120 2056 5192 ‘1“i
2080 5118 2366 5214 Ρτθεδϊξθτ
2376 5116 2570 5214 imus
2605 5124 2688 5214 es}
2711 5114 3010 5214 εξιίίιυθιιάο
3034 5111 3349 5214 θρυίὲ.νθθν

121 5203 475 5291 etiam-mecm
527 5233 595 5288 ad
644 5230 1021 5303 ptenitentiam
1083 5203 1530 5281 admittebantur.
1583 5226 1661 5280 Ita
1763 5216 1909 5287 quod
1954 5216 2035 5271 sic
2055 5213 2269 5285 ignoret
2296 5211 2345 5266 is
2376 5210 2559 5265 locum
2584 5209 2679 5279 qui
2707 5209 2869 5263 datus
2900 5216 2984 5261 est
3032 5206 3104 5259 ei.
3154 5203 3350 5260 Moneo

124 5317 214 5389 ipse
247 5330 463 5379 testatur
485 5298 718 5391 epistola
741 5320 842 5375 52:
882 5338 899 5371 ι
925 5317 991 5372 Et
1041 5317 1265 5388 quidam
1316 5316 1460 5386 apud
1508 5325 1662 5369 ante.
1763 5310 1947 5377 itaque
1982 5322 2078 5361 vos
2108 5314 2170 5360 ut
2189 5303 2514 5359 abstineatis
2541 5301 2610 5356 ab
2637 5301 2785 5357 omni
2831 5299 3062 5354 avaritia
3100 5298 3353 5368 (πλεονε-

123 5427 329 5470 cessores
356 5424 575 5471 nostros
604 5413 827 5484 quidem
850 5412 919 5465 de
950 5410 1225 5479 episcopis
1269 5408 1325 5462 in
1378 5406 1659 5477 provincia
1763 5399 1904 5467 ξίας,
1935 5406 1995 5452 ut
2044 5406 2192 5454 recte
2232 5393 2646 5461 Hammondus)
2694 5400 2749 5447 et
2786 5391 2908 5446 sitis
2939 5391 3079 5445 casti
3110 5398 3164 5444 et
3190 5406 3349 5445 vera-

122 5514 274 5561 nostra
295 5506 527 5563 dandam
554 5520 741 5577 pacem
765 5503 999 5559 moechis
1020 5516 1129 5555 non
1146 5507 1499 5570 putaverunt,
1524 5499 1659 5554 etin
1762 5509 1875 5551 ces.
1920 5512 1940 5545 ι
1974 5492 2049 5548 De
2104 5494 2210 5548 hoc
2254 5501 2436 5546 autem
2464 5488 2788 5554 Valenteita
2818 5495 3009 5557 postea
3057 5486 3304 5556 loquitur
3329 5500 3346 5542 :

126 5604 264 5654 totum
284 5603 611 5672 paenitentiae
652 5600 835 5655 locum
890 5605 1084 5652 contra
1118 5589 1389 5649 adulteria
1446 5594 1661 5646 clause-
1769 5604 1788 5638 ι
1818 5584 1987 5641 Valde
2024 5599 2177 5655 ergo,
2203 5583 2422 5647 fratres,
2450 5582 2751 5636 contristor
2777 5595 2875 5649 pro
2910 5579 3002 5633 illo
3032 5587 3087 5633 et
3114 5577 3349 5649 conjuge

126 5701 251 5759 runt;
272 5666 370 5748 non
406 5704 588 5749 tamen
614 5709 644 5747 a
676 5690 1131 5761 coepiscoporutn
1164 5699 1392 5740 suorum
1427 5681 1660 5751 collegio
1762 5679 1883 5748 ejus
1910 5696 1923 5733 :
1946 5676 2149 5746 quibus
2174 5675 2266 5730 det
2314 5674 2458 5729 Deus
2490 5670 2866 5742 paenitentiam
2890 5684 3099 5724 veram.
3163 5666 3347 5722 Subrii

128 5795 458 5856 recesserunt,
507 5795 600 5842 aut
641 5759 925 5841 catholica:
962 5776 1219 5836 Ecclesia:
1259 5775 1547 5848 unitatem
1577 5774 1658 5828 vel
1762 5786 1891 5841 ergo
1942 5777 2114 5826 estote
2170 5778 2224 5824 et
2259 5782 2357 5823 vos
2408 5766 2463 5823 in
2493 5765 2631 5834 hoc;
2663 5772 2718 5820 et
2765 5779 2877 5822 non
2913 5762 3056 5820 sicut
3091 5759 3348 5817 inimicos
