3770 6294
390 256 497 316 355

1399 249 1456 303 S.
1496 243 1844 304 lGNATlL'S.
1887 272 1954 283 —-
1982 235 2514 297 PROLEGOMENA.

3556 228 3652 282 336

392 382 529 436 tales
561 376 888 434 existimetis
909 415 925 439 ,
980 373 1076 430 sed
1111 372 1256 427 sicut
1301 370 1582 441 passibilia
1625 368 1871 423 membra
1919 375 1972 422 et
2000 372 2047 430 Α
2077 364 2195 417 tiat.
2226 360 2345 427 Qua
2381 359 2612 422 ratione,
2643 353 2826 411 nullus
2848 351 3026 408 video.
3061 351 3148 406 An
3194 350 3323 421 quia
3369 347 3576 405 Menas:
3607 361 3654 403 et

393 474 635 529 errantia
663 487 760 526 eos
788 476 1060 532 revocate,
1094 474 1154 520 ut
1197 464 1442 520 omnium
1495 470 1739 518 vestrum
1769 475 1970 530 corpus

395 564 641 618 salvetis.
689 562 802 617 Hoc
835 559 980 614 enim
1015 565 1257 627 agentes.
1283 570 1382 609 vos
1413 555 1564 624 ipsos
1617 552 1915 608 aedificatis.
1948 569 1967 604 ι

397 653 570 709 Etiam
600 654 820 722 juvenis
851 653 942 706 ille
972 652 1113 720 apud
1138 650 1471 703 Clementem
1516 646 1972 710 Alexandrinum,

397 749 452 804 in
480 748 703 802 homilia
765 745 836 799 De
884 745 1064 808 divite,
1100 744 1201 797 sub
1233 741 1484 812 Origcnis
1538 740 1760 795 nomine
1807 737 1974 804 edita,

397 841 490 909 qui
518 840 776 903 sicarius,
811 838 924 892 imo
975 837 1259 908 μιαιφόνος
1298 834 1497 901 fuerat,
1553 835 1840 889 restitutus
1893 841 1977 886 est

396 931 654 986 Ecclesiae
713 946 810 1000 per
843 930 1221 1000 paenitentiam
1277 929 1347 983 ab
1388 928 1507 998 ipso
1540 925 1600 982 S.
1643 925 1875 981 Joanne.
1908 923 1976 979 Et

393 1023 690 1092 Apostolus
724 1024 840 1092 ipse
869 1023 1028 1077 nobis
1060 1022 1386 1077 describitur
1411 1021 1570 1090 quasi
1623 1019 1798 1083 διδοὺς
1835 1020 1976 1090 μέγα

394 1115 744 1187 παράδειγμα
791 1114 1080 1186 μετανοίας
1137 1112 1432 1185 ἀληθινῆς,
1477 1131 1496 1162 σ
1527 1112 1665 1167 dans
1715 1127 1974 1182 magnum

395 1210 627 1264 sincerae
661 1208 995 1278 poenitentia:
1014 1207 1346 1276 exemplum,
1382 1226 1400 1254 ι
1447 1217 1505 1260 ιιι
1545 1205 1776 1276 legimus
1831 1206 1977 1277 apud

395 1302 691 1357 Eusebium
728 1302 821 1355 lib.
849 1317 937 1364 tu,
963 1316 1082 1370 cap.
1101 1301 1190 1356 25.
1214 1301 1370 1368 Quod
1395 1300 1702 1368 exemplum
1726 1298 1978 1354 Clemens

397 1394 576 1451 fusius
605 1405 868 1460 tractans,
890 1404 939 1450 et
973 1395 1189 1450 tandem
1212 1409 1478 1465 perorans
1509 1393 1617 1448 ait:
1667 1393 1724 1446 Ὀ
1747 1392 1856 1465 γὰρ
1889 1395 1977 1446 ὲν-

397 1487 572 1542 ταῦθα
613 1487 703 1540 τὸν
736 1487 966 1556 ἄγγελον
1014 1488 1109 1559 τῆς
1186 1487 1475 1558 μετανοίας
1524 1487 1880 1558 προϊέμενος,
1914 1485 1975 1539 οὐ

399 1579 724 1650 μετανοήσει
757 1579 879 1631 τότε
914 1579 1078 1649 ἡνίκα
1112 1578 1179 1633 ἂν
1225 1577 1499 1648 καταλιπῇ
1535 1576 1594 1630 τὸ
1629 1577 1821 1648 σῶμα,
1857 1575 1978 1630 οὐδὲ

397 1669 925 1741 καταισχυνθήσεται
973 1668 1062 1722 τὸν
1096 1670 1325 1741 Σωτῆρα
1368 1669 1660 1741 προσιόντα
1708 1669 1844 1740 μετὰ
1877 1669 1977 1740 τῆς

2076 454 2470 524 Mctapbrastes
2486 448 2806 506 Onesimum
2829 447 3123 517 quemdam
3149 455 3446 515 martyrem
3467 443 3656 496 descri-

2077 553 2234 617 bunt,
2263 566 2374 605 non
2406 560 2585 606 tamen
2614 550 2804 605 dicunt
2832 562 2955 602 eum
2994 543 3163 599 fuisse
3205 539 3408 610 Ephesi
3445 536 3653 620 episco-

2076 660 2206 715 pum
2235 659 2341 700 zan
2372 642 2500 712 quia
2546 639 3014 696 Constitutionum
3048 632 3472 690 consarcinator
3505 626 3655 682 refert

2078 737 2398 792 Onesimum
2436 735 2636 790 Bcraea:
2673 734 2991 803 episcopum
3044 726 3213 782 fuisse
3245 741 3259 777 :
3295 740 3366 778 an
3395 722 3531 791 quia
3561 718 3654 773 Do-

2077 831 2304 884 rotheus
2348 837 2403 883 et
2458 827 2784 899 Hippolytus
2843 823 3066 878 tradunt
3119 818 3317 874 Gaium
3371 813 3657 868 Timotheo

2078 920 2277 991 Ephesi
2311 920 2683 983 successisse;
2718 933 2784 971 an
2823 915 2951 986 quia
2971 912 3313 982 Nicephorus
3335 907 3504 962 ducet
3528 905 3658 959 One-

2077 1017 2276 1072 simum
2315 1014 2418 1070 sub
2453 1011 2762 1068 Domitiano
2797 1009 3034 1074 obiisse;
3088 1005 3210 1059 ideo
3253 1002 3444 1056 nullus
3473 999 3654 1053 Onesi-

2080 1125 2203 1164 mus
2255 1107 2474 1178 Epheso
2525 1119 2758 1176 prteessc
2803 1101 2978 1173 potuit
3028 1100 3131 1156 sub
3173 1096 3475 1152 undecimo
3525 1107 3654 1146 anno

2079 1201 2338 1273 Trajani?
2368 1201 2450 1256 An
2479 1201 2675 1256 horum
2705 1199 3002 1269 quispiam,
3031 1202 3124 1248 aut
3151 1193 3206 1246 hi
3236 1204 3436 1244 omnes
3465 1185 3656 1256 aliquid

2077 1295 2299 1351 tradunt
2327 1293 2470 1364 quod
2505 1291 2557 1347 id
2583 1290 2841 1346 evincat?
2875 1287 3076 1342 Demus
3105 1284 3431 1340 Onesimum
3466 1289 3655 1349 marty-

2080 1405 2194 1444 rem
2220 1389 2420 1458 Ephesi
2460 1403 2570 1442 non
2600 1385 2789 1450 fuisse,
2828 1382 2923 1438 sed
2970 1381 3198 1442 Bermaa;
3232 1378 3434 1432 demus
3473 1373 3654 1428 Gaium

2078 1481 2414 1540 successisse
2489 1471 2827 1541 Timotheo;
2891 1471 3257 1528 concedamus
3343 1464 3656 1520 Onesimum

2079 1576 2270 1642 istum,
2316 1589 2479 1645 quem
2544 1589 2644 1628 nec
2673 1571 2788 1636 illi;
2824 1584 2926 1625 nec
2973 1565 3317 1636 Nicephorus
3347 1563 3658 1633 episcopum

2081 1669 2282 1741 Ephesi
2311 1668 2578 1735 nominat,
2609 1669 2711 1722 sub
2739 1665 3049 1721 Domitiano
3073 1663 3316 1718 obiisse:
3347 1675 3418 1714 an
3440 1659 3530 1714 his
3554 1674 3656 1712 omr

398 1759 566 1812 αὐτοῦ
601 1759 758 1830 δόξης
792 1761 886 1812 καὶ
935 1760 1223 1832 στρατείας
1261 1760 1415 1825 ἰδὼν,
1464 1759 1525 1813 οὐ
1567 1760 1703 1814 δέδιε
1751 1760 1810 1814 τὸ
1842 1759 1972 1832 πῦρ.

2102 1764 2242 1818 tibus
2275 1761 2578 1822 concessis,
2611 1775 2800 1814 verum
2828 1773 2952 1813 esse
2985 1773 3093 1811 non
3135 1763 3315 1826 potest
3347 1753 3662 1809 Onesimum

405 1869 426 1902 ι
452 1849 587 1905 Nam
615 1852 706 1922 qui
741 1853 903 1907 modo
930 1853 1161 1923 suscipit
1183 1853 1435 1923 angelum
1466 1852 1821 1921 paenitentiae,
1851 1868 1975 1906 eum

397 1954 530 1998 tunc
551 1961 658 1998 non
684 1946 971 2014 paendtebit
989 1963 1112 2000 cum
1130 1946 1195 2000 de
1218 1961 1450 2016 corpore
1471 1945 1704 2010 decedit,
1732 1960 1833 1999 nec
1858 1942 1979 1998 Sal-

397 2045 644 2091 vatorem
665 2038 854 2091 videns
879 2037 1261 2092 advenientem
1286 2052 1410 2092 cum
1440 2036 1611 2104 gloria
1641 2051 1739 2091 sua
1758 2044 1810 2090 et
1823 2051 1979 2090 exer-

397 2129 506 2182 citu
533 2122 668 2183 feret
696 2128 1265 2199 ignominiam,neque
1288 2128 1467 2200 ignem
1498 2127 1760 2182 timebit.»
1791 2124 1894 2180 Ubi
1913 2127 1979 2182 ad

398 2217 614 2274 Hermae
637 2219 911 2274 Pastorem
941 2229 1127 2290 aperte
1155 2222 1370 2288 alludit,
1402 2232 1456 2277 et
1480 2221 1719 2276 ostendit
1744 2219 1883 2274 nihil
1924 2220 1977 2274 in

398 2308 641 2366 Ecclesia
669 2320 802 2367 tunc
823 2314 1090 2382 temporis
1113 2313 1395 2367 definitum
1422 2312 1594 2368 fuisse
1618 2312 1685 2366 de
1709 2311 1979 2382 majorum

399 2403 694 2459 criminum
720 2405 829 2460 reis
861 2419 892 2458 a
919 2404 1188 2460 beneticio
1217 2404 1557 2474 poenitentiae
1595 2403 1984 2460 ecclesiasticae

399 2497 621 2566 penitus
646 2496 1025 2554 excludendis.
1057 2497 1218 2554 Certe
1241 2495 1407 2553 verba
1437 2495 1653 2567 Ignatii,
1681 2496 1728 2552 si
1755 2511 1984 2568 genera-

400 2589 525 2645 liter
555 2590 955 2659 acciperentur,
985 2589 1121 2646 satis
1152 2590 1298 2645 tetati
1321 2590 1580 2662 martyris
1604 2591 1981 2658 convenirent;

401 2684 449 2736 si
473 2682 658 2751 potius
681 2681 748 2736 dc
765 2681 1036 2737 btet-elicis
1063 2681 1464 2753 intelligantur,
1485 2682 1660 2737 cuivis
1683 2682 1830 2736 aetati
1857 2697 1986 2738 con-

398 2773 648 2827 veniunt.

472 2887 682 2955 Quarto
706 2931 719 2952 ,
756 2887 999 2959 [gnatius
1035 2889 1263 2960 epistola
1296 2890 1360 2946 ad
1402 2889 1671 2961 Ephesios
1701 2909 1714 2944 :
1751 2910 1770 2940 ι
1804 2889 1988 2945 Pluri-

399 2997 551 3037 mum
593 2984 738 3036 enim
795 2981 1198 3036 multitudinem
1230 2991 1467 3038 vestram
1512 2983 1565 3036 in
1625 2986 1844 3038 nomine
1889 2981 1985 3038 Dei

2079 1853 2370 1924 quemdam
2412 1851 2531 1907 Gaii
2568 1863 2943 1905 successorem
2975 1845 3191 1916 Epheso
3226 1841 3521 1914 praefuisse
3550 1855 3661 1894 cum

2079 1945 2318 2018 lgnatius
2346 1947 2410 1998 ad
2441 1942 2762 2013 martyrium
2801 1947 3008 1994 tractus
3031 1937 3150 1992 est?
3179 1935 3377 1990 Nonne
3405 1932 3664 2000 Nicepho-

2079 2055 2174 2094 rus
2203 2037 2318 2108 ipse
2341 2036 2656 2091 Onesimum
2680 2032 2968 2103 quemdam
2987 2033 3258 2094 nominat,
3273 2028 3368 2098 qui
3396 2036 3526 2098 post
3553 2041 3667 2080 san-

2081 2138 2230 2186 ctum
2253 2127 2551 2193 Andream,
2585 2135 2639 2182 et
2665 2124 2927 2196 Stachyn,
2949 2123 3238 2194 episc0pus
3261 2120 3521 2192 Byzantii
3553 2117 3664 2181 fuit,

2083 2220 2172 2278 cui
2190 2219 2456 2276 successit
2477 2217 2842 2290 Polycarpus?
2858 2216 2975 2273 Non
3000 2219 3114 2272 haec
3135 2226 3419 2271 aucturem
3435 2209 3667 2283 epistolae

2082 2315 2375 2370 ridiculum
2413 2313 2623 2368 faciunt
2652 2331 2666 2368 :
2699 2329 2860 2384 quem
2903 2312 3128 2368 omnino
3151 2325 3258 2364 non
3283 2314 3555 2379 tangunt;
3583 2303 3664 2358 sed

2084 2407 2268 2478 potius
2293 2405 2526 2460 Dallaeus
2547 2402 2831 2460 Usserium
2850 2403 3141 2458 ridiculum
3173 2399 3402 2455 reddere
3420 2404 3665 2455 conatur,

2084 2500 2214 2554 dum
2232 2497 2555 2553 modestiam
2575 2497 2696 2567 ejus
2721 2495 2928 2561 laudat,
2947 2494 3042 2564 qui
3064 2501 3211 2548 tanta
3237 2505 3366 2544 cum
3389 2485 3669 2557 diligentia

2086 2595 2204 2650 haec
2237 2592 2552 2649 testimonia
2587 2589 2952 2656 coacervavit,
2975 2603 3098 2659 qua:
3128 2585 3304 2656 ipsius
3330 2595 3563 2638 causam
3591 2578 3669 2647 ju-

2087 2689 2358 2759 gularent.
2411 2686 2516 2741 Sed
2570 2683 2706 2740 satis
2755 2682 2936 2737 adhuc
2977 2697 3010 2736 a
3057 2678 3262 2735 Graecis
3309 2673 3669 2744 scriptoribus

2086 2791 2205 2836 tuta
2259 2780 2351 2836 illa
2395 2788 2499 2843 est,
2551 2776 2648 2848 qui
2694 2774 3014 2831 Onesimum
3049 2771 3108 2829 S.
3143 2769 3299 2826 Pauli
3343 2765 3668 2837 discipulum

2087 2874 2288 2945 Ephesi
2312 2873 2630 2942 episcopum
2665 2869 2837 2924 fuisse
2871 2883 2980 2922 non
3017 2864 3386 2920 tradiderunt.
3415 2860 3502 2914 Ad
3541 2858 3671 2912 Latio

2089 2983 2192 3023 nos
2239 2967 2409 3038 igitur
2465 2963 2714 3034 confugit
2763 2961 3038 3021 Dallazus,
3092 2956 3400 3024 asseritque
3454 2952 3667 3015 Bedam,

400 3074 616 3144 suscepi
650 3074 702 3128 in
746 3071 1042 3140 Onesimo,
1089 3075 1182 3144 qui
1223 3075 1277 3128 in
1317 3075 1580 3130 cbarilatc
1630 3076 1983 3131 inenarrabili
2012 3103 2053 3162 ρ
2090 3055 2956 3162 Adonem.Uomewmﬂ'lms‘lfle
2973 3052 3249 3162 animi?”
3270 3060 3672 3118 magnoomnt‘s

399 3175 505 3231 est,
538 3177 717 3222 vester
751 3176 932 3222 autem
994 3168 1048 3222 in
1093 3183 1257 3223 carne
1307 3169 1617 3239 episc0pus.
1650 3169 1983 3240 Temporum

401 3261 600 3316 seriem
645 3261 858 3322 turbat,
902 3260 1080 3329 inquit
1118 3261 1203 3314 vir
1235 3261 1609 3330 doctissimus,
1663 3273 1717 3318 et
1747 3263 1987 3332 loquitur

401 3353 470 3407 de
501 3351 725 3406 homine
765 3351 912 3406 velut
937 3352 1148 3406 vivente
1177 3353 1269 3422 qui
1312 3353 1640 3424 jampridem
1684 3365 1799 3410 crat
1835 3371 1987 3429 mor-

403 3456 550 3501 tuus.
580 3464 599 3497 ι
638 3443 741 3500 Sed
801 3445 944 3500 unde
988 3455 1203 3501 constat
1258 3463 1382 3502 eum
1434 3447 1754 3505 Onesimum
1817 3449 1989 3507 fuisse

400 3545 706 3603 mortuum,
744 3536 811 3592 de
842 3552 953 3607 quo
983 3548 1174 3593 auctor
1224 3540 1469 3610 epistolae
1496 3551 1756 3612 tanquam
1802 3543 1991 3598 viven-

405 3638 476 3696 te,
495 3636 550 3683 et
579 3626 778 3698 Ephesi
806 3628 1064 3698 episcopo
1089 3637 1218 3684 tunc
1241 3646 1366 3685 cum
1397 3632 1677 3698 scriberet,
1702 3633 1990 3705 loquitur?

401 3721 479 3776 De
519 3721 730 3792 lgnatio
788 3729 982 3775 nostro
1044 3720 1352 3776 Eusebius:
1385 3722 1531 3777 Μίαν
1567 3724 1667 3794 μὲν
1700 3723 1988 3795 ἐπιστολὴν

295 3821 308 3835 ⁴
401 3816 466 3885 τῇ
496 3813 637 3867 κατὰ
673 3814 909 3882 ’Ἔφεσον
948 3813 1245 3884 Ἐκκλησία
1275 3813 1496 3884 γράφει,
1532 3815 1788 3886 ποιμένος
1822 3815 1990 3886 αὐτῆς

406 3903 762 3977 μνημονεύων
795 3903 1102 3974 Ὀνησίμου.
1143 3923 1162 3955 ι
1199 3903 1374 3959 Unam
1429 3906 1650 3976 quidem
1701 3907 1989 3976 epistolam

401 3998 624 4068 scripsit
670 3998 736 4051 ad
782 3995 1080 4051 Ecclesiam
1119 3995 1779 4066 Ephesiorum,0nesimi
1836 3999 1989 4069 ipso-

404 4106 526 4144 rum
555 4088 793 4158 pastoris
838 4088 1175 4142 mentionem
1225 4088 1452 4146 faciens.
1493 4110 1511 4142 ι
1551 4090 1641 4146 Ille
1682 4093 1847 4162 igitur
1896 4093 1987 4162 qui

405 4184 631 4252 antiqua
666 4181 924 4237 Ecclesiae
961 4192 1314 4238 monumenta
1345 4196 1454 4238 tam
1490 4186 1712 4240 assidue
1757 4187 1990 4241 rimatus

403 4275 652 4346 cst.qui,
703 4283 783 4329 tot
819 4283 1065 4328 veterum
1118 4275 1500 4346 episcoporum
1549 4277 1827 4348 catalogos
1878 4286 1989 4332 tam

402 4367 690 4438 diligenter
724 4364 960 4434 collegit,
993 4364 1060 4419 de
1077 4377 1086 4386 "
1107 4374 1285 4421 morte
1335 4366 1578 4422 Onesimi
1625 4367 1989 4438 Ephesiorum

2090 3148 2570 3216 consensu,istum
2622 3147 2691 3201 ab
2733 3144 2940 3216 lguatio
2965 3143 3250 3214 epistolico
3309 3146 3670 3192 memoratum

2089 3243 2407 3300 Onesimum
2441 3241 2596 3296 Pauli
2618 3239 2946 3309 discipulum
2975 3236 3165 3292 fuisse.
3193 3233 3304 3305 Ego
3330 3247 3466 3287 vero
3521 3230 3673 3284 talem

2090 3351 2423 3392 consensum
2454 3349 2564 3390 non
2593 3332 2827 3402 reperio.
2855 3329 2996 3385 Beda
3028 3327 3165 3382 nihil
3198 3327 3360 3380 habet
3392 3327 3463 3379 de
3489 3320 3671 3394 lgnatii

2090 3425 2352 3482 Onesimo
2382 3467 2398 3493 ,
2460 3423 2597 3478 nihil
2659 3419 3104 3492 Martyrologium
3155 3415 3507 3477 Romanum;
3537 3411 3669 3481 apud

2091 3520 2408 3591 Usuardum
2441 3533 2551 3572 non
2581 3515 2834 3571 exstabat
2867 3529 2929 3567 ea
2963 3509 3227 3573 narratio,
3262 3507 3358 3564 sed
3390 3523 3420 3560 a
3468 3505 3668 3560 Joanne

2090 3612 2305 3668 Molano
2334 3611 2543 3665 inserta
2573 3618 2676 3672 est,
2715 3607 2824 3662 alio
2853 3605 3171 3661 charactere
3198 3611 3253 3656 et
3281 3600 3566 3670 praemissa
3587 3597 3667 3649 lit-

2092 3714 2206 3761 tera
2229 3703 2295 3770 Α,
2319 3719 2416 3774 per
2459 3717 2582 3772 qua:
2611 3701 2782 3756 lector
2803 3697 3061 3754 facillime
3084 3694 3331 3750 advertat
3354 3707 3416 3746 ea
3441 3688 3665 3746 Usuardi

2094 3816 2204 3855 non
2237 3813 2381 3863 esse,
2409 3796 2504 3852 sed
2529 3793 2833 3860 Adonis,ut
2861 3791 3110 3844 Molanus
3134 3789 3251 3858 ipse
3281 3787 3335 3839 in
3359 3782 3667 3854 praefatione

2093 3892 2330 3946 monuit.
2359 3888 2480 3944 Jam
2502 3903 2634 3942 vero
2651 3886 2792 3951 Ado,
2821 3885 2914 3955 qui
2939 3881 3261 3938 Onesimum
3277 3876 3494 3934 S.Pauli
3521 3877 3666 3948 lgna-

2094 3985 2303 4039 tianum
2326 3981 2476 4046 facit,
2507 3997 2613 4035 non
2639 3989 2827 4034 narrat
2847 3992 2972 4032 cum
2997 3977 3099 4030 sub
3115 3973 3428 4028 Domitiano
3449 3970 3661 4027 abiisse:

2096 4074 2438 4148 Nicephorus
2489 4087 2730 4142 nuperus
2787 4070 3024 4139 scriptor
3044 4109 3058 4134 ,
3090 4064 3412 4121 Onesimum
3444 4065 3546 4119 sub
3572 4062 3666 4115 Do-

2094 4169 2320 4224 mitiano
2365 4175 2658 4238 martyrem
2705 4163 2860 4230 facit,
2910 4161 3226 4231 episcopum
3262 4156 3466 4228 Ephesi
3509 4155 3669 4211 fuisse

2093 4277 2203 4316 non
2234 4268 2445 4314 narrat.
2480 4257 2729 4324 Cumque
2757 4271 2882 4310 eum
2908 4255 3061 4310 solus
3094 4253 3183 4307 ille
3219 4249 3422 4306 referat
3453 4265 3516 4304 ea
3544 4259 3670 4303 tem~

2095 4364 2302 4424 pestate
2329 4352 2650 4424 martyrium
2686 4349 2943 4414 subiisse,
2983 4363 3089 4402 non
3110 4345 3390 4400 immerito
3421 4344 3499 4398 illi
3518 4343 3670 4397 fidem

402 4435 644 4531 episcopi
674 4473 742 4513 ne
777 4450 1068 4512 minimum
1103 4458 1324 4528 quidem
1354 4435 1687 4532 suspicatur.
1710 4459 1864 4516 Unde
1892 4463 1988 4533 igi-

2102 4449 2328 4516 denegat
2360 4444 2651 4508 Baronius,
2681 4441 2982 4512 praesertim
3015 4440 3059 4494 si
3094 4439 3160 4493 de
3206 4437 3467 4508 episcopo
3500 4435 3672 4506 Ephe-

403 4563 493 4608 tur
528 4552 677 4608 novit
711 4552 944 4608 Dallaaus
979 4552 1302 4608 Onesimum
1343 4553 1497 4607 illum
1527 4595 1542 4618 ,
1576 4553 1735 4624 cujus
1781 4554 1989 4608 mentio

406 4647 462 4702 in
495 4647 599 4702 hac
627 4647 854 4717 epistola
879 4648 1020 4704 facta
1063 4656 1169 4714 est,
1199 4663 1323 4702 cum
1360 4644 1606 4718 Smyrna:
1643 4653 1789 4701 esset
1827 4645 1990 4718 lgna.-

407 4737 557 4805 tius,
591 4737 645 4791 in
696 4738 833 4793 vivis
891 4755 1000 4794 non
1041 4737 1258 4794 fuisse?
1298 4735 1413 4792 Hoc
1453 4737 1617 4792 Unico
1667 4747 1991 4808 argumento

406 4829 604 4896 fretus,
633 4838 687 4883 et
716 4829 980 4898 epistolae,
1005 4847 1170 4902 quam
1207 4830 1406 4886 fatetur
1437 4838 1562 4885 ante
1579 4839 1792 4885 aetatem
1821 4828 1992 4885 Euse-

405 4922 481 4978 bii
508 4924 867 4993 scriptam,et
887 4921 1108 4978 Eusebii
1145 4922 1322 4992 ipsius
1355 4922 1735 4977 auctoritatem
1769 4921 1993 4976 eludere

405 5031 465 5071 se
513 5031 677 5087 posse
732 5025 931 5086 sperat.
972 5013 1241 5071 Observat
1281 5031 1347 5069 ex
1385 5013 1630 5080 Usserio,
1674 5013 1990 5070 Graecorum

405 5106 610 5162 Mena‘a
645 5115 696 5162 et
732 5108 1060 5178 Symeonem
1104 5105 1524 5176 Melaphrastcm
1556 5119 1665 5158 non
1697 5120 1994 5174 agnoscere

407 5196 731 5252 Onesimum
807 5207 1102 5267 martyrem
1170 5194 1342 5249 fuisse
1397 5193 1594 5262 Ephesi
1631 5193 1991 5263 'episcOpum,

409 5287 862 5345 Constitutionum
895 5287 1312 5358 apostolicarum
1364 5285 1687 5354 scriptorem
1719 5282 1996 5342 affirmare

409 5398 536 5438 cum
563 5382 760 5438 Beraaat
799 5381 1118 5451 episcopum
1164 5377 1334 5433 fuisse
1369 5417 1384 5442 ,
1410 5376 1741 5431 Dorotheum
1785 5385 1839 5431 et
1865 5376 1996 5448 Hip-

413 5474 658 5546 polytum
692 5488 938 5529 asserere
993 5471 1214 5538 Gaium,
1247 5469 1519 5525 Timothei
1571 5468 1626 5524 in
1675 5469 1995 5540 episcopatu

413 5579 786 5620 successorem
843 5565 1033 5620 fuisse.
1075 5561 1445 5633 Nicephorum
1495 5560 1734 5631 denique
1781 5561 1997 5615 tradere

410 5657 730 5715 Onesimum
772 5658 875 5714 sub
907 5657 1221 5713 Domitiano
1251 5655 1478 5711 obiissc.
1524 5653 1602 5708 Ex
1642 5654 1728 5710 his
1756 5654 1996 5710 auctori-

411 5755 516 5810 bus
540 5754 702 5826 plane
735 5753 1024 5808 ridiculum
1055 5751 1413 5823 epistolarum
1443 5760 1722 5807 auctorem
1756 5766 1998 5821 pronun-

2093 4541 2216 4596 sino
2245 4539 2604 4609 intelligatur.
2635 4536 2768 4589 Nam
2793 4535 2839 4590 si
2872 4533 2962 4587 iile
2995 4532 3285 4602 episcopus
3310 4529 3512 4584 Beracze
3555 4527 3675 4594 fuit,

2092 4648 2201 4688 non
2236 4643 2420 4686 autem
2455 4629 2692 4700 Ephesi,
2728 4636 2790 4682 ut
2836 4626 2928 4680 alii
2974 4623 3285 4694 Nicephoro
3338 4623 3677 4692 antiquiores

2092 4727 2334 4792 volucre,
2370 4725 2438 4779 ad
2474 4739 2575 4777 nos
2607 4738 2716 4776 non
2743 4720 2996 4792 pertinet.
3049 4715 3184 4783 Quis
3209 4715 3356 4770 enim
3390 4731 3502 4768 non
3535 4715 3678 4768 videt

2093 4820 2352 4876 Onesimo
2397 4819 2456 4873 S.
2514 4816 2693 4883 Pauli,
2730 4814 2989 4884 episcopo
3055 4811 3295 4875 Beraae,
3338 4809 3679 4878 temporibus

2094 4910 2389 4966 Domitiani
2444 4909 2724 4972 defuncto,
2760 4905 3080 4959 Onesimum
3132 4902 3302 4955 alium
3339 4909 3466 4970 pust
3495 4897 3679 4952 Timo-

2096 5005 2279 5059 theum
2309 5013 2361 5057 et
2388 5002 2582 5058 Gaium
2626 4997 2842 5069 Epheso
2873 5011 3108 5067 praeesse
3149 4993 3401 5065 potuisse
3440 4991 3546 5046 sub
3580 4993 3678 5045 im-

2094 5100 2246 5169 perio
2285 5095 2550 5166 Trajani?
2579 5092 2849 5161 Quoniam
2882 5100 3063 5146 autem
3099 5088 3330 5142 Dallaaus
3363 5096 3540 5152 notat,
3581 5084 3678 5137 Ba-

2097 5190 2314 5244 runium
2368 5187 2674 5257 Nicephuro
2729 5198 2973 5240 errorem
3033 5182 3314 5247 tribucre,
3349 5198 3368 5231 ι
3405 5197 3516 5233 non
3576 5177 3672 5232 alia

2095 5297 2262 5352 quam
2293 5280 2490 5334 harum
2521 5275 2879 5348 epistolarum
2913 5273 3269 5337 auctoritate,
3303 5290 3322 5324 ι
3352 5287 3477 5341 quae
3504 5270 3672 5325 adhuc

2098 5374 2153 5428 in
2189 5372 2630 5429 controversiam
2664 5369 2926 5435 veniunt;
2961 5376 3017 5422 et
3062 5374 3245 5421 tamen
3296 5364 3522 5428 fatetur,
3564 5383 3581 5415 ι
3619 5359 3669 5415 Si

2097 5465 2292 5537 lgnatii
2332 5479 2458 5518 vere
2491 5470 2751 5531 certoque
2783 5468 2969 5516 essent
2997 5457 3168 5528 (quod
3197 5458 3331 5513 mihi
3377 5459 3596 5530 quidem
3623 5465 3670 5509 et

2099 5575 2286 5614 verum
2311 5568 2364 5613 et
2397 5567 2606 5612 certum
2642 5554 2878 5625 videtur)
2907 5569 3099 5609 earum
3123 5554 3306 5624 potius
3331 5569 3499 5623 quam
3527 5549 3668 5605 Nice-

2099 5651 2258 5721 phori
2309 5665 2432 5704 esse
2465 5648 2802 5719 sequendam
2848 5647 3045 5715 fidem;
3082 5664 3101 5696 ι
3139 5644 3428 5698 videamus
3473 5642 3524 5710 si
3569 5654 3665 5694 non

2102 5745 2321 5801 aliunde
2353 5744 2650 5801 absurdum
2673 5757 2803 5815 esse
2835 5741 3086 5797 videatur
3112 5738 3433 5795 Onesimum
3482 5731 3665 5807 Ephesi
