3770 6312
142 286 232 343 557
851 280 903 337 J.
946 280 1311 336 PEARSONII
1353 278 1679 336 V'lNDlCl/F.
1720 277 2151 334 lGNATIAN/E.
2192 309 2259 320 -—
2312 276 2493 331 PARS
2535 276 2598 331 ll.

140 403 434 470 episcopum
462 401 562 456 sub
597 398 906 457 Domitiano
930 404 1250 475 martyrium
1278 404 1555 458 subiisse?
1586 402 1687 469 Qui
1721 414 1767 469 Α

141 489 433 545 Onesimum
457 490 653 560 Ephesi
687 492 1002 563 episcopum
1023 491 1193 548 fuisse
1212 494 1431 558 docent,
1459 510 1583 547 eum
1610 493 1692 547 vel

140 582 278 645 Gaio,
300 582 379 636 vel
412 581 696 637 Timotheo
722 585 1059 641 successisse
1086 586 1309 640 volunt:
1341 584 1689 649 Timotheum

139 682 269 726 certe
290 672 518 740 primum
553 673 838 743 Ephesinte
874 675 1132 731 Ecclesia:
1158 678 1474 746 episropum
1528 691 1692 746 agno-

140 764 228 815 scit
254 760 543 826 Eusebius;
582 764 722 819 idem
758 775 1026 822 testantur
1053 768 1183 823 Acta
1215 769 1430 823 concilii
1465 768 1692 824 Chalce-

136 852 394 920 donensis,
434 864 485 909 et
526 866 680 911 vetus
730 860 1051 930 martyrium
1106 859 1163 914 S.
1214 860 1508 926 Timothei,
1546 861 1688 932 apud

139 946 389 1009 Photium,
438 950 561 1003 cod.
604 949 710 1003 9.54
744 966 757 1003 :
795 952 915 1004 Ὅτι
960 952 1177 1025 πρῶτον
1221 954 1481 1024 Τιμόθεον
1517 957 1550 1027 ἡ
1588 973 1689 1008 πα-

138 1040 286 1111 ροῦσα
316 1044 603 1115 συγγραφή
640 1061 803 1114 φησιν
850 1046 1072 1114 Ἑφέσου
1104 1049 1492 1118 ὲπισκοπῆσαι.
1531 1066 1549 1099 t
1585 1047 1717 1102 No-r

136 1133 337 1187 tandum
364 1137 506 1204 quod
550 1153 787 1205 pﬂBSCltS
814 1141 1078 1210 scriptum
1108 1140 1309 1196 referat
1336 1141 1684 1197 Timotheum

136 1223 345 1291 primum
371 1224 568 1295 Ephesi
592 1229 910 1300 episcopum
938 1230 1127 1288 fuisse.
1158 1252 1175 1284 ι
1201 1232 1320 1287 Jam
1352 1249 1483 1289 vero
1506 1233 1689 1289 Timo-

137 1313 296 1367 theum
320 1314 434 1385 ipse
453 1315 794 1389 Nicephorus
824 1322 989 1377 tradit
1031 1324 1135 1378 sub
1173 1322 1502 1394 Vespasiano
1533 1340 1685 1379 mar-

134 1404 258 1474 tyrio
300 1416 620 1465 coronatum
681 1409 850 1467 fuisse
891 1428 904 1465 :
957 1412 1099 1469 idem
1154 1422 1387 1470 testatur
1438 1416 1682 1486 ejusdem

136 1497 427 1567 martyrium
460 1500 516 1553 in
552 1500 887 1558 Bibliotheca
917 1502 1118 1561 Photii.
1157 1504 1472 1563 Persecutio
1501 1516 1683 1563 autem

135 1588 343 1643 secunda
376 1590 479 1645 sub
513 1590 827 1649 Domitiano
868 1598 1131 1652 extremis
1160 1598 1307 1654 illius
1338 1600 1684 1669 imperatoris

135 1680 445 1749 temporibus
478 1684 717 1739 excitata
757 1696 859 1741 est.
925 1686 1198 1744 Eusebius
1229 1692 1294 1745 ad
1328 1707 1533 1747 annum
1564 1695 1683 1764 ejus

3274 278 3379 334 553

1868 401 2044 455 rentia
2084 417 2207 467 ergo
2251 397 2351 453 SS.
2394 398 2645 453 Litteras.
2699 397 3012 467 Apocryplm
3042 415 3181 469 stupe
3228 420 3257 455 ο
3297 420 3383 457 ve-

1869 471 2179 525 tustissimis
2204 471 2551 534 scriptoribus
2582 472 2835 523 citantur.
2864 470 3166 524 Casauboni
3188 471 3383 541 duplex

1869 542 2138 610 responsio
2179 541 2421 610 uﬁerlur,
2445 550 2493 593 et
2544 552 2763 608 utroque
2799 540 3041 608 pluribus
3086 540 3378 595 stabilitur.

1871 609 2111 677 Epistola
2161 609 2218 665 S.
2266 610 2574 681 Ignatiiad
2622 611 2883 663 Romanos
2905 612 2969 663 ab
2996 614 3377 681 objectionibus

1872 683 2067 737 Βαιίωὶ
2090 683 2412 736 vindicatur.
2437 680 2743 754 Fortitudo,
2765 680 3065 754 constantia
3078 693 3128 735 et
3162 701 3382 754 magna—

1865 756 2083 807 nimitas
2116 762 2412 821 martyrum
2460 751 2813 823 defenduntur
2840 770 2858 813 ;
2889 751 3375 823 plurimisque—Par

1864 835 2002 877 trum
2034 824 2329 886 sententiis,
2364 832 2415 874 et
2464 824 2677 874 heroum
2736 822 3164 876 Christianorum
3213 842 3359 878 ratem

1862 896 1965 964 plis
2017 894 2393 966 explicantur;
2428 909 2651 962 quorum
2692 893 2849 962 factis
2897 912 3127 948 consona
3174 894 3377 966 Ignatit

1860 965 2017 1020 verba
2048 965 2413 1019 ostenduntur.

1860 1061 2581 1131 Proximaargumentorum
2618 1060 2901 1129 congeries
2938 1076 3001 1115 ex
3038 1062 3105 1116 iis
3142 1060 3377 1115 conﬂata

1788 1164 1843 1209 et
1870 1157 2253 1210 consarcinata
2304 1162 2405 1215 est,
2428 1169 2549 1222 quae
2592 1168 2841 1223 personae
2871 1154 2957 1207 cui
3007 1154 3250 1222 epistola:
3281 1154 3381 1207 tri-

1792 1247 2041 1302 buuntur
2068 1246 2152 1300 vel
2184 1246 2454 1309 moribus,
2484 1245 2569 1298 vel
2590 1244 2872 1314 dignitate,
2898 1245 2980 1298 vel
3021 1245 3260 1314 ingenio,
3292 1246 3379 1299 vel

1787 1340 1988 1409 pietate
2007 1340 2182 1393 aliena
2197 1347 2448 1402 sunt,aut
2466 1338 2644 1408 potius
2662 1337 2867 1407 iniquis
2888 1354 3068 1393 rerum
3087 1339 3381 1393 aestimato-

1788 1431 1943 1485 ribus
1963 1431 2231 1485 videntur.
2266 1430 2369 1485 Sed
2393 1445 2454 1484 ea
2475 1430 2792 1500 plerumque
2817 1430 3175 1500 adducitquze
3201 1432 3281 1485 vel
3309 1432 3379 1486 ab

1788 1521 2180 1592 interpolatore
2213 1523 2575 1592 genuinarum
2598 1561 2613 1585 ,
2651 1522 2731 1574 vel
2761 1537 2789 1575 a
2822 1524 3005 1577 lictore
3040 1523 3376 1593 reliquarum

1786 1611 2143 1680 epistularum
2180 1614 2381 1683 scripta
2422 1624 2578 1680 sunt;
2615 1630 2850 1683 quorum
2902 1632 3105 1678 mores,
3140 1617 3377 1685 dignita‘

1786 1709 1894 1755 tem
1916 1744 1929 1767 ,
1963 1703 2240 1773 ingenium
2266 1744 2281 1767 ,
2314 1704 2569 1773 pietatem
2604 1705 2776 1759 nostri
2811 1722 2917 1758 non
2954 1704 3274 1761 defendunt.
3317 1704 3377 1760 lu

136 1768 222 1821 ui
252 1789 268 1820 ‘
294 1771 578 1866 secundus
602 1785 728 1866 P05!
755 1775 1023 1832 Neronem
1048 1778 1392 1837 Domitianus
1420 1782 1689 1840 Christia-
1720 1797 1763 1853 Β
1793 1802 1907 1847 toto
1939 1768 2115 1865 capite
2148 1796 2213 1848 llr
2248 1768 2382 1848 nihil
2412 1796 2556 1850 aliud
2590 1812 2656 1849 ex
2700 1795 2909 1866 lgnatio
2955 1806 3143 1853 nostro
3173 1798 3373 1860 attulit,

133 1873 216 1914 nos
242 1864 605 1932 persequitur.
640 1883 658 1917 ›
699 1864 871 1932 Quem
917 1868 1097 1924 locum
1150 1872 1448 1941 respiciens
1494 1873 1686 1930 Hiero-

134 1967 302 2022 nymus
329 1955 380 2007 in
407 1954 694 2026 Catalogo,
725 1957 791 2011 de
820 1957 875 2012 S.
902 1957 1111 2015 Joanne
1142 1980 1155 2015 :
1192 1981 1209 2013 ‹
1236 1961 1444 2028 Quarto
1472 1964 1686 2022 decimo

133 2046 272 2116 igitur
302 2062 462 2113 anno,
514 2048 713 2119 inquit,
750 2054 1047 2108 secundam
1085 2065 1208 2124 post
1237 2053 1505 2112 Neronem
1556 2075 1684 2130 per-

131 2140 463 2206 secutionem,
490 2157 743 2199 movente
767 2141 1098 2211 Domitiano,
1121 2148 1174 2202 in
1196 2148 1423 2205 Patmon
1449 2152 1681 2207 insulam

131 2231 372 2301 relegatus
412 2235 639 2305 scripsit
682 2237 1067 2311 Apocalypsin.
1108 2259 1127 2294 ι
1172 2240 1285 2297 Sub
1342 2244 1445 2297 hac
1496 2258 1683 2313 perse-

132 2323 321 2380 cutione
352 2326 756 2384 obdormivisse
803 2330 1151 2388 Timotheum
1206 2335 1539 2391 credendum
1579 2346 1681 2407 est;

133 2414 287 2471 brevis
314 2428 493 2473 autem
525 2436 592 2475 ea
633 2421 755 2486 fuit,
792 2432 926 2480 teste
956 2424 1295 2483 Tertulliano
1323 2429 1377 2482 in
1411 2428 1681 2500 Apologc-

134 2506 309 2561 ticozc
345 2507 675 2567 Tentaverat
728 2523 781 2568 et
830 2515 1176 2573 Domitianus
1226 2520 1406 2589 portio
1450 2520 1684 2579 Neronis

133 2598 185 2652 de
206 2602 511 2658 crudelitate
537 2623 552 2671 ;
580 2607 674 2660 sed
701 2623 810 2677 qua
840 2616 893 2663 et
922 2609 1108 2675 homo,
1145 2610 1301 2668 facile
1329 2625 1565 2684 emptum
1600 2632 1685 2670 re-

133 2694 323 2759 pressit,
354 2696 632 2752 restitutis
673 2700 835 2753 etiam
872 2716 1014 2770 quos
1062 2704 1435 2773 relegaverat;
1477 2726 1496 2759 ι
1536 2710 1683 2778 quod

132 2793 176 2836 et
202 2788 329 2854 apud
381 2786 682 2845 Eusebium
720 2790 1055 2865 Hegesippus
1087 2805 1339 2854 testatur.
1386 2798 1507 2854 Jam
1557 2804 1683 2873 quis

132 2877 289 2933 credet
309 2878 652 2949 Onesimum,
678 2884 769 2953 qui
804 2886 849 2940 si
877 2884 1017 2942 forte
1042 2888 1096 2942 in
1119 2887 1396 2959 Ephesina
1437 2892 1682 2949 Ecclesia

134 2971 203 3024 vel
226 2973 318 3041 ipsi
350 2973 665 3044 Timotheo,
700 2979 783 3033 vel
820 2980 941 3050 ejus
966 2985 1273 3039 successori
1297 2984 1433 3040 Gaio
1467 2988 1683 3057 episco-

133 3078 217 3132 pus
239 3067 489 3125 suﬂ‘eetus
519 3079 639 3137 est,
666 3074 767 3127 sub
805 3075 993 3129 eadem
1034 3079 1414 3146 persecutione
1458 3096 1677 3151 passum

1787 1888 1892 1943 nisi
1934 1890 2065 1943 illud
2120 1900 2399 1944 recoctum
2438 1909 2451 1944 :
2491 1910 2508 1942 ‹
2545 1889 2675 1945 Sine
2710 1892 3004 1961 episcopo,
3042 1893 3378 1962 presbyteris

1786 1989 1841 2034 et
1890 1981 2139 2037 diaconis
2188 1980 2487 2037 Ecclesiam
2542 1998 2651 2036 non
2703 1982 2922 2048 vocari;
2958 2001 2977 2033 ι
3013 1982 3156 2052 quod
3200 1998 3378 2052 neque

1786 2073 2034 2127 moribus
2054 2113 2068 2138 ,
2098 2088 2275 2143 neque
2307 2074 2552 2145 dignitati
2581 2115 2596 2139 ,
2625 2089 2725 2127 nec
2767 2073 2987 2143 ingenio
3013 2115 3027 2140 ,
3058 2089 3156 2127 nec
3184 2073 3375 2142 pietati

1786 2166 2044 2237 martyris
2076 2175 2361 2237 repugnat,
2393 2175 2447 2221 et
2499 2168 2587 2221 cui
2632 2176 2789 2222 antea
2843 2182 3167 2237 responsum
3223 2167 3377 2222 dedi-

1786 2274 1930 2312 mus.
1984 2258 2160 2327 Caput
2190 2258 2277 2322 15,
2327 2268 2592 2328 quantum
2638 2268 2904 2329 quantttm
2949 2268 3033 2314 est
3078 2260 3145 2314 de
3196 2258 3372 2318 festis.

1785 2349 1853 2403 de
1903 2350 2165 2416 sabbato,
2197 2350 2264 2405 de
2323 2350 2548 2420 jejuniis
2603 2360 2845 2406 tractans
2873 2393 2888 2418 ,
2917 2367 2982 2406 ex
3029 2352 3233 2420 spuriis
3290 2360 3375 2406 to-

1786 2448 1901 2493 tum
1964 2440 2260 2495 conflatum
2317 2451 2442 2509 est,
2493 2452 2548 2497 et
2620 2441 2888 2513 lgnatium
2942 2454 3189 2498 nostrum
3266 2459 3375 2497 non

1788 2532 1982 2601 tangit.

1857 2622 2047 2691 Capite
2075 2623 2162 2690 16,
2202 2623 2370 2678 multa
2403 2624 2560 2694 quasi
2590 2623 2846 2680 haeretica
2882 2624 3156 2695 producit,
3183 2624 3277 2680 sed
3308 2642 3376 2679 ex

1787 2716 1992 2783 spnriis
2029 2716 2193 2770 etiam
2225 2733 2238 2783 ;
2271 2733 2301 2770 e
2334 2727 2525 2771 nostro
2564 2733 2734 2771 unum
2786 2727 2996 2771 tantum
3034 2718 3213 2772 locum
3246 2732 3374 2787 pro-

1785 2806 1908 2870 fert,
1939 2811 2034 2876 qui
2094 2808 2142 2862 ei
2192 2828 2209 2860 ι
2249 2824 2356 2863 non
2384 2808 2518 2863 satis
2570 2825 2783 2865 sanus:
2828 2811 3087 2871 videtnr;
3140 2812 3350 2865 scilicet

1784 2898 2064 2953 Christum
2098 2899 2264 2955 fuisse
2294 2900 2422 2953 Υἰὸν
2454 2901 2590 2953 Θεοῦ
2618 2902 2758 2955 κατὰ
2780 2902 2990 2974 θέλημα
3022 2904 3116 2957 καὶ
3149 2904 3376 2975 δύναμιν

1784 2988 1940 3051 Θεοῦ,
1976 3010 1994 3041 ι
2032 2990 2229 3045 Filium
2266 2991 2357 3045 Dei
2411 2994 2713 3048 secundum
2742 2996 3074 3050 voluntatem
3105 3005 3155 3050 et
3184 3007 3377 3066 poten-

1783 3083 1913 3136 tiam
1948 3084 2062 3138 Dei.
2088 3104 2107 3137 ι
2153 3084 2403 3140 Iheecine
2432 3096 2611 3141 autem
2637 3096 2696 3141 ut
2724 3087 2866 3142 inter
2903 3088 3157 3143 haeretica
3182 3105 3373 3143 recen-

133 3153 293 3224 i'uisse,
319 3170 369 3213 et
395 3177 501 3215 non
531 3164 715 3232 potius
743 3164 809 3218 ad
836 3165 1184 3221 undecimum
1220 3168 1441 3239 Trajani
1476 3188 1681 3228 annum
1709 3155 1752 3213 δ
1786 3182 2032 3239 seantur,
2073 3190 2195 3243 quae
2227 3189 2255 3227 a
2293 3173 2356 3230 Β.
2391 3173 2736 3229 Theodoreto
2768 3192 2867 3245 pro
2898 3176 3165 3231 catholica
3189 3175 3376 3232 Eccle-

134 3249 469 3314 perdurasse?
502 3251 645 3308 Nam
676 3255 824 3325 quod
871 3255 1107 3314 Dallaeus
1134 3276 1200 3314 ex
1244 3263 1435 3318 ordine
1474 3275 1683 3337 tempo-

134 3352 233 3394 rum
261 3344 505 3399 evincere
538 3358 793 3414 conatur,
830 3349 989 3404 nihili
1012 3360 1114 3407 est.
1147 3351 1263 3408 Non
1289 3356 1434 3409 enim
1468 3356 1570 3411 100
1590 3368 1686 3414 aut

134 3430 188 3483 90
208 3448 459 3492 annorum
491 3455 620 3494 eum
657 3440 845 3508 fuisse,
871 3458 993 3497 cum
1037 3457 1361 3515 moreretur,
1392 3449 1516 3503 inde
1544 3466 1682 3505 con-

135 3522 301 3580 ﬁcitur.
323 3526 482 3585 Putat
510 3532 606 3586 ille
633 3530 863 3587 Paulum
890 3534 955 3588 ad
978 3533 1352 3592 Philemonem
1399 3540 1686 3610 scripsisse

135 3631 252 3670 anno
276 3617 484 3675 Domini
519 3622 611 3677 56.
645 3621 747 3678 Sed
781 3622 840 3680 S.
865 3623 1067 3681 Paulus
1093 3626 1299 3694 Romae,
1343 3639 1397 3683 et
1422 3645 1546 3685 eum
1568 3632 1684 3701 jam

135 3704 207 3757 diu
232 3707 281 3761 in
313 3712 546 3766 vinculis
581 3712 793 3779 fuisset,
841 3715 907 3769 ad
939 3714 1315 3773 Philemonem
1348 3722 1587 3791 scripsit,
1626 3732 1686 3778 ut

135 3808 186 3849 ex
213 3798 315 3868 ipsa
337 3800 585 3873 Epistola
609 3814 845 3872 constat,
871 3816 924 3861 et
950 3806 1316 3881 Hieronymus
1346 3822 1399 3868 et
1433 3812 1686 3870 Theodo-

137 3899 258 3946 retus
278 3894 673 3952 demonstrant.
713 3899 782 3953 At
806 3898 1037 3956 Romam
1070 3914 1197 3957 ante
1227 3920 1430 3960 annum
1466 3906 1685 3964 Domini

137 3982 375 4053 vulgarem
406 3988 475 4044 64
506 3990 715 4047 vidisse
748 3991 806 4046 S.
834 3992 1064 4049 Paulum
1095 4012 1256 4051 nemo
1288 4000 1559 4068 probabit.
1602 4004 1685 4057 Ab

137 4089 255 4129 anno
288 4092 461 4135 autem
491 4083 565 4137 65
591 4084 657 4138 ad
695 4100 899 4140 annum
931 4087 1054 4154 l07,
1086 4105 1197 4159 quo
1219 4092 1505 4160 scripsisse
1529 4094 1687 4165 lgna-

138 4168 246 4221 tium
268 4172 528 4242 dicimus,
564 4180 694 4231 anni
730 4187 941 4232 tantum
984 4192 1112 4235 sunt
1145 4182 1234 4237 42.
1272 4183 1549 4242 Ponamus
1588 4188 1687 4257 igi-

140 4268 208 4314 tur
248 4262 560 4322 Onesimum
598 4269 667 4323 26
711 4286 980 4326 annorum
1034 4272 1240 4340 fuisse,
1276 4292 1400 4331 cum
1442 4293 1567 4333 eum
1616 4279 1685 4332 ad

140 4354 270 4411 ﬁdem
306 4360 677 4419 Christianam
727 4367 996 4421 convertit
1048 4366 1105 4422 S.
1164 4367 1682 4438 Paulus;:nondum

139 4455 551 4522 septuagenarius
602 4454 824 4523 fuisset,
876 4473 1000 4511 cum
1043 4458 1099 4513 S.
1150 4460 1388 4529 lgnatius
1436 4463 1682 4536 Smyrna:

140 4540 444 4599 consisteret.
481 4545 609 4601 Sive
652 4547 817 4617 igitur
857 4549 965 4603 duo
1014 4549 1218 4606 fuerint
1249 4555 1489 4609 Onesimi
1526 4568 1682 4612 aetate

142 4626 186 4681 S.
212 4629 407 4702 lgnatii,
428 4653 577 4692 unus
606 4637 974 4705 Beragze,alter
998 4641 1195 4712 Ephesi
1227 4644 1539 4717 episcopus,
1569 4651 1683 4705 sive

141 4733 256 4778 unus
285 4735 486 4783 tantum
529 4730 687 4799 isque
729 4731 1068 4801 Ephesinus,
1124 4734 1259 4789 nihil
1300 4737 1563 4795 hactenus
1600 4741 1683 4795 di-

140 4819 259 4867 ctum
286 4828 363 4873 est
384 4822 532 4889 quod
559 4822 669 4876 ullo
700 4826 863 4879 modo
886 4826 1096 4894 probet,
1128 4827 1336 4883 nullum
1363 4828 1681 4887 Onesimum

142 4898 320 4971 Epheso
347 4912 653 4980 praefuisse,
688 4930 813 4969 cum
836 4916 1088 4987 .lgnatius
1109 4919 1176 4973 ad
1208 4922 1532 4992 martyrium
1572 4930 1684 4978 tra-

142 4993 343 5056 beretur.

194 5087 312 5145 Cum
342 5095 505 5165 igitur
551 5097 738 5153 omnia
783 5099 851 5154 ad
897 5115 1126 5156 examen
1158 5113 1346 5160 vocata
1400 5105 1529 5172 sint,
1562 5122 1685 5178 qua:

142 5188 406 5254 temporum
439 5191 601 5247 fidem
642 5192 863 5263 pulsare
901 5195 1246 5263 videbantur,
1278 5198 1412 5253 nihil
1454 5200 1579 5254 novi
1627 5203 1681 5255 in

146 5272 213 5329 his
233 5281 463 5348 epistolis
494 5295 767 5355 repertum
799 5296 915 5349 est;
949 5290 1132 5344 omnia
1176 5290 1358 5359 potius
1403 5288 1685 5362 Ignatiano

144 5379 235 5422 avo
258 5376 488 5445 apprime
518 5392 761 5433 consona
786 5386 1071 5448 apparent.

690 5506 921 5564 CAPUT
975 5510 1067 5566 IX.

149 5592 301 5673 Aliena
334 5616 365 5678 ᾳ
402 5601 766 5678 uirtutibuss.
816 5602 1015 5678 Ignatii
1058 5605 1466 5678 dispunguntur.
1515 5605 1681 5661 Nulla

204 5670 250 5715 in
274 5670 493 5738 epistolis
524 5675 638 5743 ejus
688 5670 901 5730 liceresis
940 5670 1218 5745 reperitur.
1251 5670 1451 5733 'anla
1483 5682 1672 5733 irreve-

201 5779 261 5812 ⁸³¹
294 5782 415 5841 Luc.
445 5805 482 5857 I,
511 5790 598 5845 35.

1790 3264 1885 3318 size
1913 3266 2179 3319 sententia
2224 3274 2417 3320 contra
2469 3266 2757 3322 hieretieos
2800 3266 3372 3338 proferuntur?Apud

1788 3360 1941 3414 illum
1981 3359 2200 3429 quidem
2261 3359 2491 3430 legimus
2547 3358 2893 3431 Θεὸτητα,ἰη
2950 3369 3138 3415 nostro
3190 3373 3373 3415 autem

1786 3453 1973 3507 codice
2017 3452 2250 3523 θέλημα,
2290 3460 2423 3504 utet
2464 3451 2518 3504 in
2552 3449 2850 3505 Usseriano
2891 3452 3191 3522 interprete
3224 3473 3241 3504 ι
3274 3469 3375 3508 vo-

1786 3544 2074 3599 luntatem.
2117 3544 2377 3598 rVariam
2418 3545 2503 3598 hic
2534 3544 2822 3597 lectionem
2875 3560 2997 3599 esse
3055 3555 3108 3600 et
3154 3547 3373 3616 quidem

1785 3638 1943 3692 valde
1970 3638 2251 3707 antiquam
2283 3638 2407 3707 quis
2439 3653 2548 3691 non
2569 3637 2757 3691 videt?
2788 3637 2930 3703 Quid
2964 3639 3016 3693 itt
3051 3655 3154 3695 suo
3184 3641 3376 3694 codice

1786 3729 1978 3782 viderit
2016 3730 2390 3797 interpolator,
2425 3745 2492 3783 an
2525 3729 2777 3800 Θεότητα,
2815 3746 2881 3783 an
2916 3729 3129 3801 θέλημα
3162 3732 3375 3801 legerit,

1787 3820 1927 3874 seire
1978 3835 2078 3875 nos
2109 3821 2300 3886 noluit,
2328 3821 2463 3874 adeo
2496 3821 2682 3874 omnia
2723 3823 3047 3876 immutavit.
3085 3821 3377 3893 Utcunque

1786 3914 1877 3979 sit,
1898 3914 1943 3969 si
1990 3913 2319 3969 Theodoreti
2363 3915 2651 3968 lectionem
2699 3930 3022 3985 sequamur,
3047 3926 3101 3971 et
3144 3918 3378 3988 Θεότητα

1785 4016 2065 4061 auctorem
2106 4007 2348 4076 epistolae
2397 4007 2684 4076 scripsisse
2722 4017 2998 4076 putemus,
3048 4011 3194 4066 cadit
3223 4012 3377 4080 obje-

1786 4099 1895 4153 ctio
1928 4098 2198 4153 Dallmana
2227 4115 2348 4168 quae
2377 4098 2431 4153 in
2468 4114 2599 4153 voce
2630 4098 2840 4171 θέλημα
2885 4099 3178 4168 fundatur;
3216 4122 3234 4153 ι
3274 4104 3377 4157 du-

1788 4207 1907 4245 rum
1940 4192 2085 4245 enim
2118 4201 2170 4245 et
2196 4191 2283 4245 vix
2314 4191 2622 4257 ferendum,
2651 4193 2746 4258 ait,
2776 4193 2971 4247 Filium
2994 4201 3117 4248 esse
3151 4213 3180 4249 a
3217 4194 3377 4252 Patre

1785 4284 1854 4338 ab
1881 4293 2087 4337 aeterno
2123 4299 2222 4353 per
2255 4284 2590 4338 voluntatem
2624 4293 2676 4337 et
2702 4286 2995 4353 potentiam
3026 4285 3239 4353 Patris;
3278 4307 3295 4338 ι
3326 4289 3374 4343 si

1784 4375 2030 4446 legamus
2061 4374 2295 4447 θέλημα,
2322 4376 2484 4430 etiam
2512 4375 2589 4430 sic
2616 4378 2802 4431 eadem
2835 4378 3070 4447 olijeetio
3093 4379 3198 4432 ruit
3222 4397 3235 4445 ;
3265 4395 3372 4434 non

1786 4469 1931 4523 enim
1974 4477 2223 4522 nostrum
2259 4469 2410 4538 loqui
2461 4470 2528 4525 de
2580 4478 2783 4524 aeterna
2847 4470 3194 4539 generatione
3250 4471 3373 4526 Filii

1787 4565 2020 4620 constat,
2053 4556 2147 4612 sed
2174 4557 2239 4612 de
2264 4558 2640 4612 incarnatione
2666 4557 2867 4627 potius,
2887 4567 2942 4611 ut
2968 4567 3021 4611 et
3054 4562 3376 4614 anteceden-

1787 4651 1859 4704 tia
1894 4660 1946 4703 et
1975 4649 2364 4719 consequentia
2390 4649 2806 4712 demonstrant;
2840 4649 2983 4703 unde
3015 4650 3375 4720 interpolator

1785 4742 1852 4796 ad
1886 4742 2126 4796 divinam
2160 4751 2411 4795 naturam
2445 4747 2557 4795 hazc
2607 4741 2827 4795 trahens
2851 4780 2865 4805 ,
2901 4741 3189 4795 verborum
3224 4744 3373 4797 ordi-

1786 4849 1907 4887 nem
1936 4814 2148 4887 mutare
2174 4844 2398 4889 coactus
2442 4844 2544 4887 est.
2578 4831 2668 4887 Sic
2715 4841 2895 4886 autem
2945 4850 3045 4888 nos
3089 4834 3323 4904 legimus
3355 4854 3368 4889 :

1798 4926 2035 4996 Ἀληθῶς
2050 4925 2176 4979 ὄντα
2198 4928 2262 4980 ὲκ
2275 4926 2464 4995 γένους
2489 4926 2653 4978 Δαϐὶδ
2686 4926 2824 4980 κατὰ
2858 4928 3056 4999 σάρκα,
3083 4927 3210 4979 Υἱὸν
3236 4927 3370 4980 Θεοῦ

1784 5015 1923 5071 κατὰ
1963 5016 2173 5088 θέλημα
2210 5017 2302 5068 καὶ
2332 5015 2558 5086 δύναμιν
2595 5015 2731 5069 Θεοῦ
2764 5017 3127 5089 γεγενημένον
3158 5015 3372 5087 ἀληθῶς

1784 5108 1848 5160 ὲκ
1865 5106 2161 5179 Παρθένου.
2179 5105 2508 5163 Usserianus
2526 5108 2791 5178 interpres
2813 5124 2858 5160 ες
2874 5107 3009 5162 Vere
3021 5109 3368 5162 exsistentem

1785 5199 2059 5271 degenere
2075 5199 2239 5254 David
2259 5201 2558 5256 secundum
2582 5216 2826 5267 carnem,
2842 5201 3035 5255 Filium
3061 5200 3153 5255 Dei
3169 5215 3368 5254 secun-

1785 5292 1915 5347 dum
1947 5294 2281 5348 voluntatem
2313 5303 2368 5348 et
2409 5294 2708 5363 potentiam
2740 5292 2831 5347 Dei
2866 5294 3106 5361 genitum
3150 5306 3278 5346 vere
3298 5306 3369 5347 ex

1790 5383 2029 5454 Virgine,
2056 5405 2073 5437 ι
2110 5386 2337 5440 omnino
2363 5386 2522 5455 quasi
2551 5385 2851 5454 respexerit
2879 5384 2966 5437 illa
3003 5382 3167 5437 verba
3188 5382 3367 5452 angeli

1785 5481 1927 5551 apud
1959 5482 2344 5551 evangelistam
2374 5498 2388 5533 :
2420 5474 2654 5549 Spiritus
2685 5487 2899 5530 sanctus
2947 5477 3273 5551 superveniet
3308 5476 3367 5530 in

1786 5582 1854 5637 te,
1884 5583 1931 5626 et
1981 5572 2144 5625 virtus
2185 5570 2449 5624 Altissimi
2496 5566 2829 5621 obumbrabit
2881 5568 3021 5621 tibi:
3055 5568 3271 5639 ideoque
3315 5577 3367 5623 et

1785 5664 1923 5734 quod
1946 5672 2272 5718 uasceturea:
2300 5671 2347 5715 te
2376 5668 2617 5715 sanctum
2650 5659 2921 5713 vocabitur
2950 5656 3125 5713 Filius
3148 5658 3243 5713 Dei
3273 5660 3365 5716 ⁸⁸⁸.
