  <div class='ocr_page' id='page_1' title='image "/cluster/home/n/w/nwhite01/storage/ocr_20150623/5/hvd.32044019206598/187.png"; bbox 0 0 3770 6306; ppageno 0'>
   <div class='ocr_carea' id='block_1_1' title="bbox 379 239 485 298">
    <p class='ocr_par' dir='ltr' id='par_1_1' title="bbox 379 239 485 298">
     <span class='ocr_line' id='line_1_1' title="bbox 379 239 485 298; baseline -0.028 0"><span class='ocrx_word' id='word_1_1' title='bbox 379 239 485 298; x_wconf 76' lang='grc'><strong>559</strong></span> 
     </span>
    </p>
   </div>
   <div class='ocr_carea' id='block_1_2' title="bbox 1388 244 2515 303">
    <p class='ocr_par' dir='ltr' id='par_1_2' title="bbox 1388 244 2515 303">
     <span class='ocr_line' id='line_1_2' title="bbox 1388 244 2515 303; baseline -0.001 -2"><span class='ocrx_word' id='word_1_2' title='bbox 1388 244 1447 302; x_wconf 92' lang='lat' dir='ltr'><strong>S.</strong></span> <span class='ocrx_word' id='word_1_3' title='bbox 1485 244 1833 303; x_wconf 82' lang='lat' dir='ltr'><strong>lGNATlUS.</strong></span> <span class='ocrx_word' id='word_1_4' title='bbox 1867 275 1934 285; x_wconf 90' lang='lat'><strong><em>—</em></strong></span> <span class='ocrx_word' id='word_1_5' title='bbox 1976 244 2515 302; x_wconf 76' lang='lat' dir='ltr'><strong>PROLEGOMENA.</strong></span> 
     </span>
    </p>
   </div>
   <div class='ocr_carea' id='block_1_3' title="bbox 3556 250 3659 305">
    <p class='ocr_par' dir='ltr' id='par_1_3' title="bbox 3556 250 3659 305">
     <span class='ocr_line' id='line_1_3' title="bbox 3556 250 3659 305; baseline 0 -2"><span class='ocrx_word' id='word_1_6' title='bbox 3556 250 3659 305; x_wconf 69' lang='lat' dir='ltr'><strong>seu</strong></span> 
     </span>
    </p>
   </div>
   <div class='ocr_carea' id='block_1_4' title="bbox 384 364 3657 441">
    <p class='ocr_par' dir='ltr' id='par_1_4' title="bbox 384 364 3657 441">
     <span class='ocr_line' id='line_1_4' title="bbox 384 364 3657 441; baseline -0.002 -15"><span class='ocrx_word' id='word_1_7' title='bbox 384 370 824 427; x_wconf 78' lang='lat' dir='ltr'><strong>luent-nationem</strong></span> <span class='ocrx_word' id='word_1_8' title='bbox 856 379 1035 425; x_wconf 89' lang='lat' dir='ltr'><strong>autem</strong></span> <span class='ocrx_word' id='word_1_9' title='bbox 1066 367 1270 424; x_wconf 93' lang='lat' dir='ltr'><strong>Christi</strong></span> <span class='ocrx_word' id='word_1_10' title='bbox 1290 364 1489 424; x_wconf 78' lang='lat' dir='ltr'><strong>factam</strong></span> <span class='ocrx_word' id='word_1_11' title='bbox 1518 382 1614 439; x_wconf 90' lang='lat' dir='ltr'><strong>per</strong></span> <span class='ocrx_word' id='word_1_12' title='bbox 1629 368 1964 423; x_wconf 86' lang='lat' dir='ltr'><strong>voluntatem</strong></span> <span class='ocrx_word' id='word_1_13' title='bbox 1997 384 2044 441; x_wconf 68' lang='grc' dir='ltr'>Α</span> <span class='ocrx_word' id='word_1_14' title='bbox 2075 366 2180 423; x_wconf 85' lang='lat' dir='ltr'><strong>Sed</strong></span> <span class='ocrx_word' id='word_1_15' title='bbox 2225 367 2473 423; x_wconf 90' lang='lat' dir='ltr'><strong>moderni</strong></span> <span class='ocrx_word' id='word_1_16' title='bbox 2509 365 3241 437; x_wconf 87' lang='lat' dir='ltr'><strong>scriptoresSS.Patribus,</strong></span> <span class='ocrx_word' id='word_1_17' title='bbox 3269 365 3319 422; x_wconf 87' lang='lat' dir='ltr'><strong>si</strong></span> <span class='ocrx_word' id='word_1_18' title='bbox 3346 364 3559 421; x_wconf 65' lang='lat' dir='ltr'><strong>Dallmo</strong></span> <span class='ocrx_word' id='word_1_19' title='bbox 3585 368 3657 422; x_wconf 84' lang='lat' dir='ltr'><strong>ita</strong></span> 
     </span>
    </p>
   </div>
   <div class='ocr_carea' id='block_1_5' title="bbox 383 459 1971 533">
    <p class='ocr_par' dir='ltr' id='par_1_5' title="bbox 383 459 1971 533">
     <span class='ocr_line' id='line_1_5' title="bbox 383 459 1971 533; baseline -0.004 -15"><span class='ocrx_word' id='word_1_20' title='bbox 383 472 439 518; x_wconf 86' lang='lat' dir='ltr'><strong>et</strong></span> <span class='ocrx_word' id='word_1_21' title='bbox 467 463 765 533; x_wconf 76' lang='lat' dir='ltr'><strong>potentiam</strong></span> <span class='ocrx_word' id='word_1_22' title='bbox 824 461 917 516; x_wconf 87' lang='lat' dir='ltr'><strong>Dei</strong></span> <span class='ocrx_word' id='word_1_23' title='bbox 954 476 1115 516; x_wconf 92' lang='lat' dir='ltr'><strong>nemo</strong></span> <span class='ocrx_word' id='word_1_24' title='bbox 1151 470 1330 531; x_wconf 87' lang='lat' dir='ltr'><strong>negat.</strong></span> <span class='ocrx_word' id='word_1_25' title='bbox 1365 480 1382 511; x_wconf 76' lang='grc' dir='ltr'><strong>ι</strong></span> <span class='ocrx_word' id='word_1_26' title='bbox 1446 459 1525 514; x_wconf 99' lang='lat' dir='ltr'><strong>Ex</strong></span> <span class='ocrx_word' id='word_1_27' title='bbox 1560 459 1656 514; x_wconf 88' lang='lat' dir='ltr'><strong>Dei</strong></span> <span class='ocrx_word' id='word_1_28' title='bbox 1691 461 1971 514; x_wconf 86' lang='lat' dir='ltr'><strong>voluntate</strong></span> 
     </span>
    </p>
   </div>
   <div class='ocr_carea' id='block_1_6' title="bbox 386 552 1971 623">
    <p class='ocr_par' dir='ltr' id='par_1_6' title="bbox 386 552 1971 623">
     <span class='ocr_line' id='line_1_6' title="bbox 386 552 1971 623; baseline -0.003 -13"><span class='ocrx_word' id='word_1_29' title='bbox 386 553 625 611; x_wconf 83' lang='lat' dir='ltr'><strong>Verbum</strong></span> <span class='ocrx_word' id='word_1_30' title='bbox 678 570 808 609; x_wconf 89' lang='lat' dir='ltr'><strong>caro</strong></span> <span class='ocrx_word' id='word_1_31' title='bbox 831 552 1032 607; x_wconf 92' lang='lat' dir='ltr'><strong>factum</strong></span> <span class='ocrx_word' id='word_1_32' title='bbox 1051 560 1154 619; x_wconf 88' lang='lat' dir='ltr'><strong>est,</strong></span> <span class='ocrx_word' id='word_1_33' title='bbox 1181 572 1200 605; x_wconf 75' lang='grc' dir='ltr'><strong>ι</strong></span> <span class='ocrx_word' id='word_1_34' title='bbox 1231 553 1411 623; x_wconf 86' lang='lat' dir='ltr'><strong>inquit</strong></span> <span class='ocrx_word' id='word_1_35' title='bbox 1445 552 1836 614; x_wconf 85' lang='lat' dir='ltr'><strong>Tertullianus,</strong></span> <span class='ocrx_word' id='word_1_36' title='bbox 1894 552 1971 606; x_wconf 86' lang='lat' dir='ltr'><strong>De</strong></span> 
     </span>
    </p>
   </div>
   <div class='ocr_carea' id='block_1_7' title="bbox 385 645 1970 716">
    <p class='ocr_par' dir='ltr' id='par_1_7' title="bbox 385 645 1970 716">
     <span class='ocr_line' id='line_1_7' title="bbox 385 645 1970 716; baseline -0.002 -14"><span class='ocrx_word' id='word_1_37' title='bbox 385 665 546 702; x_wconf 68' lang='grc' dir='ltr'><strong>σαι-ηε</strong></span> <span class='ocrx_word' id='word_1_38' title='bbox 575 648 795 709; x_wconf 79' lang='lat' dir='ltr'><strong>Christi,</strong></span> <span class='ocrx_word' id='word_1_39' title='bbox 834 662 953 716; x_wconf 89' lang='lat' dir='ltr'><strong>cap.</strong></span> <span class='ocrx_word' id='word_1_40' title='bbox 984 647 1071 701; x_wconf 85' lang='lat' dir='ltr'><strong>l9.</strong></span> <span class='ocrx_word' id='word_1_41' title='bbox 1105 645 1219 700; x_wconf 90' lang='lat' dir='ltr'><strong>lmo</strong></span> <span class='ocrx_word' id='word_1_42' title='bbox 1261 662 1392 700; x_wconf 86' lang='lat' dir='ltr'><strong>vero</strong></span> <span class='ocrx_word' id='word_1_43' title='bbox 1432 646 1477 701; x_wconf 89' lang='lat' dir='ltr'><strong>si</strong></span> <span class='ocrx_word' id='word_1_44' title='bbox 1502 645 1626 716; x_wconf 89' lang='lat' dir='ltr'><strong>quis</strong></span> <span class='ocrx_word' id='word_1_45' title='bbox 1665 646 1732 701; x_wconf 92' lang='lat' dir='ltr'><strong>de</strong></span> <span class='ocrx_word' id='word_1_46' title='bbox 1766 657 1970 700; x_wconf 54' lang='lat' dir='ltr'><strong>aeterna</strong></span> 
     </span>
    </p>
   </div>
   <div class='ocr_carea' id='block_1_8' title="bbox 387 737 1972 812">
    <p class='ocr_par' dir='ltr' id='par_1_8' title="bbox 387 737 1972 812">
     <span class='ocr_line' id='line_1_8' title="bbox 387 737 1972 812; baseline -0.003 -18"><span class='ocrx_word' id='word_1_47' title='bbox 387 740 740 812; x_wconf 81' lang='lat' dir='ltr'><strong>generatione</strong></span> <span class='ocrx_word' id='word_1_48' title='bbox 767 738 912 803; x_wconf 85' lang='lat' dir='ltr'><strong>Filii,</strong></span> <span class='ocrx_word' id='word_1_49' title='bbox 944 738 1088 808; x_wconf 87' lang='lat' dir='ltr'><strong>quod</strong></span> <span class='ocrx_word' id='word_1_50' title='bbox 1142 752 1366 793; x_wconf 88' lang='lat' dir='ltr'><strong>necesse</strong></span> <span class='ocrx_word' id='word_1_51' title='bbox 1400 752 1510 792; x_wconf 91' lang='lat' dir='ltr'><strong>non</strong></span> <span class='ocrx_word' id='word_1_52' title='bbox 1540 746 1644 802; x_wconf 91' lang='lat' dir='ltr'><strong>est,</strong></span> <span class='ocrx_word' id='word_1_53' title='bbox 1670 737 1785 791; x_wconf 56' lang='lat' dir='ltr'><strong>haec</strong></span> <span class='ocrx_word' id='word_1_54' title='bbox 1827 738 1972 791; x_wconf 87' lang='lat' dir='ltr'><strong>acci-</strong></span> 
     </span>
    </p>
   </div>
   <div class='ocr_carea' id='block_1_9' title="bbox 384 828 1969 902">
    <p class='ocr_par' dir='ltr' id='par_1_9' title="bbox 384 828 1969 902">
     <span class='ocr_line' id='line_1_9' title="bbox 384 828 1969 902; baseline -0.003 -16"><span class='ocrx_word' id='word_1_55' title='bbox 384 849 513 902; x_wconf 86' lang='lat' dir='ltr'><strong>pere</strong></span> <span class='ocrx_word' id='word_1_56' title='bbox 562 830 813 896; x_wconf 87' lang='lat' dir='ltr'><strong>voluerit,</strong></span> <span class='ocrx_word' id='word_1_57' title='bbox 842 846 1014 901; x_wconf 88' lang='lat' dir='ltr'><strong>quare</strong></span> <span class='ocrx_word' id='word_1_58' title='bbox 1056 831 1164 885; x_wconf 91' lang='lat' dir='ltr'><strong>hoc</strong></span> <span class='ocrx_word' id='word_1_59' title='bbox 1210 829 1262 883; x_wconf 90' lang='lat' dir='ltr'><strong>in</strong></span> <span class='ocrx_word' id='word_1_60' title='bbox 1324 828 1533 899; x_wconf 82' lang='lat' dir='ltr'><strong>lgnatio</strong></span> <span class='ocrx_word' id='word_1_61' title='bbox 1575 838 1813 899; x_wconf 80' lang='lat' dir='ltr'><strong>martyre</strong></span> <span class='ocrx_word' id='word_1_62' title='bbox 1860 843 1969 881; x_wconf 89' lang='lat' dir='ltr'><strong>non</strong></span> 
     </span>
    </p>
   </div>
   <div class='ocr_carea' id='block_1_10' title="bbox 387 915 1971 992">
    <p class='ocr_par' dir='ltr' id='par_1_10' title="bbox 387 915 1971 992">
     <span class='ocr_line' id='line_1_10' title="bbox 387 915 1971 992; baseline -0.003 -16"><span class='ocrx_word' id='word_1_63' title='bbox 387 922 694 988; x_wconf 85' lang='lat' dir='ltr'><strong>ferendum,</strong></span> <span class='ocrx_word' id='word_1_64' title='bbox 743 922 889 992; x_wconf 88' lang='lat' dir='ltr'><strong>quod</strong></span> <span class='ocrx_word' id='word_1_65' title='bbox 950 921 1003 974; x_wconf 88' lang='lat' dir='ltr'><strong>in</strong></span> <span class='ocrx_word' id='word_1_66' title='bbox 1077 920 1199 974; x_wconf 88' lang='lat' dir='ltr'><strong>aliis</strong></span> <span class='ocrx_word' id='word_1_67' title='bbox 1261 918 1522 974; x_wconf 86' lang='lat' dir='ltr'><strong>ferimus?</strong></span> <span class='ocrx_word' id='word_1_68' title='bbox 1546 928 1605 974; x_wconf 92' lang='lat' dir='ltr'><strong>ut</strong></span> <span class='ocrx_word' id='word_1_69' title='bbox 1662 918 1717 972; x_wconf 90' lang='lat' dir='ltr'><strong>in</strong></span> <span class='ocrx_word' id='word_1_70' title='bbox 1755 915 1971 972; x_wconf 84' lang='lat' dir='ltr'><strong>Justino</strong></span> 
     </span>
    </p>
   </div>
   <div class='ocr_carea' id='block_1_11' title="bbox 384 1003 1968 1083">
    <p class='ocr_par' dir='ltr' id='par_1_11' title="bbox 384 1003 1968 1083">
     <span class='ocr_line' id='line_1_11' title="bbox 384 1003 1968 1083; baseline -0.008 -16"><span class='ocrx_word' id='word_1_71' title='bbox 384 1022 645 1083; x_wconf 84' lang='lat' dir='ltr'><strong>martyre,</strong></span> <span class='ocrx_word' id='word_1_72' title='bbox 686 1026 813 1066; x_wconf 90' lang='lat' dir='ltr'><strong>cum</strong></span> <span class='ocrx_word' id='word_1_73' title='bbox 861 1011 929 1065; x_wconf 91' lang='lat' dir='ltr'><strong>de</strong></span> <span class='ocrx_word' id='word_1_74' title='bbox 983 1008 1095 1064; x_wconf 91' lang='lat' dir='ltr'><strong>Deo</strong></span> <span class='ocrx_word' id='word_1_75' title='bbox 1124 1007 1306 1063; x_wconf 81' lang='lat' dir='ltr'><strong>Verbo</strong></span> <span class='ocrx_word' id='word_1_76' title='bbox 1357 1007 1622 1077; x_wconf 88' lang='lat' dir='ltr'><strong>loquitur,</strong></span> <span class='ocrx_word' id='word_1_77' title='bbox 1657 1003 1803 1059; x_wconf 82' lang='lat' dir='ltr'><strong>Dial.</strong></span> <span class='ocrx_word' id='word_1_78' title='bbox 1850 1020 1968 1057; x_wconf 88' lang='lat' dir='ltr'><strong>cum</strong></span> 
     </span>
    </p>
   </div>
   <div class='ocr_carea' id='block_1_12' title="bbox 388 1092 1971 1173">
    <p class='ocr_par' dir='ltr' id='par_1_12' title="bbox 388 1092 1971 1173">
     <span class='ocr_line' id='line_1_12' title="bbox 388 1092 1971 1173; baseline -0.008 -17"><span class='ocrx_word' id='word_1_79' title='bbox 388 1102 696 1173; x_wconf 76' lang='lat' dir='ltr'><strong>Tryphotte:</strong></span> <span class='ocrx_word' id='word_1_80' title='bbox 737 1101 831 1154; x_wconf 86' lang='grc' dir='ltr'><strong>Ἐκ</strong></span> <span class='ocrx_word' id='word_1_81' title='bbox 860 1098 953 1153; x_wconf 79' lang='grc' dir='ltr'>τοῦ</span> <span class='ocrx_word' id='word_1_82' title='bbox 982 1099 1091 1153; x_wconf 84' lang='grc' dir='ltr'><strong>ἀπὸ</strong></span> <span class='ocrx_word' id='word_1_83' title='bbox 1129 1096 1224 1152; x_wconf 81' lang='grc' dir='ltr'><strong>τοῦ</strong></span> <span class='ocrx_word' id='word_1_84' title='bbox 1254 1096 1467 1168; x_wconf 82' lang='grc' dir='ltr'><strong>Πατρὸς</strong></span> <span class='ocrx_word' id='word_1_85' title='bbox 1492 1096 1709 1168; x_wconf 85' lang='grc' dir='ltr'><strong>θελήσει</strong></span> <span class='ocrx_word' id='word_1_86' title='bbox 1741 1092 1971 1163; x_wconf 84' lang='grc' dir='ltr'><strong>γεγενῆ-</strong></span> 
     </span>
    </p>
   </div>
   <div class='ocr_carea' id='block_1_13' title="bbox 384 1184 1967 1263">
    <p class='ocr_par' dir='ltr' id='par_1_13' title="bbox 384 1184 1967 1263">
     <span class='ocr_line' id='line_1_13' title="bbox 384 1184 1967 1263; baseline -0.006 -14"><span class='ocrx_word' id='word_1_87' title='bbox 384 1195 529 1258; x_wconf 84' lang='grc' dir='ltr'>σθαι,</span> <span class='ocrx_word' id='word_1_88' title='bbox 567 1213 586 1246; x_wconf 77' lang='grc' dir='ltr'><strong>ι</strong></span> <span class='ocrx_word' id='word_1_89' title='bbox 612 1209 678 1249; x_wconf 90' lang='lat' dir='ltr'><strong>eo</strong></span> <span class='ocrx_word' id='word_1_90' title='bbox 694 1193 840 1263; x_wconf 88' lang='lat' dir='ltr'><strong>quod</strong></span> <span class='ocrx_word' id='word_1_91' title='bbox 862 1208 928 1247; x_wconf 89' lang='lat' dir='ltr'><strong>ex</strong></span> <span class='ocrx_word' id='word_1_92' title='bbox 956 1191 1138 1248; x_wconf 88' lang='lat' dir='ltr'><strong>Patris</strong></span> <span class='ocrx_word' id='word_1_93' title='bbox 1164 1190 1424 1245; x_wconf 88' lang='lat' dir='ltr'><strong>volitione</strong></span> <span class='ocrx_word' id='word_1_94' title='bbox 1444 1197 1606 1243; x_wconf 90' lang='lat' dir='ltr'><strong>natus</strong></span> <span class='ocrx_word' id='word_1_95' title='bbox 1627 1197 1731 1254; x_wconf 88' lang='lat' dir='ltr'><strong>est,</strong></span> <span class='ocrx_word' id='word_1_96' title='bbox 1755 1184 1882 1255; x_wconf 68' lang='lat' dir='ltr'><strong>rqui</strong></span> <span class='ocrx_word' id='word_1_97' title='bbox 1898 1184 1967 1239; x_wconf 89' lang='lat' dir='ltr'><strong>ad</strong></span> 
     </span>
    </p>
   </div>
   <div class='ocr_carea' id='block_1_14' title="bbox 381 1276 1968 1355">
    <p class='ocr_par' dir='ltr' id='par_1_14' title="bbox 381 1276 1968 1355">
     <span class='ocr_line' id='line_1_14' title="bbox 381 1276 1968 1355; baseline -0.008 -16"><span class='ocrx_word' id='word_1_98' title='bbox 381 1283 636 1339; x_wconf 89' lang='lat' dir='ltr'><strong>eumdem</strong></span> <span class='ocrx_word' id='word_1_99' title='bbox 664 1284 843 1337; x_wconf 91' lang='lat' dir='ltr'><strong>locum</strong></span> <span class='ocrx_word' id='word_1_100' title='bbox 886 1293 1076 1352; x_wconf 89' lang='lat' dir='ltr'><strong>postea</strong></span> <span class='ocrx_word' id='word_1_101' title='bbox 1121 1280 1440 1350; x_wconf 85' lang='lat' dir='ltr'><strong>respiciens,</strong></span> <span class='ocrx_word' id='word_1_102' title='bbox 1479 1278 1596 1333; x_wconf 85' lang='lat' dir='ltr'><strong>ait:</strong></span> <span class='ocrx_word' id='word_1_103' title='bbox 1629 1276 1739 1330; x_wconf 79' lang='grc' dir='ltr'>Καὶ</span> <span class='ocrx_word' id='word_1_104' title='bbox 1773 1278 1831 1355; x_wconf 70' lang='grc' dir='ltr'><strong>ὲν</strong></span> <span class='ocrx_word' id='word_1_105' title='bbox 1856 1277 1968 1339; x_wconf 85' lang='grc' dir='ltr'><strong>τοῖς</strong></span> 
     </span>
    </p>
   </div>
   <div class='ocr_carea' id='block_1_15' title="bbox 381 1370 1967 1451">
    <p class='ocr_par' dir='ltr' id='par_1_15' title="bbox 381 1370 1967 1451">
     <span class='ocr_line' id='line_1_15' title="bbox 381 1370 1967 1451; baseline -0.004 -21"><span class='ocrx_word' id='word_1_106' title='bbox 381 1376 801 1451; x_wconf 80' lang='grc' dir='ltr'><strong>προειρημένοις</strong></span> <span class='ocrx_word' id='word_1_107' title='bbox 838 1374 927 1428; x_wconf 80' lang='grc' dir='ltr'>διὰ</span> <span class='ocrx_word' id='word_1_108' title='bbox 961 1373 1205 1445; x_wconf 77' lang='grc' dir='ltr'><strong>βραχέων</strong></span> <span class='ocrx_word' id='word_1_109' title='bbox 1248 1373 1337 1427; x_wconf 82' lang='grc' dir='ltr'><strong>τὸν</strong></span> <span class='ocrx_word' id='word_1_110' title='bbox 1385 1372 1558 1442; x_wconf 83' lang='grc' dir='ltr'>Λόγον</span> <span class='ocrx_word' id='word_1_111' title='bbox 1592 1372 1850 1445; x_wconf 76' lang='grc' dir='ltr'><strong>ἐξήτασα,</strong></span> <span class='ocrx_word' id='word_1_112' title='bbox 1886 1370 1967 1423; x_wconf 77' lang='grc' dir='ltr'><strong>εἱ-</strong></span> 
     </span>
    </p>
   </div>
   <div class='ocr_carea' id='block_1_16' title="bbox 383 1461 1969 1541">
    <p class='ocr_par' dir='ltr' id='par_1_16' title="bbox 383 1461 1969 1541">
     <span class='ocr_line' id='line_1_16' title="bbox 383 1461 1969 1541; baseline -0.007 -16"><span class='ocrx_word' id='word_1_113' title='bbox 383 1470 503 1526; x_wconf 87' lang='grc' dir='ltr'><strong>πὼν</strong></span> <span class='ocrx_word' id='word_1_114' title='bbox 536 1470 632 1541; x_wconf 78' lang='grc' dir='ltr'><strong>τὴν</strong></span> <span class='ocrx_word' id='word_1_115' title='bbox 653 1469 881 1539; x_wconf 81' lang='grc' dir='ltr'><strong>δύναμιν</strong></span> <span class='ocrx_word' id='word_1_116' title='bbox 907 1467 1113 1538; x_wconf 79' lang='grc' dir='ltr'><strong>ταύτην</strong></span> <span class='ocrx_word' id='word_1_117' title='bbox 1134 1465 1464 1537; x_wconf 81' lang='grc' dir='ltr'>γεγενῆσθαι</span> <span class='ocrx_word' id='word_1_118' title='bbox 1484 1465 1594 1519; x_wconf 85' lang='grc' dir='ltr'><strong>ἀπὸ</strong></span> <span class='ocrx_word' id='word_1_119' title='bbox 1625 1464 1718 1519; x_wconf 79' lang='grc' dir='ltr'><strong>τοῦ</strong></span> <span class='ocrx_word' id='word_1_120' title='bbox 1752 1461 1969 1536; x_wconf 79' lang='grc' dir='ltr'><strong>Πατρὸς</strong></span> 
     </span>
    </p>
   </div>
   <div class='ocr_carea' id='block_1_17' title="bbox 381 1555 1965 1634">
    <p class='ocr_par' dir='ltr' id='par_1_17' title="bbox 381 1555 1965 1634">
     <span class='ocr_line' id='line_1_17' title="bbox 381 1555 1965 1634; baseline -0.006 -16"><span class='ocrx_word' id='word_1_121' title='bbox 381 1564 608 1634; x_wconf 83' lang='grc' dir='ltr'><strong>δυνάμει</strong></span> <span class='ocrx_word' id='word_1_122' title='bbox 664 1562 758 1615; x_wconf 74' lang='grc' dir='ltr'><strong>καὶ</strong></span> <span class='ocrx_word' id='word_1_123' title='bbox 793 1560 954 1631; x_wconf 79' lang='grc' dir='ltr'>βουλῇ</span> <span class='ocrx_word' id='word_1_124' title='bbox 1003 1559 1186 1612; x_wconf 78' lang='grc' dir='ltr'><strong>αὑτοῦ.</strong></span> <span class='ocrx_word' id='word_1_125' title='bbox 1253 1558 1584 1612; x_wconf 88' lang='lat' dir='ltr'><strong>Clementem</strong></span> <span class='ocrx_word' id='word_1_126' title='bbox 1640 1555 1965 1612; x_wconf 80' lang='lat' dir='ltr'><strong>Alexandri—</strong></span> 
     </span>
    </p>
   </div>
   <div class='ocr_carea' id='block_1_18' title="bbox 384 1642 1965 1720">
    <p class='ocr_par' dir='ltr' id='par_1_18' title="bbox 384 1642 1965 1720">
     <span class='ocr_line' id='line_1_18' title="bbox 384 1642 1965 1720; baseline -0.008 -11"><span class='ocrx_word' id='word_1_127' title='bbox 384 1671 512 1710; x_wconf 87' lang='lat' dir='ltr'><strong>num</strong></span> <span class='ocrx_word' id='word_1_128' title='bbox 550 1652 778 1708; x_wconf 88' lang='lat' dir='ltr'><strong>ferimus</strong></span> <span class='ocrx_word' id='word_1_129' title='bbox 823 1652 917 1720; x_wconf 88' lang='lat' dir='ltr'><strong>qui</strong></span> <span class='ocrx_word' id='word_1_130' title='bbox 950 1649 1187 1703; x_wconf 77' lang='lat' dir='ltr'><strong>Verbum</strong></span> <span class='ocrx_word' id='word_1_131' title='bbox 1242 1648 1457 1703; x_wconf 84' lang='lat' dir='ltr'><strong>vocavit</strong></span> <span class='ocrx_word' id='word_1_132' title='bbox 1496 1646 1556 1700; x_wconf 83' lang='grc' dir='ltr'><strong>τὸ</strong></span> <span class='ocrx_word' id='word_1_133' title='bbox 1610 1645 1823 1717; x_wconf 80' lang='grc' dir='ltr'><strong>θέλημα</strong></span> <span class='ocrx_word' id='word_1_134' title='bbox 1872 1642 1965 1698; x_wconf 82' lang='grc' dir='ltr'><strong>τοῦ</strong></span> 
     </span>
    </p>
   </div>
   <div class='ocr_carea' id='block_1_19' title="bbox 2075 457 3657 530">
    <p class='ocr_par' dir='ltr' id='par_1_19' title="bbox 2075 457 3657 530">
     <span class='ocr_line' id='line_1_19' title="bbox 2075 457 3657 530; baseline -0.001 -17"><span class='ocrx_word' id='word_1_135' title='bbox 2075 461 2347 525; x_wconf 78' lang='lat' dir='ltr'><strong>videatur,</strong></span> <span class='ocrx_word' id='word_1_136' title='bbox 2378 460 2738 530; x_wconf 89' lang='lat' dir='ltr'><strong>sapientiores</strong></span> <span class='ocrx_word' id='word_1_137' title='bbox 2772 469 2965 527; x_wconf 89' lang='lat' dir='ltr'><strong>sunto;</strong></span> <span class='ocrx_word' id='word_1_138' title='bbox 3000 468 3150 515; x_wconf 90' lang='lat' dir='ltr'><strong>certe</strong></span> <span class='ocrx_word' id='word_1_139' title='bbox 3188 457 3414 514; x_wconf 86' lang='lat' dir='ltr'><strong>lsaacus</strong></span> <span class='ocrx_word' id='word_1_140' title='bbox 3445 457 3657 513; x_wconf 83' lang='lat' dir='ltr'><strong>Casau-</strong></span> 
     </span>
    </p>
   </div>
   <div class='ocr_carea' id='block_1_20' title="bbox 2074 551 3658 622">
    <p class='ocr_par' dir='ltr' id='par_1_20' title="bbox 2074 551 3658 622">
     <span class='ocr_line' id='line_1_20' title="bbox 2074 551 3658 622; baseline -0.004 -13"><span class='ocrx_word' id='word_1_141' title='bbox 2074 554 2291 618; x_wconf 85' lang='lat' dir='ltr'><strong>bonus,</strong></span> <span class='ocrx_word' id='word_1_142' title='bbox 2342 562 2398 609; x_wconf 89' lang='lat' dir='ltr'><strong>et</strong></span> <span class='ocrx_word' id='word_1_143' title='bbox 2448 561 2652 607; x_wconf 78' lang='lat' dir='ltr'><strong>nostrae</strong></span> <span class='ocrx_word' id='word_1_144' title='bbox 2708 552 3108 622; x_wconf 82' lang='lat' dir='ltr'><strong>professionis,</strong></span> <span class='ocrx_word' id='word_1_145' title='bbox 3156 561 3212 606; x_wconf 91' lang='lat' dir='ltr'><strong>et</strong></span> <span class='ocrx_word' id='word_1_146' title='bbox 3250 551 3455 606; x_wconf 85' lang='lat' dir='ltr'><strong>summi</strong></span> <span class='ocrx_word' id='word_1_147' title='bbox 3516 552 3658 620; x_wconf 86' lang='lat' dir='ltr'><strong>apud</strong></span> 
     </span>
    </p>
   </div>
   <div class='ocr_carea' id='block_1_21' title="bbox 2074 644 3656 717">
    <p class='ocr_par' dir='ltr' id='par_1_21' title="bbox 2074 644 3656 717">
     <span class='ocr_line' id='line_1_21' title="bbox 2074 644 3656 717; baseline -0.002 -16"><span class='ocrx_word' id='word_1_148' title='bbox 2074 662 2268 702; x_wconf 90' lang='lat' dir='ltr'><strong>omnes</strong></span> <span class='ocrx_word' id='word_1_149' title='bbox 2310 646 2556 717; x_wconf 55' lang='lat' dir='ltr'><strong>eruditos</strong></span> <span class='ocrx_word' id='word_1_150' title='bbox 2587 647 2828 701; x_wconf 86' lang='lat' dir='ltr'><strong>nominis</strong></span> <span class='ocrx_word' id='word_1_151' title='bbox 2868 646 3114 704; x_wconf 87' lang='lat' dir='ltr'><strong>criticus.</strong></span> <span class='ocrx_word' id='word_1_152' title='bbox 3146 661 3273 700; x_wconf 91' lang='lat' dir='ltr'><strong>cum</strong></span> <span class='ocrx_word' id='word_1_153' title='bbox 3310 644 3430 699; x_wconf 66' lang='lat' dir='ltr'><strong>haec</strong></span> <span class='ocrx_word' id='word_1_154' title='bbox 3476 645 3656 698; x_wconf 83' lang='lat' dir='ltr'><strong>omnia</strong></span> 
     </span>
    </p>
   </div>
   <div class='ocr_carea' id='block_1_22' title="bbox 2072 733 3652 807">
    <p class='ocr_par' dir='ltr' id='par_1_22' title="bbox 2072 733 3652 807">
     <span class='ocr_line' id='line_1_22' title="bbox 2072 733 3652 807; baseline -0.003 -16"><span class='ocrx_word' id='word_1_155' title='bbox 2072 738 2277 807; x_wconf 87' lang='lat' dir='ltr'><strong>optime</strong></span> <span class='ocrx_word' id='word_1_156' title='bbox 2331 738 2613 803; x_wconf 84' lang='lat' dir='ltr'><strong>novisset,</strong></span> <span class='ocrx_word' id='word_1_157' title='bbox 2668 737 2750 793; x_wconf 88' lang='lat' dir='ltr'><strong>sic</strong></span> <span class='ocrx_word' id='word_1_158' title='bbox 2798 747 2982 792; x_wconf 89' lang='lat' dir='ltr'><strong>tamen</strong></span> <span class='ocrx_word' id='word_1_159' title='bbox 3046 735 3314 807; x_wconf 84' lang='lat' dir='ltr'><strong>lgnatium</strong></span> <span class='ocrx_word' id='word_1_160' title='bbox 3376 733 3652 789; x_wconf 79' lang='lat' dir='ltr'><strong>defendit:</strong></span> 
     </span>
    </p>
   </div>
   <div class='ocr_carea' id='block_1_23' title="bbox 2079 828 3654 900">
    <p class='ocr_par' dir='ltr' id='par_1_23' title="bbox 2079 828 3654 900">
     <span class='ocr_line' id='line_1_23' title="bbox 2079 828 3654 900; baseline -0.001 -17"><span class='ocrx_word' id='word_1_161' title='bbox 2079 849 2098 883; x_wconf 80' lang='grc' dir='ltr'><strong>ι</strong></span> <span class='ocrx_word' id='word_1_162' title='bbox 2128 829 2239 885; x_wconf 90' lang='lat' dir='ltr'><strong>Nec</strong></span> <span class='ocrx_word' id='word_1_163' title='bbox 2276 831 2475 885; x_wconf 90' lang='lat' dir='ltr'><strong>mirum</strong></span> <span class='ocrx_word' id='word_1_164' title='bbox 2513 840 2597 885; x_wconf 91' lang='lat' dir='ltr'><strong>est</strong></span> <span class='ocrx_word' id='word_1_165' title='bbox 2622 830 2800 884; x_wconf 89' lang='lat' dir='ltr'><strong>virum</strong></span> <span class='ocrx_word' id='word_1_166' title='bbox 2830 828 2922 884; x_wconf 90' lang='lat' dir='ltr'><strong>Dei</strong></span> <span class='ocrx_word' id='word_1_167' title='bbox 2959 828 3228 900; x_wconf 82' lang='lat' dir='ltr'><strong>lgnatium</strong></span> <span class='ocrx_word' id='word_1_168' title='bbox 3277 830 3457 883; x_wconf 90' lang='lat' dir='ltr'><strong>citare</strong></span> <span class='ocrx_word' id='word_1_169' title='bbox 3485 828 3654 881; x_wconf 85' lang='lat' dir='ltr'><strong>obiter</strong></span> 
     </span>
    </p>
   </div>
   <div class='ocr_carea' id='block_1_24' title="bbox 2072 920 3651 993">
    <p class='ocr_par' dir='ltr' id='par_1_24' title="bbox 2072 920 3651 993">
     <span class='ocr_line' id='line_1_24' title="bbox 2072 920 3651 993; baseline -0.003 -16"><span class='ocrx_word' id='word_1_170' title='bbox 2072 923 2337 992; x_wconf 91' lang='lat' dir='ltr'><strong>scriptum</strong></span> <span class='ocrx_word' id='word_1_171' title='bbox 2408 923 2782 993; x_wconf 85' lang='lat' dir='ltr'><strong>apocryphum</strong></span> <span class='ocrx_word' id='word_1_172' title='bbox 2811 962 2826 988; x_wconf 95' lang='lat'><strong>,</strong></span> <span class='ocrx_word' id='word_1_173' title='bbox 2899 920 3187 990; x_wconf 90' lang='lat' dir='ltr'><strong>rejiculum</strong></span> <span class='ocrx_word' id='word_1_174' title='bbox 3235 928 3287 974; x_wconf 89' lang='lat' dir='ltr'><strong>et</strong></span> <span class='ocrx_word' id='word_1_175' title='bbox 3332 920 3651 987; x_wconf 88' lang='lat' dir='ltr'><strong>reprobum.</strong></span> 
     </span>
    </p>
   </div>
   <div class='ocr_carea' id='block_1_25' title="bbox 2069 1009 3652 1085">
    <p class='ocr_par' dir='ltr' id='par_1_25' title="bbox 2069 1009 3652 1085">
     <span class='ocr_line' id='line_1_25' title="bbox 2069 1009 3652 1085; baseline -0.002 -17"><span class='ocrx_word' id='word_1_176' title='bbox 2069 1012 2207 1069; x_wconf 84' lang='lat' dir='ltr'><strong>Nam</strong></span> <span class='ocrx_word' id='word_1_177' title='bbox 2249 1021 2386 1085; x_wconf 86' lang='lat' dir='ltr'><strong>quot</strong></span> <span class='ocrx_word' id='word_1_178' title='bbox 2423 1014 2595 1070; x_wconf 89' lang='lat' dir='ltr'><strong>libros</strong></span> <span class='ocrx_word' id='word_1_179' title='bbox 2639 1013 2887 1083; x_wconf 90' lang='lat' dir='ltr'><strong>ejusdem</strong></span> <span class='ocrx_word' id='word_1_180' title='bbox 2930 1012 3123 1067; x_wconf 74' lang='lat' dir='ltr'><strong>farina:</strong></span> <span class='ocrx_word' id='word_1_181' title='bbox 3167 1011 3357 1066; x_wconf 85' lang='lat' dir='ltr'><strong>laudat</strong></span> <span class='ocrx_word' id='word_1_182' title='bbox 3400 1009 3652 1065; x_wconf 86' lang='lat' dir='ltr'><strong>Clemens</strong></span> 
     </span>
    </p>
   </div>
   <div class='ocr_carea' id='block_1_26' title="bbox 2069 1104 3652 1174">
    <p class='ocr_par' dir='ltr' id='par_1_26' title="bbox 2069 1104 3652 1174">
     <span class='ocr_line' id='line_1_26' title="bbox 2069 1104 3652 1174; baseline -0.004 -12"><span class='ocrx_word' id='word_1_183' title='bbox 2069 1106 2531 1163; x_wconf 80' lang='lat' dir='ltr'><strong>Alexandrinus?</strong></span> <span class='ocrx_word' id='word_1_184' title='bbox 2590 1104 2954 1161; x_wconf 82' lang='lat' dir='ltr'><strong>Verissimum</strong></span> <span class='ocrx_word' id='word_1_185' title='bbox 3013 1119 3212 1174; x_wconf 89' lang='lat' dir='ltr'><strong>nempe</strong></span> <span class='ocrx_word' id='word_1_186' title='bbox 3262 1110 3351 1158; x_wconf 89' lang='lat' dir='ltr'><strong>est</strong></span> <span class='ocrx_word' id='word_1_187' title='bbox 3413 1114 3652 1171; x_wconf 77' lang='lat' dir='ltr'><strong>tempore</strong></span> 
     </span>
    </p>
   </div>
   <div class='ocr_carea' id='block_1_27' title="bbox 2070 1195 3652 1271">
    <p class='ocr_par' dir='ltr' id='par_1_27' title="bbox 2070 1195 3652 1271">
     <span class='ocr_line' id='line_1_27' title="bbox 2070 1195 3652 1271; baseline -0.005 -15"><span class='ocrx_word' id='word_1_188' title='bbox 2070 1215 2212 1271; x_wconf 91' lang='lat' dir='ltr'><strong>opus</strong></span> <span class='ocrx_word' id='word_1_189' title='bbox 2256 1198 2451 1267; x_wconf 89' lang='lat' dir='ltr'><strong>fuisse,</strong></span> <span class='ocrx_word' id='word_1_190' title='bbox 2496 1208 2556 1254; x_wconf 89' lang='lat' dir='ltr'><strong>ut</strong></span> <span class='ocrx_word' id='word_1_191' title='bbox 2601 1197 2861 1254; x_wconf 65' lang='lat' dir='ltr'><strong>Ecclesiae</strong></span> <span class='ocrx_word' id='word_1_192' title='bbox 2906 1198 3235 1252; x_wconf 81' lang='lat' dir='ltr'><strong>auctoritate</strong></span> <span class='ocrx_word' id='word_1_193' title='bbox 3290 1195 3652 1266; x_wconf 84' lang='lat' dir='ltr'><strong>rejicerentnr</strong></span> 
     </span>
    </p>
   </div>
   <div class='ocr_carea' id='block_1_28' title="bbox 2070 1290 3647 1362">
    <p class='ocr_par' dir='ltr' id='par_1_28' title="bbox 2070 1290 3647 1362">
     <span class='ocr_line' id='line_1_28' title="bbox 2070 1290 3647 1362; baseline -0.002 -15"><span class='ocrx_word' id='word_1_194' title='bbox 2070 1291 2225 1347; x_wconf 90' lang='lat' dir='ltr'><strong>multi</strong></span> <span class='ocrx_word' id='word_1_195' title='bbox 2264 1291 2419 1354; x_wconf 90' lang='lat' dir='ltr'><strong>libri,</strong></span> <span class='ocrx_word' id='word_1_196' title='bbox 2456 1291 2549 1362; x_wconf 90' lang='lat' dir='ltr'><strong>qui</strong></span> <span class='ocrx_word' id='word_1_197' title='bbox 2583 1290 2775 1362; x_wconf 83' lang='lat' dir='ltr'><strong>primis</strong></span> <span class='ocrx_word' id='word_1_198' title='bbox 2818 1290 3033 1346; x_wconf 68' lang='lat' dir='ltr'><strong>saeculis</strong></span> <span class='ocrx_word' id='word_1_199' title='bbox 3079 1290 3431 1345; x_wconf 87' lang='lat' dir='ltr'><strong>auctoritatis</strong></span> <span class='ocrx_word' id='word_1_200' title='bbox 3464 1291 3647 1345; x_wconf 79' lang='lat' dir='ltr'><strong>saltem</strong></span> 
     </span>
    </p>
   </div>
   <div class='ocr_carea' id='block_1_29' title="bbox 2069 1382 3647 1455">
    <p class='ocr_par' dir='ltr' id='par_1_29' title="bbox 2069 1382 3647 1455">
     <span class='ocr_line' id='line_1_29' title="bbox 2069 1382 3647 1455; baseline -0.002 -15"><span class='ocrx_word' id='word_1_201' title='bbox 2069 1385 2324 1455; x_wconf 86' lang='lat' dir='ltr'><strong>ancipitis</strong></span> <span class='ocrx_word' id='word_1_202' title='bbox 2366 1384 2603 1440; x_wconf 81' lang='lat' dir='ltr'><strong>fuerant.</strong></span> <span class='ocrx_word' id='word_1_203' title='bbox 2638 1403 2658 1437; x_wconf 73' lang='grc' dir='ltr'><strong>ι</strong></span> <span class='ocrx_word' id='word_1_204' title='bbox 2708 1382 2983 1439; x_wconf 84' lang='lat' dir='ltr'><strong>Observat</strong></span> <span class='ocrx_word' id='word_1_205' title='bbox 3031 1384 3150 1454; x_wconf 90' lang='lat' dir='ltr'><strong>ipse</strong></span> <span class='ocrx_word' id='word_1_206' title='bbox 3194 1382 3521 1438; x_wconf 90' lang='lat' dir='ltr'><strong>Blondellus</strong></span> <span class='ocrx_word' id='word_1_207' title='bbox 3550 1399 3647 1437; x_wconf 79' lang='lat' dir='ltr'><strong>non</strong></span> 
     </span>
    </p>
   </div>
   <div class='ocr_carea' id='block_1_30' title="bbox 2069 1476 3645 1548">
    <p class='ocr_par' dir='ltr' id='par_1_30' title="bbox 2069 1476 3645 1548">
     <span class='ocr_line' id='line_1_30' title="bbox 2069 1476 3645 1548; baseline -0.001 -16"><span class='ocrx_word' id='word_1_208' title='bbox 2069 1486 2201 1532; x_wconf 89' lang='lat' dir='ltr'><strong>tunc</strong></span> <span class='ocrx_word' id='word_1_209' title='bbox 2228 1486 2505 1548; x_wconf 87' lang='lat' dir='ltr'><strong>repertum</strong></span> <span class='ocrx_word' id='word_1_210' title='bbox 2528 1492 2651 1532; x_wconf 91' lang='lat' dir='ltr'><strong>csse</strong></span> <span class='ocrx_word' id='word_1_211' title='bbox 2673 1492 3028 1548; x_wconf 88' lang='lat' dir='ltr'><strong>quemquam,</strong></span> <span class='ocrx_word' id='word_1_212' title='bbox 3059 1477 3153 1547; x_wconf 90' lang='lat' dir='ltr'><strong>qui</strong></span> <span class='ocrx_word' id='word_1_213' title='bbox 3191 1476 3440 1532; x_wconf 86' lang='lat' dir='ltr'><strong>cavenda</strong></span> <span class='ocrx_word' id='word_1_214' title='bbox 3474 1477 3645 1530; x_wconf 81' lang='lat' dir='ltr'><strong>omnia</strong></span> 
     </span>
    </p>
   </div>
   <div class='ocr_carea' id='block_1_31' title="bbox 2069 1569 3646 1643">
    <p class='ocr_par' dir='ltr' id='par_1_31' title="bbox 2069 1569 3646 1643">
     <span class='ocr_line' id='line_1_31' title="bbox 2069 1569 3646 1643; baseline -0.001 -17"><span class='ocrx_word' id='word_1_215' title='bbox 2069 1573 2408 1643; x_wconf 83' lang='lat' dir='ltr'><strong>apocrypha,</strong></span> <span class='ocrx_word' id='word_1_216' title='bbox 2449 1579 2503 1624; x_wconf 88' lang='lat' dir='ltr'><strong>et</strong></span> <span class='ocrx_word' id='word_1_217' title='bbox 2535 1570 2757 1641; x_wconf 80' lang='lat' dir='ltr'><strong>grandis</strong></span> <span class='ocrx_word' id='word_1_218' title='bbox 2789 1585 2913 1625; x_wconf 88' lang='lat' dir='ltr'><strong>esse</strong></span> <span class='ocrx_word' id='word_1_219' title='bbox 2939 1569 3245 1640; x_wconf 72' lang='lat' dir='ltr'><strong>prudentia:</strong></span> <span class='ocrx_word' id='word_1_220' title='bbox 3282 1569 3646 1634; x_wconf 77' lang='lat' dir='ltr'><strong>meminisset,</strong></span> 
     </span>
    </p>
   </div>
   <div class='ocr_carea' id='block_1_32' title="bbox 2069 1661 3648 1733">
    <p class='ocr_par' dir='ltr' id='par_1_32' title="bbox 2069 1661 3648 1733">
     <span class='ocr_line' id='line_1_32' title="bbox 2069 1661 3648 1733; baseline -0.001 -16"><span class='ocrx_word' id='word_1_221' title='bbox 2069 1679 2265 1718; x_wconf 87' lang='lat' dir='ltr'><strong>aurum</strong></span> <span class='ocrx_word' id='word_1_222' title='bbox 2300 1664 2355 1716; x_wconf 91' lang='lat' dir='ltr'><strong>in</strong></span> <span class='ocrx_word' id='word_1_223' title='bbox 2391 1663 2507 1718; x_wconf 92' lang='lat' dir='ltr'><strong>luto</strong></span> <span class='ocrx_word' id='word_1_224' title='bbox 2541 1677 2787 1733; x_wconf 68' lang='lat' dir='ltr'><strong>qurerere</strong></span> <span class='ocrx_word' id='word_1_225' title='bbox 2816 1678 2829 1714; x_wconf 89' lang='lat'><strong>:</strong></span> <span class='ocrx_word' id='word_1_226' title='bbox 2862 1662 3010 1732; x_wconf 93' lang='lat' dir='ltr'><strong>quod</strong></span> <span class='ocrx_word' id='word_1_227' title='bbox 3040 1670 3230 1732; x_wconf 89' lang='lat' dir='ltr'><strong>postea</strong></span> <span class='ocrx_word' id='word_1_228' title='bbox 3278 1661 3416 1716; x_wconf 87' lang='lat' dir='ltr'><strong>fecit</strong></span> <span class='ocrx_word' id='word_1_229' title='bbox 3460 1661 3648 1716; x_wconf 87' lang='lat' dir='ltr'><strong>Hiero-</strong></span> 
     </span>
    </p>
   </div>
   <div class='ocr_carea' id='block_1_33' title="bbox 383 1736 1872 1827">
    <p class='ocr_par' dir='ltr' id='par_1_33' title="bbox 383 1736 1872 1817">
     <span class='ocr_line' id='line_1_33' title="bbox 383 1736 1872 1817; baseline -0.007 -16"><span class='ocrx_word' id='word_1_230' title='bbox 383 1746 617 1817; x_wconf 84' lang='grc' dir='ltr'><strong>Πατρός.</strong></span> <span class='ocrx_word' id='word_1_231' title='bbox 647 1744 704 1798; x_wconf 90' lang='lat' dir='ltr'><strong>ln</strong></span> <span class='ocrx_word' id='word_1_232' title='bbox 753 1743 1093 1797; x_wconf 88' lang='lat' dir='ltr'><strong>Tertulliano</strong></span> <span class='ocrx_word' id='word_1_233' title='bbox 1142 1742 1245 1796; x_wconf 89' lang='lat' dir='ltr'><strong>ista</strong></span> <span class='ocrx_word' id='word_1_234' title='bbox 1298 1738 1564 1794; x_wconf 79' lang='lat' dir='ltr'><strong>ferimus:</strong></span> <span class='ocrx_word' id='word_1_235' title='bbox 1595 1758 1613 1789; x_wconf 77' lang='grc' dir='ltr'><strong>ι</strong></span> <span class='ocrx_word' id='word_1_236' title='bbox 1642 1739 1777 1805; x_wconf 86' lang='lat' dir='ltr'><strong>Quis</strong></span> <span class='ocrx_word' id='word_1_237' title='bbox 1824 1736 1872 1790; x_wconf 46' lang='lat' dir='ltr'><strong>D1</strong></span> 
     </span>
    </p>
   </div>
   <div class='ocr_carea' id='block_1_34' title="bbox 2155 1736 3644 1827">
    <p class='ocr_par' dir='ltr' id='par_1_34' title="bbox 2155 1754 3644 1811">
     <span class='ocr_line' id='line_1_34' title="bbox 2155 1754 3644 1811; baseline -0.001 -2"><span class='ocrx_word' id='word_1_238' title='bbox 2155 1772 2286 1811; x_wconf 88' lang='lat' dir='ltr'><strong>mus.</strong></span> <span class='ocrx_word' id='word_1_239' title='bbox 2325 1754 2431 1810; x_wconf 88' lang='lat' dir='ltr'><strong>Sed</strong></span> <span class='ocrx_word' id='word_1_240' title='bbox 2470 1764 2525 1810; x_wconf 92' lang='lat' dir='ltr'><strong>et</strong></span> <span class='ocrx_word' id='word_1_241' title='bbox 2554 1756 2649 1810; x_wconf 90' lang='lat' dir='ltr'><strong>diu</strong></span> <span class='ocrx_word' id='word_1_242' title='bbox 2686 1765 2812 1810; x_wconf 91' lang='lat' dir='ltr'><strong>ante</strong></span> <span class='ocrx_word' id='word_1_243' title='bbox 2842 1756 3177 1810; x_wconf 89' lang='lat' dir='ltr'><strong>Clementem</strong></span> <span class='ocrx_word' id='word_1_244' title='bbox 3205 1754 3644 1809; x_wconf 79' lang='lat' dir='ltr'><strong>Alexandrinum</strong></span> 
     </span>
    </p>
   </div>
   <div class='ocr_carea' id='block_1_35' title="bbox 384 1833 1965 1905">
    <p class='ocr_par' dir='ltr' id='par_1_35' title="bbox 384 1833 1965 1905">
     <span class='ocr_line' id='line_1_35' title="bbox 384 1833 1965 1905; baseline -0.004 -10"><span class='ocrx_word' id='word_1_245' title='bbox 384 1842 440 1895; x_wconf 93' lang='lat' dir='ltr'><strong>in</strong></span> <span class='ocrx_word' id='word_1_246' title='bbox 462 1856 523 1894; x_wconf 89' lang='lat' dir='ltr'><strong>ea</strong></span> <span class='ocrx_word' id='word_1_247' title='bbox 554 1838 749 1893; x_wconf 86' lang='lat' dir='ltr'><strong>natus?</strong></span> <span class='ocrx_word' id='word_1_248' title='bbox 776 1836 968 1892; x_wconf 86' lang='lat' dir='ltr'><strong>Sermo</strong></span> <span class='ocrx_word' id='word_1_249' title='bbox 991 1847 1045 1891; x_wconf 90' lang='lat' dir='ltr'><strong>et</strong></span> <span class='ocrx_word' id='word_1_250' title='bbox 1068 1836 1327 1905; x_wconf 84' lang='lat' dir='ltr'><strong>Spiritus,</strong></span> <span class='ocrx_word' id='word_1_251' title='bbox 1346 1835 1439 1904; x_wconf 91' lang='lat' dir='ltr'><strong>qui</strong></span> <span class='ocrx_word' id='word_1_252' title='bbox 1463 1850 1585 1889; x_wconf 93' lang='lat' dir='ltr'><strong>cum</strong></span> <span class='ocrx_word' id='word_1_253' title='bbox 1613 1833 1877 1888; x_wconf 87' lang='lat' dir='ltr'><strong>Sermone</strong></span> <span class='ocrx_word' id='word_1_254' title='bbox 1898 1833 1965 1888; x_wconf 93' lang='lat' dir='ltr'><strong>de</strong></span> 
     </span>
    </p>
   </div>
   <div class='ocr_carea' id='block_1_36' title="bbox 380 1924 1967 2004">
    <p class='ocr_par' dir='ltr' id='par_1_36' title="bbox 380 1924 1967 2004">
     <span class='ocr_line' id='line_1_36' title="bbox 380 1924 1967 2004; baseline -0.006 -19"><span class='ocrx_word' id='word_1_255' title='bbox 380 1931 561 1985; x_wconf 87' lang='lat' dir='ltr'><strong>Patris</strong></span> <span class='ocrx_word' id='word_1_256' title='bbox 581 1930 856 1983; x_wconf 77' lang='lat' dir='ltr'><strong>voluntate</strong></span> <span class='ocrx_word' id='word_1_257' title='bbox 884 1939 1043 1983; x_wconf 88' lang='lat' dir='ltr'><strong>natus</strong></span> <span class='ocrx_word' id='word_1_258' title='bbox 1061 1937 1159 1981; x_wconf 92' lang='lat' dir='ltr'><strong>est.</strong></span> <span class='ocrx_word' id='word_1_259' title='bbox 1173 1946 1191 1978; x_wconf 74' lang='grc' dir='ltr'><strong>ι</strong></span> <span class='ocrx_word' id='word_1_260' title='bbox 1219 1924 1262 1979; x_wconf 86' lang='lat' dir='ltr'>F</span> <span class='ocrx_word' id='word_1_261' title='bbox 1262 1926 1468 1981; x_wconf 79' lang='lat' dir='ltr'><strong>erimus</strong></span> <span class='ocrx_word' id='word_1_262' title='bbox 1486 1924 1814 2004; x_wconf 83' lang='lat' dir='ltr'><strong>in_Synesio:</strong></span> <span class='ocrx_word' id='word_1_263' title='bbox 1834 1924 1967 1977; x_wconf 83' lang='grc' dir='ltr'><strong>Ὠδῖ-</strong></span> 
     </span>
    </p>
   </div>
   <div class='ocr_carea' id='block_1_37' title="bbox 380 2015 1961 2094">
    <p class='ocr_par' dir='ltr' id='par_1_37' title="bbox 380 2015 1961 2094">
     <span class='ocr_line' id='line_1_37' title="bbox 380 2015 1961 2094; baseline -0.006 -17"><span class='ocrx_word' id='word_1_264' title='bbox 380 2039 447 2077; x_wconf 86' lang='grc' dir='ltr'>να</span> <span class='ocrx_word' id='word_1_265' title='bbox 481 2021 715 2094; x_wconf 82' lang='grc' dir='ltr'><strong>Πατρὸς,</strong></span> <span class='ocrx_word' id='word_1_266' title='bbox 749 2022 970 2091; x_wconf 84' lang='grc' dir='ltr'><strong>γόνιμον</strong></span> <span class='ocrx_word' id='word_1_267' title='bbox 1011 2018 1227 2090; x_wconf 77' lang='grc' dir='ltr'>βουλήν,</span> <span class='ocrx_word' id='word_1_268' title='bbox 1256 2027 1330 2085; x_wconf 86' lang='lat' dir='ltr'><strong>et,</strong></span> <span class='ocrx_word' id='word_1_269' title='bbox 1389 2016 1510 2070; x_wconf 73' lang='grc' dir='ltr'><strong>Ἐπὶ</strong></span> <span class='ocrx_word' id='word_1_270' title='bbox 1552 2016 1702 2071; x_wconf 69' lang='grc' dir='ltr'>παιδὶ</span> <span class='ocrx_word' id='word_1_271' title='bbox 1756 2015 1961 2087; x_wconf 74' lang='grc' dir='ltr'>χυθεὶς,</span> 
     </span>
    </p>
   </div>
   <div class='ocr_carea' id='block_1_38' title="bbox 392 2108 1967 2184">
    <p class='ocr_par' dir='ltr' id='par_1_38' title="bbox 392 2108 1967 2184">
     <span class='ocr_line' id='line_1_38' title="bbox 392 2108 1967 2184; baseline -0.004 -16"><span class='ocrx_word' id='word_1_272' title='bbox 392 2114 586 2168; x_wconf 83' lang='grc' dir='ltr'><strong>Ἰότατι</strong></span> <span class='ocrx_word' id='word_1_273' title='bbox 610 2115 770 2184; x_wconf 81' lang='grc' dir='ltr'>σοφᾷ,</span> <span class='ocrx_word' id='word_1_274' title='bbox 795 2112 847 2166; x_wconf 92' lang='lat' dir='ltr'><strong>id</strong></span> <span class='ocrx_word' id='word_1_275' title='bbox 874 2121 978 2177; x_wconf 90' lang='lat' dir='ltr'><strong>est,</strong></span> <span class='ocrx_word' id='word_1_276' title='bbox 1005 2121 1065 2166; x_wconf 84' lang='lat' dir='ltr'><strong>ut</strong></span> <span class='ocrx_word' id='word_1_277' title='bbox 1093 2111 1395 2183; x_wconf 84' lang='lat' dir='ltr'><strong>Hesychius</strong></span> <span class='ocrx_word' id='word_1_278' title='bbox 1419 2111 1826 2180; x_wconf 88' lang='lat' dir='ltr'><strong>interpretatur,</strong></span> <span class='ocrx_word' id='word_1_279' title='bbox 1847 2108 1967 2179; x_wconf 86' lang='grc' dir='ltr'><strong>βου-</strong></span> 
     </span>
    </p>
   </div>
   <div class='ocr_carea' id='block_1_39' title="bbox 378 2201 1962 2278">
    <p class='ocr_par' dir='ltr' id='par_1_39' title="bbox 378 2201 1962 2278">
     <span class='ocr_line' id='line_1_39' title="bbox 378 2201 1962 2278; baseline -0.004 -17"><span class='ocrx_word' id='word_1_280' title='bbox 378 2208 555 2278; x_wconf 69' lang='grc' dir='ltr'>λήσει,</span> <span class='ocrx_word' id='word_1_281' title='bbox 572 2207 807 2278; x_wconf 83' lang='grc' dir='ltr'><strong>θελήσει.</strong></span> <span class='ocrx_word' id='word_1_282' title='bbox 823 2205 1024 2271; x_wconf 88' lang='lat' dir='ltr'><strong>Quidni</strong></span> <span class='ocrx_word' id='word_1_283' title='bbox 1047 2205 1214 2275; x_wconf 80' lang='lat' dir='ltr'><strong>igitur</strong></span> <span class='ocrx_word' id='word_1_284' title='bbox 1236 2205 1290 2259; x_wconf 92' lang='lat' dir='ltr'><strong>in</strong></span> <span class='ocrx_word' id='word_1_285' title='bbox 1310 2201 1517 2275; x_wconf 81' lang='lat' dir='ltr'><strong>lgnatio</strong></span> <span class='ocrx_word' id='word_1_286' title='bbox 1534 2201 1817 2257; x_wconf 78' lang='lat' dir='ltr'><strong>ferendum</strong></span> <span class='ocrx_word' id='word_1_287' title='bbox 1834 2201 1962 2254; x_wconf 80' lang='grc' dir='ltr'><strong>Υἱὸν</strong></span> 
     </span>
    </p>
   </div>
   <div class='ocr_carea' id='block_1_40' title="bbox 382 2294 1963 2372">
    <p class='ocr_par' dir='ltr' id='par_1_40' title="bbox 382 2294 1963 2372">
     <span class='ocr_line' id='line_1_40' title="bbox 382 2294 1963 2372; baseline -0.006 -15"><span class='ocrx_word' id='word_1_288' title='bbox 382 2302 525 2357; x_wconf 84' lang='grc' dir='ltr'><strong>κατὰ</strong></span> <span class='ocrx_word' id='word_1_289' title='bbox 546 2300 795 2372; x_wconf 68' lang='grc' dir='ltr'><strong>θέλημαῗ</strong></span> <span class='ocrx_word' id='word_1_290' title='bbox 819 2299 863 2354; x_wconf 88' lang='lat' dir='ltr'><strong>si</strong></span> <span class='ocrx_word' id='word_1_291' title='bbox 896 2297 1183 2354; x_wconf 88' lang='lat' dir='ltr'><strong>lectionem</strong></span> <span class='ocrx_word' id='word_1_292' title='bbox 1228 2295 1555 2351; x_wconf 88' lang='lat' dir='ltr'><strong>Theodoreti</strong></span> <span class='ocrx_word' id='word_1_293' title='bbox 1591 2294 1833 2364; x_wconf 89' lang='lat' dir='ltr'><strong>recipere</strong></span> <span class='ocrx_word' id='word_1_294' title='bbox 1864 2308 1963 2348; x_wconf 90' lang='lat' dir='ltr'><strong>no-</strong></span> 
     </span>
    </p>
   </div>
   <div class='ocr_carea' id='block_1_41' title="bbox 381 2387 1959 2458">
    <p class='ocr_par' dir='ltr' id='par_1_41' title="bbox 381 2387 1959 2458">
     <span class='ocr_line' id='line_1_41' title="bbox 381 2387 1959 2458; baseline -0.004 -10"><span class='ocrx_word' id='word_1_295' title='bbox 381 2395 568 2458; x_wconf 90' lang='lat' dir='ltr'><strong>limus,</strong></span> <span class='ocrx_word' id='word_1_296' title='bbox 617 2408 719 2448; x_wconf 88' lang='lat' dir='ltr'><strong>nec</strong></span> <span class='ocrx_word' id='word_1_297' title='bbox 762 2392 830 2446; x_wconf 93' lang='lat' dir='ltr'><strong>de</strong></span> <span class='ocrx_word' id='word_1_298' title='bbox 884 2390 1265 2445; x_wconf 90' lang='lat' dir='ltr'><strong>incarnatione</strong></span> <span class='ocrx_word' id='word_1_299' title='bbox 1319 2405 1443 2443; x_wconf 89' lang='lat' dir='ltr'><strong>eum</strong></span> <span class='ocrx_word' id='word_1_300' title='bbox 1496 2388 1647 2458; x_wconf 91' lang='lat' dir='ltr'><strong>loqui</strong></span> <span class='ocrx_word' id='word_1_301' title='bbox 1689 2387 1959 2454; x_wconf 86' lang='lat' dir='ltr'><strong>sinamus,</strong></span> 
     </span>
    </p>
   </div>
   <div class='ocr_carea' id='block_1_42' title="bbox 381 2479 1779 2558">
    <p class='ocr_par' dir='ltr' id='par_1_42' title="bbox 381 2479 1779 2558">
     <span class='ocr_line' id='line_1_42' title="bbox 381 2479 1779 2558; baseline -0.004 -18"><span class='ocrx_word' id='word_1_302' title='bbox 381 2503 615 2558; x_wconf 90' lang='lat' dir='ltr'><strong>quorum</strong></span> <span class='ocrx_word' id='word_1_303' title='bbox 645 2484 915 2539; x_wconf 90' lang='lat' dir='ltr'><strong>utrumvis</strong></span> <span class='ocrx_word' id='word_1_304' title='bbox 947 2498 1165 2538; x_wconf 91' lang='lat' dir='ltr'><strong>omnem</strong></span> <span class='ocrx_word' id='word_1_305' title='bbox 1198 2481 1573 2536; x_wconf 85' lang='lat' dir='ltr'><strong>difficultatem</strong></span> <span class='ocrx_word' id='word_1_306' title='bbox 1614 2479 1779 2535; x_wconf 92' lang='lat' dir='ltr'><strong>tollit.</strong></span> 
     </span>
    </p>
   </div>
   <div class='ocr_carea' id='block_1_43' title="bbox 468 2570 1960 2648">
    <p class='ocr_par' dir='ltr' id='par_1_43' title="bbox 468 2570 1960 2648">
     <span class='ocr_line' id='line_1_43' title="bbox 468 2570 1960 2648; baseline -0.007 -15"><span class='ocrx_word' id='word_1_307' title='bbox 468 2577 747 2648; x_wconf 85' lang='lat' dir='ltr'><strong>Capitel&#39;l</strong></span> <span class='ocrx_word' id='word_1_308' title='bbox 772 2576 1047 2630; x_wconf 83' lang='lat' dir='ltr'><strong>desiderat</strong></span> <span class='ocrx_word' id='word_1_309' title='bbox 1100 2574 1182 2629; x_wconf 85' lang='lat' dir='ltr'><strong>vir</strong></span> <span class='ocrx_word' id='word_1_310' title='bbox 1223 2573 1580 2629; x_wconf 86' lang='lat' dir='ltr'><strong>doctissimus</strong></span> <span class='ocrx_word' id='word_1_311' title='bbox 1632 2570 1687 2628; x_wconf 93' lang='lat' dir='ltr'><strong>in</strong></span> <span class='ocrx_word' id='word_1_312' title='bbox 1735 2578 1960 2626; x_wconf 88' lang='lat' dir='ltr'><strong>auctore</strong></span> 
     </span>
    </p>
   </div>
   <div class='ocr_carea' id='block_1_44' title="bbox 379 2662 1958 2743">
    <p class='ocr_par' dir='ltr' id='par_1_44' title="bbox 379 2662 1958 2743">
     <span class='ocr_line' id='line_1_44' title="bbox 379 2662 1958 2743; baseline -0.006 -17"><span class='ocrx_word' id='word_1_313' title='bbox 379 2672 733 2743; x_wconf 89' lang='lat' dir='ltr'><strong>epistolarum</strong></span> <span class='ocrx_word' id='word_1_314' title='bbox 764 2685 884 2724; x_wconf 88' lang='lat' dir='ltr'><strong>eam</strong></span> <span class='ocrx_word' id='word_1_315' title='bbox 910 2666 1269 2722; x_wconf 87' lang='lat' dir='ltr'><strong>reverentiam</strong></span> <span class='ocrx_word' id='word_1_316' title='bbox 1309 2681 1431 2736; x_wconf 66' lang='lat' dir='ltr'><strong>qua:</strong></span> <span class='ocrx_word' id='word_1_317' title='bbox 1453 2663 1653 2719; x_wconf 87' lang='lat' dir='ltr'><strong>divinis</strong></span> <span class='ocrx_word' id='word_1_318' title='bbox 1675 2662 1829 2717; x_wconf 87' lang='lat' dir='ltr'><strong>libris</strong></span> <span class='ocrx_word' id='word_1_319' title='bbox 1858 2663 1958 2717; x_wconf 86' lang='lat' dir='ltr'><strong>de-</strong></span> 
     </span>
    </p>
   </div>
   <div class='ocr_carea' id='block_1_45' title="bbox 2067 1846 3648 1917">
    <p class='ocr_par' dir='ltr' id='par_1_45' title="bbox 2067 1846 3648 1917">
     <span class='ocr_line' id='line_1_45' title="bbox 2067 1846 3648 1917; baseline -0.003 -13"><span class='ocrx_word' id='word_1_320' title='bbox 2067 1850 2158 1904; x_wconf 90' lang='lat' dir='ltr'><strong>alii</strong></span> <span class='ocrx_word' id='word_1_321' title='bbox 2192 1850 2245 1903; x_wconf 90' lang='lat' dir='ltr'><strong>id</strong></span> <span class='ocrx_word' id='word_1_322' title='bbox 2270 1848 2536 1903; x_wconf 91' lang='lat' dir='ltr'><strong>fecerunt.</strong></span> <span class='ocrx_word' id='word_1_323' title='bbox 2577 1847 2777 1903; x_wconf 86' lang='lat' dir='ltr'><strong>Narrat</strong></span> <span class='ocrx_word' id='word_1_324' title='bbox 2818 1849 2963 1903; x_wconf 91' lang='lat' dir='ltr'><strong>enim</strong></span> <span class='ocrx_word' id='word_1_325' title='bbox 2996 1848 3265 1903; x_wconf 90' lang='lat' dir='ltr'><strong>Eusebius</strong></span> <span class='ocrx_word' id='word_1_326' title='bbox 3287 1846 3545 1917; x_wconf 87' lang='lat' dir='ltr'><strong>Papiam,</strong></span> <span class='ocrx_word' id='word_1_327' title='bbox 3570 1846 3648 1900; x_wconf 89' lang='lat' dir='ltr'><strong>uti</strong></span> 
     </span>
    </p>
   </div>
   <div class='ocr_carea' id='block_1_46' title="bbox 2064 1937 3648 2011">
    <p class='ocr_par' dir='ltr' id='par_1_46' title="bbox 2064 1937 3648 2011">
     <span class='ocr_line' id='line_1_46' title="bbox 2064 1937 3648 2011; baseline -0.003 -15"><span class='ocrx_word' id='word_1_328' title='bbox 2064 1942 2186 2011; x_wconf 86' lang='lat' dir='ltr'><strong>ejus</strong></span> <span class='ocrx_word' id='word_1_329' title='bbox 2236 1940 2547 1995; x_wconf 87' lang='lat' dir='ltr'><strong>testimonia</strong></span> <span class='ocrx_word' id='word_1_330' title='bbox 2577 1955 2678 2011; x_wconf 90' lang='lat' dir='ltr'><strong>pro</strong></span> <span class='ocrx_word' id='word_1_331' title='bbox 2703 1940 2935 1996; x_wconf 86' lang='lat' dir='ltr'><strong>diversis</strong></span> <span class='ocrx_word' id='word_1_332' title='bbox 2968 1937 3025 1993; x_wconf 93' lang='lat' dir='ltr'><strong>S.</strong></span> <span class='ocrx_word' id='word_1_333' title='bbox 3054 1938 3352 2008; x_wconf 70' lang='lat' dir='ltr'><strong>Scriptura:</strong></span> <span class='ocrx_word' id='word_1_334' title='bbox 3384 1939 3568 2003; x_wconf 88' lang='lat' dir='ltr'><strong>libris,</strong></span> <span class='ocrx_word' id='word_1_335' title='bbox 3595 1947 3648 1992; x_wconf 88' lang='lat' dir='ltr'><strong>ut</strong></span> 
     </span>
    </p>
   </div>
   <div class='ocr_carea' id='block_1_47' title="bbox 2065 2031 3644 2102">
    <p class='ocr_par' dir='ltr' id='par_1_47' title="bbox 2065 2031 3644 2102">
     <span class='ocr_line' id='line_1_47' title="bbox 2065 2031 3644 2102; baseline -0.002 -14"><span class='ocrx_word' id='word_1_336' title='bbox 2065 2034 2223 2099; x_wconf 90' lang='lat' dir='ltr'><strong>solet,</strong></span> <span class='ocrx_word' id='word_1_337' title='bbox 2256 2033 2502 2100; x_wconf 90' lang='lat' dir='ltr'><strong>adducit,</strong></span> <span class='ocrx_word' id='word_1_338' title='bbox 2540 2032 2702 2086; x_wconf 86' lang='lat' dir='ltr'><strong>aliam</strong></span> <span class='ocrx_word' id='word_1_339' title='bbox 2739 2046 2961 2102; x_wconf 92' lang='lat' dir='ltr'><strong>quoque</strong></span> <span class='ocrx_word' id='word_1_340' title='bbox 2997 2032 3324 2101; x_wconf 87' lang='lat' dir='ltr'><strong>exposuisse</strong></span> <span class='ocrx_word' id='word_1_341' title='bbox 3355 2031 3644 2085; x_wconf 87' lang='lat' dir='ltr'><strong>historiam</strong></span> 
     </span>
    </p>
   </div>
   <div class='ocr_carea' id='block_1_48' title="bbox 2063 2122 3647 2195">
    <p class='ocr_par' dir='ltr' id='par_1_48' title="bbox 2063 2122 3647 2195">
     <span class='ocr_line' id='line_1_48' title="bbox 2063 2122 3647 2195; baseline -0.002 -15"><span class='ocrx_word' id='word_1_342' title='bbox 2063 2127 2132 2181; x_wconf 90' lang='lat' dir='ltr'><strong>de</strong></span> <span class='ocrx_word' id='word_1_343' title='bbox 2178 2125 2430 2191; x_wconf 90' lang='lat' dir='ltr'><strong>muliere,</strong></span> <span class='ocrx_word' id='word_1_344' title='bbox 2469 2139 2592 2195; x_wconf 63' lang='lat' dir='ltr'><strong>quae</strong></span> <span class='ocrx_word' id='word_1_345' title='bbox 2632 2125 2933 2179; x_wconf 90' lang='lat' dir='ltr'><strong>multorum</strong></span> <span class='ocrx_word' id='word_1_346' title='bbox 2973 2123 3268 2178; x_wconf 88' lang='lat' dir='ltr'><strong>criminum</strong></span> <span class='ocrx_word' id='word_1_347' title='bbox 3313 2138 3511 2178; x_wconf 89' lang='lat' dir='ltr'><strong>coram</strong></span> <span class='ocrx_word' id='word_1_348' title='bbox 3547 2122 3647 2177; x_wconf 92' lang='lat' dir='ltr'><strong>Do-</strong></span> 
     </span>
    </p>
   </div>
   <div class='ocr_carea' id='block_1_49' title="bbox 2065 2208 3650 2287">
    <p class='ocr_par' dir='ltr' id='par_1_49' title="bbox 2065 2208 3650 2287">
     <span class='ocr_line' id='line_1_49' title="bbox 2065 2208 3650 2287; baseline -0.003 -15"><span class='ocrx_word' id='word_1_349' title='bbox 2065 2222 2217 2272; x_wconf 89' lang='lat' dir='ltr'><strong>mino</strong></span> <span class='ocrx_word' id='word_1_350' title='bbox 2258 2208 2515 2272; x_wconf 75' lang='lat' dir='ltr'><strong>acCusata</strong></span> <span class='ocrx_word' id='word_1_351' title='bbox 2553 2226 2657 2282; x_wconf 86' lang='lat' dir='ltr'><strong>est,</strong></span> <span class='ocrx_word' id='word_1_352' title='bbox 2700 2216 2766 2287; x_wconf 76' lang='grc' dir='ltr'><strong>ἢν</strong></span> <span class='ocrx_word' id='word_1_353' title='bbox 2800 2215 2860 2269; x_wconf 84' lang='grc' dir='ltr'><strong>τὸ</strong></span> <span class='ocrx_word' id='word_1_354' title='bbox 2892 2214 3014 2270; x_wconf 83' lang='grc' dir='ltr'>καθ’</span> <span class='ocrx_word' id='word_1_355' title='bbox 3071 2214 3355 2287; x_wconf 79' lang='grc' dir='ltr'><strong>Ἑϐραίους</strong></span> <span class='ocrx_word' id='word_1_356' title='bbox 3402 2215 3650 2283; x_wconf 75' lang='grc' dir='ltr'><strong>Εὐαγγέ-</strong></span> 
     </span>
    </p>
   </div>
   <div class='ocr_carea' id='block_1_50' title="bbox 2062 2306 3652 2383">
    <p class='ocr_par' dir='ltr' id='par_1_50' title="bbox 2062 2306 3652 2383">
     <span class='ocr_line' id='line_1_50' title="bbox 2062 2306 3652 2383; baseline 0.002 -21"><span class='ocrx_word' id='word_1_357' title='bbox 2062 2309 2175 2363; x_wconf 85' lang='grc' dir='ltr'>λιον</span> <span class='ocrx_word' id='word_1_358' title='bbox 2189 2310 2453 2383; x_wconf 76' lang='grc' dir='ltr'>περιέχει,</span> <span class='ocrx_word' id='word_1_359' title='bbox 2483 2331 2501 2364; x_wconf 76' lang='grc' dir='ltr'><strong>ι</strong></span> <span class='ocrx_word' id='word_1_360' title='bbox 2523 2326 2688 2378; x_wconf 85' lang='lat' dir='ltr'><strong>quam</strong></span> <span class='ocrx_word' id='word_1_361' title='bbox 2705 2308 3056 2379; x_wconf 82' lang='lat' dir='ltr'><strong>Evangelium</strong></span> <span class='ocrx_word' id='word_1_362' title='bbox 3072 2308 3371 2363; x_wconf 90' lang='lat' dir='ltr'><strong>secundum</strong></span> <span class='ocrx_word' id='word_1_363' title='bbox 3388 2306 3652 2365; x_wconf 59' lang='lat' dir='ltr'><strong>Hebraos</strong></span> 
     </span>
    </p>
   </div>
   <div class='ocr_carea' id='block_1_51' title="bbox 2071 2400 3651 2473">
    <p class='ocr_par' dir='ltr' id='par_1_51' title="bbox 2071 2400 3651 2473">
     <span class='ocr_line' id='line_1_51' title="bbox 2071 2400 3651 2473; baseline -0.001 -14"><span class='ocrx_word' id='word_1_364' title='bbox 2071 2404 2333 2459; x_wconf 90' lang='lat' dir='ltr'><strong>continet.</strong></span> <span class='ocrx_word' id='word_1_365' title='bbox 2375 2418 2397 2455; x_wconf 73' lang='grc' dir='ltr'><strong>ι</strong></span> <span class='ocrx_word' id='word_1_366' title='bbox 2430 2402 2646 2473; x_wconf 83' lang='lat' dir='ltr'><strong>Excipit</strong></span> <span class='ocrx_word' id='word_1_367' title='bbox 2690 2402 2950 2469; x_wconf 75' lang='lat' dir='ltr'><strong>Dalheus,</strong></span> <span class='ocrx_word' id='word_1_368' title='bbox 2983 2401 3205 2473; x_wconf 85' lang='lat' dir='ltr'><strong>Papiam</strong></span> <span class='ocrx_word' id='word_1_369' title='bbox 3256 2401 3445 2456; x_wconf 88' lang='lat' dir='ltr'><strong>virum</strong></span> <span class='ocrx_word' id='word_1_370' title='bbox 3480 2400 3651 2457; x_wconf 77' lang='lat' dir='ltr'><strong>fuisse</strong></span> 
     </span>
    </p>
   </div>
   <div class='ocr_carea' id='block_1_52' title="bbox 2063 2492 3647 2564">
    <p class='ocr_par' dir='ltr' id='par_1_52' title="bbox 2063 2492 3647 2564">
     <span class='ocr_line' id='line_1_52' title="bbox 2063 2492 3647 2564; baseline -0.001 -16"><span class='ocrx_word' id='word_1_371' title='bbox 2063 2494 2325 2549; x_wconf 89' lang='lat' dir='ltr'><strong>mediocri</strong></span> <span class='ocrx_word' id='word_1_372' title='bbox 2358 2493 2600 2564; x_wconf 81' lang='lat' dir='ltr'><strong>ingenio,</strong></span> <span class='ocrx_word' id='word_1_373' title='bbox 2642 2492 2865 2548; x_wconf 87' lang='lat' dir='ltr'><strong>Eusebii</strong></span> <span class='ocrx_word' id='word_1_374' title='bbox 2902 2493 3133 2563; x_wconf 90' lang='lat' dir='ltr'><strong>judicio.</strong></span> <span class='ocrx_word' id='word_1_375' title='bbox 3178 2492 3237 2548; x_wconf 90' lang='lat' dir='ltr'><strong>Si</strong></span> <span class='ocrx_word' id='word_1_376' title='bbox 3278 2493 3417 2563; x_wconf 88' lang='lat' dir='ltr'><strong>quid</strong></span> <span class='ocrx_word' id='word_1_377' title='bbox 3460 2502 3647 2547; x_wconf 89' lang='lat' dir='ltr'><strong>autem</strong></span> 
     </span>
    </p>
   </div>
   <div class='ocr_carea' id='block_1_53' title="bbox 2060 2585 3646 2663">
    <p class='ocr_par' dir='ltr' id='par_1_53' title="bbox 2060 2585 3646 2663">
     <span class='ocr_line' id='line_1_53' title="bbox 2060 2585 3646 2663; baseline -0.001 -23"><span class='ocrx_word' id='word_1_378' title='bbox 2060 2585 2284 2642; x_wconf 90' lang='lat' dir='ltr'><strong>Eusebii</strong></span> <span class='ocrx_word' id='word_1_379' title='bbox 2328 2586 2597 2657; x_wconf 81' lang='lat' dir='ltr'><strong>judicium</strong></span> <span class='ocrx_word' id='word_1_380' title='bbox 2645 2586 2909 2641; x_wconf 89' lang='lat' dir='ltr'><strong>adversus</strong></span> <span class='ocrx_word' id='word_1_381' title='bbox 2946 2586 3406 2663; x_wconf 39' lang='lat' dir='ltr'><strong>Papianhvalet,</strong></span> <span class='ocrx_word' id='word_1_382' title='bbox 3470 2601 3646 2655; x_wconf 86' lang='lat' dir='ltr'><strong>quare</strong></span> 
     </span>
    </p>
   </div>
   <div class='ocr_carea' id='block_1_54' title="bbox 2059 2678 3650 2752">
    <p class='ocr_par' dir='ltr' id='par_1_54' title="bbox 2059 2678 3650 2752">
     <span class='ocr_line' id='line_1_54' title="bbox 2059 2678 3650 2752; baseline -0.001 -18"><span class='ocrx_word' id='word_1_383' title='bbox 2059 2697 2162 2752; x_wconf 86' lang='lat' dir='ltr'><strong>pro</strong></span> <span class='ocrx_word' id='word_1_384' title='bbox 2199 2680 2409 2752; x_wconf 82' lang='lat' dir='ltr'><strong>lgnatio</strong></span> <span class='ocrx_word' id='word_1_385' title='bbox 2441 2680 2577 2734; x_wconf 90' lang='lat' dir='ltr'><strong>nihil</strong></span> <span class='ocrx_word' id='word_1_386' title='bbox 2621 2680 2868 2735; x_wconf 79' lang='lat' dir='ltr'><strong>valeret?</strong></span> <span class='ocrx_word' id='word_1_387' title='bbox 2902 2696 3027 2736; x_wconf 92' lang='lat' dir='ltr'><strong>cum</strong></span> <span class='ocrx_word' id='word_1_388' title='bbox 3079 2681 3145 2735; x_wconf 91' lang='lat' dir='ltr'><strong>de</strong></span> <span class='ocrx_word' id='word_1_389' title='bbox 3188 2678 3370 2749; x_wconf 73' lang='lat' dir='ltr'><strong>Papiae</strong></span> <span class='ocrx_word' id='word_1_390' title='bbox 3421 2680 3650 2749; x_wconf 83' lang='lat' dir='ltr'><strong>scriptis</strong></span> 
     </span>
    </p>
   </div>
   <div class='ocr_carea' id='block_1_55' title="bbox 382 2755 3650 2844">
    <p class='ocr_par' dir='ltr' id='par_1_55' title="bbox 382 2755 3650 2844">
     <span class='ocr_line' id='line_1_55' title="bbox 382 2755 3650 2844; baseline -0.002 -15"><span class='ocrx_word' id='word_1_391' title='bbox 382 2764 569 2829; x_wconf 69' lang='lat' dir='ltr'><strong>bell&quot;;</strong></span> <span class='ocrx_word' id='word_1_392' title='bbox 612 2777 719 2816; x_wconf 77' lang='lat'><strong>&quot;0“</strong></span> <span class='ocrx_word' id='word_1_393' title='bbox 754 2760 900 2831; x_wconf 75' lang='grc' dir='ltr'>(ιιιοά</span> <span class='ocrx_word' id='word_1_394' title='bbox 937 2759 1105 2814; x_wconf 61' lang='lat' dir='ltr'><strong>“nam</strong></span> <span class='ocrx_word' id='word_1_395' title='bbox 1147 2757 1206 2812; x_wconf 77' lang='lat' dir='ltr'><strong>s-</strong></span> <span class='ocrx_word' id='word_1_396' title='bbox 1242 2755 1543 2828; x_wconf 51' lang='lat' dir='ltr'><strong>scriptum</strong></span> <span class='ocrx_word' id='word_1_397' title='bbox 1569 2764 1779 2826; x_wconf 61' lang='lat' dir='ltr'><strong>Panem</strong></span> <span class='ocrx_word' id='word_1_398' title='bbox 1821 2755 1957 2809; x_wconf 55' lang='lat' dir='ltr'><strong>im?“</strong></span> <span class='ocrx_word' id='word_1_399' title='bbox 2054 2774 2270 2844; x_wconf 90' lang='lat' dir='ltr'><strong>judicat</strong></span> <span class='ocrx_word' id='word_1_400' title='bbox 2301 2772 2592 2841; x_wconf 89' lang='lat' dir='ltr'><strong>Eusebius,</strong></span> <span class='ocrx_word' id='word_1_401' title='bbox 2631 2773 2753 2843; x_wconf 89' lang='lat' dir='ltr'><strong>ejus</strong></span> <span class='ocrx_word' id='word_1_402' title='bbox 2796 2772 3124 2828; x_wconf 89' lang='lat' dir='ltr'><strong>sententiam</strong></span> <span class='ocrx_word' id='word_1_403' title='bbox 3176 2770 3536 2840; x_wconf 84' lang='lat' dir='ltr'><strong>amplectitur</strong></span> <span class='ocrx_word' id='word_1_404' title='bbox 3565 2772 3650 2823; x_wconf 75' lang='lat' dir='ltr'><strong>vir</strong></span> 
     </span>
    </p>
   </div>
   <div class='ocr_carea' id='block_1_56' title="bbox 383 2847 1872 2937">
    <p class='ocr_par' dir='ltr' id='par_1_56' title="bbox 383 2847 1872 2922">
     <span class='ocr_line' id='line_1_56' title="bbox 383 2847 1872 2922; baseline -0.007 -11"><span class='ocrx_word' id='word_1_405' title='bbox 383 2865 635 2911; x_wconf 83' lang='lat' dir='ltr'><strong>verenter</strong></span> <span class='ocrx_word' id='word_1_406' title='bbox 671 2861 884 2919; x_wconf 90' lang='lat' dir='ltr'><strong>tractet,</strong></span> <span class='ocrx_word' id='word_1_407' title='bbox 917 2853 1009 2907; x_wconf 91' lang='lat' dir='ltr'><strong>sed</strong></span> <span class='ocrx_word' id='word_1_408' title='bbox 1039 2850 1185 2922; x_wconf 86' lang='lat' dir='ltr'><strong>quod</strong></span> <span class='ocrx_word' id='word_1_409' title='bbox 1228 2868 1248 2902; x_wconf 74' lang='grc' dir='ltr'><strong>ι</strong></span> <span class='ocrx_word' id='word_1_410' title='bbox 1272 2866 1335 2905; x_wconf 79' lang='lat' dir='ltr'><strong>ex</strong></span> <span class='ocrx_word' id='word_1_411' title='bbox 1361 2849 1686 2920; x_wconf 88' lang='lat' dir='ltr'><strong>apocryphis</strong></span> <span class='ocrx_word' id='word_1_412' title='bbox 1709 2847 1872 2918; x_wconf 75' lang='lat' dir='ltr'><strong>quaed:</strong></span> 
     </span>
    </p>
   </div>
   <div class='ocr_carea' id='block_1_57' title="bbox 2157 2847 3646 2937">
    <p class='ocr_par' dir='ltr' id='par_1_57' title="bbox 2157 2864 3646 2937">
     <span class='ocr_line' id='line_1_57' title="bbox 2157 2864 3646 2937; baseline -0.003 -16"><span class='ocrx_word' id='word_1_413' title='bbox 2157 2868 2442 2935; x_wconf 83' lang='lat' dir='ltr'><strong>:tissimus;</strong></span> <span class='ocrx_word' id='word_1_414' title='bbox 2482 2883 2607 2922; x_wconf 92' lang='lat' dir='ltr'><strong>cum</strong></span> <span class='ocrx_word' id='word_1_415' title='bbox 2638 2868 2705 2922; x_wconf 91' lang='lat' dir='ltr'><strong>de</strong></span> <span class='ocrx_word' id='word_1_416' title='bbox 2733 2866 2980 2937; x_wconf 91' lang='lat' dir='ltr'><strong>epistolis</strong></span> <span class='ocrx_word' id='word_1_417' title='bbox 3008 2864 3067 2919; x_wconf 87' lang='lat' dir='ltr'><strong>S.</strong></span> <span class='ocrx_word' id='word_1_418' title='bbox 3089 2864 3279 2936; x_wconf 82' lang='lat' dir='ltr'><strong>lgnatii</strong></span> <span class='ocrx_word' id='word_1_419' title='bbox 3308 2864 3646 2920; x_wconf 82' lang='lat' dir='ltr'><strong>sententiam</strong></span> 
     </span>
    </p>
   </div>
   <div class='ocr_carea' id='block_1_58' title="bbox 387 2940 3641 3029">
    <p class='ocr_par' dir='ltr' id='par_1_58' title="bbox 387 2940 3641 3029">
     <span class='ocr_line' id='line_1_58' title="bbox 387 2940 3641 3029; baseline -0.004 -27"><span class='ocrx_word' id='word_1_420' title='bbox 387 2947 631 3012; x_wconf 76' lang='lat' dir='ltr'><strong>furetur,</strong></span> <span class='ocrx_word' id='word_1_421' title='bbox 686 2960 860 3015; x_wconf 85' lang='lat' dir='ltr'><strong>eaque</strong></span> <span class='ocrx_word' id='word_1_422' title='bbox 904 2959 1004 3015; x_wconf 91' lang='lat' dir='ltr'><strong>pro</strong></span> <span class='ocrx_word' id='word_1_423' title='bbox 1045 2944 1193 2999; x_wconf 84' lang='lat' dir='ltr'><strong>veris</strong></span> <span class='ocrx_word' id='word_1_424' title='bbox 1231 2952 1286 2997; x_wconf 91' lang='lat' dir='ltr'><strong>et</strong></span> <span class='ocrx_word' id='word_1_425' title='bbox 1320 2940 1648 2996; x_wconf 87' lang='lat' dir='ltr'><strong>indubitatis</strong></span> <span class='ocrx_word' id='word_1_426' title='bbox 1697 2948 1885 3010; x_wconf 89' lang='lat' dir='ltr'><strong>ponat.</strong></span> <span class='ocrx_word' id='word_1_427' title='bbox 1931 2956 1950 2992; x_wconf 78' lang='grc' dir='ltr'><strong>ι</strong></span> <span class='ocrx_word' id='word_1_428' title='bbox 2057 2959 2183 3026; x_wconf 56' lang='lat' dir='ltr'><strong>re&quot;,</strong></span> <span class='ocrx_word' id='word_1_429' title='bbox 2226 2975 2443 3026; x_wconf 57' lang='lat' dir='ltr'><strong>errare,</strong></span> <span class='ocrx_word' id='word_1_430' title='bbox 2482 2958 2620 3023; x_wconf 55' lang='lat' dir='ltr'><strong>labi,</strong></span> <span class='ocrx_word' id='word_1_431' title='bbox 2669 2958 2845 3029; x_wconf 71' lang='lat' dir='ltr'><strong>decipi</strong></span> <span class='ocrx_word' id='word_1_432' title='bbox 2896 2974 3021 3014; x_wconf 70' lang='lat' dir='ltr'><strong>eum</strong></span> <span class='ocrx_word' id='word_1_433' title='bbox 3075 2959 3242 3014; x_wconf 59' lang='lat' dir='ltr'><strong>libere</strong></span> <span class='ocrx_word' id='word_1_434' title='bbox 3280 2960 3641 3028; x_wconf 33' lang='lat' dir='ltr'><strong>pronuntiat</strong></span> 
     </span>
    </p>
   </div>
   <div class='ocr_carea' id='block_1_59' title="bbox 378 3033 3645 3121">
    <p class='ocr_par' dir='ltr' id='par_1_59' title="bbox 378 3033 3645 3121">
     <span class='ocr_line' id='line_1_59' title="bbox 378 3033 3645 3121; baseline -0.001 -13"><span class='ocrx_word' id='word_1_435' title='bbox 378 3036 755 3097; x_wconf 65' lang='grc' dir='ltr'><strong>Ινῖένθνθηῑί2ιέ</strong></span> <span class='ocrx_word' id='word_1_436' title='bbox 823 3035 1069 3105; x_wconf 65' lang='lat' dir='ltr'><strong>exempla</strong></span> <span class='ocrx_word' id='word_1_437' title='bbox 1111 3035 1220 3089; x_wconf 67' lang='lat' dir='ltr'><strong>duo</strong></span> <span class='ocrx_word' id='word_1_438' title='bbox 1265 3049 1333 3089; x_wconf 64' lang='lat' dir='ltr'><strong>ex</strong></span> <span class='ocrx_word' id='word_1_439' title='bbox 1376 3033 1616 3103; x_wconf 69' lang='grc' dir='ltr'><strong>δρυτίίδν</strong></span> <span class='ocrx_word' id='word_1_440' title='bbox 1666 3045 1836 3086; x_wconf 70' lang='lat' dir='ltr'><strong>unum</strong></span> <span class='ocrx_word' id='word_1_441' title='bbox 1886 3044 1953 3121; x_wconf 47' lang='grc' dir='ltr'><strong>ἓξ</strong></span> <span class='ocrx_word' id='word_1_442' title='bbox 1987 3105 2025 3121; x_wconf 52' lang='grc' dir='ltr'>η</span> <span class='ocrx_word' id='word_1_443' title='bbox 2058 3051 2320 3119; x_wconf 62' lang='lat' dir='ltr'><strong>Quaenam</strong></span> <span class='ocrx_word' id='word_1_444' title='bbox 2393 3052 2497 3106; x_wconf 90' lang='lat' dir='ltr'><strong>erit</strong></span> <span class='ocrx_word' id='word_1_445' title='bbox 2540 3052 2839 3106; x_wconf 88' lang='lat' dir='ltr'><strong>auctoritas</strong></span> <span class='ocrx_word' id='word_1_446' title='bbox 2882 3049 3073 3120; x_wconf 91' lang='lat' dir='ltr'><strong>judicii</strong></span> <span class='ocrx_word' id='word_1_447' title='bbox 3122 3051 3241 3120; x_wconf 88' lang='lat' dir='ltr'><strong>ejus</strong></span> <span class='ocrx_word' id='word_1_448' title='bbox 3298 3052 3352 3105; x_wconf 89' lang='lat' dir='ltr'><strong>in</strong></span> <span class='ocrx_word' id='word_1_449' title='bbox 3384 3050 3645 3121; x_wconf 78' lang='lat' dir='ltr'><strong>Papiam,</strong></span> 
     </span>
    </p>
   </div>
   <div class='ocr_carea' id='block_1_60' title="bbox 380 3105 1869 3213">
    <p class='ocr_par' dir='ltr' id='par_1_60' title="bbox 380 3124 1850 3198">
     <span class='ocr_line' id='line_1_60' title="bbox 380 3124 1850 3198; baseline -0.007 -14"><span class='ocrx_word' id='word_1_450' title='bbox 380 3137 573 3184; x_wconf 87' lang='lat' dir='ltr'><strong>nostro</strong></span> <span class='ocrx_word' id='word_1_451' title='bbox 618 3128 873 3198; x_wconf 89' lang='lat' dir='ltr'><strong>proponit</strong></span> <span class='ocrx_word' id='word_1_452' title='bbox 931 3142 998 3182; x_wconf 84' lang='lat' dir='ltr'><strong>ex</strong></span> <span class='ocrx_word' id='word_1_453' title='bbox 1042 3126 1270 3197; x_wconf 88' lang='lat' dir='ltr'><strong>epistola</strong></span> <span class='ocrx_word' id='word_1_454' title='bbox 1319 3125 1389 3180; x_wconf 89' lang='lat' dir='ltr'><strong>ad</strong></span> <span class='ocrx_word' id='word_1_455' title='bbox 1430 3124 1779 3195; x_wconf 77' lang='lat' dir='ltr'><strong>Smyrnaeos:</strong></span> <span class='ocrx_word' id='word_1_456' title='bbox 1831 3141 1850 3174; x_wconf 84' lang='grc' dir='ltr'><strong>ι</strong></span> 
     </span>
    </p>
   </div>
   <div class='ocr_carea' id='block_1_61' title="bbox 2159 3105 3648 3213">
    <p class='ocr_par' dir='ltr' id='par_1_61' title="bbox 2189 3105 3648 3212">
     <span class='ocr_line' id='line_1_61' title="bbox 2189 3105 3648 3212; baseline 0.001 -16"><span class='ocrx_word' id='word_1_457' title='bbox 2189 3151 2297 3196; x_wconf 91' lang='lat' dir='ltr'><strong>tam</strong></span> <span class='ocrx_word' id='word_1_458' title='bbox 2330 3142 2561 3211; x_wconf 89' lang='lat' dir='ltr'><strong>turpiter</strong></span> <span class='ocrx_word' id='word_1_459' title='bbox 2597 3143 2805 3211; x_wconf 87' lang='lat' dir='ltr'><strong>lapsus,</strong></span> <span class='ocrx_word' id='word_1_460' title='bbox 2839 3150 2951 3196; x_wconf 86' lang='lat' dir='ltr'><strong>tam</strong></span> <span class='ocrx_word' id='word_1_461' title='bbox 2989 3105 3247 3212; x_wconf 63' lang='lat' dir='ltr'><strong>deceptus</strong></span> <span class='ocrx_word' id='word_1_462' title='bbox 3279 3158 3407 3198; x_wconf 91' lang='lat' dir='ltr'><strong>esse</strong></span> <span class='ocrx_word' id='word_1_463' title='bbox 3437 3105 3648 3199; x_wconf 77' lang='lat' dir='ltr'><strong>dicitur</strong></span> 
     </span>
    </p>
   </div>
   <div class='ocr_carea' id='block_1_62' title="bbox 380 3214 1955 3289">
    <p class='ocr_par' dir='ltr' id='par_1_62' title="bbox 380 3214 1955 3289">
     <span class='ocr_line' id='line_1_62' title="bbox 380 3214 1955 3289; baseline -0.004 -16"><span class='ocrx_word' id='word_1_464' title='bbox 380 3221 603 3289; x_wconf 89' lang='lat' dir='ltr'><strong>quando</strong></span> <span class='ocrx_word' id='word_1_465' title='bbox 636 3220 704 3274; x_wconf 87' lang='lat' dir='ltr'><strong>ad</strong></span> <span class='ocrx_word' id='word_1_466' title='bbox 745 3234 841 3274; x_wconf 90' lang='lat' dir='ltr'><strong>eos</strong></span> <span class='ocrx_word' id='word_1_467' title='bbox 878 3221 973 3289; x_wconf 80' lang='lat' dir='ltr'><strong>qui</strong></span> <span class='ocrx_word' id='word_1_468' title='bbox 1025 3218 1172 3273; x_wconf 89' lang='lat' dir='ltr'><strong>circa</strong></span> <span class='ocrx_word' id='word_1_469' title='bbox 1199 3217 1422 3272; x_wconf 88' lang='lat' dir='ltr'><strong>Petrum</strong></span> <span class='ocrx_word' id='word_1_470' title='bbox 1454 3217 1633 3279; x_wconf 90' lang='lat' dir='ltr'><strong>venit,</strong></span> <span class='ocrx_word' id='word_1_471' title='bbox 1683 3215 1760 3269; x_wconf 90' lang='lat' dir='ltr'><strong>ait</strong></span> <span class='ocrx_word' id='word_1_472' title='bbox 1790 3214 1955 3284; x_wconf 87' lang='lat' dir='ltr'><strong>ipsis:</strong></span> 
     </span>
    </p>
   </div>
   <div class='ocr_carea' id='block_1_63' title="bbox 380 3303 1957 3380">
    <p class='ocr_par' dir='ltr' id='par_1_63' title="bbox 380 3303 1957 3380">
     <span class='ocr_line' id='line_1_63' title="bbox 380 3303 1957 3380; baseline -0.006 -15"><span class='ocrx_word' id='word_1_473' title='bbox 380 3310 817 3380; x_wconf 83' lang='lat' dir='ltr'><strong>Apprehendite,</strong></span> <span class='ocrx_word' id='word_1_474' title='bbox 864 3310 1078 3379; x_wconf 88' lang='lat' dir='ltr'><strong>palpate</strong></span> <span class='ocrx_word' id='word_1_475' title='bbox 1115 3325 1233 3373; x_wconf 88' lang='lat' dir='ltr'><strong>me,</strong></span> <span class='ocrx_word' id='word_1_476' title='bbox 1267 3317 1321 3363; x_wconf 91' lang='lat' dir='ltr'><strong>et</strong></span> <span class='ocrx_word' id='word_1_477' title='bbox 1360 3307 1555 3373; x_wconf 87' lang='lat' dir='ltr'><strong>videte,</strong></span> <span class='ocrx_word' id='word_1_478' title='bbox 1594 3307 1676 3359; x_wconf 84' lang='grc' dir='ltr'><strong>ὃτι</strong></span> <span class='ocrx_word' id='word_1_479' title='bbox 1708 3303 1810 3358; x_wconf 83' lang='grc' dir='ltr'><strong>οὔκ</strong></span> <span class='ocrx_word' id='word_1_480' title='bbox 1841 3305 1957 3374; x_wconf 78' lang='grc' dir='ltr'>εἰμι</span> 
     </span>
    </p>
   </div>
   <div class='ocr_carea' id='block_1_64' title="bbox 376 3394 1954 3473">
    <p class='ocr_par' dir='ltr' id='par_1_64' title="bbox 376 3394 1954 3473">
     <span class='ocr_line' id='line_1_64' title="bbox 376 3394 1954 3473; baseline -0.005 -17"><span class='ocrx_word' id='word_1_481' title='bbox 376 3401 654 3473; x_wconf 83' lang='grc' dir='ltr'>δαιμόνιον</span> <span class='ocrx_word' id='word_1_482' title='bbox 724 3398 1039 3470; x_wconf 75' lang='grc' dir='ltr'><strong>ἀσώματον.</strong></span> <span class='ocrx_word' id='word_1_483' title='bbox 1097 3417 1116 3450; x_wconf 73' lang='grc' dir='ltr'><strong>ι</strong></span> <span class='ocrx_word' id='word_1_484' title='bbox 1194 3396 1545 3452; x_wconf 88' lang='lat' dir='ltr'><strong>Protulerttnt</strong></span> <span class='ocrx_word' id='word_1_485' title='bbox 1606 3396 1722 3451; x_wconf 64' lang='lat' dir='ltr'><strong>hac</strong></span> <span class='ocrx_word' id='word_1_486' title='bbox 1792 3394 1954 3448; x_wconf 87' lang='lat' dir='ltr'><strong>verba</strong></span> 
     </span>
    </p>
   </div>
   <div class='ocr_carea' id='block_1_65' title="bbox 378 3486 1958 3559">
    <p class='ocr_par' dir='ltr' id='par_1_65' title="bbox 378 3486 1958 3559">
     <span class='ocr_line' id='line_1_65' title="bbox 378 3486 1958 3559; baseline -0.004 -14"><span class='ocrx_word' id='word_1_487' title='bbox 378 3490 570 3559; x_wconf 67' lang='lat' dir='ltr'><strong>lgnatii</strong></span> <span class='ocrx_word' id='word_1_488' title='bbox 597 3490 899 3557; x_wconf 87' lang='lat' dir='ltr'><strong>Eusebius,</strong></span> <span class='ocrx_word' id='word_1_489' title='bbox 928 3489 1327 3555; x_wconf 79' lang='lat' dir='ltr'><strong>Hieronymus,</strong></span> <span class='ocrx_word' id='word_1_490' title='bbox 1365 3487 1740 3543; x_wconf 87' lang='lat' dir='ltr'><strong>Theodoretus</strong></span> <span class='ocrx_word' id='word_1_491' title='bbox 1772 3503 1787 3553; x_wconf 90' lang='lat'><strong>;</strong></span> <span class='ocrx_word' id='word_1_492' title='bbox 1834 3486 1958 3540; x_wconf 86' lang='lat' dir='ltr'><strong>nul-</strong></span> 
     </span>
    </p>
   </div>
   <div class='ocr_carea' id='block_1_66' title="bbox 378 3579 1953 3652">
    <p class='ocr_par' dir='ltr' id='par_1_66' title="bbox 378 3579 1953 3652">
     <span class='ocr_line' id='line_1_66' title="bbox 378 3579 1953 3652; baseline -0.006 -11"><span class='ocrx_word' id='word_1_493' title='bbox 378 3586 486 3641; x_wconf 89' lang='lat' dir='ltr'><strong>lam</strong></span> <span class='ocrx_word' id='word_1_494' title='bbox 532 3594 715 3639; x_wconf 90' lang='lat' dir='ltr'><strong>tamen</strong></span> <span class='ocrx_word' id='word_1_495' title='bbox 768 3583 822 3637; x_wconf 91' lang='lat' dir='ltr'><strong>in</strong></span> <span class='ocrx_word' id='word_1_496' title='bbox 862 3583 975 3636; x_wconf 92' lang='lat' dir='ltr'><strong>ullo</strong></span> <span class='ocrx_word' id='word_1_497' title='bbox 1013 3597 1142 3652; x_wconf 84' lang='lat' dir='ltr'><strong>erga</strong></span> <span class='ocrx_word' id='word_1_498' title='bbox 1191 3579 1250 3635; x_wconf 92' lang='lat' dir='ltr'><strong>S.</strong></span> <span class='ocrx_word' id='word_1_499' title='bbox 1285 3580 1496 3636; x_wconf 88' lang='lat' dir='ltr'><strong>litteras</strong></span> <span class='ocrx_word' id='word_1_500' title='bbox 1544 3579 1953 3635; x_wconf 86' lang='lat' dir='ltr'><strong>irreverentiam</strong></span> 
     </span>
    </p>
   </div>
   <div class='ocr_carea' id='block_1_67' title="bbox 377 3672 1956 3742">
    <p class='ocr_par' dir='ltr' id='par_1_67' title="bbox 377 3672 1956 3742">
     <span class='ocr_line' id='line_1_67' title="bbox 377 3672 1956 3742; baseline -0.003 -10"><span class='ocrx_word' id='word_1_501' title='bbox 377 3683 662 3741; x_wconf 87' lang='lat' dir='ltr'><strong>notarunt,</strong></span> <span class='ocrx_word' id='word_1_502' title='bbox 717 3674 851 3729; x_wconf 88' lang='lat' dir='ltr'><strong>nihil</strong></span> <span class='ocrx_word' id='word_1_503' title='bbox 901 3675 957 3728; x_wconf 92' lang='lat' dir='ltr'><strong>in</strong></span> <span class='ocrx_word' id='word_1_504' title='bbox 993 3673 1060 3729; x_wconf 88' lang='lat' dir='ltr'><strong>iis</strong></span> <span class='ocrx_word' id='word_1_505' title='bbox 1096 3673 1275 3728; x_wconf 89' lang='lat' dir='ltr'><strong>verbis</strong></span> <span class='ocrx_word' id='word_1_506' title='bbox 1316 3672 1668 3728; x_wconf 90' lang='lat' dir='ltr'><strong>sanctissimo</strong></span> <span class='ocrx_word' id='word_1_507' title='bbox 1716 3680 1956 3742; x_wconf 81' lang='lat' dir='ltr'><strong>martyre</strong></span> 
     </span>
    </p>
   </div>
   <div class='ocr_carea' id='block_1_68' title="bbox 379 3764 1955 3837">
    <p class='ocr_par' dir='ltr' id='par_1_68' title="bbox 379 3764 1955 3837">
     <span class='ocr_line' id='line_1_68' title="bbox 379 3764 1955 3837; baseline -0.004 -13"><span class='ocrx_word' id='word_1_508' title='bbox 379 3769 669 3837; x_wconf 76' lang='lat' dir='ltr'><strong>indignum</strong></span> <span class='ocrx_word' id='word_1_509' title='bbox 700 3765 962 3835; x_wconf 86' lang='lat' dir='ltr'><strong>suspicati</strong></span> <span class='ocrx_word' id='word_1_510' title='bbox 998 3772 1162 3832; x_wconf 89' lang='lat' dir='ltr'><strong>sunt;</strong></span> <span class='ocrx_word' id='word_1_511' title='bbox 1203 3779 1315 3819; x_wconf 74' lang='lat' dir='ltr'><strong>nos</strong></span> <span class='ocrx_word' id='word_1_512' title='bbox 1339 3779 1530 3819; x_wconf 89' lang='lat' dir='ltr'><strong>eorum</strong></span> <span class='ocrx_word' id='word_1_513' title='bbox 1560 3764 1829 3834; x_wconf 86' lang='lat' dir='ltr'><strong>judicium</strong></span> <span class='ocrx_word' id='word_1_514' title='bbox 1869 3780 1955 3818; x_wconf 83' lang='lat' dir='ltr'><strong>se—</strong></span> 
     </span>
    </p>
   </div>
   <div class='ocr_carea' id='block_1_69' title="bbox 378 3853 1952 3929">
    <p class='ocr_par' dir='ltr' id='par_1_69' title="bbox 378 3853 1952 3929">
     <span class='ocr_line' id='line_1_69' title="bbox 378 3853 1952 3929; baseline -0.002 -17"><span class='ocrx_word' id='word_1_515' title='bbox 378 3860 619 3929; x_wconf 87' lang='lat' dir='ltr'><strong>quimur.</strong></span> <span class='ocrx_word' id='word_1_516' title='bbox 652 3856 766 3910; x_wconf 91' lang='lat' dir='ltr'><strong>lmo</strong></span> <span class='ocrx_word' id='word_1_517' title='bbox 793 3857 948 3911; x_wconf 85' lang='lat' dir='ltr'><strong>locus</strong></span> <span class='ocrx_word' id='word_1_518' title='bbox 976 3853 1032 3908; x_wconf 94' lang='lat' dir='ltr'><strong>S.</strong></span> <span class='ocrx_word' id='word_1_519' title='bbox 1051 3854 1367 3925; x_wconf 82' lang='lat' dir='ltr'><strong>Hieronymi</strong></span> <span class='ocrx_word' id='word_1_520' title='bbox 1398 3854 1634 3909; x_wconf 89' lang='lat' dir='ltr'><strong>maxime</strong></span> <span class='ocrx_word' id='word_1_521' title='bbox 1660 3854 1952 3919; x_wconf 90' lang='lat' dir='ltr'><strong>notandus,</strong></span> 
     </span>
    </p>
   </div>
   <div class='ocr_carea' id='block_1_70' title="bbox 378 3946 1953 4021">
    <p class='ocr_par' dir='ltr' id='par_1_70' title="bbox 378 3946 1953 4021">
     <span class='ocr_line' id='line_1_70' title="bbox 378 3946 1953 4021; baseline -0.003 -16"><span class='ocrx_word' id='word_1_522' title='bbox 378 3952 473 4021; x_wconf 89' lang='lat' dir='ltr'><strong>qui</strong></span> <span class='ocrx_word' id='word_1_523' title='bbox 514 3947 869 4019; x_wconf 84' lang='lat' dir='ltr'><strong>Evangelium</strong></span> <span class='ocrx_word' id='word_1_524' title='bbox 915 3948 1020 4002; x_wconf 88' lang='lat' dir='ltr'><strong>hoc</strong></span> <span class='ocrx_word' id='word_1_525' title='bbox 1068 3955 1123 4003; x_wconf 89' lang='lat' dir='ltr'><strong>et</strong></span> <span class='ocrx_word' id='word_1_526' title='bbox 1167 3946 1547 4016; x_wconf 85' lang='lat' dir='ltr'><strong>S.lgnatium,</strong></span> <span class='ocrx_word' id='word_1_527' title='bbox 1586 3947 1752 4001; x_wconf 90' lang='lat' dir='ltr'><strong>simul</strong></span> <span class='ocrx_word' id='word_1_528' title='bbox 1794 3946 1953 4016; x_wconf 89' lang='lat' dir='ltr'><strong>quasi</strong></span> 
     </span>
    </p>
   </div>
   <div class='ocr_carea' id='block_1_71' title="bbox 381 4037 1950 4109">
    <p class='ocr_par' dir='ltr' id='par_1_71' title="bbox 381 4037 1950 4109">
     <span class='ocr_line' id='line_1_71' title="bbox 381 4037 1950 4109; baseline -0.003 -12"><span class='ocrx_word' id='word_1_529' title='bbox 381 4051 547 4097; x_wconf 86' lang='lat' dir='ltr'><strong>testes</strong></span> <span class='ocrx_word' id='word_1_530' title='bbox 598 4040 784 4094; x_wconf 88' lang='lat' dir='ltr'><strong>laudat</strong></span> <span class='ocrx_word' id='word_1_531' title='bbox 842 4038 938 4094; x_wconf 89' lang='lat' dir='ltr'><strong>lib.</strong></span> <span class='ocrx_word' id='word_1_532' title='bbox 990 4054 1048 4092; x_wconf 85' lang='lat' dir='ltr'><strong>Ill</strong></span> <span class='ocrx_word' id='word_1_533' title='bbox 1115 4040 1367 4093; x_wconf 78' lang='lat' dir='ltr'><strong>adversus</strong></span> <span class='ocrx_word' id='word_1_534' title='bbox 1428 4037 1746 4109; x_wconf 85' lang='lat' dir='ltr'><strong>Pelagianos</strong></span> <span class='ocrx_word' id='word_1_535' title='bbox 1782 4056 1800 4093; x_wconf 91' lang='lat'><strong><em>:</em></strong></span> <span class='ocrx_word' id='word_1_536' title='bbox 1840 4057 1858 4090; x_wconf 87' lang='grc' dir='ltr'><strong>ι</strong></span> <span class='ocrx_word' id='word_1_537' title='bbox 1893 4037 1950 4093; x_wconf 89' lang='lat' dir='ltr'><strong>In</strong></span> 
     </span>
    </p>
   </div>
   <div class='ocr_carea' id='block_1_72' title="bbox 379 4129 1951 4203">
    <p class='ocr_par' dir='ltr' id='par_1_72' title="bbox 379 4129 1951 4203">
     <span class='ocr_line' id='line_1_72' title="bbox 379 4129 1951 4203; baseline -0.001 -16"><span class='ocrx_word' id='word_1_538' title='bbox 379 4133 676 4203; x_wconf 79' lang='lat' dir='ltr'><strong>Evangelio</strong></span> <span class='ocrx_word' id='word_1_539' title='bbox 711 4131 869 4201; x_wconf 83' lang='lat' dir='ltr'><strong>juxta</strong></span> <span class='ocrx_word' id='word_1_540' title='bbox 904 4129 1194 4194; x_wconf 72' lang='lat' dir='ltr'><strong>Hebraeos,</strong></span> <span class='ocrx_word' id='word_1_541' title='bbox 1230 4130 1375 4200; x_wconf 88' lang='lat' dir='ltr'><strong>quod</strong></span> <span class='ocrx_word' id='word_1_542' title='bbox 1409 4130 1705 4186; x_wconf 86' lang='lat' dir='ltr'><strong>Chaldaico</strong></span> <span class='ocrx_word' id='word_1_543' title='bbox 1731 4131 1951 4200; x_wconf 83' lang='lat' dir='ltr'><strong>quidem</strong></span> 
     </span>
    </p>
   </div>
   <div class='ocr_carea' id='block_1_73' title="bbox 381 4222 1950 4297">
    <p class='ocr_par' dir='ltr' id='par_1_73' title="bbox 381 4222 1950 4297">
     <span class='ocr_line' id='line_1_73' title="bbox 381 4222 1950 4297; baseline -0.001 -18"><span class='ocrx_word' id='word_1_544' title='bbox 381 4224 629 4297; x_wconf 81' lang='lat' dir='ltr'><strong>Syroque</strong></span> <span class='ocrx_word' id='word_1_545' title='bbox 674 4238 951 4289; x_wconf 88' lang='lat' dir='ltr'><strong>sermone,</strong></span> <span class='ocrx_word' id='word_1_546' title='bbox 1001 4225 1094 4279; x_wconf 90' lang='lat' dir='ltr'><strong>sed</strong></span> <span class='ocrx_word' id='word_1_547' title='bbox 1122 4222 1406 4278; x_wconf 83' lang='lat' dir='ltr'><strong>Hebraicis</strong></span> <span class='ocrx_word' id='word_1_548' title='bbox 1450 4222 1647 4278; x_wconf 89' lang='lat' dir='ltr'><strong>litteris</strong></span> <span class='ocrx_word' id='word_1_549' title='bbox 1688 4224 1950 4293; x_wconf 88' lang='lat' dir='ltr'><strong>scriptum</strong></span> 
     </span>
    </p>
   </div>
   <div class='ocr_carea' id='block_1_74' title="bbox 376 4312 1947 4388">
    <p class='ocr_par' dir='ltr' id='par_1_74' title="bbox 376 4312 1947 4388">
     <span class='ocr_line' id='line_1_74' title="bbox 376 4312 1947 4388; baseline -0.003 -14"><span class='ocrx_word' id='word_1_550' title='bbox 376 4330 480 4385; x_wconf 90' lang='lat' dir='ltr'><strong>cst,</strong></span> <span class='ocrx_word' id='word_1_551' title='bbox 509 4334 619 4388; x_wconf 90' lang='lat' dir='ltr'><strong>quo</strong></span> <span class='ocrx_word' id='word_1_552' title='bbox 674 4324 906 4372; x_wconf 90' lang='lat' dir='ltr'><strong>utuntur</strong></span> <span class='ocrx_word' id='word_1_553' title='bbox 938 4331 1113 4385; x_wconf 91' lang='lat' dir='ltr'><strong>usque</strong></span> <span class='ocrx_word' id='word_1_554' title='bbox 1157 4315 1315 4370; x_wconf 89' lang='lat' dir='ltr'><strong>hodie</strong></span> <span class='ocrx_word' id='word_1_555' title='bbox 1337 4312 1624 4379; x_wconf 82' lang='lat' dir='ltr'><strong>Nazareni,</strong></span> <span class='ocrx_word' id='word_1_556' title='bbox 1650 4316 1947 4370; x_wconf 89' lang='lat' dir='ltr'><strong>secundum</strong></span> 
     </span>
    </p>
   </div>
   <div class='ocr_carea' id='block_1_75' title="bbox 377 4405 1951 4483">
    <p class='ocr_par' dir='ltr' id='par_1_75' title="bbox 377 4405 1951 4483">
     <span class='ocr_line' id='line_1_75' title="bbox 377 4405 1951 4483; baseline -0.004 -15"><span class='ocrx_word' id='word_1_557' title='bbox 377 4412 674 4483; x_wconf 88' lang='lat' dir='ltr'><strong>apostolos,</strong></span> <span class='ocrx_word' id='word_1_558' title='bbox 721 4411 835 4466; x_wconf 90' lang='lat' dir='ltr'><strong>sive</strong></span> <span class='ocrx_word' id='word_1_559' title='bbox 874 4418 935 4464; x_wconf 89' lang='lat' dir='ltr'><strong>ut</strong></span> <span class='ocrx_word' id='word_1_560' title='bbox 980 4408 1229 4480; x_wconf 88' lang='lat' dir='ltr'><strong>plerique</strong></span> <span class='ocrx_word' id='word_1_561' title='bbox 1284 4417 1593 4474; x_wconf 87' lang='lat' dir='ltr'><strong>autumant,</strong></span> <span class='ocrx_word' id='word_1_562' title='bbox 1623 4407 1779 4477; x_wconf 81' lang='lat' dir='ltr'><strong>juxta</strong></span> <span class='ocrx_word' id='word_1_563' title='bbox 1819 4405 1951 4461; x_wconf 79' lang='lat' dir='ltr'><strong>Mat-</strong></span> 
     </span>
    </p>
   </div>
   <div class='ocr_carea' id='block_1_76' title="bbox 377 4500 1947 4575">
    <p class='ocr_par' dir='ltr' id='par_1_76' title="bbox 377 4500 1947 4575">
     <span class='ocr_line' id='line_1_76' title="bbox 377 4500 1947 4575; baseline -0.003 -15"><span class='ocrx_word' id='word_1_564' title='bbox 377 4508 602 4569; x_wconf 69' lang='lat' dir='ltr'><strong>thaaum,</strong></span> <span class='ocrx_word' id='word_1_565' title='bbox 633 4504 778 4575; x_wconf 91' lang='lat' dir='ltr'><strong>quod</strong></span> <span class='ocrx_word' id='word_1_566' title='bbox 814 4510 869 4557; x_wconf 93' lang='lat' dir='ltr'><strong>et</strong></span> <span class='ocrx_word' id='word_1_567' title='bbox 904 4502 958 4557; x_wconf 92' lang='lat' dir='ltr'><strong>in</strong></span> <span class='ocrx_word' id='word_1_568' title='bbox 990 4502 1314 4558; x_wconf 67' lang='lat' dir='ltr'><strong>Ctesariensi</strong></span> <span class='ocrx_word' id='word_1_569' title='bbox 1345 4502 1573 4557; x_wconf 89' lang='lat' dir='ltr'><strong>habetur</strong></span> <span class='ocrx_word' id='word_1_570' title='bbox 1590 4500 1947 4567; x_wconf 88' lang='lat' dir='ltr'><strong>Bibliotheca,</strong></span> 
     </span>
    </p>
   </div>
   <div class='ocr_carea' id='block_1_77' title="bbox 379 4594 1949 4667">
    <p class='ocr_par' dir='ltr' id='par_1_77' title="bbox 379 4594 1949 4667">
     <span class='ocr_line' id='line_1_77' title="bbox 379 4594 1949 4667; baseline -0.002 -15"><span class='ocrx_word' id='word_1_571' title='bbox 379 4605 571 4652; x_wconf 85' lang='lat' dir='ltr'><strong>narrat</strong></span> <span class='ocrx_word' id='word_1_572' title='bbox 600 4595 855 4661; x_wconf 88' lang='lat' dir='ltr'><strong>historia,</strong></span> <span class='ocrx_word' id='word_1_573' title='bbox 894 4614 913 4648; x_wconf 73' lang='grc' dir='ltr'><strong>ι</strong></span> <span class='ocrx_word' id='word_1_574' title='bbox 951 4604 1056 4651; x_wconf 91' lang='lat' dir='ltr'><strong>etc.</strong></span> <span class='ocrx_word' id='word_1_575' title='bbox 1090 4594 1355 4667; x_wconf 84' lang='lat' dir='ltr'><strong>lgnatius,</strong></span> <span class='ocrx_word' id='word_1_576' title='bbox 1396 4595 1481 4651; x_wconf 85' lang='lat' dir='ltr'><strong>vir</strong></span> <span class='ocrx_word' id='word_1_577' title='bbox 1518 4595 1850 4667; x_wconf 88' lang='lat' dir='ltr'><strong>apostolicus</strong></span> <span class='ocrx_word' id='word_1_578' title='bbox 1894 4602 1949 4650; x_wconf 90' lang='lat' dir='ltr'><strong>et</strong></span> 
     </span>
    </p>
   </div>
   <div class='ocr_carea' id='block_1_78' title="bbox 380 4687 1948 4760">
    <p class='ocr_par' dir='ltr' id='par_1_78' title="bbox 380 4687 1948 4760">
     <span class='ocr_line' id='line_1_78' title="bbox 380 4687 1948 4760; baseline 0.001 -19"><span class='ocrx_word' id='word_1_579' title='bbox 380 4696 609 4758; x_wconf 88' lang='lat' dir='ltr'><strong>martyr,</strong></span> <span class='ocrx_word' id='word_1_580' title='bbox 644 4688 839 4742; x_wconf 90' lang='lat' dir='ltr'><strong>scribit</strong></span> <span class='ocrx_word' id='word_1_581' title='bbox 868 4688 1161 4743; x_wconf 87' lang='lat' dir='ltr'><strong>audacter:</strong></span> <span class='ocrx_word' id='word_1_582' title='bbox 1197 4707 1212 4739; x_wconf 77' lang='grc' dir='ltr'><strong>ι</strong></span> <span class='ocrx_word' id='word_1_583' title='bbox 1238 4688 1410 4760; x_wconf 79' lang='lat' dir='ltr'><strong>Elegit</strong></span> <span class='ocrx_word' id='word_1_584' title='bbox 1436 4687 1700 4744; x_wconf 89' lang='lat' dir='ltr'><strong>Dominus</strong></span> <span class='ocrx_word' id='word_1_585' title='bbox 1728 4698 1948 4760; x_wconf 89' lang='lat' dir='ltr'><strong>aposto-</strong></span> 
     </span>
    </p>
   </div>
   <div class='ocr_carea' id='block_1_79' title="bbox 378 4779 1942 4853">
    <p class='ocr_par' dir='ltr' id='par_1_79' title="bbox 378 4779 1942 4853">
     <span class='ocr_line' id='line_1_79' title="bbox 378 4779 1942 4853; baseline 0.001 -20"><span class='ocrx_word' id='word_1_586' title='bbox 378 4780 463 4835; x_wconf 86' lang='lat' dir='ltr'><strong>los</strong></span> <span class='ocrx_word' id='word_1_587' title='bbox 503 4779 598 4849; x_wconf 86' lang='lat' dir='ltr'><strong>qui</strong></span> <span class='ocrx_word' id='word_1_588' title='bbox 644 4796 811 4849; x_wconf 87' lang='lat' dir='ltr'><strong>super</strong></span> <span class='ocrx_word' id='word_1_589' title='bbox 852 4795 1048 4836; x_wconf 90' lang='lat' dir='ltr'><strong>omnes</strong></span> <span class='ocrx_word' id='word_1_590' title='bbox 1090 4781 1346 4838; x_wconf 86' lang='lat' dir='ltr'><strong>homines</strong></span> <span class='ocrx_word' id='word_1_591' title='bbox 1369 4793 1683 4853; x_wconf 84' lang='lat' dir='ltr'><strong>peccatores</strong></span> <span class='ocrx_word' id='word_1_592' title='bbox 1707 4790 1881 4838; x_wconf 90' lang='lat' dir='ltr'><strong>erant.</strong></span> <span class='ocrx_word' id='word_1_593' title='bbox 1922 4800 1942 4834; x_wconf 74' lang='grc' dir='ltr'><strong>ι</strong></span> 
     </span>
    </p>
   </div>
   <div class='ocr_carea' id='block_1_80' title="bbox 376 4872 1945 4940">
    <p class='ocr_par' dir='ltr' id='par_1_80' title="bbox 376 4872 1945 4940">
     <span class='ocr_line' id='line_1_80' title="bbox 376 4872 1945 4940; baseline 0.001 -14"><span class='ocrx_word' id='word_1_594' title='bbox 376 4872 589 4940; x_wconf 86' lang='lat' dir='ltr'><strong>Quibus</strong></span> <span class='ocrx_word' id='word_1_595' title='bbox 634 4874 961 4928; x_wconf 89' lang='lat' dir='ltr'><strong>testimoniis</strong></span> <span class='ocrx_word' id='word_1_596' title='bbox 996 4875 1043 4929; x_wconf 90' lang='lat' dir='ltr'><strong>si</strong></span> <span class='ocrx_word' id='word_1_597' title='bbox 1089 4890 1197 4928; x_wconf 91' lang='lat' dir='ltr'><strong>non</strong></span> <span class='ocrx_word' id='word_1_598' title='bbox 1232 4875 1401 4930; x_wconf 89' lang='lat' dir='ltr'><strong>uteris</strong></span> <span class='ocrx_word' id='word_1_599' title='bbox 1439 4876 1506 4930; x_wconf 92' lang='lat' dir='ltr'><strong>ad</strong></span> <span class='ocrx_word' id='word_1_600' title='bbox 1543 4876 1945 4939; x_wconf 85' lang='lat' dir='ltr'><strong>auctoritatem,</strong></span> 
     </span>
    </p>
   </div>
   <div class='ocr_carea' id='block_1_81' title="bbox 376 4964 1950 5036">
    <p class='ocr_par' dir='ltr' id='par_1_81' title="bbox 376 4964 1950 5036">
     <span class='ocr_line' id='line_1_81' title="bbox 376 4964 1950 5036; baseline 0.002 -16"><span class='ocrx_word' id='word_1_601' title='bbox 376 4976 530 5021; x_wconf 85' lang='lat' dir='ltr'><strong>utere</strong></span> <span class='ocrx_word' id='word_1_602' title='bbox 577 4966 769 5019; x_wconf 90' lang='lat' dir='ltr'><strong>saltem</strong></span> <span class='ocrx_word' id='word_1_603' title='bbox 808 4964 873 5019; x_wconf 87' lang='lat' dir='ltr'><strong>ad</strong></span> <span class='ocrx_word' id='word_1_604' title='bbox 921 4966 1320 5035; x_wconf 87' lang='lat' dir='ltr'><strong>antiquitatem,</strong></span> <span class='ocrx_word' id='word_1_605' title='bbox 1365 4967 1497 5036; x_wconf 91' lang='lat' dir='ltr'><strong>quid</strong></span> <span class='ocrx_word' id='word_1_606' title='bbox 1543 4982 1736 5024; x_wconf 91' lang='lat' dir='ltr'><strong>omnes</strong></span> <span class='ocrx_word' id='word_1_607' title='bbox 1774 4968 1950 5023; x_wconf 87' lang='lat' dir='ltr'><strong>eccle-</strong></span> 
     </span>
    </p>
   </div>
   <div class='ocr_carea' id='block_1_82' title="bbox 374 5056 1947 5114">
    <p class='ocr_par' dir='ltr' id='par_1_82' title="bbox 374 5056 1947 5114">
     <span class='ocr_line' id='line_1_82' title="bbox 374 5056 1947 5114; baseline 0.001 -1"><span class='ocrx_word' id='word_1_608' title='bbox 374 5057 585 5114; x_wconf 87' lang='lat' dir='ltr'><strong>siastici</strong></span> <span class='ocrx_word' id='word_1_609' title='bbox 620 5057 723 5111; x_wconf 87' lang='lat' dir='ltr'><strong>viri</strong></span> <span class='ocrx_word' id='word_1_610' title='bbox 769 5058 1063 5112; x_wconf 87' lang='lat' dir='ltr'><strong>senserint.</strong></span> <span class='ocrx_word' id='word_1_611' title='bbox 1096 5077 1115 5108; x_wconf 76' lang='grc' dir='ltr'><strong>ι</strong></span> <span class='ocrx_word' id='word_1_612' title='bbox 1178 5056 1283 5113; x_wconf 90' lang='lat' dir='ltr'><strong>Sed</strong></span> <span class='ocrx_word' id='word_1_613' title='bbox 1328 5058 1437 5113; x_wconf 90' lang='lat' dir='ltr'><strong>illis</strong></span> <span class='ocrx_word' id='word_1_614' title='bbox 1478 5060 1651 5114; x_wconf 85' lang='lat' dir='ltr'><strong>multo</strong></span> <span class='ocrx_word' id='word_1_615' title='bbox 1680 5059 1947 5114; x_wconf 89' lang='lat' dir='ltr'><strong>oculatior</strong></span> 
     </span>
    </p>
   </div>
   <div class='ocr_carea' id='block_1_83' title="bbox 374 5148 1946 5223">
    <p class='ocr_par' dir='ltr' id='par_1_83' title="bbox 374 5148 1946 5223">
     <span class='ocr_line' id='line_1_83' title="bbox 374 5148 1946 5223; baseline 0.001 -17"><span class='ocrx_word' id='word_1_616' title='bbox 374 5162 459 5206; x_wconf 78' lang='lat' dir='ltr'><strong>est</strong></span> <span class='ocrx_word' id='word_1_617' title='bbox 486 5150 741 5205; x_wconf 69' lang='lat' dir='ltr'><strong>Dallarus.</strong></span> <span class='ocrx_word' id='word_1_618' title='bbox 782 5148 985 5205; x_wconf 87' lang='lat' dir='ltr'><strong>Habuit</strong></span> <span class='ocrx_word' id='word_1_619' title='bbox 1024 5150 1167 5205; x_wconf 90' lang='lat' dir='ltr'><strong>enim</strong></span> <span class='ocrx_word' id='word_1_620' title='bbox 1210 5151 1325 5206; x_wconf 74' lang='lat' dir='ltr'><strong>haec</strong></span> <span class='ocrx_word' id='word_1_621' title='bbox 1350 5151 1515 5205; x_wconf 89' lang='lat' dir='ltr'><strong>verba</strong></span> <span class='ocrx_word' id='word_1_622' title='bbox 1558 5167 1626 5207; x_wconf 85' lang='lat' dir='ltr'><strong>ex</strong></span> <span class='ocrx_word' id='word_1_623' title='bbox 1657 5151 1946 5223; x_wconf 80' lang='lat' dir='ltr'><strong>Evangelia</strong></span> 
     </span>
    </p>
   </div>
   <div class='ocr_carea' id='block_1_84' title="bbox 375 5242 1946 5313">
    <p class='ocr_par' dir='ltr' id='par_1_84' title="bbox 375 5242 1946 5313">
     <span class='ocr_line' id='line_1_84' title="bbox 375 5242 1946 5313; baseline 0.005 -18"><span class='ocrx_word' id='word_1_624' title='bbox 375 5242 601 5299; x_wconf 69' lang='lat' dir='ltr'><strong>Hebraeo</strong></span> <span class='ocrx_word' id='word_1_625' title='bbox 625 5285 639 5308; x_wconf 96' lang='lat'><strong>,</strong></span> <span class='ocrx_word' id='word_1_626' title='bbox 685 5242 830 5313; x_wconf 94' lang='lat' dir='ltr'><strong>quod</strong></span> <span class='ocrx_word' id='word_1_627' title='bbox 857 5242 1227 5313; x_wconf 86' lang='lat' dir='ltr'><strong>apocrypbum</strong></span> <span class='ocrx_word' id='word_1_628' title='bbox 1260 5250 1366 5297; x_wconf 90' lang='lat' dir='ltr'><strong>est.</strong></span> <span class='ocrx_word' id='word_1_629' title='bbox 1411 5242 1694 5311; x_wconf 85' lang='lat' dir='ltr'><strong>Fortasse;</strong></span> <span class='ocrx_word' id='word_1_630' title='bbox 1723 5246 1817 5301; x_wconf 89' lang='lat' dir='ltr'><strong>sed</strong></span> <span class='ocrx_word' id='word_1_631' title='bbox 1842 5245 1946 5303; x_wconf 86' lang='lat' dir='ltr'><strong>hoc</strong></span> 
     </span>
    </p>
   </div>
   <div class='ocr_carea' id='block_1_85' title="bbox 376 5332 1943 5409">
    <p class='ocr_par' dir='ltr' id='par_1_85' title="bbox 376 5332 1943 5409">
     <span class='ocr_line' id='line_1_85' title="bbox 376 5332 1943 5409; baseline 0.004 -21"><span class='ocrx_word' id='word_1_632' title='bbox 376 5335 552 5403; x_wconf 87' lang='lat' dir='ltr'><strong>ipsum</strong></span> <span class='ocrx_word' id='word_1_633' title='bbox 611 5335 777 5390; x_wconf 87' lang='lat' dir='ltr'><strong>habet</strong></span> <span class='ocrx_word' id='word_1_634' title='bbox 820 5333 1056 5389; x_wconf 73' lang='lat' dir='ltr'><strong>Dallaeus</strong></span> <span class='ocrx_word' id='word_1_635' title='bbox 1106 5349 1136 5388; x_wconf 89' lang='lat' dir='ltr'><strong>a</strong></span> <span class='ocrx_word' id='word_1_636' title='bbox 1197 5332 1255 5389; x_wconf 93' lang='lat' dir='ltr'><strong>S.</strong></span> <span class='ocrx_word' id='word_1_637' title='bbox 1283 5332 1637 5407; x_wconf 85' lang='lat' dir='ltr'><strong>Hieronymo,</strong></span> <span class='ocrx_word' id='word_1_638' title='bbox 1693 5345 1749 5394; x_wconf 90' lang='lat' dir='ltr'><strong>et</strong></span> <span class='ocrx_word' id='word_1_639' title='bbox 1799 5340 1943 5409; x_wconf 90' lang='lat' dir='ltr'><strong>quod</strong></span> 
     </span>
    </p>
   </div>
   <div class='ocr_carea' id='block_1_86' title="bbox 374 5425 1944 5497">
    <p class='ocr_par' dir='ltr' id='par_1_86' title="bbox 374 5425 1944 5497">
     <span class='ocr_line' id='line_1_86' title="bbox 374 5425 1944 5497; baseline 0.006 -19"><span class='ocrx_word' id='word_1_640' title='bbox 374 5428 617 5493; x_wconf 71' lang='lat' dir='ltr'><strong>Ignatius</strong></span> <span class='ocrx_word' id='word_1_641' title='bbox 674 5427 777 5481; x_wconf 84' lang='lat' dir='ltr'><strong>ista</strong></span> <span class='ocrx_word' id='word_1_642' title='bbox 833 5442 900 5482; x_wconf 87' lang='lat' dir='ltr'><strong>ex</strong></span> <span class='ocrx_word' id='word_1_643' title='bbox 937 5426 1233 5497; x_wconf 83' lang='lat' dir='ltr'><strong>Evangelio</strong></span> <span class='ocrx_word' id='word_1_644' title='bbox 1284 5425 1515 5483; x_wconf 68' lang='lat' dir='ltr'><strong>Hebraeo</strong></span> <span class='ocrx_word' id='word_1_645' title='bbox 1575 5429 1838 5496; x_wconf 83' lang='lat' dir='ltr'><strong>hauserit,</strong></span> <span class='ocrx_word' id='word_1_646' title='bbox 1889 5441 1944 5487; x_wconf 85' lang='lat' dir='ltr'><strong>et</strong></span> 
     </span>
    </p>
   </div>
   <div class='ocr_carea' id='block_1_87' title="bbox 373 5504 1943 5592">
    <p class='ocr_par' dir='ltr' id='par_1_87' title="bbox 373 5504 1943 5592">
     <span class='ocr_line' id='line_1_87' title="bbox 373 5504 1943 5592; baseline 0.004 -21"><span class='ocrx_word' id='word_1_647' title='bbox 373 5521 522 5590; x_wconf 89' lang='lat' dir='ltr'><strong>quod</strong></span> <span class='ocrx_word' id='word_1_648' title='bbox 560 5504 693 5575; x_wconf 88' lang='lat' dir='ltr'><strong>illud</strong></span> <span class='ocrx_word' id='word_1_649' title='bbox 717 5519 1069 5591; x_wconf 86' lang='lat' dir='ltr'><strong>Evangelium</strong></span> <span class='ocrx_word' id='word_1_650' title='bbox 1097 5520 1168 5576; x_wconf 85' lang='lat' dir='ltr'><strong>sit</strong></span> <span class='ocrx_word' id='word_1_651' title='bbox 1195 5519 1602 5592; x_wconf 89' lang='lat' dir='ltr'><strong>apocryphum;</strong></span> <span class='ocrx_word' id='word_1_652' title='bbox 1642 5522 1737 5590; x_wconf 93' lang='lat' dir='ltr'><strong>qui</strong></span> <span class='ocrx_word' id='word_1_653' title='bbox 1764 5530 1943 5578; x_wconf 84' lang='lat' dir='ltr'><strong>tamen</strong></span> 
     </span>
    </p>
   </div>
   <div class='ocr_carea' id='block_1_88' title="bbox 373 5613 1945 5684">
    <p class='ocr_par' dir='ltr' id='par_1_88' title="bbox 373 5613 1945 5684">
     <span class='ocr_line' id='line_1_88' title="bbox 373 5613 1945 5684; baseline 0.002 -15"><span class='ocrx_word' id='word_1_654' title='bbox 373 5629 502 5669; x_wconf 89' lang='lat' dir='ltr'><strong>cum</strong></span> <span class='ocrx_word' id='word_1_655' title='bbox 546 5623 840 5683; x_wconf 88' lang='lat' dir='ltr'><strong>utrumque</strong></span> <span class='ocrx_word' id='word_1_656' title='bbox 880 5630 1069 5669; x_wconf 87' lang='lat' dir='ltr'><strong>verum</strong></span> <span class='ocrx_word' id='word_1_657' title='bbox 1114 5623 1350 5684; x_wconf 75' lang='lat' dir='ltr'><strong>putaret,</strong></span> <span class='ocrx_word' id='word_1_658' title='bbox 1400 5613 1564 5670; x_wconf 90' lang='lat' dir='ltr'><strong>simul</strong></span> <span class='ocrx_word' id='word_1_659' title='bbox 1604 5615 1768 5669; x_wconf 88' lang='lat' dir='ltr'><strong>etiam</strong></span> <span class='ocrx_word' id='word_1_660' title='bbox 1802 5615 1945 5673; x_wconf 90' lang='lat' dir='ltr'><strong>hanc</strong></span> 
     </span>
    </p>
   </div>
   <div class='ocr_carea' id='block_1_89' title="bbox 378 5706 1935 5777">
    <p class='ocr_par' dir='ltr' id='par_1_89' title="bbox 378 5706 1935 5777">
     <span class='ocr_line' id='line_1_89' title="bbox 378 5706 1935 5777; baseline 0.002 -15"><span class='ocrx_word' id='word_1_661' title='bbox 378 5707 667 5776; x_wconf 79' lang='lat' dir='ltr'><strong>epistolam</strong></span> <span class='ocrx_word' id='word_1_662' title='bbox 728 5706 832 5777; x_wconf 89' lang='lat' dir='ltr'><strong>ipsi</strong></span> <span class='ocrx_word' id='word_1_663' title='bbox 893 5707 1101 5777; x_wconf 80' lang='lat' dir='ltr'><strong>lgnatio</strong></span> <span class='ocrx_word' id='word_1_664' title='bbox 1158 5707 1402 5768; x_wconf 89' lang='lat' dir='ltr'><strong>tribuere</strong></span> <span class='ocrx_word' id='word_1_665' title='bbox 1464 5722 1575 5764; x_wconf 86' lang='lat' dir='ltr'><strong>non</strong></span> <span class='ocrx_word' id='word_1_666' title='bbox 1625 5708 1935 5766; x_wconf 87' lang='lat' dir='ltr'><strong>verebatur.</strong></span> 
     </span>
    </p>
   </div>
   <div class='ocr_carea' id='block_1_90' title="bbox 2060 3230 3648 3303">
    <p class='ocr_par' dir='ltr' id='par_1_90' title="bbox 2060 3230 3648 3303">
     <span class='ocr_line' id='line_1_90' title="bbox 2060 3230 3648 3303; baseline 0.003 -17"><span class='ocrx_word' id='word_1_667' title='bbox 2060 3233 2114 3286; x_wconf 93' lang='lat' dir='ltr'><strong>in</strong></span> <span class='ocrx_word' id='word_1_668' title='bbox 2156 3232 2401 3303; x_wconf 84' lang='lat' dir='ltr'><strong>lgnatio?</strong></span> <span class='ocrx_word' id='word_1_669' title='bbox 2428 3230 2731 3302; x_wconf 78' lang='lat' dir='ltr'><strong>|Utcunque</strong></span> <span class='ocrx_word' id='word_1_670' title='bbox 2766 3231 2869 3298; x_wconf 92' lang='lat' dir='ltr'><strong>sit,</strong></span> <span class='ocrx_word' id='word_1_671' title='bbox 2910 3248 3020 3287; x_wconf 90' lang='lat' dir='ltr'><strong>non</strong></span> <span class='ocrx_word' id='word_1_672' title='bbox 3062 3234 3181 3289; x_wconf 88' lang='lat' dir='ltr'><strong>ideo</strong></span> <span class='ocrx_word' id='word_1_673' title='bbox 3220 3234 3524 3291; x_wconf 85' lang='lat' dir='ltr'><strong>mediocris</strong></span> <span class='ocrx_word' id='word_1_674' title='bbox 3560 3236 3648 3290; x_wconf 84' lang='lat' dir='ltr'><strong>in-</strong></span> 
     </span>
    </p>
   </div>
   <div class='ocr_carea' id='block_1_91' title="bbox 2058 3324 3641 3394">
    <p class='ocr_par' dir='ltr' id='par_1_91' title="bbox 2058 3324 3641 3394">
     <span class='ocr_line' id='line_1_91' title="bbox 2058 3324 3641 3394; baseline 0.003 -17"><span class='ocrx_word' id='word_1_675' title='bbox 2058 3325 2202 3392; x_wconf 78' lang='lat' dir='ltr'><strong>genii</strong></span> <span class='ocrx_word' id='word_1_676' title='bbox 2227 3332 2321 3378; x_wconf 90' lang='lat' dir='ltr'><strong>aut</strong></span> <span class='ocrx_word' id='word_1_677' title='bbox 2336 3324 2584 3394; x_wconf 89' lang='lat' dir='ltr'><strong>Papiam,</strong></span> <span class='ocrx_word' id='word_1_678' title='bbox 2609 3332 2705 3377; x_wconf 88' lang='lat' dir='ltr'><strong>aut</strong></span> <span class='ocrx_word' id='word_1_679' title='bbox 2725 3324 2975 3394; x_wconf 84' lang='lat' dir='ltr'><strong>quemvis</strong></span> <span class='ocrx_word' id='word_1_680' title='bbox 2996 3325 3161 3379; x_wconf 89' lang='lat' dir='ltr'><strong>alium</strong></span> <span class='ocrx_word' id='word_1_681' title='bbox 3185 3326 3324 3380; x_wconf 87' lang='lat' dir='ltr'><strong>dixit</strong></span> <span class='ocrx_word' id='word_1_682' title='bbox 3340 3324 3641 3393; x_wconf 84' lang='lat' dir='ltr'><strong>Eusebius,</strong></span> 
     </span>
    </p>
   </div>
   <div class='ocr_carea' id='block_1_92' title="bbox 2057 3412 3639 3486">
    <p class='ocr_par' dir='ltr' id='par_1_92' title="bbox 2057 3412 3639 3486">
     <span class='ocr_line' id='line_1_92' title="bbox 2057 3412 3639 3486; baseline 0.003 -19"><span class='ocrx_word' id='word_1_683' title='bbox 2057 3413 2205 3483; x_wconf 91' lang='lat' dir='ltr'><strong>quod</strong></span> <span class='ocrx_word' id='word_1_684' title='bbox 2240 3413 2571 3468; x_wconf 89' lang='lat' dir='ltr'><strong>testimoniis</strong></span> <span class='ocrx_word' id='word_1_685' title='bbox 2599 3412 2865 3468; x_wconf 89' lang='lat' dir='ltr'><strong>librorum</strong></span> <span class='ocrx_word' id='word_1_686' title='bbox 2901 3416 3335 3486; x_wconf 84' lang='lat' dir='ltr'><strong>apocryphorum</strong></span> <span class='ocrx_word' id='word_1_687' title='bbox 3362 3428 3639 3472; x_wconf 82' lang='lat' dir='ltr'><strong>uteretur:</strong></span> 
     </span>
    </p>
   </div>
   <div class='ocr_carea' id='block_1_93' title="bbox 2057 3506 3639 3578">
    <p class='ocr_par' dir='ltr' id='par_1_93' title="bbox 2057 3506 3639 3578">
     <span class='ocr_line' id='line_1_93' title="bbox 2057 3506 3639 3578; baseline 0.003 -18"><span class='ocrx_word' id='word_1_688' title='bbox 2057 3506 2521 3575; x_wconf 87' lang='lat' dir='ltr'><strong>quemadmodum</strong></span> <span class='ocrx_word' id='word_1_689' title='bbox 2583 3521 2687 3563; x_wconf 91' lang='lat' dir='ltr'><strong>nec</strong></span> <span class='ocrx_word' id='word_1_690' title='bbox 2745 3506 2803 3561; x_wconf 93' lang='lat' dir='ltr'><strong>S.</strong></span> <span class='ocrx_word' id='word_1_691' title='bbox 2853 3506 3122 3578; x_wconf 84' lang='lat' dir='ltr'><strong>lgnatium</strong></span> <span class='ocrx_word' id='word_1_692' title='bbox 3191 3508 3426 3563; x_wconf 91' lang='lat' dir='ltr'><strong>minoris</strong></span> <span class='ocrx_word' id='word_1_693' title='bbox 3484 3508 3639 3575; x_wconf 81' lang='lat' dir='ltr'><strong>fecit,</strong></span> 
     </span>
    </p>
   </div>
   <div class='ocr_carea' id='block_1_94' title="bbox 2055 3600 3642 3676">
    <p class='ocr_par' dir='ltr' id='par_1_94' title="bbox 2055 3600 3642 3676">
     <span class='ocr_line' id='line_1_94' title="bbox 2055 3600 3642 3676; baseline 0.004 -22"><span class='ocrx_word' id='word_1_694' title='bbox 2055 3600 2201 3670; x_wconf 91' lang='lat' dir='ltr'><strong>quod</strong></span> <span class='ocrx_word' id='word_1_695' title='bbox 2241 3603 2407 3657; x_wconf 87' lang='lat' dir='ltr'><strong>verba</strong></span> <span class='ocrx_word' id='word_1_696' title='bbox 2451 3603 2569 3659; x_wconf 72' lang='lat' dir='ltr'><strong>haec</strong></span> <span class='ocrx_word' id='word_1_697' title='bbox 2606 3604 2765 3673; x_wconf 92' lang='lat' dir='ltr'><strong>quasi</strong></span> <span class='ocrx_word' id='word_1_698' title='bbox 2811 3620 2842 3659; x_wconf 89' lang='lat' dir='ltr'><strong>a</strong></span> <span class='ocrx_word' id='word_1_699' title='bbox 2874 3603 3105 3659; x_wconf 89' lang='lat' dir='ltr'><strong>Domino</strong></span> <span class='ocrx_word' id='word_1_700' title='bbox 3137 3603 3281 3659; x_wconf 84' lang='lat' dir='ltr'><strong>dicta</strong></span> <span class='ocrx_word' id='word_1_701' title='bbox 3321 3606 3642 3676; x_wconf 87' lang='lat' dir='ltr'><strong>protulerit,</strong></span> 
     </span>
    </p>
   </div>
   <div class='ocr_carea' id='block_1_95' title="bbox 2056 3694 3639 3768">
    <p class='ocr_par' dir='ltr' id='par_1_95' title="bbox 2056 3694 3639 3768">
     <span class='ocr_line' id='line_1_95' title="bbox 2056 3694 3639 3768; baseline 0.003 -19"><span class='ocrx_word' id='word_1_702' title='bbox 2056 3709 2181 3749; x_wconf 91' lang='lat' dir='ltr'><strong>cum</strong></span> <span class='ocrx_word' id='word_1_703' title='bbox 2223 3694 2340 3763; x_wconf 91' lang='lat' dir='ltr'><strong>ipse</strong></span> <span class='ocrx_word' id='word_1_704' title='bbox 2387 3695 2532 3751; x_wconf 89' lang='lat' dir='ltr'><strong>unde</strong></span> <span class='ocrx_word' id='word_1_705' title='bbox 2574 3705 2794 3767; x_wconf 89' lang='lat' dir='ltr'><strong>sumpta</strong></span> <span class='ocrx_word' id='word_1_706' title='bbox 2833 3710 3018 3753; x_wconf 89' lang='lat' dir='ltr'><strong>essent</strong></span> <span class='ocrx_word' id='word_1_707' title='bbox 3064 3697 3224 3768; x_wconf 89' lang='lat' dir='ltr'><strong>plane</strong></span> <span class='ocrx_word' id='word_1_708' title='bbox 3273 3698 3639 3768; x_wconf 85' lang='lat' dir='ltr'><strong>ignoraverit.</strong></span> 
     </span>
    </p>
   </div>
   <div class='ocr_carea' id='block_1_96' title="bbox 2056 3782 3642 3858">
    <p class='ocr_par' dir='ltr' id='par_1_96' title="bbox 2056 3782 3642 3858">
     <span class='ocr_line' id='line_1_96' title="bbox 2056 3782 3642 3858; baseline 0.006 -21"><span class='ocrx_word' id='word_1_709' title='bbox 2056 3782 2271 3854; x_wconf 76' lang='lat' dir='ltr'><strong>Excipit</strong></span> <span class='ocrx_word' id='word_1_710' title='bbox 2301 3787 2543 3841; x_wconf 88' lang='lat' dir='ltr'><strong>secundo</strong></span> <span class='ocrx_word' id='word_1_711' title='bbox 2570 3788 2699 3842; x_wconf 86' lang='lat' dir='ltr'><strong>sciri</strong></span> <span class='ocrx_word' id='word_1_712' title='bbox 2734 3802 2841 3842; x_wconf 92' lang='lat' dir='ltr'><strong>non</strong></span> <span class='ocrx_word' id='word_1_713' title='bbox 2867 3803 3049 3858; x_wconf 90' lang='lat' dir='ltr'><strong>posse,</strong></span> <span class='ocrx_word' id='word_1_714' title='bbox 3079 3805 3146 3843; x_wconf 90' lang='lat' dir='ltr'><strong>an</strong></span> <span class='ocrx_word' id='word_1_715' title='bbox 3176 3789 3364 3844; x_wconf 90' lang='lat' dir='ltr'><strong>eadem</strong></span> <span class='ocrx_word' id='word_1_716' title='bbox 3397 3790 3642 3846; x_wconf 81' lang='lat' dir='ltr'><strong>historia</strong></span> 
     </span>
    </p>
   </div>
   <div class='ocr_carea' id='block_1_97' title="bbox 2055 3878 3643 3951">
    <p class='ocr_par' dir='ltr' id='par_1_97' title="bbox 2055 3878 3643 3951">
     <span class='ocr_line' id='line_1_97' title="bbox 2055 3878 3643 3951; baseline 0.006 -20"><span class='ocrx_word' id='word_1_717' title='bbox 2055 3878 2198 3947; x_wconf 87' lang='lat' dir='ltr'><strong>apud</strong></span> <span class='ocrx_word' id='word_1_718' title='bbox 2254 3887 2475 3935; x_wconf 88' lang='lat' dir='ltr'><strong>nostros</strong></span> <span class='ocrx_word' id='word_1_719' title='bbox 2519 3881 2889 3951; x_wconf 79' lang='lat' dir='ltr'><strong>evangelistas</strong></span> <span class='ocrx_word' id='word_1_720' title='bbox 2937 3891 3132 3938; x_wconf 88' lang='lat' dir='ltr'><strong>exstet.</strong></span> <span class='ocrx_word' id='word_1_721' title='bbox 3196 3880 3475 3939; x_wconf 58' lang='lat' dir='ltr'><strong>Praeclara</strong></span> <span class='ocrx_word' id='word_1_722' title='bbox 3504 3900 3643 3941; x_wconf 82' lang='lat' dir='ltr'><strong>vero</strong></span> 
     </span>
    </p>
   </div>
   <div class='ocr_carea' id='block_1_98' title="bbox 2052 3970 3643 4046">
    <p class='ocr_par' dir='ltr' id='par_1_98' title="bbox 2052 3970 3643 4046">
     <span class='ocr_line' id='line_1_98' title="bbox 2052 3970 3643 4046; baseline 0.006 -23"><span class='ocrx_word' id='word_1_723' title='bbox 2052 3970 2361 4027; x_wconf 88' lang='lat' dir='ltr'><strong>observatio</strong></span> <span class='ocrx_word' id='word_1_724' title='bbox 2388 3971 2631 4040; x_wconf 88' lang='lat' dir='ltr'><strong>Eusebii,</strong></span> <span class='ocrx_word' id='word_1_725' title='bbox 2671 3974 2718 4029; x_wconf 88' lang='lat' dir='ltr'><strong>si</strong></span> <span class='ocrx_word' id='word_1_726' title='bbox 2751 3975 2989 4030; x_wconf 90' lang='lat' dir='ltr'><strong>dubitari</strong></span> <span class='ocrx_word' id='word_1_727' title='bbox 3020 3986 3224 4046; x_wconf 83' lang='lat' dir='ltr'><strong>posset,</strong></span> <span class='ocrx_word' id='word_1_728' title='bbox 3249 3991 3318 4031; x_wconf 89' lang='lat' dir='ltr'><strong>an</strong></span> <span class='ocrx_word' id='word_1_729' title='bbox 3356 3991 3421 4031; x_wconf 89' lang='lat' dir='ltr'><strong>ea</strong></span> <span class='ocrx_word' id='word_1_730' title='bbox 3461 3977 3643 4032; x_wconf 83' lang='lat' dir='ltr'><strong>histo-</strong></span> 
     </span>
    </p>
   </div>
   <div class='ocr_carea' id='block_1_99' title="bbox 2054 4060 3639 4139">
    <p class='ocr_par' dir='ltr' id='par_1_99' title="bbox 2054 4060 3639 4139">
     <span class='ocr_line' id='line_1_99' title="bbox 2054 4060 3639 4139; baseline 0.008 -26"><span class='ocrx_word' id='word_1_731' title='bbox 2054 4060 2157 4128; x_wconf 88' lang='lat' dir='ltr'><strong>ria,</strong></span> <span class='ocrx_word' id='word_1_732' title='bbox 2205 4077 2368 4131; x_wconf 90' lang='lat' dir='ltr'><strong>quam</strong></span> <span class='ocrx_word' id='word_1_733' title='bbox 2424 4064 2597 4133; x_wconf 82' lang='lat' dir='ltr'><strong>tetigit</strong></span> <span class='ocrx_word' id='word_1_734' title='bbox 2646 4063 2867 4135; x_wconf 91' lang='lat' dir='ltr'><strong>Papias,</strong></span> <span class='ocrx_word' id='word_1_735' title='bbox 2917 4067 2973 4121; x_wconf 91' lang='lat' dir='ltr'><strong>in</strong></span> <span class='ocrx_word' id='word_1_736' title='bbox 3022 4069 3225 4123; x_wconf 88' lang='lat' dir='ltr'><strong>nostris</strong></span> <span class='ocrx_word' id='word_1_737' title='bbox 3275 4071 3639 4139; x_wconf 84' lang='lat' dir='ltr'><strong>evangelistis</strong></span> 
     </span>
    </p>
   </div>
   <div class='ocr_carea' id='block_1_100' title="bbox 2054 4151 3641 4229">
    <p class='ocr_par' dir='ltr' id='par_1_100' title="bbox 2054 4151 3641 4229">
     <span class='ocr_line' id='line_1_100' title="bbox 2054 4151 3641 4229; baseline 0.007 -25"><span class='ocrx_word' id='word_1_738' title='bbox 2054 4151 2370 4206; x_wconf 82' lang='lat' dir='ltr'><strong>exstiterit?</strong></span> <span class='ocrx_word' id='word_1_739' title='bbox 2419 4151 2725 4221; x_wconf 87' lang='lat' dir='ltr'><strong>Quorsum,</strong></span> <span class='ocrx_word' id='word_1_740' title='bbox 2762 4170 2970 4225; x_wconf 80' lang='lat' dir='ltr'><strong>quaeso,</strong></span> <span class='ocrx_word' id='word_1_741' title='bbox 3008 4157 3063 4210; x_wconf 91' lang='lat' dir='ltr'><strong>in</strong></span> <span class='ocrx_word' id='word_1_742' title='bbox 3098 4157 3393 4229; x_wconf 81' lang='lat' dir='ltr'><strong>Evangelio</strong></span> <span class='ocrx_word' id='word_1_743' title='bbox 3430 4175 3641 4215; x_wconf 89' lang='lat' dir='ltr'><strong>secun-</strong></span> 
     </span>
    </p>
   </div>
   <div class='ocr_carea' id='block_1_101' title="bbox 2052 4240 3637 4321">
    <p class='ocr_par' dir='ltr' id='par_1_101' title="bbox 2052 4240 3637 4321">
     <span class='ocr_line' id='line_1_101' title="bbox 2052 4240 3637 4321; baseline 0.009 -28"><span class='ocrx_word' id='word_1_744' title='bbox 2052 4242 2183 4295; x_wconf 91' lang='lat' dir='ltr'><strong>dum</strong></span> <span class='ocrx_word' id='word_1_745' title='bbox 2215 4240 2472 4299; x_wconf 67' lang='lat' dir='ltr'><strong>Hebraeos</strong></span> <span class='ocrx_word' id='word_1_746' title='bbox 2518 4244 2752 4299; x_wconf 89' lang='lat' dir='ltr'><strong>inveniri</strong></span> <span class='ocrx_word' id='word_1_747' title='bbox 2782 4246 3009 4313; x_wconf 89' lang='lat' dir='ltr'><strong>diceret,</strong></span> <span class='ocrx_word' id='word_1_748' title='bbox 3043 4247 3087 4301; x_wconf 92' lang='lat' dir='ltr'><strong>si</strong></span> <span class='ocrx_word' id='word_1_749' title='bbox 3130 4248 3184 4301; x_wconf 92' lang='lat' dir='ltr'><strong>in</strong></span> <span class='ocrx_word' id='word_1_750' title='bbox 3218 4250 3426 4305; x_wconf 88' lang='lat' dir='ltr'><strong>nostris</strong></span> <span class='ocrx_word' id='word_1_751' title='bbox 3454 4267 3637 4321; x_wconf 77' lang='lat' dir='ltr'><strong>appa—</strong></span> 
     </span>
    </p>
   </div>
   <div class='ocr_carea' id='block_1_102' title="bbox 2054 4334 3639 4416">
    <p class='ocr_par' dir='ltr' id='par_1_102' title="bbox 2054 4334 3639 4416">
     <span class='ocr_line' id='line_1_102' title="bbox 2054 4334 3639 4416; baseline 0.009 -29"><span class='ocrx_word' id='word_1_752' title='bbox 2054 4334 2290 4389; x_wconf 84' lang='lat' dir='ltr'><strong>ruisset?</strong></span> <span class='ocrx_word' id='word_1_753' title='bbox 2329 4337 2636 4405; x_wconf 68' lang='lat' dir='ltr'><strong>praesertim</strong></span> <span class='ocrx_word' id='word_1_754' title='bbox 2676 4353 2742 4393; x_wconf 91' lang='lat' dir='ltr'><strong>eo</strong></span> <span class='ocrx_word' id='word_1_755' title='bbox 2776 4338 2918 4407; x_wconf 91' lang='lat' dir='ltr'><strong>loco,</strong></span> <span class='ocrx_word' id='word_1_756' title='bbox 2957 4356 3066 4410; x_wconf 93' lang='lat' dir='ltr'><strong>quo</strong></span> <span class='ocrx_word' id='word_1_757' title='bbox 3103 4343 3421 4398; x_wconf 88' lang='lat' dir='ltr'><strong>testimonia</strong></span> <span class='ocrx_word' id='word_1_758' title='bbox 3451 4344 3639 4416; x_wconf 71' lang='lat' dir='ltr'><strong>Papiae</strong></span> 
     </span>
    </p>
   </div>
   <div class='ocr_carea' id='block_1_103' title="bbox 1979 4427 3638 4499">
    <p class='ocr_par' dir='ltr' id='par_1_103' title="bbox 1979 4427 3638 4499">
     <span class='ocr_line' id='line_1_103' title="bbox 1979 4427 3638 4499; baseline 0.01 -21"><span class='ocrx_word' id='word_1_759' title='bbox 1979 4444 2023 4499; x_wconf 76' lang='grc' dir='ltr'>ι)</span> <span class='ocrx_word' id='word_1_760' title='bbox 2052 4441 2153 4496; x_wconf 90' lang='lat' dir='ltr'><strong>pro</strong></span> <span class='ocrx_word' id='word_1_761' title='bbox 2194 4427 2401 4483; x_wconf 90' lang='lat' dir='ltr'><strong>nostris</strong></span> <span class='ocrx_word' id='word_1_762' title='bbox 2453 4428 2610 4484; x_wconf 89' lang='lat' dir='ltr'><strong>libris</strong></span> <span class='ocrx_word' id='word_1_763' title='bbox 2641 4429 2899 4486; x_wconf 83' lang='lat' dir='ltr'><strong>adducit?</strong></span> <span class='ocrx_word' id='word_1_764' title='bbox 2949 4430 3084 4498; x_wconf 89' lang='lat' dir='ltr'><strong>Quis</strong></span> <span class='ocrx_word' id='word_1_765' title='bbox 3142 4435 3317 4488; x_wconf 89' lang='lat' dir='ltr'><strong>nescit</strong></span> <span class='ocrx_word' id='word_1_766' title='bbox 3370 4436 3429 4489; x_wconf 91' lang='lat' dir='ltr'><strong>in</strong></span> <span class='ocrx_word' id='word_1_767' title='bbox 3476 4453 3638 4494; x_wconf 84' lang='lat' dir='ltr'><strong>more</strong></span> 
     </span>
    </p>
   </div>
   <div class='ocr_carea' id='block_1_104' title="bbox 2051 4517 3637 4600">
    <p class='ocr_par' dir='ltr' id='par_1_104' title="bbox 2051 4517 3637 4600">
     <span class='ocr_line' id='line_1_104' title="bbox 2051 4517 3637 4600; baseline 0.009 -28"><span class='ocrx_word' id='word_1_768' title='bbox 2051 4517 2287 4588; x_wconf 90' lang='lat' dir='ltr'><strong>positum</strong></span> <span class='ocrx_word' id='word_1_769' title='bbox 2333 4534 2455 4575; x_wconf 90' lang='lat' dir='ltr'><strong>esse</strong></span> <span class='ocrx_word' id='word_1_770' title='bbox 2476 4520 2743 4590; x_wconf 89' lang='lat' dir='ltr'><strong>Eusebio,</strong></span> <span class='ocrx_word' id='word_1_771' title='bbox 2790 4524 2881 4578; x_wconf 90' lang='lat' dir='ltr'><strong>ubi</strong></span> <span class='ocrx_word' id='word_1_772' title='bbox 2913 4524 2980 4580; x_wconf 91' lang='lat' dir='ltr'><strong>de</strong></span> <span class='ocrx_word' id='word_1_773' title='bbox 3014 4526 3285 4581; x_wconf 89' lang='lat' dir='ltr'><strong>veteribus</strong></span> <span class='ocrx_word' id='word_1_774' title='bbox 3339 4531 3637 4600; x_wconf 81' lang='lat' dir='ltr'><strong>scriptori-</strong></span> 
     </span>
    </p>
   </div>
   <div class='ocr_carea' id='block_1_105' title="bbox 2049 4610 3633 4689">
    <p class='ocr_par' dir='ltr' id='par_1_105' title="bbox 2049 4610 3633 4689">
     <span class='ocr_line' id='line_1_105' title="bbox 2049 4610 3633 4689; baseline 0.008 -24"><span class='ocrx_word' id='word_1_775' title='bbox 2049 4610 2153 4665; x_wconf 86' lang='lat' dir='ltr'><strong>bus</strong></span> <span class='ocrx_word' id='word_1_776' title='bbox 2186 4611 2321 4681; x_wconf 83' lang='lat' dir='ltr'><strong>agit,</strong></span> <span class='ocrx_word' id='word_1_777' title='bbox 2352 4626 2494 4683; x_wconf 92' lang='lat' dir='ltr'><strong>quos</strong></span> <span class='ocrx_word' id='word_1_778' title='bbox 2531 4612 2705 4669; x_wconf 90' lang='lat' dir='ltr'><strong>libros</strong></span> <span class='ocrx_word' id='word_1_779' title='bbox 2743 4615 3042 4671; x_wconf 89' lang='lat' dir='ltr'><strong>canonicos</strong></span> <span class='ocrx_word' id='word_1_780' title='bbox 3071 4617 3274 4684; x_wconf 88' lang='lat' dir='ltr'><strong>citant,</strong></span> <span class='ocrx_word' id='word_1_781' title='bbox 3317 4635 3463 4689; x_wconf 91' lang='lat' dir='ltr'><strong>quos</strong></span> <span class='ocrx_word' id='word_1_782' title='bbox 3498 4622 3633 4677; x_wconf 88' lang='lat' dir='ltr'><strong>item</strong></span> 
     </span>
    </p>
   </div>
   <div class='ocr_carea' id='block_1_106' title="bbox 2050 4703 3632 4782">
    <p class='ocr_par' dir='ltr' id='par_1_106' title="bbox 2050 4703 3632 4782">
     <span class='ocr_line' id='line_1_106' title="bbox 2050 4703 3632 4782; baseline 0.008 -25"><span class='ocrx_word' id='word_1_783' title='bbox 2050 4703 2414 4773; x_wconf 87' lang='lat' dir='ltr'><strong>apocryphos,</strong></span> <span class='ocrx_word' id='word_1_784' title='bbox 2450 4705 2719 4760; x_wconf 84' lang='lat' dir='ltr'><strong>recitare?</strong></span> <span class='ocrx_word' id='word_1_785' title='bbox 2748 4704 2970 4777; x_wconf 89' lang='lat' dir='ltr'><strong>Neque,</strong></span> <span class='ocrx_word' id='word_1_786' title='bbox 3006 4709 3222 4779; x_wconf 91' lang='lat' dir='ltr'><strong>opinor,</strong></span> <span class='ocrx_word' id='word_1_787' title='bbox 3256 4728 3506 4782; x_wconf 85' lang='lat' dir='ltr'><strong>unquam</strong></span> <span class='ocrx_word' id='word_1_788' title='bbox 3554 4716 3632 4771; x_wconf 85' lang='lat' dir='ltr'><strong>illi</strong></span> 
     </span>
    </p>
   </div>
   <div class='ocr_carea' id='block_1_107' title="bbox 2050 4790 3631 4875">
    <p class='ocr_par' dir='ltr' id='par_1_107' title="bbox 2050 4790 3631 4875">
     <span class='ocr_line' id='line_1_107' title="bbox 2050 4790 3631 4875; baseline 0.011 -30"><span class='ocrx_word' id='word_1_789' title='bbox 2050 4792 2107 4846; x_wconf 92' lang='lat' dir='ltr'><strong>in</strong></span> <span class='ocrx_word' id='word_1_790' title='bbox 2140 4803 2375 4849; x_wconf 88' lang='lat' dir='ltr'><strong>mentem</strong></span> <span class='ocrx_word' id='word_1_791' title='bbox 2418 4797 2588 4864; x_wconf 89' lang='lat' dir='ltr'><strong>venit,</strong></span> <span class='ocrx_word' id='word_1_792' title='bbox 2623 4790 2774 4853; x_wconf 81' lang='lat' dir='ltr'><strong>utea</strong></span> <span class='ocrx_word' id='word_1_793' title='bbox 2811 4799 2929 4855; x_wconf 87' lang='lat' dir='ltr'><strong>loca</strong></span> <span class='ocrx_word' id='word_1_794' title='bbox 2968 4812 3319 4869; x_wconf 88' lang='lat' dir='ltr'><strong>memoraret,</strong></span> <span class='ocrx_word' id='word_1_795' title='bbox 3352 4821 3483 4875; x_wconf 67' lang='lat' dir='ltr'><strong>quae</strong></span> <span class='ocrx_word' id='word_1_796' title='bbox 3511 4816 3631 4862; x_wconf 88' lang='lat' dir='ltr'><strong>tum</strong></span> 
     </span>
    </p>
   </div>
   <div class='ocr_carea' id='block_1_108' title="bbox 2049 4883 3635 4965">
    <p class='ocr_par' dir='ltr' id='par_1_108' title="bbox 2049 4883 3635 4965">
     <span class='ocr_line' id='line_1_108' title="bbox 2049 4883 3635 4965; baseline 0.011 -28"><span class='ocrx_word' id='word_1_797' title='bbox 2049 4883 2103 4937; x_wconf 91' lang='lat' dir='ltr'><strong>in</strong></span> <span class='ocrx_word' id='word_1_798' title='bbox 2135 4886 2437 4953; x_wconf 88' lang='lat' dir='ltr'><strong>canonicis,</strong></span> <span class='ocrx_word' id='word_1_799' title='bbox 2464 4897 2579 4942; x_wconf 88' lang='lat' dir='ltr'><strong>tum</strong></span> <span class='ocrx_word' id='word_1_800' title='bbox 2619 4888 2675 4943; x_wconf 91' lang='lat' dir='ltr'><strong>in</strong></span> <span class='ocrx_word' id='word_1_801' title='bbox 2709 4892 3035 4963; x_wconf 86' lang='lat' dir='ltr'><strong>apocryphis</strong></span> <span class='ocrx_word' id='word_1_802' title='bbox 3069 4894 3395 4965; x_wconf 77' lang='lat' dir='ltr'><strong>legerentur.</strong></span> <span class='ocrx_word' id='word_1_803' title='bbox 3434 4897 3497 4952; x_wconf 90' lang='lat' dir='ltr'><strong>ln</strong></span> <span class='ocrx_word' id='word_1_804' title='bbox 3530 4916 3635 4954; x_wconf 82' lang='lat' dir='ltr'><strong>no-</strong></span> 
     </span>
    </p>
   </div>
   <div class='ocr_carea' id='block_1_109' title="bbox 2048 4975 3633 5047">
    <p class='ocr_par' dir='ltr' id='par_1_109' title="bbox 2048 4975 3633 5047">
     <span class='ocr_line' id='line_1_109' title="bbox 2048 4975 3633 5047; baseline 0.012 -19"><span class='ocrx_word' id='word_1_805' title='bbox 2048 4975 2177 5030; x_wconf 91' lang='lat' dir='ltr'><strong>stris</strong></span> <span class='ocrx_word' id='word_1_806' title='bbox 2205 4976 2425 5046; x_wconf 90' lang='lat' dir='ltr'><strong>quidem</strong></span> <span class='ocrx_word' id='word_1_807' title='bbox 2460 4994 2607 5034; x_wconf 92' lang='lat' dir='ltr'><strong>nunc</strong></span> <span class='ocrx_word' id='word_1_808' title='bbox 2644 4980 2875 5037; x_wconf 89' lang='lat' dir='ltr'><strong>habetur</strong></span> <span class='ocrx_word' id='word_1_809' title='bbox 2918 4984 3114 5040; x_wconf 90' lang='lat' dir='ltr'><strong>mulier</strong></span> <span class='ocrx_word' id='word_1_810' title='bbox 3156 4997 3415 5043; x_wconf 87' lang='lat' dir='ltr'><strong>accusata</strong></span> <span class='ocrx_word' id='word_1_811' title='bbox 3471 4992 3633 5047; x_wconf 84' lang='lat' dir='ltr'><strong>adul-</strong></span> 
     </span>
    </p>
   </div>
   <div class='ocr_carea' id='block_1_110' title="bbox 2048 5066 3634 5146">
    <p class='ocr_par' dir='ltr' id='par_1_110' title="bbox 2048 5066 3634 5146">
     <span class='ocr_line' id='line_1_110' title="bbox 2048 5066 3634 5146; baseline 0.014 -27"><span class='ocrx_word' id='word_1_812' title='bbox 2048 5066 2195 5134; x_wconf 91' lang='lat' dir='ltr'><strong>terii;</strong></span> <span class='ocrx_word' id='word_1_813' title='bbox 2234 5068 2329 5122; x_wconf 90' lang='lat' dir='ltr'><strong>sed</strong></span> <span class='ocrx_word' id='word_1_814' title='bbox 2360 5069 2452 5123; x_wconf 91' lang='lat' dir='ltr'><strong>illa</strong></span> <span class='ocrx_word' id='word_1_815' title='bbox 2477 5071 2544 5125; x_wconf 90' lang='lat' dir='ltr'><strong>de</strong></span> <span class='ocrx_word' id='word_1_816' title='bbox 2573 5086 2682 5141; x_wconf 88' lang='lat' dir='ltr'><strong>qua</strong></span> <span class='ocrx_word' id='word_1_817' title='bbox 2718 5074 2939 5144; x_wconf 88' lang='lat' dir='ltr'><strong>scripsit</strong></span> <span class='ocrx_word' id='word_1_818' title='bbox 2966 5074 3183 5146; x_wconf 87' lang='lat' dir='ltr'><strong>Papias.</strong></span> <span class='ocrx_word' id='word_1_819' title='bbox 3217 5090 3335 5133; x_wconf 90' lang='lat' dir='ltr'><strong>erat</strong></span> <span class='ocrx_word' id='word_1_820' title='bbox 3362 5081 3462 5133; x_wconf 78' lang='grc' dir='ltr'><strong>ἐπὶ</strong></span> <span class='ocrx_word' id='word_1_821' title='bbox 3498 5087 3634 5140; x_wconf 76' lang='grc' dir='ltr'>πολ-</span> 
     </span>
    </p>
   </div>
   <div class='ocr_carea' id='block_1_111' title="bbox 2045 5157 3629 5235">
    <p class='ocr_par' dir='ltr' id='par_1_111' title="bbox 2045 5157 3629 5235">
     <span class='ocr_line' id='line_1_111' title="bbox 2045 5157 3629 5235; baseline 0.013 -24"><span class='ocrx_word' id='word_1_822' title='bbox 2045 5157 2164 5220; x_wconf 80' lang='grc' dir='ltr'><strong>λαῖς</strong></span> <span class='ocrx_word' id='word_1_823' title='bbox 2195 5158 2490 5231; x_wconf 80' lang='grc' dir='ltr'><strong>ἁμαρτίαις</strong></span> <span class='ocrx_word' id='word_1_824' title='bbox 2520 5160 2868 5235; x_wconf 78' lang='grc' dir='ltr'><strong>διαϐληθεῖσα</strong></span> <span class='ocrx_word' id='word_1_825' title='bbox 2920 5184 2938 5217; x_wconf 77' lang='grc' dir='ltr'><strong>ι</strong></span> <span class='ocrx_word' id='word_1_826' title='bbox 2976 5169 3271 5224; x_wconf 90' lang='lat' dir='ltr'><strong>multorum</strong></span> <span class='ocrx_word' id='word_1_827' title='bbox 3323 5173 3629 5232; x_wconf 87' lang='lat' dir='ltr'><strong>criminum</strong></span> 
     </span>
    </p>
   </div>
   <div class='ocr_carea' id='block_1_112' title="bbox 2045 5251 3632 5325">
    <p class='ocr_par' dir='ltr' id='par_1_112' title="bbox 2045 5251 3632 5325">
     <span class='ocr_line' id='line_1_112' title="bbox 2045 5251 3632 5325; baseline 0.014 -23"><span class='ocrx_word' id='word_1_828' title='bbox 2045 5259 2336 5318; x_wconf 88' lang='lat' dir='ltr'><strong>accusata,</strong></span> <span class='ocrx_word' id='word_1_829' title='bbox 2373 5270 2392 5303; x_wconf 77' lang='grc' dir='ltr'><strong>ι</strong></span> <span class='ocrx_word' id='word_1_830' title='bbox 2452 5263 2507 5307; x_wconf 87' lang='lat' dir='ltr'><strong>et</strong></span> <span class='ocrx_word' id='word_1_831' title='bbox 2541 5251 2672 5323; x_wconf 87' lang='lat' dir='ltr'><strong>quid</strong></span> <span class='ocrx_word' id='word_1_832' title='bbox 2716 5265 2977 5325; x_wconf 65' lang='lat' dir='ltr'><strong>praeterea</strong></span> <span class='ocrx_word' id='word_1_833' title='bbox 3032 5259 3101 5315; x_wconf 90' lang='lat' dir='ltr'><strong>de</strong></span> <span class='ocrx_word' id='word_1_834' title='bbox 3140 5276 3203 5316; x_wconf 90' lang='lat' dir='ltr'><strong>ea</strong></span> <span class='ocrx_word' id='word_1_835' title='bbox 3249 5264 3485 5321; x_wconf 85' lang='lat' dir='ltr'><strong>muliere</strong></span> <span class='ocrx_word' id='word_1_836' title='bbox 3532 5282 3632 5325; x_wconf 87' lang='lat' dir='ltr'><strong>aut</strong></span> 
     </span>
    </p>
   </div>
   <div class='ocr_carea' id='block_1_113' title="bbox 2044 5340 3629 5420">
    <p class='ocr_par' dir='ltr' id='par_1_113' title="bbox 2044 5340 3629 5420">
     <span class='ocr_line' id='line_1_113' title="bbox 2044 5340 3629 5420; baseline 0.015 -26"><span class='ocrx_word' id='word_1_837' title='bbox 2044 5357 2075 5395; x_wconf 91' lang='lat' dir='ltr'><strong>a</strong></span> <span class='ocrx_word' id='word_1_838' title='bbox 2098 5340 2286 5412; x_wconf 87' lang='lat' dir='ltr'><strong>Papia,</strong></span> <span class='ocrx_word' id='word_1_839' title='bbox 2322 5352 2416 5398; x_wconf 89' lang='lat' dir='ltr'><strong>aut</strong></span> <span class='ocrx_word' id='word_1_840' title='bbox 2457 5346 2510 5399; x_wconf 93' lang='lat' dir='ltr'><strong>in</strong></span> <span class='ocrx_word' id='word_1_841' title='bbox 2544 5347 2837 5420; x_wconf 86' lang='lat' dir='ltr'><strong>Evangelio</strong></span> <span class='ocrx_word' id='word_1_842' title='bbox 2866 5353 3166 5408; x_wconf 89' lang='lat' dir='ltr'><strong>secundum</strong></span> <span class='ocrx_word' id='word_1_843' title='bbox 3192 5353 3456 5415; x_wconf 65' lang='lat' dir='ltr'><strong>Hebraeos</strong></span> <span class='ocrx_word' id='word_1_844' title='bbox 3484 5365 3629 5417; x_wconf 85' lang='lat' dir='ltr'><strong>scri-</strong></span> 
     </span>
    </p>
   </div>
   <div class='ocr_carea' id='block_1_114' title="bbox 2043 5440 3629 5519">
    <p class='ocr_par' dir='ltr' id='par_1_114' title="bbox 2043 5440 3629 5519">
     <span class='ocr_line' id='line_1_114' title="bbox 2043 5440 3629 5519; baseline 0.016 -34"><span class='ocrx_word' id='word_1_845' title='bbox 2043 5441 2195 5502; x_wconf 93' lang='lat' dir='ltr'><strong>ptum</strong></span> <span class='ocrx_word' id='word_1_846' title='bbox 2227 5444 2329 5499; x_wconf 92' lang='lat' dir='ltr'><strong>est,</strong></span> <span class='ocrx_word' id='word_1_847' title='bbox 2376 5451 2603 5505; x_wconf 84' lang='lat' dir='ltr'><strong>prorsus</strong></span> <span class='ocrx_word' id='word_1_848' title='bbox 2654 5440 2955 5511; x_wconf 85' lang='lat' dir='ltr'><strong>ignoratur.</strong></span> <span class='ocrx_word' id='word_1_849' title='bbox 3009 5443 3235 5502; x_wconf 87' lang='lat' dir='ltr'><strong>Grotius</strong></span> <span class='ocrx_word' id='word_1_850' title='bbox 3268 5451 3496 5519; x_wconf 87' lang='lat' dir='ltr'><strong>quidem</strong></span> <span class='ocrx_word' id='word_1_851' title='bbox 3529 5454 3629 5509; x_wconf 81' lang='lat' dir='ltr'><strong>Hi-</strong></span> 
     </span>
    </p>
   </div>
   <div class='ocr_carea' id='block_1_115' title="bbox 2044 5526 3625 5605">
    <p class='ocr_par' dir='ltr' id='par_1_115' title="bbox 2044 5526 3625 5605">
     <span class='ocr_line' id='line_1_115' title="bbox 2044 5526 3625 5605; baseline 0.016 -28"><span class='ocrx_word' id='word_1_852' title='bbox 2044 5526 2270 5579; x_wconf 85' lang='lat' dir='ltr'><strong>storiam</strong></span> <span class='ocrx_word' id='word_1_853' title='bbox 2332 5528 2384 5582; x_wconf 95' lang='lat' dir='ltr'><strong>in</strong></span> <span class='ocrx_word' id='word_1_854' title='bbox 2444 5528 2501 5584; x_wconf 92' lang='lat' dir='ltr'><strong>S.</strong></span> <span class='ocrx_word' id='word_1_855' title='bbox 2540 5528 2752 5588; x_wconf 84' lang='lat' dir='ltr'><strong>Joanne</strong></span> <span class='ocrx_word' id='word_1_856' title='bbox 2803 5545 3077 5604; x_wconf 87' lang='lat' dir='ltr'><strong>repertam</strong></span> <span class='ocrx_word' id='word_1_857' title='bbox 3136 5538 3192 5594; x_wconf 94' lang='lat' dir='ltr'><strong>in</strong></span> <span class='ocrx_word' id='word_1_858' title='bbox 3231 5538 3625 5605; x_wconf 69' lang='lat' dir='ltr'><strong>Nazarrenrum</strong></span> 
     </span>
    </p>
   </div>
   <div class='ocr_carea' id='block_1_116' title="bbox 2045 5614 3627 5701">
    <p class='ocr_par' dir='ltr' id='par_1_116' title="bbox 2045 5614 3627 5701">
     <span class='ocr_line' id='line_1_116' title="bbox 2045 5614 3627 5701; baseline 0.017 -33"><span class='ocrx_word' id='word_1_859' title='bbox 2045 5614 2272 5673; x_wconf 82' lang='lat' dir='ltr'><strong>Hebraeo</strong></span> <span class='ocrx_word' id='word_1_860' title='bbox 2313 5617 2512 5687; x_wconf 86' lang='lat' dir='ltr'><strong>fuisse,</strong></span> <span class='ocrx_word' id='word_1_861' title='bbox 2558 5626 2691 5681; x_wconf 90' lang='lat' dir='ltr'><strong>satis</strong></span> <span class='ocrx_word' id='word_1_862' title='bbox 2725 5642 2791 5681; x_wconf 88' lang='lat' dir='ltr'><strong>ex</strong></span> <span class='ocrx_word' id='word_1_863' title='bbox 2815 5624 3145 5701; x_wconf 80' lang='lat' dir='ltr'><strong>Hieronymo</strong></span> <span class='ocrx_word' id='word_1_864' title='bbox 3181 5644 3442 5692; x_wconf 89' lang='lat' dir='ltr'><strong>constare</strong></span> <span class='ocrx_word' id='word_1_865' title='bbox 3478 5655 3627 5697; x_wconf 77' lang='lat' dir='ltr'><strong>asse-</strong></span> 
     </span>
    </p>
   </div>
   <div class='ocr_carea' id='block_1_117' title="bbox 2043 5710 3624 5805">
    <p class='ocr_par' dir='ltr' id='par_1_117' title="bbox 2043 5710 3624 5805">
     <span class='ocr_line' id='line_1_117' title="bbox 2043 5710 3624 5805; baseline 0.017 -40"><span class='ocrx_word' id='word_1_866' title='bbox 2043 5710 2149 5780; x_wconf 86' lang='lat' dir='ltr'><strong>rit;</strong></span> <span class='ocrx_word' id='word_1_867' title='bbox 2184 5714 2277 5770; x_wconf 87' lang='lat' dir='ltr'><strong>scd</strong></span> <span class='ocrx_word' id='word_1_868' title='bbox 2314 5730 2377 5773; x_wconf 79' lang='lat' dir='ltr'><strong>ex</strong></span> <span class='ocrx_word' id='word_1_869' title='bbox 2411 5732 2520 5787; x_wconf 88' lang='lat' dir='ltr'><strong>quo</strong></span> <span class='ocrx_word' id='word_1_870' title='bbox 2549 5717 2863 5794; x_wconf 87' lang='lat' dir='ltr'><strong>Hieronymi</strong></span> <span class='ocrx_word' id='word_1_871' title='bbox 2896 5724 3037 5781; x_wconf 89' lang='lat' dir='ltr'><strong>libro</strong></span> <span class='ocrx_word' id='word_1_872' title='bbox 3082 5726 3188 5783; x_wconf 90' lang='lat' dir='ltr'><strong>ista</strong></span> <span class='ocrx_word' id='word_1_873' title='bbox 3219 5729 3493 5803; x_wconf 80' lang='lat' dir='ltr'><strong>hauserit,</strong></span> <span class='ocrx_word' id='word_1_874' title='bbox 3518 5750 3624 5805; x_wconf 79' lang='lat' dir='ltr'><strong>ego</strong></span> 
     </span>
    </p>
   </div>
  </div>
