3770 6310
108 763 255 833 aliqua
298 764 581 833 protulisse
623 768 691 821 ὲκ
733 770 828 825 τοῦ
874 773 996 827 καθ’
1057 776 1341 851 Ἐϐραίους
1379 763 1629 859 Euryte-

105 857 211 921 λίου,
240 857 322 912 lib.
356 874 431 926 tv,
470 874 521 916 c.
546 860 638 916 22.
686 861 790 919 Sed
836 866 883 921 si
915 866 1119 940 Papias

101 1043 271 1115 lgnatio
294 1048 566 1119 antiquior
593 1059 650 1107 et
678 1056 860 1126 magni
885 1072 1100 1128 semper
1127 1061 1369 1131 habitus,
1397 1081 1508 1121 non
1535 1082 1621 1124 se-

97 1137 181 1190 mel
219 1138 482 1210 peregrina
508 1142 772 1212 advocat,
804 1162 926 1217 quae
957 1150 1098 1205 unde
1123 1162 1338 1224 sumpta
1364 1166 1494 1212 sunt
1520 1174 1621 1215 nos

96 1243 182 1282 non
199 1230 359 1285 minus
373 1234 671 1303 nescimus,
692 1254 857 1308 quam
872 1238 1140 1299 Eusebius
1163 1248 1302 1303 unde
1324 1248 1454 1304 illud
1470 1250 1622 1323 Igna-

95 1320 261 1377 tianum
306 1328 605 1384 manaverit
662 1330 954 1402 ignoravit.
1013 1334 1149 1391 Nam
1197 1340 1364 1408 unde,
1406 1359 1617 1413 quaeso,

93 1413 163 1467 illa
184 1416 326 1472 verba
355 1417 555 1492 Moysis
587 1434 804 1495 sumpta
836 1437 998 1484 sunt:
1039 1430 1181 1500 Ἐγὼ
1212 1433 1268 1487 δὲ
1302 1437 1418 1507 εἰμὶ
1451 1439 1617 1511 ἀτμὶς

88 1505 174 1559 ἀπὸ
199 1507 383 1581 κύθρας
417 1514 665 1583 (ut.ms.,
692 1533 801 1574 non
837 1520 1086 1594 χύτρας).
1120 1524 1200 1581 Ex
1233 1505 1616 1590 Hebraicoco-

89 1597 181 1653 dice
215 1599 317 1656 hinc
354 1602 556 1661 alicubi
601 1609 722 1667 erui
766 1625 966 1681 posse,
1000 1616 1159 1672 docte
1197 1620 1393 1689 probat
1430 1621 1613 1681 Fellus

88 1705 262 1761 noster;
290 1696 377 1751 sed
406 1696 630 1769 Moysen
654 1716 718 1756 ea
740 1703 903 1759 verba
942 1722 1240 1780 usurpasse
1276 1712 1333 1767 in
1376 1712 1434 1770 S.
1463 1714 1612 1772 Scri-

86 1796 210 1852 ptura
255 1803 357 1843 non
403 1790 623 1862 legitur.
681 1791 836 1851 Unde
891 1800 1056 1855 etiam
1110 1802 1246 1858 illa:
1291 1805 1607 1879 Γέγραπται
1640 1794 1683 1849 Β

86 1878 165 1950 γάρ
183 1896 195 1910 '
220 1882 479 1939 Κολλᾶσθε
505 1890 619 1953 τοῖς
644 1889 839 1960 ἁγίοις,
865 1895 948 1948 ὅτι
979 1898 1029 1950 οἱ
1063 1878 1612 1972 κολλώμενοιῗαύτοῖς

85 1971 465 2044 ἁγιασθήσονται.
537 1997 565 2031 ι
598 1981 879 2054 Scriptum
935 1996 1019 2043 est
1071 1991 1219 2046 enim
1248 1971 1277 2048 7:
1323 1996 1609 2054 Adhaerete

82 2065 257 2131 sanctis,
288 2069 408 2138 quia
438 2072 533 2142 qui
569 2073 678 2130 illis
706 2077 987 2135 adhaerent
1033 2084 1560 2144 sanctiﬁcabuutur?
1582 2110 1599 2143 ι

79 2152 179 2209 Nam
235 2174 345 2229 quae
395 2174 707 2234 sequuntur
744 2187 758 2223 :
805 2171 915 2224 Καὶ
949 2173 1112 2229 πάλιν
1145 2177 1205 2230 ὲν
1237 2179 1412 2251 ἑτέρῳ
1453 2178 1605 2254 τόπῳ

79 2246 185 2315 λέγει
216 2266 229 2302 :
262 2255 413 2309 Μετὰ
442 2258 667 2329 ἀνδρὸς
709 2263 904 2318 ἀθώου
935 2266 1130 2334 ἀθῶος
1159 2271 1276 2341 ἔσῃ
1473 2246 1602 2343 μετ’

80 2339 313 2400 Mutari
342 2348 630 2419 ἐκλεκτὸς
659 2356 797 2425 ἔσῃ,
835 2369 892 2414 ιιι
912 2359 1077 2416 habet
1097 2339 1269 2417 codex
1302 2339 1454 2437 ms.),
1473 2339 1600 2423 *καὶ

76 2434 187 2499 μετὰ
205 2441 479 2505 στρεϐλοῦ
502 2443 910 2519 διαστρέψεις.
944 2451 1043 2507 «Et
1063 2471 1256 2511 rursus
1275 2457 1329 2511 in
1348 2434 1456 2514 alio
1475 2460 1599 2516 loco

76 2524 162 2580 ait:
197 2526 314 2584 Cum
343 2534 450 2589 viro
479 2537 757 2596 innocente
779 2544 1028 2600 innocens
1058 2549 1183 2613 eris,
1208 2558 1258 2603 ct
1287 2567 1407 2604 cum
1434 2552 1597 2607 electo

74 2615 219 2672 electu
249 2623 363 2689 eris,
398 2636 447 2680 et
485 2644 608 2682 cum
647 2646 887 2699 perverso
929 2639 1260 2705 perverteris,
1297 2658 1316 2692 ι
1370 2642 1592 2698 totidem

73 2709 207 2765 verbis
252 2713 301 2769 in
328 2719 533 2785 psalmo
574 2738 689 2777 xvu
719 2723 996 2795 leguntur.
1026 2725 1181 2784 Unde
1219 2746 1351 2786 vero
1380 2742 1434 2787 et
1464 2734 1586 2788 illa:

72 2797 219 2872 Πὸρῤω
246 2808 469 2873 γενέσθω
494 2812 591 2882 ἀφ’
618 2814 777 2886 ἡμῶν
805 2818 838 2888 ἡ
862 2819 1053 2893 Γραφὴ
1086 2821 1224 2893 αὕτη
1249 2824 1382 2877 ὅπου
1416 2824 1585 2895 λέγει’

70 2890 353 2971 Τιλαίπωροί
376 2905 513 2958 εἰσιν
540 2908 590 2959 oi
609 2906 822 2981 δίψυχοι
846 2913 893 2964 oi
916 2890 1254 2980 διστάζοντες
1274 2918 1373 2989 τὴν
1386 2890 1585 2991 ψυχὴν,

69 2988 101 3037 οἱ
145 2988 386 3063 λέγοντες,
440 2999 630 3055 Ταῦτα
696 3004 1012 3077 ἠκούσαμεν
1073 3009 1182 3062 ἀπὸ
1248 2988 1387 3082 (ms.

69 3081 143 3133 τῶν
180 3089 407 3161 πατέρων
455 3093 649 3164 ήμῶν,
698 3097 793 3151 καὶ
847 3098 956 3154 ἰδοὺ
1007 3102 1430 3176 γεγηράκαμεν,
1487 3081 1580 3160 ml.

68 3174 176 3227 οὐδὲν
207 3180 324 3250 ἡμῖν
373 3183 580 3240 τούτων
630 3189 995 3262 συμϐέϐηκεν.
1058 3212 1077 3244 ι
1108 3174 1312 3265 Ιιοηεο
1342 3211 1374 3250 a
1415 3197 1576 3255 nobis

68 3264 168 3323 absit
208 3270 470 3346 Scriptura
530 3280 649 3347 illa,
706 3283 802 3337 ubi
854 3285 988 3340 dicit
1022 3303 1035 3340 ε
1065 3264 1249 3342 Miseri
1300 3296 1429 3344 sunt
1478 3291 1574 3360 qui

66 3360 201 3418 animo
240 3367 431 3439 duplici
478 3383 614 3429 sunt
669 3383 724 3431 et
779 3375 1146 3444 inconstanti,
1190 3382 1285 3453 qui
1335 3383 1566 3440 dicunt:

65 3447 151 3506 llaec
184 3466 321 3516 aetate
347 3473 568 3532 patrum
619 3477 941 3524 nostrorum
973 3472 1307 3542 audivimus,
1350 3485 1407 3532 et
1444 3493 1573 3536 ecce

64 3552 410 3621 consenuimus,
450 3568 505 3614 et
549 3559 687 3615 nihil
732 3562 931 3619 horum
972 3566 1135 3622 nobis
1164 3568 1405 3624 accidit?
1434 3591 1454 3623 i
1510 3571 1570 3627 in

62 3642 239 3697 secunda
287 3645 582 3709 Clementis
642 3655 876 3725 epistola
932 3658 1050 3714 haec
1106 3660 1175 3715 ad
1231 3664 1569 3734 προφητικὸν

61 3726 171 3799 λόγον
202 3738 514 3814 referuntur,
557 3754 613 3801 et
637 3762 705 3801 ex
732 3750 1021 3806 occasione
1047 3753 1198 3809 vocis
1230 3753 1567 3836 ταλαίπωροι

59 3828 339 3889 MEdentis
366 3836 736 3905 adducuntur,
766 3852 827 3897 ut
856 3844 910 3897 in
936 3845 1107 3914 priori
1133 3862 1201 3902 ex
1230 3831 1567 3919 praecedente

59 3918 230 3987 monito,
260 3926 327 3997 μὴ
356 3927 691 4002 διψυχῶμεν.
730 3932 797 3989 Ει
831 3936 877 3990 si
909 3938 1143 4006 primam
1180 3942 1467 4011 epistolam
1497 3960 1563 4001 ex

58 4012 234 4069 secunda
262 4017 603 4092 interpretari
655 4025 840 4093 liceat,
872 4029 1036 4084 etiam
1072 4033 1236 4087 verba
1277 4037 1564 4106 sequentia

57 4092 283 4163 Clementis
318 4127 423 4168 non
469 4124 656 4183 erunt,
705 4119 801 4173 Sed
848 4136 916 4175 ex
960 4123 1153 4179 eodem
1202 4137 1427 4183 auelore
1463 4128 1561 4183 de-

55 4205 231 4267 Slmpta.
265 4199 329 4257 Ὦ
358 4207 600 4280 ἀνόητοι,
640 4212 977 4282 συμϐάλλετε
1011 4215 1239 4283 ἑαυτοὺς
1272 4219 1433 4292 ξύλῳ,
1468 4223 1562 4276 λά-

56 4284 137 4339 ϐετε
161 4292 403 4363 ἄμπελον·
426 4302 645 4373 πρῶτον
680 4305 779 4375 μὲν
812 4306 1147 4380 φυλλορῤοεῖ,
1182 4284 1301 4366 εἶτα
1336 4284 1561 4384 βὶξαστὸς

54 4380 219 4450 γίνεται,
260 4387 368 4446 εἶτα
420 4392 640 4465 φύλλον,
691 4393 811 4452 εἶτα
860 4401 1038 4466 ἄνθος,
1090 4404 1182 4457 καὶ
1217 4405 1355 4475 μετὰ
1386 4407 1559 4461 ταῦτα

53 4468 196 4543 ὖμψαξ,
224 4477 329 4536 εἶτα
362 4488 605 4560 σταφυλὴ

54 4573 186 4627 Parate
208 4587 292 4628 vos
325 4577 539 4646 arbori,
578 4581 731 4635 vitim
773 4584 1006 4652 sumite;
1056 4587 1293 4656 primum
1331 4590 1552 4659 quidem

54 4651 363 4732 delrmidescit,
408 4686 635 4742 germen
679 4682 869 4743 postea
906 4651 1171 4747 pullulat,
1217 4651 1409 4736 foliu-m
1452 4683 1552 4737 de-

53 4741 153 4818 inde,
185 4762 283 4813 tum
320 4741 438 4831 ﬂos,
482 4773 541 4820 et
581 4741 704 4835 post
747 4767 865 4822 haec
906 4741 1017 4824 uva
1060 4772 1285 4840 acerba,
1330 4775 1549 4831 demum

54 4850 121 4892 11η
160 4858 363 4907 matura.
392 4858 421 4907 i‘
466 4855 606 4912 Nam
645 4859 699 4912 in
737 4860 965 4929 epistola
1004 4865 1242 4920 secunda
1284 4866 1399 4921 hac
1440 4866 1550 4923 illis

52 4932 335 5001 subdantur:
376 4949 535 5005 Οὕτω
610 4953 705 5006 καὶ
756 4956 784 5007 ὁ
817 4954 945 5019 λαός
990 4973 1091 5027 μου
1140 4958 1549 5024 ἀκαταστασίας

52 5024 114 5075 καὶ
147 5029 321 5104 Biton;
361 5040 550 5113 ἔσχεν,
610 5044 799 5101 ἔπειτα
851 5024 1186 5121 ἀπολήψεται
1236 5052 1307 5105 τὰ
1342 5053 1542 5120 ἀγαθά.

56 5114 145 5172 illa
169 5129 308 5184 etiam
347 5136 583 5204 populus
628 5152 786 5193 meus
819 5114 1117 5198 seditiones
1144 5153 1199 5198 et
1228 5145 1546 5203 atllictiones

51 5201 201 5279 habuit,
236 5201 435 5288 ροςιὲα-
455 5226 683 5298 recipiet
727 5244 791 5285 ea
835 5247 958 5302 quae
988 5233 1130 5289 bona
1162 5246 1309 5292 sunt.
1344 5257 1363 5289 ι
1412 5237 1545 5305 Quae

51 5304 135 5351 θυηι
160 5312 389 5380 tanQuam
419 5330 488 5370 ex
517 5322 779 5390 propheta
815 5324 1155 5393 adduxisset,
1193 5345 1324 5385 suos
1354 5333 1539 5386 statim

50 5390 177 5493 teritis
206 5402 306 5457 suis
336 5405 671 5478 alloquitur:
703 5415 900 5481 Ὥστε,
936 5390 1155 5488 ἀδελφοέ
1192 5438 1313 5491 μου,
1353 5423 1427 5493 μὴ
1460 5424 1538 5475 δι’

888 5473 899 5481 ,
1079 5473 1090 5488 .
1192 5473 1506 5493 ,ηρ--

48 5473 257 5554 iMiliti-ai.
294 5510 312 5545 ι
337 5495 546 5568 Quare,
587 5503 786 5561 fratres
823 5508 948 5575 mei,
990 5525 1057 5565 ne
1094 5513 1260 5566 animi
1303 5514 1537 5584 duplicis

48 5569 186 5631 Simus.
216 5600 233 5632 ο
264 5584 548 5661 Utcunque
588 5610 647 5649 se
686 5612 776 5653 res
812 5598 1027 5667 habeat,
1080 5619 1188 5658 non
1239 5619 1339 5659 nos
1374 5606 1535 5676 primi

48 5655 96 5676 ικν

48 5655 128 5768 liae
164 5655 486 5747 notavimus;
537 5683 761 5746 Photius
813 5691 933 5763 ipse
983 5655 1165 5764 aliqua
1222 5655 1532 5768 hujusinodi

48 5751 282 5822 observavit
328 5776 511 5831 codice
536 5777 655 5846 126,
705 5782 772 5838 de
818 5751 1249 5843 secundalenim
1303 5790 1529 5859 epistola

254 5866 517 5935 Parnm"
573 5875 662 5937 Gn
699 5883 760 5943 V.

1176 872 1390 945 lgnatio
1439 881 1628 951 junior
1730 887 1987 943 servabat
2026 872 2291 952 nonnulla
2316 905 2625 975 peregrina,

103 951 158 1005 sit
188 960 234 1005 et
273 951 461 1021 ingenii
526 954 931 1029 imbecillioris,
965 962 1217 1022 Clemens
1249 968 1532 1031 Romanus
1574 984 1627 1029 et

3224 339 3334 400 562

1730 792 1949 862 quidem
1986 800 2215 869 epistola
2247 805 2464 874 penitus
2493 822 2670 870 vacat.
2695 835 2715 869 ι
2756 792 2984 880 Photius
3017 792 3203 900 itaque
3225 833 3324 889 ob-

2660 910 2775 968 sive
2822 922 3133 992 apocrypha
3153 965 3169 989 ,
3214 929 3321 985 sub

1726 991 2008 1038 sacrarum
2033 984 2335 1045 litterarum
2351 998 2574 1054 nomine
2596 1001 2651 1056 iu
2672 1004 2742 1060 ea'
2753 1005 3048 1071 Clementis
3063 1018 3317 1094 epistola,

1724 1085 1889 1140 quam
1914 1073 2031 1145 ipse
2060 1078 2188 1135 alibi
2206 1082 2483 1157 ἀξιόλογον
2512 1096 2899 1170 appellaverat,
2917 1114 2973 1160 et
2994 1073 3314 1178 ρυιὶιίέἔιῖί

1723 1172 1866 1220 ctam
1891 1183 2210 1243 agnoverat,
2240 1180 2532 1238 contineri.
2563 1185 2643 1243 Ac
2670 1198 3022 1256 temerarium
3060 1205 3223 1274 plane
3258 1218 3318 1268 et

1721 1259 2090 1327 periculosum
2113 1284 2236 1325 esse
2271 1272 2339 1327 de
2373 1278 2700 1350 antiquitate
2735 1297 2831 1344 aut
2858 1259 3090 1354 veritate
3115 1302 3309 1374 scripti

1722 1349 1948 1374 λημδη,
2067 1373 2073 1374 ,
2300 1365 2313 1374 .
2567 1372 2572 1374 -

2511 1349 2521 1350 ,
3009 1349 3087 1354 νην
3115 1349 3195 1357 --·
3208 1349 3309 1374 'r"

1718 1349 1952 1422 alicujus
1968 1371 2032 1410 ex
2057 1365 2498 1435 apocryphorum
2529 1372 2792 1436 citatione
2814 1382 3100 1458 dubitare,
3124 1404 3312 1453 osten-

1717 1442 1855 1501 dunt
1880 1447 1973 1503 illa
2004 1449 2322 1527 Hieronymi
2350 1460 2403 1515 in
2425 1462 2723 1541 Catalogo:
2753 1491 2772 1526 ι
2802 1442 3312 1549 Judas,

1717 1536 1862 1605 cobi,
1880 1554 2106 1609 parvam
2134 1548 2355 1617 quidem
2373 1592 2389 1618 ,
2418 1571 2542 1626 qua:
2568 1536 2863 1635 de'septem
2895 1536 3183 1635 catholicis
3197 1591 3304 1651 est,

1714 1629 1997 1699 epistolam
2028 1638 2264 1711 reliquit.
2284 1642 2351 1700 Et
2377 1649 2505 1718 quia
2529 1652 2595 1709 de
2617 1629 2760 1713 libro
2787 1659 3032 1730 Henoch,
3058 1629 3309 1744 qui-apo:

1713 1728 1953 1794 cryphus
1973 1739 2079 1794 est,
2109 1732 2163 1786 in
2195 1749 2258 1789 ea
2286 1742 2519 1797 assumit
2546 1748 2940 1824 testimonium,
2970 1774 3001 1813 a
3025 1728 3305 1837 plerisque

1713 1815 1975 1885 rejicitur.
2008 1819 2212 1879 Tamen
2246 1832 2629 1892 auctoritatem
2668 1851 3071 1922 vetustatejam
3109 1868 3166 1912 et
3196 1815 3304 1919 tisu

1712 1909 1933 1977 meruit,
1968 1920 2021 1966 et
2068 1913 2212 1971 inter
2255 1932 2476 1980 sanctas
2521 1925 2835 2001 Scripturas
2865 1954 3237 2013 computatur.
3270 1969 3294 2009 ι

1780 1998 2050 2060 Praeterea
2097 2007 2296 2067 iterum
2341 1998 2743 2082 observandum
2774 2039 2879 2096 est,
2920 1998 3068 2104 quod
3096 2040 3164 2097 de
3191 2044 3299 2103 hac

1707 2108 1767 2148 re
1802 2095 2025 2165 scripsit
2064 2097 2284 2160 lsaacus
2321 2106 2683 2173 Casaubonus
2716 2134 2731 2171 :
2786 2139 2806 2173 ι
2830 2121 3139 2189 Quinetiam
3180 2133 3295 2192 for-

1708 2194 1856 2241 tasse
1890 2189 2094 2258 verius,
2126 2211 2235 2251 non
2283 2214 2349 2255 ex
2380 2201 2677 2277 Evangelia
2723 2210 2993 2277 Hebraico
3020 2222 3290 2295 lgnatium

1703 2276 1795 2332 illa
1822 2281 1984 2337 verba
2008 2284 2387 2359 descripsisse,
2414 2311 2603 2355 verum
2639 2305 2989 2369 traditionem
3021 2316 3290 2389 allegasse

1702 2384 1814 2424 non
1846 2375 2132 2445 scriptam,
2159 2396 2283 2451 quae
2314 2396 2507 2453 postea
2543 2391 2596 2446 in
2644 2394 2857 2457 litteras
2885 2402 3054 2463 fuerit
3092 2375 3285 2480 relata,

1697 2472 1754 2520 et
1795 2463 2067 2525 liebraico
2109 2471 2426 2549 Evangelio,
2468 2486 2613 2553 quod
2642 2488 2899 2556 Matthzeo
2948 2463 3284 2575 tribuebant:

1700 2554 1927 2613 inserta.
1967 2579 1987 2611 ι
2049 2560 2115 2617 Et
2146 2564 2252 2621 hoc
2282 2571 2503 2638 quidem
2546 2554 2723 2636 multo
2761 2585 2896 2641 mihi
2926 2593 3285 2655 verisimilius

1695 2648 1932 2706 videtur.
1979 2651 2114 2710 Nam
2158 2657 2285 2715 licet
2314 2661 2683 2740 Hieronymus
2725 2678 3102 2741 testimonium
3146 2688 3283 2746 illud

1693 2754 1760 2793 ex
1782 2755 1847 2795 eo
1872 2742 2168 2817 Evangelio
2196 2753 2423 2821 petitum
2464 2775 2587 2817 esse
2617 2766 2837 2838 dixerit,
2878 2782 3061 2833 tamen
3095 2779 3274 2838 Euse-

1692 2827 1817 2886 bius
1853 2834 1996 2890 unde
2045 2838 2178 2895 illud
2211 2842 2472 2905 habuerit
2507 2856 2721 2914 nescire
2765 2876 2826 2916 se
2856 2866 3142 2935 professus
3170 2885 3274 2944 est,

1690 2937 1816 2977 cum
1865 2933 2046 2983 tamen
2097 2930 2216 3001 ipse
2258 2935 2616 3013 Evangelium
2669 2961 2973 3015 secundum
3016 2961 3275 3026 Hebraeos

1688 3013 1893 3083 optime
1936 3021 2200 3080 novisset.
2244 3025 2312 3082 Et
2342 3033 2564 3102 quidem
2608 3052 2778 3101 recte.
2811 3045 2945 3105 Nam
2985 3054 3076 3109 illa
3106 3060 3271 3117 verba

1689 3119 1797 3160 non
1844 3107 1898 3161 in
1928 3124 1994 3166 eo
2026 3121 2238 3172 tantum
2271 3118 2570 3196 Evangelio
2608 3138 3042 3210 reperiebantur,
3087 3151 3183 3207 sed
3214 3163 3271 3211 et

1681 3193 1737 3250 iu
1770 3198 1892 3255 aliis
1931 3201 2103 3273 libris,
2139 3218 2199 3263 ut
2237 3211 2293 3266 in
2341 3193 2466 3286 illoi,
2497 3222 2593 3291 qui
2632 3224 2891 3287 Doctrina
2926 3235 3072 3294 Petri

1678 3286 1857 3345 batur.
1907 3292 2170 3368 Origenes
2211 3304 2346 3378 Περὶ
2378 3286 2565 3382 ἅρχων
2598 3317 2691 3375 lib.
2724 3338 2780 3378 ις
2827 3344 2846 3378 ι
2877 3286 2944 3383 Si
2972 3286 3106 3388 vero
3140 3286 3269 3407 quis

1675 3381 1804 3437 velit
1829 3386 1991 3443 nobis
2016 3392 2264 3460 proferre
2295 3414 2361 3456 ex
2392 3381 2485 3460 illo
2514 3408 2697 3469 libello
2724 3418 2817 3487 qui
2840 3381 3266 3487 Petrib-oct‘rgn;

1673 3473 2000 3546 appellatur,
2047 3481 2135 3538 ubi
2172 3483 2423 3547 Salvator
2461 3497 2678 3559 videtur
2719 3473 2787 3561 ad

1671 3576 1815 3630 cere,
1844 3570 1992 3637 quod
2022 3589 2133 3629 non
2165 3576 2238 3633 sit
2268 3580 2599 3647 daemonium
2643 3595 3051 3675 incorporeum,
3080 3617 3262 3680 primo

1670 3662 2108 3729 respondendum
2137 3680 2221 3727 est
2242 3674 2313 3740 ei,
2343 3682 2605 3747 quoniam
2639 3688 2728 3745 ille
2753 3662 2890 3751 liber
2916 3662 3058 3757 inter
3080 3662 3257 3766 libros

1668 3750 2076 3816 ecclesiasticos
2123 3779 2237 3820 non
2296 3768 2549 3830 habetur.
2580 3798 2600 3831 ι
2660 3780 2828 3841 Multa
2881 3806 3014 3849 sane
3047 3796 3255 3859 Christi

1665 3842 1810 3899 dicta
1850 3847 1907 3902 in
1952 3866 2046 3907 ore
2088 3860 2587 3923 vetustissimorum
2632 3872 3077 3943 Christianorum
3134 3891 3255 3950 fue-

1665 3944 1815 4006 runt,
1860 3954 1984 4011 quae
2028 3944 2083 4000 in
2122 3946 2436 4023 Evangeliis
2479 3964 2689 4020 nostris
2726 3983 2838 4026 non
2881 3979 3250 4053 reperiuntur,

1663 4044 1843 4101 neque
1878 4034 1934 4089 in
1964 4038 2089 4095 aliis
2119 4042 2247 4100 ullis
2281 4045 2518 4131 fortasse
2564 4071 2808 4129 unquam
2851 4034 3055 4142 scripta
3095 4034 3247 4134 sunt:

1663 4122 1835 4189 Quale
1862 4137 1980 4184 erat
2010 4131 2142 4188 illud
2175 4153 2189 4190 ε
2216 4122 2435 4196 Γίνεσθέ
2467 4122 2679 4220 δόκιμοὶ
2718 4122 3063 4234 mea;
3095 4122 3247 4239 ξιῖιᾎξί

1662 4231 1693 4269 a
1729 4218 1918 4275 multis
1951 4232 2195 4281 veterum
2239 4240 2501 4305 tanquam
2544 4218 2749 4302 Christi
2806 4218 3158 4329 mandatum,
3190 4277 3247 4321 et

2946 4308 3158 4329 ,w__---,
3191 4308 3244 4321 ν.

1662 4308 1883 4378 quidem
1930 4329 1960 4367 a
2007 4314 2065 4371 S.
2086 4315 2241 4374 Pauli
2290 4326 2667 4391 admonitione
2718 4338 3062 4417 distinctum,
3101 4370 3244 4425 stupe

1660 4402 1955 4473 recitatur;
1996 4423 2063 4462 ex
2098 4413 2249 4467 nullo
2292 4424 2474 4475 tamen
2506 4431 2821 4500 apocrypha
2859 4438 3063 4510 scripto
3106 4402 3243 4502 cit;-

642 4495 1041 4563 παρεστηκυῖα.
1086 4512 1105 4546 ι
1141 4492 1185 4549 Ο
1214 4494 1373 4563 fatui,
1404 4514 1555 4552 com-
1587 4512 1597 4566 ι

1805 4513 1907 4553 nec
1935 4510 2115 4559 tamen
2158 4507 2211 4561 in
2242 4513 2447 4567 nostris
2484 4519 2768 4579 codicibus
2814 4533 3103 4602 reperitur,
3137 4554 3240 4597 nec

1658 4603 1688 4641 a
1717 4587 1973 4649 Patribus
2008 4610 2073 4650 ex
2101 4602 2380 4668 parabolis
2409 4605 2615 4666 Christi
2657 4587 2944 4677 collecttim
2974 4587 3235 4695 est,,cuni

1655 4680 1821 4736 etiam
1868 4684 2108 4743 literetici
2160 4692 2293 4748 illud
2337 4711 2704 4775 usurparent,
2757 4716 3066 4784 etquidem
3109 4734 3238 4783 ante

1653 4773 1977 4844 catholicos,
2010 4790 2069 4835 ut
2106 4794 2324 4843 constat
2352 4805 2418 4844 ex
2443 4791 2633 4863 Apelle
2664 4773 2807 4870 apud
2840 4773 3232 4880 iipiphanium.

1650 4863 1806 4933 Apud
1853 4866 2161 4927 Barnabam
2205 4875 2322 4933 haec
2354 4872 2610 4953 leguntur
2637 4907 2650 4943 :
2680 4863 2854 4950 t-Nihil
2885 4863 3232 4977 enimn-pro:

1650 4955 1790 5012 derit
1828 4961 1987 5017 nobis
2031 4979 2194 5023 omne
2227 4979 2443 5043 tempus
2488 4978 2611 5035 vita:
2656 4994 2861 5044 nostra:
2912 5001 2967 5048 et
3007 4955 3156 5064 ﬁderi,
3181 5001 3231 5056 si

1650 5064 1756 5104 non
1788 5053 1952 5107 modo
1975 5051 2117 5127 [lege
2156 5059 2311 5133 odio]
2347 5063 2597 5138 iniquum
2628 5083 2683 5128 et
2721 5075 2938 5138 futuras
2971 5051 3228 5145 tentatio-

1649 5159 1745 5199 nes
1776 5145 2095 5204 habeamus.
2135 5151 2291 5223 Sicut
2318 5158 2450 5215 dicit
2472 5161 2645 5220 Filius
2670 5165 2766 5223 Dei
2794 5188 2807 5223 :
2839 5192 2859 5226 ι
2883 5173 3227 5243 Resistamus

1644 5238 1793 5291 omni
1819 5238 2184 5311 iniquitati,et
2207 5249 2333 5305 odio
2364 5252 2663 5314 habeamus
2689 5240 3012 5331 eamaliiec
3039 5281 3220 5331 autem

1644 5345 1673 5382 a
1698 5329 1919 5388 Christo
1951 5336 2095 5392 dicta
2130 5340 2259 5397 alibi
2292 5359 2404 5399 non
2435 5347 2688 5420 legimus.
2734 5358 2884 5414 idem
2916 5330 3037 5425 hac
3061 5329 3221 5437 quasi

1643 5440 1672 5479 a
1699 5424 1930 5482 Domino
1974 5432 2119 5489 dicta
2151 5435 2398 5504 profert:
2425 5441 2580 5497 Οὕτω
2610 5483 2627 5511 ,
2662 5452 2857 5520 φησὶν,
2892 5456 2943 5508 οι
2975 5424 3223 5530 θέλοντές

1643 5534 1707 5587 με
1745 5518 1871 5573 ἰδεῖν
1906 5524 1999 5575 καὶ
2035 5525 2275 5595 ἅψασθαί
2325 5548 2425 5601 μου
2460 5535 2559 5605 τῆς
2592 5518 2888 5610 βασιλείας,
2940 5518 3235 5620 ὀφείλουσξ.

1640 5609 1906 5678 θλιϐἑντες
1944 5615 2036 5668 καὶ
2072 5619 2338 5687 παθόντες
2372 5623 2556 5683 λαϐεῖν
2593 5648 2680 5701 με.
2710 5652 2733 5689 t
2757 5609 3220 5722 Sic,inq'ttit,qui

1639 5703 1828 5758 volunt
1851 5722 1936 5761 me
1954 5708 2156 5775 videre,
2181 5722 2235 5768 et
2256 5715 2519 5787 attingere
2540 5738 2769 5796 regnum
2794 5747 2998 5802 meum,
3017 5703 3221 5801 debent

1634 5799 1937 5867 compressi
1962 5809 2015 5857 et
2035 5803 2205 5861 multa
2237 5810 2387 5879 passi
2418 5815 2689 5887 accipere.
2736 5842 2755 5876 ι
2801 5824 3026 5888 Grotius
3071 5833 3214 5894 hanc

2856 5924 2932 5983 12
