3768 6318
117 361 213 417 365

823 360 873 415 εἰ.
918 358 1285 417 PEARSONII
1311 360 1636 420 VINDICIE
1679 358 2103 421 IGNATIANIE.
2139 391 2209 402 —
2243 358 2426 415 PARS
2462 358 2525 414 ll.

3235 358 3340 415 366

113 479 337 536 omnium
368 476 555 533 Romae
592 478 1034 537 Christianorum
1081 481 1492 538 miserationem
1538 498 1658 538 cer-
1684 486 1730 544 Α
1762 491 1943 553 tyrum
1969 480 2110 536 forte
2133 481 2417 551 epistolas,
2444 480 2691 562 adeoque
2705 479 2867 536 verba
2905 495 3013 535 non
3039 477 3338 542 habemus;

116 573 303 629 tissime
337 581 730 637 commoturus,
778 582 832 628 et
880 584 1179 644 conspectu
1237 574 1519 631 sordidato
1576 584 1658 630 te-

115 666 363 720 nerrimos
403 679 592 720 eorum
654 666 885 723 affectus
927 668 1289 735 excitaturus,
1322 669 1376 723 in
1410 679 1659 726 anteces-

117 774 221 814 sum
247 773 337 814 eos
361 766 623 823 moneret,
641 773 709 813 ne
739 758 911 828 ipsius
933 773 1032 814 cor
1062 760 1389 831 aflligerent,
1422 776 1490 817 ne
1515 775 1663 816 mor-

118 860 209 904 tem
255 849 355 905 sibi
410 851 879 921 exoptatissimam
934 862 1159 924 propter
1208 868 1404 909 nomen
1439 854 1658 910 Domini

116 942 226 999 lesu
253 943 439 1014 quovis
472 944 635 999 modo
691 944 1040 1014 impedirent,
1087 947 1183 1003 sed
1210 949 1394 1017 potius
1436 948 1664 1006 affectus

117 1051 230 1091 suos
264 1044 684 1105 componerent,
737 1037 1008 1105 patienter
1038 1039 1488 1109 acquiescerent,
1518 1041 1665 1096 dice-

116 1137 342 1198 rentque,
374 1128 589 1183 Domini
623 1130 865 1185 voluntas
888 1132 1032 1198 ﬁat?
1054 1130 1110 1186 Si
1146 1132 1400 1189 Christus
1439 1134 1554 1204 ipse
1596 1134 1665 1189 ad

117 1229 319 1274 mortem
348 1219 531 1275 crucis
573 1218 1037 1287 festinans,Petro
1074 1221 1273 1276 dicenti
1296 1240 1309 1276 :
1332 1222 1517 1287 Ἵλεώς
1547 1240 1663 1288 σοι,

118 1311 287 1383 Κύριε,
309 1310 445 1366 dixit
491 1308 634 1365 Vade
672 1321 787 1379 post
812 1327 911 1375 me,
944 1309 1241 1375 Satana";
1274 1312 1464 1381 quidni
1499 1311 1665 1367 etiam

121 1404 370 1462 Romanos
404 1412 654 1458 moneret
691 1401 953 1473 lgnatius,
987 1404 1252 1473 impedire
1298 1412 1526 1460 mortem
1567 1420 1668 1475 pro

119 1494 296 1548 Christi
342 1493 564 1549 nomine
617 1502 927 1563 susceptam
995 1494 1196 1549 diaboli
1262 1494 1449 1566 potius
1499 1511 1666 1567 quam

119 1587 387 1641 Christiani
418 1586 657 1641 hominis
690 1600 831 1656 opus
864 1586 1022 1642 esse?
1053 1585 1131 1642 Ea
1170 1597 1317 1644 certe
1358 1604 1514 1644 mens
1543 1597 1665 1644 erat

120 1678 361 1750 Origenis,
398 1680 500 1735 viri
533 1679 692 1734 toties
728 1678 971 1750 martyrii
997 1679 1473 1751 candidati,cujus
1496 1684 1661 1739 verba

120 1773 167 1826 in
198 1769 446 1826 Numeros
482 1770 709 1826 homilia
753 1771 963 1826 decima
997 1771 1115 1826 haec
1152 1782 1280 1827 sunt
1311 1792 1323 1827 :
1358 1791 1376 1824 ι
1403 1772 1527 1829 Ideo
1554 1774 1669 1829 dia-

120 1864 259 1920 bolus
288 1864 461 1919 sciens
508 1878 606 1933 per
656 1862 970 1933 passionem
995 1863 1243 1935 martyrii
1285 1864 1667 1921 remissionem
1698 1836 1745 1897 Β

123 1956 217 2011 fieri
247 1965 609 2026 peccatorum,
642 1970 753 2010 non
784 1955 901 2009 vult
929 1955 1089 2010 nobis
1111 1954 1357 2025 publicas
1386 1956 1668 2027 gentilium

123 2046 497 2114 persecutiones
533 2059 777 2100 movere.
826 2042 944 2100 Scit
991 2045 1138 2099 enim
1170 2046 1299 2116 quia
1338 2046 1383 2101 si
1416 2046 1483 2100 ad
1513 2061 1670 2117 reges

122 2144 166 2189 et
183 2136 425 2205 praesides
458 2134 799 2191 adducamur
828 2144 1050 2207 propter
1085 2152 1283 2191 nomen
1316 2136 1565 2203 Christi,
1600 2138 1669 2193 ad

126 2228 470 2284 testimonium
523 2229 730 2286 Iudaeis
784 2239 839 2286 et
890 2230 1184 2301 gentibus,
1216 2230 1475 2300 gaudium
1510 2231 1669 2287 nobis

124 2326 167 2371 et
188 2322 463 2376 exsultatio
496 2321 580 2387 tit,
607 2322 736 2392 quia
761 2337 972 2377 merces
1005 2328 1193 2376 nostra
1216 2320 1388 2376 multa
1430 2321 1485 2375 in
1517 2322 1669 2378 cadis

125 2422 206 2467 est.
250 2413 369 2470 llaec
440 2431 552 2471 non
603 2415 737 2470 facit
800 2414 1086 2482 inimicus,
1156 2414 1238 2469 vel
1301 2414 1432 2485 quia
1484 2415 1670 2485 gloria:

126 2515 296 2562 nostris
330 2506 577 2576 ,invidct,
627 2508 713 2563 vel
757 2506 1009 2563 fortassis
1068 2507 1197 2578 quia
1230 2508 1319 2563 ille
1357 2509 1450 2577 qui
1478 2508 1669 2563 omnia

125 2599 369 2667 praevidet,
423 2608 480 2655 et
528 2599 825 2670 praenoscit
876 2614 979 2655 nos
1046 2614 1157 2654 non
1190 2615 1314 2655 esse
1341 2599 1569 2656 idoneos
1602 2600 1671 2655 ad

127 2691 418 2763 martyrium
476 2692 850 2761 tolerandum.
891 2710 910 2745 ι
959 2691 1137 2747 Aliam
1177 2692 1341 2747 etiam
1402 2693 1670 2749 rationem

130 2784 207 2840 lib.
228 2800 318 2839 vni
369 2794 559 2838 contra
613 2783 826 2840 Celsum
856 2782 1047 2849 affert,
1090 2798 1259 2853 quare
1288 2784 1539 2840 diabolus
1572 2800 1673 2855 pu-

128 2876 269 2935 blicas
291 2880 567 2951 gentilium
588 2879 997 2949 persecutiones
1022 2879 1352 2935 Christianis
1377 2879 1671 2950 aliquando

130 2985 315 3028 movere
374 2972 567 3037 nollet,
620 2980 673 3027 et
718 2972 1045 3028 sententiam
1099 2988 1252 3028 suam
1289 2972 1344 3026 in
1379 2972 1527 3027 hunc
1561 2988 1675 3027 mo-

131 3061 237 3117 dum
278 3063 546 3135 depromit
576 3082 588 3119 :
615 3062 757 3133 Ἐγὼ
776 3064 822 3117 δ’
852 3061 1005 3135 οἶμαι
1028 3064 1109 3118 ὅτι
1137 3063 1448 3135 αἰσθόμενοι
1481 3065 1530 3117 οἱ
1558 3064 1674 3119 δαί-

1764 573 1910 629 Deus
1956 573 2048 629 det
2087 583 2148 629 ut
2202 574 2376 630 indies
2409 557 2567 645 plura
2596 573 2717 644 ejus
2752 572 2965 645 generis
2995 570 3155 627 nobis
3183 570 3346 627 inno-

1764 675 2013 733 tescant;
2067 681 2179 722 rem
2230 668 2404 738 ipsam
2437 677 2619 722 tamen
2648 674 2931 731 tenemus,
2957 664 3107 735 quod
3140 671 3345 734 marty-

1765 776 1855 816 res
1903 760 2007 830 ipsi
2064 760 2270 817 fervide
2299 760 2470 815 Deum
2503 760 2737 815 orabant
2783 769 2844 814 ut
2888 757 3149 828 martyrio
3193 756 3346 811 frue-

1765 862 1976 919 rentur,
2036 854 2295 922 petebant
2340 852 2542 907 obnixe
2598 867 2629 906 a
2673 850 2922 906 lidelibus
2955 860 3015 905 ut
3050 848 3215 906 etiam
3265 847 3349 904 illi‘

1765 960 1795 999 a
1828 944 1939 1000 Deo
1976 946 2118 1001 idem
2166 945 2463 1016 impetrare
2515 954 2883 1011 conarentur;
2918 944 2968 1000 si
3007 959 3148 1014 quos
3189 942 3345 998 vide-
3398 932 3401 937 ’

1766 1046 1889 1092 rent
1922 1046 2113 1093 contra
2161 1037 2445 1107 postulare
2487 1046 2543 1093 et
2573 1052 2775 1107 cupere
2802 1046 2861 1091 ut
2891 1035 3213 1108 martyrium
3247 1050 3349 1104 po-

1768 1128 1877 1184 tius
1931 1128 2219 1195 evitarent,
2277 1128 2336 1185 id
2382 1128 2830 1184 constantissime
2888 1128 3253 1194 recusabant,
3290 1135 3350 1182 et

1769 1220 2013 1275 omnium
2053 1232 2180 1275 vota
2227 1234 2525 1291 precesque
2578 1220 3017 1276 contemnebant.
3063 1219 3349 1274 Celerinus

1769 1311 2059 1368 confessor
2088 1313 2153 1368 ad
2179 1313 2485 1369 Lucianum
2514 1312 2887 1369 confessorem
2914 1313 3055 1367 inter
3086 1310 3348 1382 epistolas

1771 1404 1831 1461 8.
1857 1405 2113 1477 Cypriani
2138 1406 2201 1459 2f
2242 1425 2256 1460 :
2301 1424 2320 1458 r
2352 1405 2479 1461 Pete
2505 1415 2564 1461 ut
2591 1406 2695 1461 sim
2720 1406 2919 1476 dignus
2944 1412 3000 1460 et
3042 1419 3144 1475 ego
3187 1417 3349 1459 coro-

1769 1498 1890 1551 nari
1917 1512 2043 1551 cum
2078 1512 2311 1552 numero
2345 1506 2551 1553 vestro.
2580 1517 2597 1549 ι
2640 1496 2706 1551 Ει
2738 1511 2973 1551 rursus:
3015 1514 3033 1547 ι
3073 1493 3117 1551 Ο
3143 1504 3196 1550 te
3236 1493 3351 1550 feli-

1770 1603 1911 1654 cem,
1948 1590 2165 1658 suscipe
2190 1599 2283 1643 tua
2309 1597 2457 1653 vota,
2482 1604 2605 1659 qua:
2630 1603 2847 1658 semper
2888 1586 3237 1651 desiderasti,
3265 1585 3350 1640 vel

1772 1677 1834 1733 in
1898 1688 2040 1733 terra
2114 1679 2441 1735 dormiens:
2496 1679 2697 1751 optasti
2748 1694 2848 1749 pro
2903 1676 3127 1733 nomine
3202 1676 3351 1731 illius

1774 1770 1829 1825 in
1876 1786 2151 1827 carcerem
2212 1772 2385 1839 mitti,
2446 1772 2593 1843 quod
2654 1786 2800 1826 nunc
2866 1770 2963 1825 tibi
3040 1767 3347 1839 contingit,

1772 1866 1916 1921 sicut
1961 1870 2223 1935 scriptum
2259 1876 2388 1922 est:
2425 1864 2525 1921 Det
2550 1866 2646 1921 tibi
2692 1864 2836 1921 Deus
2898 1863 3200 1920 secundum
3253 1875 3352 1917 cor

1771 1967 1950 2014 tuum.
1991 1975 2011 2010 ι
2051 1957 2206 2024 Quod
2249 1959 2295 2014 si
2342 1957 2574 2014 dixisset
2624 1956 2681 2012 S.
2713 1956 2955 2027 lgnatius
2990 1976 3004 2011 :
3040 1976 3057 2007 ι
3089 1954 3189 2011 Det
3214 1953 3351 2009 mihi

1772 2052 1915 2107 Deus
1955 2051 2257 2106 secundum
2294 2065 2390 2105 cor
2428 2066 2609 2105 meum
2638 2092 2652 2116 ,
2688 2068 2706 2101 ι
2739 2058 2975 2119 quantas
3023 2048 3113 2103 hic
3157 2046 3351 2102 turbas

1771 2144 2064 2200 excitasset
2116 2142 2379 2199 Dallzeus!
2422 2142 2572 2199 Fecit
2612 2143 2703 2198 ille
2744 2141 3021 2197 Lucianus
3056 2139 3353 2196 confessio-

1772 2250 1895 2290 nem
1947 2235 2221 2300 floridam,
2250 2250 2393 2306 quae,
2428 2235 2474 2291 si
2517 2250 2665 2289 nunc
2718 2243 2978 2300 exstaret,
3016 2248 3126 2289 non
3159 2232 3353 2288 dubito

1772 2328 1901 2398 quin
1959 2328 2151 2383 iisdem
2197 2327 2620 2398 exceptionibus
2662 2327 2897 2382 obnoxia
2952 2333 3133 2391 esset;
3172 2325 3352 2397 magis

1770 2422 1915 2477 enim
1950 2422 2110 2478 decet
2152 2430 2441 2493 martyres,
2469 2430 2529 2477 ut
2552 2422 2765 2489 volunt,
2792 2420 3195 2476 confessionem
3227 2434 3353 2475 mo-

1771 2515 2003 2576 destam,
2039 2530 2204 2585 quam
2238 2513 2486 2569 floridam
2515 2514 2718 2569 facere.
2753 2512 2829 2569 De
2864 2512 2921 2568 8.
2956 2511 3239 2568 Felicitate
3269 2513 3354 2568 le-

1780 2605 1961 2675 gimus
2007 2620 2126 2660 eam
2156 2616 2523 2677 praegnantem
2554 2605 2723 2661 fuisse
2753 2606 3149 2677 apprehensam
3176 2623 3191 2672 ;
3221 2604 3355 2675 quid

1770 2695 1959 2767 igitur,
1994 2712 2062 2750 an
2095 2704 2217 2750 orat
2248 2706 2308 2750 ut
2331 2696 2455 2762 sibi,
2486 2705 2547 2749 ut
2590 2695 2868 2750 innocenti
2900 2693 3189 2765 embryoni
3215 2707 3343 2763 par-

1773 2797 1934 2844 catur
1962 2789 1985 2843 ἳ
2018 2787 2273 2855 Minime;
2314 2806 2332 2840 ι
2364 2804 2488 2843 cum
2516 2796 2642 2842 octo
2676 2802 2889 2842 menses
2920 2802 3081 2842 suum
3113 2792 3355 2840 ventrem

1773 2880 2037 2947 haberet,
2070 2880 2306 2936 instante
2346 2880 2642 2951 spectaculi
2666 2880 2754 2934 die
2784 2879 2838 2933 in
2880 2893 3079 2950 magno
3121 2887 3242 2933 erat
3271 2876 3359 2932 lu-

1774 2984 1887 3043 ctu,
1913 2990 1983 3029 ne
2012 2983 2235 3045 propter
2273 2983 2515 3030 ventrem
2547 2972 2880 3038 differretur,
2908 2971 3038 3041 quia
3091 2986 3201 3025 non
3229 2970 3360 3025 licet

1775 3076 2117 3138 praegnantes
2141 3081 2315 3137 poena:
2344 3063 2725 3135 repraesentari
2754 3082 2769 3128 ;
2797 3063 2951 3133 cupit
2995 3063 3145 3133 prius
3179 3062 3354 3130 mori,

135 3172 279 3222 μονες,
308 3159 461 3212 ὅτιοί
516 3158 621 3229 μὲν
650 3156 911 3221 νικῶντες
964 3158 1057 3211 καὶ
1106 3157 1176 3210 δι’
1210 3157 1493 3211 εὐσέϐειαν
1544 3160 1623 3213 ἀπ

1865 3175 1941 3214 am
1980 3173 2075 3229 per
2110 3158 2231 3228 ipsa
2279 3157 2559 3227 gentilium
2600 3155 2803 3226 judicia
2858 3155 3079 3223 liceret;
3127 3154 3195 3210 de
3225 3169 3353 3225 pas.

134 3244 415 3317 θνήσκοντες
463 3249 820 3320 καθαιροῦσιν
868 3248 1051 3304 αὐτῶν
1092 3250 1191 3320 τὴν
1243 3248 1588 3303 δυναστείαν·
1624 3249 1674 3302 οἱ

134 3338 177 3391 δὲ
204 3341 280 3395 διὰ
311 3345 435 3407 τοὺς
469 3343 671 3407 πόνους
710 3342 1016 3415 ἡττώμενοι
1072 3342 1165 3395 καὶ
1215 3342 1314 3413 τὴν
1370 3340 1680 3395 θεοσέϐειαν

137 3432 414 3509 ἀρνούμενοι
461 3438 771 3510 ὑποχείριοι
816 3438 1046 3501 ἐκείνοις
1090 3435 1369 3505 γίνονται,
1427 3433 1542 3487 ἔσθ’
1583 3435 1674 3488 ὅτε

136 3531 601 3598 πῳσφιλονεικοῦσι
638 3533 751 3595 τοῖς
801 3529 1248 3602 παραδιδομένας
1304 3529 1671 3598 Χριπιανοῖς.

145 3619 417 3692 cEquidem
463 3626 669 3696 opinor
718 3624 998 3681 damonas
1022 3664 1038 3690 ,
1066 3631 1127 3677 ut
1179 3621 1274 3692 qui
1308 3620 1551 3675 sentiunt
1578 3635 1681 3675 no-

140 3714 257 3771 xiam
285 3734 400 3775 esse
420 3718 683 3791 potentia:
706 3733 820 3775 sua:
840 3717 1057 3787 piorum
1084 3715 1395 3780 victoriam.
1426 3729 1681 3770 succum-

141 3803 297 3866 bentes
309 3820 483 3868 autem
508 3812 569 3867 in
601 3811 708 3866 hoc
730 3810 1033 3866 certamine
1053 3808 1327 3879 fidemque
1344 3807 1679 3877 abnegantes

142 3898 249 3968 ipsis
294 3904 406 3961 fieri
448 3903 758 3967 obnoxios,
789 3902 1063 3957 interdum
1113 3900 1296 3956 favere
1347 3908 1402 3956 et
1452 3899 1678 3955 adlabo-

142 4005 242 4048 rare
274 3995 598 4053 Christianis
649 3997 703 4050 in
734 3994 961 4067 judicio.
995 4014 1014 4048 ι
1044 3994 1247 4050 Eadem
1295 3992 1354 4047 8.
1391 3990 1682 4063 Augustini

144 4102 269 4145 mens
304 4090 431 4160 fuit,
479 4092 578 4163 qui
632 4091 749 4146 hac
789 4090 858 4145 de
894 4105 1096 4160 magno
1144 4097 1384 4160 martyre
1418 4086 1681 4144 Africano

147 4182 327 4252 scripsit
355 4201 369 4240 :
406 4202 427 4238 ι
458 4184 704 4241 Noverat
749 4183 1063 4257 Cyprianus
1120 4198 1246 4238 cum
1278 4197 1320 4249 _a
1354 4179 1683 4251 proconsule

149 4272 401 4330 audiretzr
438 4275 686 4331 Consule
758 4274 880 4339 tibi,
919 4292 939 4324 ι
974 4273 1119 4343 quod
1174 4286 1306 4327 caro
1354 4280 1409 4326 et
1459 4269 1684 4339 sanguis

148 4360 325 4419 dicebat
353 4367 569 4433 stolide,
591 4366 698 4422 hoc
716 4366 997 4422 diabolum
1015 4365 1197 4420 dicere
1225 4361 1488 4418 subdole:
1520 4370 1683 4430 atque

150 4452 417 4514 intuebatur
471 4459 530 4514 in
570 4474 685 4514 uno
721 4473 954 4529 corpore
987 4457 1147 4523 duos,
1181 4456 1347 4510 istum
1370 4452 1569 4519 oculis,
1605 4452 1677 4505 il-

1779 3254 1933 3309 sione
1960 3252 2191 3318 laetatur,
2217 3253 2284 3307 de
2312 3252 2570 3307 dilatione
2599 3250 2867 3321 queritur.
2895 3248 2977 3303 An
3002 3249 3196 3319 reliqui
3229 3248 3360 3305 fide-

1780 3345 1859 3399 les
1885 3344 2089 3413 luctum
2113 3343 2259 3397 hunc
2291 3350 2551 3412 tanquam
2584 3341 2980 3411 importunum,
3012 3348 3066 3395 et
3100 3356 3165 3394 ex
3191 3348 3359 3395 teme-

1780 3435 1938 3489 ritate
1978 3443 2075 3489 aut
2135 3434 2446 3504 arrogantia
2512 3430 2820 3502 profectum
2874 3430 3361 3487 condemnabam?

1781 3526 2001 3581 Minime
2041 3545 2054 3581 :
2089 3545 2107 3578 ι
2149 3526 2243 3581 sed
2271 3535 2325 3580 et
2371 3535 2769 3595 commartyres
2803 3524 3038 3597 graviter
3060 3524 3359 3579 contrista-

1781 3620 2000 3685 hantur,
2038 3634 2107 3673 ne
2140 3626 2249 3672 tam
2285 3618 2486 3672 bonam
2525 3617 2732 3672 sociam
2779 3620 2938 3687 quasi
2979 3616 3235 3673 comitem
3268 3630 3360 3672 so-

1780 3712 1887 3766 lam
1939 3710 1992 3764 in
2040 3710 2124 3764 via
2172 3708 2418 3779 ejusdem
2466 3709 2581 3779 spei
2622 3710 3016 3781 relinquerent.
3052 3708 3359 3779 Conjuncto

1781 3804 1968 3874 itaque
1998 3804 2150 3859 unito
2197 3805 2399 3875 gemitu
2423 3804 2492 3859 ad
2536 3803 2828 3859 Dominum
2863 3802 3167 3857 orationem
3203 3799 3363 3857 fude-

1782 3904 1910 3950 runt
1940 3905 2066 3950 ante
2096 3896 2315 3950 tertium
2344 3894 2488 3949 diem
2526 3894 2795 3950 muneris.
2841 3892 3038 3947 Statim
3080 3900 3205 3963 post
3236 3905 3361 3946 ora-

1782 3988 1986 4044 tionem
2012 3988 2229 4043 dolores
2257 3988 2600 4042 invaserunt.
2639 4004 2657 4038 »
2700 3984 2839 4041 Ecce
2864 3984 3055 4057 quales
3083 3983 3363 4038 orationes

1782 4079 2081 4135 fundebant
2124 4088 2253 4135 tunc
2282 4079 2543 4150 temporis
2568 4077 2935 4145 confessores,
2963 4077 3153 4148 quales
3186 4091 3218 4130 a
3250 4073 3363 4132 Deo

1782 4171 2053 4229 exauditae
2066 4174 2211 4227 sunt!
2234 4171 2389 4238 tales,
2411 4173 2638 4236 scilicet,
2653 4172 2844 4242 quales
2860 4170 3123 4243 lgnatius,
3144 4180 3205 4226 ut
3224 4170 3364 4225 nihil

1784 4264 2108 4336 martyrium
2128 4264 2407 4335 impediat,
2439 4265 2654 4320 utnihil
2683 4264 2962 4320 festinanti
2982 4263 3048 4318 ad
3075 4262 3361 4331 praemium

1785 4370 1953 4410 mora:
1969 4356 2059 4411 sit.
2089 4354 2165 4410 Ita
2200 4356 2407 4411 nobiles
2425 4355 2500 4409 illi
2523 4354 2870 4411 confessores
2896 4354 3039 4423 apud
3065 4351 3364 4407 Eusebium

1784 4446 1939 4513 lib.v,
1956 4462 2075 4517 cap.
2088 4447 2123 4501 2
2141 4447 2319 4502 εΜετὰ
2331 4446 2582 4519 δακρύων
2601 4446 2942 4519 παρεκάλουν
2958 4447 3083 4509 τοὺς
3104 4446 3365 4515 ἀδελφοὺς

152 4543 237 4600 lum
256 4550 368 4604 fide.
391 4550 626 4607 Nolebat
654 4566 780 4607 eum
802 4551 907 4606 iste
939 4548 1116 4614 mori,
1147 4547 1365 4602 nolebat
1397 4546 1487 4601 ille
1524 4560 1640 4600 corr

1879 4557 2024 4611 μενοι
2041 4540 2128 4594 ἵνα
2150 4543 2386 4604 ἐκτενεῖς
2400 4541 2558 4611 εὐχαὶ
2572 4539 2826 4608 γίνωνται
2848 4538 2985 4611 πρὸς
3004 4537 3063 4592 τὸ
3078 4538 3367 4610 τελειωθῆ-

154 4638 263 4693 nari.
283 4639 511 4700 Proinde
532 4644 689 4707 circa,
710 4643 880 4699 istum
903 4642 1151 4712 placidus
1168 4682 1184 4709 ,
1211 4641 1358 4696 circa
1393 4656 1518 4695 eum
1556 4655 1686 4695 cau-

156 4736 222 4786 tus
251 4734 402 4791 :huic
431 4745 621 4807 aperte
646 4735 1053 4808 respondebat,
1081 4744 1135 4789 et
1175 4734 1328 4788 illum
1354 4741 1540 4804 aperte
1562 4733 1685 4787 vin~

158 4822 293 4879 cebat.
328 4846 345 4879 ι
380 4827 527 4885 Nihil
563 4829 731 4901 igitur
764 4827 1007 4901 lgnatius
1052 4827 1405 4883 sanctissimo
1448 4836 1689 4896 martyre

160 4912 413 4989 indignum,
461 4923 603 4977 nihil
646 4922 963 4978 indecorum
1010 4936 1040 4975 a
1085 4918 1348 4974 Romanis
1382 4917 1584 4988 exigit,
1624 4917 1686 4971 οὐ

100 5006 103 5081 i
161 5012 547 5087 προσδεξάμενος
589 5015 690 5088 τὴν
744 5012 1157 5085 ἀπολύτρωσιν,
1220 5030 1239 5063 ι
1278 5026 1387 5066 non
1412 5015 1687 5078 acceptam

163 5097 455 5163 liberatione.
486 5127 506 5161 ι

217 5192 305 5252 Sed
330 5199 512 5255 talium
545 5200 840 5256 verborum
874 5197 1087 5253 nullum
1117 5197 1172 5251 in
1207 5195 1359 5251 omni
1388 5203 1687 5263 martyrum

116 5274 123 5364 ς
167 5281 555 5349 Christianorum
588 5292 743 5364 copia
800 5290 1115 5362 exemplum
1166 5298 1384 5345 exstare
1440 5287 1693 5343 meminit

112 5372 123 5437 Ξ
169 5372 375 5440 Danaus.
404 5384 682 5443 Fortasse.
718 5384 915 5441 Melius
948 5384 1230 5440 enimvero
1273 5381 1434 5437 nobis
1467 5379 1693 5436 consul-

171 5476 259 5525 tum
306 5487 399 5541 est,
457 5494 626 5551 quam
675 5487 737 5535 ut
789 5476 1301 5548 antiquissimorum
1348 5483 1690 5546 martyrum,

173 5574 361 5628 quorum
390 5571 645 5643 sanguini
692 5578 908 5627 tantum
951 5583 1166 5639 semper
1215 5566 1407 5624 debuit
1446 5564 1693 5621 Ecclesia

174 5650 355 5724 Christi.
394 5673 747 5720 monumenta
795 5680 865 5720 ex
908 5663 1075 5718 unius
1126 5660 1374 5716 hominis
1426 5658 1694 5714 memoria

177 5747 440 5823 Peliderent,
467 5764 564 5811 aut
587 5754 803 5824 spiritui
821 5754 1243 5828 subjicerentur.
1261 5750 1509 5809 Aliorum
1542 5764 1694 5805 mar-

238 5860 457 5925 “latth.
492 5886 605 5943 xvx,
635 5869 723 5927 23.

1786 4649 1873 4686 ναι
1898 4632 2114 4697 αὐτούς.
2136 4652 2155 4684 ι
2178 4632 2421 4688 Profusis
2449 4631 2709 4702 lacrymis
2736 4630 3101 4686 obsecrabant
3134 4628 3365 4695 fratres,

1787 4728 2140 4796 ut.continuaa
2155 4727 2224 4783 ad
2247 4726 2420 4780 Deum
2447 4740 2635 4796 preces
2662 4724 2875 4791 ﬁerent,
2895 4737 3006 4794 quo
3019 4723 3238 4779 tandem
3264 4724 3371 4794 ipsi

1788 4818 2198 4890 perficerentur.
2231 4836 2251 4869 ι
2284 4817 2361 4874 De
2387 4816 2445 4871 8.
2472 4816 2751 4888 Cypriano
2780 4814 3010 4871 Pontius
3034 4814 3156 4885 ejus
3177 4814 3370 4870 diaco-

1790 4927 1897 4967 nus
1923 4930 1937 4966 :
1970 4930 1989 4963 ‹
2020 4909 2431 4966 Couveniebant
2456 4908 2674 4963 interim
2702 4908 2889 4979 plures
2922 4908 3126 4979 egregii
3165 4915 3221 4963 et
3253 4904 3369 4961 cla-

1791 5003 1998 5059 rissimi
2037 5001 2280 5068 ordinis,
2314 5000 2408 5057 sed
2435 5010 2490 5056 et
2529 5000 2715 5056 saeculi
2754 4999 3041 5055 nobilitate
3079 4996 3367 5070 generosi,

1790 5096 1885 5167 qui
1911 5106 2133 5167 propter
2150 5094 2454 5150 amicitiam
2480 5108 2759 5151 secessum
2784 5093 3016 5149 subinde
3046 5092 3367 5157 suaderent;

1790 5197 1845 5244 et
1870 5204 1937 5243 ne
1959 5203 2155 5257 parum
2186 5197 2331 5243 esset
2361 5185 2508 5242 nuda
2538 5185 2785 5250 suadela,
2808 5185 2972 5240 etiam
3005 5184 3123 5237 ioca
3160 5182 3214 5237 in
3245 5198 3370 5253 quae

1793 5284 2092 5350 secederet,
2145 5282 2469 5338 offerebant.
2503 5300 2523 5333 ι
2568 5280 2686 5335 Non
2740 5294 2875 5334 curo
2908 5276 3038 5347 quid
3070 5276 3370 5332 adversarii

1794 5377 1971 5433 nostri
2006 5377 2296 5440 dixissent,
2333 5374 2381 5428 si
2410 5387 2477 5427 eo
2517 5382 2759 5441 tempore
2804 5368 3147 5423 adfuissent:
3184 5384 3372 5439 quaero

1794 5466 1927 5541 quid
1959 5466 2150 5524 fecerit
2172 5466 2228 5521 8.
2261 5465 2589 5537 Cyprianus.
2630 5480 2663 5518 r
2687 5459 2780 5515 llle
2805 5473 2935 5514 vero
2961 5458 3076 5529 jam
3106 5460 3373 5515 mundum

1796 5577 2062 5635 suspensa
2093 5561 2158 5615 ad
2188 5560 2389 5617 caelum
2426 5565 2607 5612 mente
2642 5554 2974 5626 neglexerat,
3005 5567 3107 5609 nec
3135 5554 3378 5611 suadelis

1796 5652 2209 5711 blandientibus
2258 5649 2573 5720 _annuebat.
2661 5644 2906 5701 Fecisset
2959 5642 3193 5700 fortasse
3246 5652 3376 5700 tune

1797 5748 1985 5814 etiam,
2012 5743 2158 5817 quod
2188 5760 2218 5799 a
2256 5740 2507 5814 pluribus
2539 5747 2592 5796 et
2621 5736 2873 5795 fidelibus
2897 5736 3217 5809 petebatur;
3248 5735 3375 5792 si‘et
