3768 6326
189 343 283 403 36‘!

896 339 948 396 J.
989 338 1357 396 PEARSOMI
1399 340 1720 396 VlNDlClE
1760 338 2183 397 lGNATlANA-I.
2222 369 2295 386 —
2330 338 2510 394 PARS
2534 336 2590 394 Π.

2583 1 2924 9 —————i

2587 23 2598 26 _
2667 23 2678 26 _

3309 340 3414 396 870

191 472 244 518 ut
268 459 500 531 loquitur
536 467 726 514 auctor
757 459 1022 516 orationis
1062 461 1314 516 secundae
1337 461 1728 533 Chrysostomo
1758 469 1801 528 Α
1831 471 2012 516 autem
2039 460 2156 516 ham
2202 477 2310 515 non
2355 469 2566 516 tantum
2599 473 2726 514 vera
2766 473 2889 520 esse
2927 457 3138 526 dicunt,
3164 458 3259 514 sed
3295 469 3416 514 tan-

189 553 437 622 ascriptae.
464 549 564 606 Sed
595 551 803 621 reliqua
829 552 1076 622 exempla
1117 568 1573 623 percenseamus,
1605 554 1730 624 qui-

189 647 278 702 bus
315 659 522 714 semper
575 644 630 698 in
682 643 924 700 Ecclesia
973 645 1061 699 illa
1115 656 1418 716 martyrum
1471 644 1732 700 fortitudo

187 738 446 794 decantata
474 746 580 804 est,
615 753 724 807 qua
765 737 1123 792 instrumenta
1154 738 1305 794 necis
1329 738 1395 793 ad
1428 754 1581 793 suam
1607 753 1732 807 pas-

187 832 377 887 sionem
431 829 842 884 accelerandam
899 831 1188 901 urgebant.
1240 830 1296 886 ln
1350 831 1731 901 antiquissima

187 923 443 993 Perpetua:
489 923 746 991 passione
797 923 911 977 haec
967 923 1228 993 legimus:
1286 942 1305 975 ‹
1336 923 1603 995 Perpetua
1633 939 1731 978 au-

184 1025 281 1070 tem
324 1023 381 1068 ut
429 1014 636 1084 aliquid
681 1015 890 1071 doloris
945 1025 1225 1086 gustaret,
1259 1016 1402 1072 inter
1428 1032 1553 1072 ossa
1581 1032 1732 1072 com-

184 1119 362 1179 puncta
385 1108 723 1172 exululavit,
763 1118 816 1164 et
863 1119 1137 1164 errantem
1176 1110 1419 1181 gladium
1469 1111 1730 1168 tirunculi

183 1198 476 1270 gladiatoris
499 1198 615 1268 ipsa
649 1200 701 1252 in
728 1199 980 1268 jugulum
1014 1216 1174 1255 suum
1215 1200 1514 1254 transtulit.
1554 1219 1572 1253 ι
1603 1200 1730 1256 Dio-

184 1292 350 1363 nysius
375 1291 721 1347 Alexandria:
745 1292 1036 1362 episcopus
1067 1292 1410 1362 Apolloniam
1459 1292 1728 1363 virginem

183 1400 486 1455 magnopere
517 1386 719 1452 laudat,
751 1386 896 1456 quod
928 1402 1054 1442 cum
1087 1386 1188 1456 ipsi
1212 1387 1510 1442 verberatis
1534 1387 1729 1442 maxil-

182 1479 240 1533 lis
285 1478 456 1533 cuncti
513 1478 705 1535 dentes
779 1480 1020 1546 excussi,
1088 1480 1434 1550 ﬂammaeque
1491 1480 1727 1536 admota:

181 1580 371 1635 essent,
413 1571 679 1635 συντόνως
728 1572 1071 1643 ὲπεπήδησεν
1099 1574 1178 1636 εἰς
1219 1572 1280 1626 τὸ
1306 1572 1416 1644 πῦρ
1441 1573 1531 1627 καὶ
1556 1592 1726 1629 κατα-

180 1662 474 1730 πέφλεκται,
508 1684 526 1714 ι
557 1665 807 1720 celeriter
832 1665 883 1719 in
910 1665 1087 1736 ignem
1114 1666 1306 1722 insiliit
1341 1676 1394 1723 et
1425 1667 1726 1739 conﬂagra—

180 1755 262 1809 vit.
292 1774 310 1808 ι
343 1756 397 1810 S.
443 1755 685 1812 Hilarius
739 1758 1090 1813 enarratione
1142 1759 1194 1813 in
1241 1760 1510 1829 psalmum
1570 1776 1721 1815 uv:

184 1865 200 1897 ι
230 1844 323 1900 Alii
363 1846 507 1902 enim
572 1849 624 1901 in
659 1849 891 1904 vinculis
934 1865 1217 1906 carcerum
1262 1852 1602 1922 gloriantur,
1632 1852 1722 1908 alii

179 1939 285 1993 cesi
314 1937 365 1994 in
401 1940 723 1996 verberibus
765 1942 1112 2013 gratulantur
1135 1983 1150 2009 ,
1183 1943 1272 1998 alii
1304 1946 1558 2014 potestati
1584 1946 1724 2000 irre-

181 2028 470 2099 ligiosorum
502 2032 808 2088 desecanda
849 2033 1086 2088 felicium
1138 2035 1378 2105 capitum
1421 2037 1563 2092 colla
1592 2037 1725 2092 sub-

181 2123 403 2189 mittunt;
429 2122 612 2193 plures
640 2126 693 2179 in
717 2134 1026 2182 exstructos
1059 2143 1220 2198 rogos
1242 2141 1503 2196 currunt,
1535 2139 1590 2184 et
1617 2139 1725 2186 tre-

179 2213 460 2283 pidantibus
526 2232 704 2287 paena:
747 2218 1017 2274 ministris
1070 2218 1250 2290 ignem
1311 2221 1456 2275 saltu
1517 2221 1725 2281 devotae

179 2307 517 2365 festinationis
573 2309 850 2365 insiliunt.
887 2330 904 2362 ι
939 2310 1096 2366 llunc
1154 2312 1207 2366 in
1257 2314 1588 2384 martyribus
1625 2330 1723 2384 pa-

177 2395 318 2450 tiendi
360 2397 612 2453 ardorem
648 2399 852 2468 optimc
880 2400 1138 2457 describit
1187 2402 1246 2457 S.
1298 2402 1726 2476 Chrysostomus

177 2487 400 2543 oratione
426 2490 478 2544 in
519 2489 856 2557 Romanum,
886 2494 1166 2549 diabolum
1200 2496 1273 2550 ita
1305 2496 1612 2566 loquentem
1643 2497 1728 2552 in-

177 2580 482 2637 troducens:
539 2583 850 2656 Ἀνθρακας
901 2586 1268 2659 ὑπεστόρεσα,
1316 2591 1364 2642 oi.
1410 2589 1467 2642 δὲ
1518 2589 1593 2655 ὡς
1633 2591 1726 2644 ἐπὶ

176 2671 287 2742 ῥόδα
307 2673 538 2745 ἔτρεχον,
575 2696 592 2726 ι
620 2693 822 2746 prunas
851 2679 1152 2744 substravi,
1181 2681 1233 2732 hi
1256 2689 1438 2735 autem
1466 2691 1734 2757 tanquam.

178 2760 233 2814 ad
270 2777 413 2819 rosas
458 2767 756 2821 currebant
775 2809 792 2834 ,
826 2788 844 2820 ι
895 2767 1005 2841 πῦρ
1033 2769 1234 2841 ἀνῆψα,
1263 2773 1312 2825 οἱ
1339 2772 1392 2825 δὲ
1419 2773 1494 2837 ὡς
1517 2775 1596 2838 εἰς
1623 2792 1721 2846 πη-

175 2854 260 2922 γὰς
283 2856 480 2912 ὑδάτων
523 2859 750 2932 ψυχρῶν
791 2863 1017 2926 ἑαυτοὺς
1041 2863 1302 2936 ἕρῤιψαν,
1347 2885 1365 2918 ι
1411 2867 1589 2938 ignem
1635 2884 1726 2924 ac-

175 2953 330 3019 cendi,
360 2954 434 3007 illi
467 2964 652 3009 autem
705 2966 967 3026 tanquam
1017 2957 1072 3011 in
1111 2957 1290 3015 fontes
1319 2976 1588 3031 aquarum
1630 2961 1726 3016 fri-

177 3043 393 3111 gidarum
435 3050 647 3118 seipsos
687 3049 1070 3119 projiciebant,
1111 3070 1128 3103 ι
1162 3052 1254 3105 καὶ
1285 3052 1473 3126 ὥσπερ
1503 3057 1560 3108 ὲν
1605 3055 1727 3127 ἱερᾷ

177 3141 340 3230 πομπῇ
374 3140 689 3213 χορεύοντες
718 3143 812 3197 καὶ
836 3145 894 3197 ὲν
931 3143 1157 3215 λειμῶνι
1188 3145 1472 3212 παίζοντες
1495 3149 1721 3222 χλοερῷ,
1752 3170 1794 3230 (ς

174 3227 294 3283 οὕτω
327 3231 419 3296 τὰς
449 3235 723 3307 τιμωρίας
751 3237 981 3302 ἕκαστος
1009 3239 1277 3309 ἥρπαζον,
1306 3241 1404 3310 οὐχ
1432 3240 1508 3304 ὼς
1550 3259 1722 3312 τιμω-

179 3319 280 3390 ρίας
303 3323 408 3378 ἀλλ’
437 3326 513 3390 ὡς
549 3327 686 3399 ἄνθη
724 3327 1092 3400 Μμόάνοντες
1124 3333 1317 3404 ἐαρινὰ
1337 3374 1350 3397 ,
1396 3334 1490 3388 καὶ
1521 3351 1721 3404 στεφα-

179 3411 412 3485 νούμενοι,
464 3420 560 3472 καὶ
598 3423 663 3492 τῇ
707 3421 806 3492 τῆς
842 3417 1052 3486 οἰκείας
1088 3425 1399 3496 προθυμίας
1451 3426 1720 3498 ὑπερϐολῇ

178 3506 258 3570 τὰς
281 3510 408 3580 ἐμὰς
434 3513 778 3585 προέφθανον
804 3499 1096 3588 τιιῖωρῑας,
1130 3535 1148 3568 ι
1180 3525 1235 3572 et
1266 3527 1527 3588 tanquam
1557 3521 1611 3574 in
1635 3537 1724 3576 sa-

179 3613 252 3654 cra
295 3617 478 3673 pompa
513 3605 746 3661 choreas
791 3617 1032 3676 agentes.
1073 3618 1125 3664 et
1165 3610 1218 3663 in
1247 3610 1408 3666 viridi
1452 3621 1609 3681 prato
1637 3614 1724 3667 iu-

179 3691 359 3761 dentes,
386 3697 456 3752 ita
480 3705 752 3754 tormenta
784 3699 1018 3771 quisque
1042 3702 1297 3772 arripuit,
1321 3719 1428 3758 non
1459 3715 1721 3775 tanquam

180 3795 373 3852 poenas,
400 3789 492 3843 sed
535 3788 688 3844 velut
721 3805 923 3846 vernos
957 3791 1119 3848 flores
1147 3795 1512 3865 accipientes,
1545 3807 1596 3852 et
1625 3813 1722 3852 co-

181 3877 328 3930 ronati
349 3917 365 3944 ,
387 3887 441 3934 et
463 3880 702 3950 propria:
721 3881 1025 3938 alacritatis
1046 3899 1274 3942 excessu
1301 3896 1574 3943 tormenta
1601 3905 1721 3946 mea

181 3972 548 4041 praripiebant.
591 3994 610 4027 ι

235 4061 400 4136 Neque
437 4067 638 4123 mirum
678 4077 762 4124 est
801 4070 1014 4141 aliquos
1043 4070 1248 4130 bestias
1269 4073 1381 4143 jam
1411 4083 1631 4143 paratas
1653 4075 1721 4130 ad

182 4153 386 4223 ipsorum
413 4177 600 4217 necem
625 4177 983 4232 provocasse,
1009 4173 1104 4220 aut
1147 4167 1480 4224 crudelitatis
1511 4167 1720 4223 instru-

181 4261 332 4307 menta
362 4253 413 4308 in
440 4255 725 4325 procinctu
755 4255 932 4326 posita
967 4256 1035 4310 ad
1063 4257 1480 4314 accelerandum
1513 4270 1720 4332 marty-

182 4341 299 4397 rium
321 4345 457 4401 ultro
499 4347 858 4415 adhibuisse;
891 4365 1016 4404 cum
1057 4350 1360 4405 certissime
1389 4361 1635 4420 constet,
1669 4354 1721 4410 id

181 4434 300 4500 quod
330 4437 494 4491 multo
525 4438 706 4508 majus
736 4450 839 4506 est,
867 4441 1309 4521 quamplurimos
1352 4451 1582 4498 mortem
1622 4459 1721 4514 pro

1835 568 1999 623 quam
2050 568 2328 608 summum
2376 552 2656 624 religionis
2693 551 3016 607 Christianae
3056 551 3224 607 decus
3277 569 3414 623 prae-

1833 646 2036 701 dicant.
2085 643 2334 702 Justinus
2386 655 2595 718 martyr
2660 644 2860 700 fatetur
2923 644 3299 700 Christianum
3355 661 3414 700 sc

1833 737 2038 792 factum
2068 753 2220 803 esse,
2253 739 2398 809 quod
2431 739 2481 793 ei
2522 753 2682 793 nemo
2732 737 2909 792 malus
2948 737 3221 793 videretur
3250 737 3414 799 θάναέ

1830 848 1922 884 τον
1955 829 2327 897 ἀσπάζεσθαι,
2361 831 2460 902 οὐχ
2489 832 2570 884 ὅτι
2605 830 2794 885 ἑαυτὸν
2840 831 3173 904 κατήγγελλε
3219 847 3412 901 φονευ-

1832 919 2148 992 θησόμενον,
2173 940 2190 972 ι
2217 920 2417 976 nedum
2440 930 2499 975 ut
2519 923 2806 992 quisquam
2838 923 3076 992 scipsum
3103 922 3407 977 necandum

1832 1012 1978 1067 ultro
2015 1013 2268 1083 proderet
2311 1029 2377 1068 ac
2411 1012 2680 1078 deferret,
2725 1032 2743 1065 ι
2781 1013 2926 1083 quod
2953 1011 3247 1073 Christiani
3283 1022 3410 1064 tunc

1831 1107 2092 1176 temporis
2136 1105 2401 1161 fecerunt.
2449 1107 2701 1162 Clemens
2735 1107 2952 1178 quidem
3008 1105 3411 1160 Alexandrinus

1830 1207 2022 1253 contra
2072 1197 2488 1254 Valentinianos
2533 1199 2824 1270 disputans
2867 1199 3214 1270 reliquosque
3269 1196 3412 1252 Gno-

1830 1291 2027 1354 sticos,
2064 1293 2156 1362 qui
2206 1307 2426 1347 omnem
2470 1308 2571 1361 pro
2617 1292 2848 1347 veritate
2894 1292 3207 1363 passionem
3246 1305 3412 1360 nega-

1829 1385 1980 1449 bant,
2025 1383 2344 1440 Gnosticum
2398 1402 2558 1442 suum
2613 1386 2684 1441 ita
2733 1385 3004 1447 instituit,
3048 1396 3106 1440 ιιι
3148 1400 3256 1438 non
3300 1384 3408 1438 nisi

1829 1486 2052 1533 coactus
2082 1479 2404 1550 martyrium
2431 1479 2656 1546 subeat,
2684 1477 3078 1532 fateturtamen
3103 1477 3240 1532 alios
3264 1492 3410 1532 mar-

1831 1579 1974 1640 tyres
2021 1569 2180 1625 aliter
2229 1571 2502 1626 animatos
2552 1569 2744 1636 fuisse,
2777 1569 3182 1639 Gnosticusque
3212 1569 3280 1623 ab
3315 1568 3409 1624 illo

1826 1662 2144 1718 efl‘ormatus
2189 1664 2391 1718 dicitur
2450 1683 2463 1718 :
2513 1661 2699 1735 Ταύτῃ
2740 1661 2850 1714 τῶν
2891 1661 3063 1716 ἄλλων
3105 1660 3410 1731 λεγομένων

1831 1755 2120 1828 μαρτύρων
2153 1755 2537 1827 χωριζόμενος,
2639 1757 2686 1807 οἱ
2725 1754 2821 1825 μὲν
2855 1751 3108 1824 ἀφορμὰς
3142 1752 3410 1822 παρέχον-

1827 1845 1915 1908 τές
1951 1864 2130 1915 σφισιν
2161 1847 2345 1909 αὐτοῖς
2378 1845 2829 1917 ὲπιρῥιπτοῦντες
2862 1845 3049 1909 αὐτοῖς
3091 1848 3204 1908 τοῖς
3239 1843 3410 1897 κινδύ-

1826 1951 1958 2001 νοις,
1993 1935 2094 1988 οὑκ
2125 1931 2219 1988 οἷδ’
2253 1936 2422 1999 ὅπως,
2459 1935 2743 2004 εὐστομεῖν
2771 1933 2880 2004 γὰρ
2907 1933 3131 1998 δίκαιον,
3159 1953 3177 1985 ι
3201 1935 3302 1988 hac
3321 1950 3411 1988 ra-

1827 2027 1976 2083 tione
2003 2038 2290 2098 separatus
2307 2029 2375 2082 ab
2399 2028 2522 2082 aliis
2543 2027 2637 2097 qui
2659 2025 2918 2081 dicuntur
2941 2034 3230 2098 martyres,
3259 2027 3410 2096 quod

1827 2119 1918 2175 alii
1941 2121 2160 2190 quidem
2188 2120 2292 2174 sibi
2329 2119 2461 2189 ipsis
2485 2119 2786 2190 prtebentes
2809 2120 3177 2181 occasionem,
3213 2133 3291 2184 se,
3313 2135 3408 2173 ne-

1826 2214 1942 2268 scio
1973 2211 2268 2282 quomodo,
2301 2212 2355 2266 in
2392 2213 2507 2281 ipsa
2534 2210 2771 2280 pericula
2799 2210 3044 2280 injiciant
3078 2210 3235 2280 (bene
3261 2211 3407 2266 enim

1826 2306 1974 2376 loqui
2007 2321 2105 2374 par
2129 2305 2257 2374 est),
2301 2325 2317 2354 ι
2363 2304 2457 2359 sed
2483 2319 2590 2358 non
2625 2303 2694 2358 ab
2731 2303 2838 2359 illis
2862 2313 3073 2357 tantum
3099 2313 3405 2372 separatur,

1825 2401 1920 2470 qui
1945 2399 2089 2454 ultro
2121 2414 2179 2454 se
2201 2399 2536 2463 obtulerunt,
2561 2413 2752 2451 verum
2777 2398 2940 2452 etiam
2975 2397 3044 2450 ab
3079 2396 3166 2463 iis,
3203 2396 3294 2466 qui
3323 2396 3409 2450 vel

1827 2493 1897 2548 ob
1929 2501 2134 2546 metum
2163 2505 2359 2561 ptenar,
2393 2498 2488 2543 aut
2515 2489 2586 2542 ob
2622 2504 2774 2558 spem
2804 2488 2990 2543 aeterni
3015 2489 3218 2558 praemii
3254 2488 3406 2560 passi

1825 2593 1975 2649 sunt,
2002 2584 2193 2654 quales
2219 2583 2416 2654 opinor
2443 2596 2633 2636 omnes
2665 2579 2731 2635 de
2758 2581 2959 2650 quibus
2987 2581 3218 2652 legimus
3257 2596 3408 2636 mar-

1829 2685 1975 2748 tyres
2009 2674 2192 2740 fuere;
2233 2681 2381 2728 certe
2417 2671 2489 2726 ita
2530 2687 2588 2726 se
2627 2672 2680 2725 in
2711 2671 2923 2740 judicio
2953 2671 3226 2742 explicare
3259 2673 3406 2729 sole-

1826 2770 1978 2824 bant.
2009 2767 2376 2823 Tertullianus
2412 2766 2480 2819 ad
2516 2763 2801 2835 Scapulam
2837 2781 2956 2835 cap.
2993 2765 3016 2818 l
3053 2782 3066 2818 :
3107 2764 3257 2829 «Nos
3287 2767 3410 2836 qui-

1825 2864 1948 2919 dem
1978 2877 2080 2916 nec
2117 2859 2532 2931 expavescimus
2576 2874 2677 2914 nec
2709 2858 3146 2928 pertimescimus
3191 2874 3254 2914 ea
3285 2875 3410 2930 quae

1826 2957 1895 3013 ab
1917 2955 2298 3028 ignorantibus
2323 2953 2563 3024 patimur
2593 2971 2606 3006 :
2643 2967 2769 3006 cum
2801 2952 2866 3005 ad
2894 2952 3033 3007 hanc
3061 2962 3267 3008 sectam
3296 2953 3406 3007 titi-

1827 3066 1935 3120 que
1967 3057 2222 3118 suscepta
2250 3045 2564 3102 conditione
2609 3045 2729 3115 ejus
2777 3044 2921 3114 pacti
2969 3045 3299 3112 venerimus,
3345 3056 3407 3102 ut

1827 3145 1992 3200 etiam
2027 3142 2244 3198 animas
2269 3149 2488 3195 nostras
2522 3138 2836 3192 auctoritati
2860 3136 2914 3190 in
2953 3136 3051 3192 has
3077 3153 3287 3208 pugnas
3309 3152 3406 3194 ac-
3504 3177 3522 3195 .

1825 3237 2106 3299 cedamus,
2135 3250 2199 3290 ea
2233 3249 2354 3304 qua:
2389 3232 2534 3287 Deus
2563 3229 2894 3300 repromittit
2925 3229 3187 3300 consequi
3213 3239 3410 3300 optan-

1827 3339 1928 3395 tes,
1981 3335 2034 3381 et
2080 3343 2142 3381 ea
2177 3342 2300 3397 quae
2339 3324 2568 3379 diversa:
2613 3322 2738 3376 vitae
2777 3321 3149 3375 comminatur
3185 3323 3295 3392 pati
3341 3321 3408 3377 ti-

1826 3429 2058 3476 mentes.
2095 3419 2340 3488 Denique
2381 3432 2508 3472 cum
2537 3415 2688 3470 omni
2725 3412 2934 3469 saevitia
2968 3422 3146 3467 vestra
3177 3429 3404 3468 concer-

1827 3522 2009 3567 tamus
2064 3511 2227 3566 etiam
2283 3511 2426 3566 ultro
2458 3516 2808 3578 erumpentes
2852 3509 3132 3578 magisque
3165 3507 3406 3561 damnati

1825 3624 1990 3679 quam
2035 3606 2271 3662 absoluti
2313 3606 2636 3676 gaudemus.
2680 3625 2699 3657 ι
2742 3607 2886 3661 Idem
2922 3623 3042 3676 cap.
3067 3605 3148 3659 2:
3193 3623 3210 3656 ι
3250 3603 3409 3659 Absit

1825 3710 1886 3757 ut
1911 3701 2130 3772 indigne
2155 3699 2398 3755 feramus
2423 3715 2484 3754 ea
2520 3715 2620 3755 nos
2652 3701 2762 3770 pati
2797 3716 2918 3769 qua:
2960 3695 3244 3770 optamus!
3289 3715 3308 3749 ›
3343 3695 3408 3751 Et

1824 3810 1945 3865 cap.
1974 3795 2007 3848 4
2038 3814 2052 3849 :
2094 3812 2112 3845 ι
2137 3792 2272 3848 Vide
2301 3801 2511 3847 tantum
2547 3809 2615 3848 ne
2648 3794 2752 3848 hoc
2782 3794 2906 3863 ipso
2947 3792 3093 3863 quod
3117 3791 3246 3844 talia
3278 3805 3405 3845 sus-

1825 3889 2085 3952 tinemus,
2112 3887 2179 3941 ad
2204 3886 2309 3941 hoc
2332 3885 2512 3940 solum
2543 3886 2826 3940 videamur
2860 3899 3170 3954 erumpere,
3208 3893 3268 3937 ut
3301 3882 3407 3938 hoc

1825 3981 2003 4050 ipsum
2041 3979 2376 4051 probemus,
2422 3994 2524 4034 nos
2565 3979 2681 4035 haec
2725 3995 2833 4032 non
2869 3979 3080 4040 timere.
3116 3977 3212 4032 sed
3264 3977 3408 4031 ultro

1824 4088 2040 4127 vocare.
2070 4073 2233 4125 Arius
2283 4071 2560 4127 Antonius
2590 4072 2643 4126 in
2669 4072 2801 4127 Asia
2828 4087 2955 4126 cum
2984 4078 3407 4141 persequeretur

1825 4166 2112 4232 instanter,
2144 4181 2336 4222 omnes
2367 4166 2515 4220 illius
2540 4165 2780 4222 civitatis
2816 4165 3114 4220 Christiani
3149 4173 3273 4219 ante
3305 4163 3408 4218 tri-

1823 4257 2042 4312 bunalia
2071 4272 2129 4312 se
2159 4274 2326 4312 manu
2355 4257 2495 4312 facta
2533 4257 2884 4324 obtulerunt;
2911 4273 3035 4313 cum
3077 4258 3189 4324 ille,
3215 4256 3408 4328 paucis

1823 4349 1951 4404 duci
1980 4349 2184 4418 jussis,
2215 4350 2444 4420 reliquis
2493 4349 2570 4403 ait
2612 4364 2625 4401 :
2662 4344 2733 4402 Ὦ
2764 4349 2948 4413 δειλοὶ,
2985 4350 3032 4401 εξ
3067 4349 3247 4402 θέλετε
3280 4349 3408 4402 ἀπο·

1824 4439 2096 4512 θνήσκειν,
2131 4443 2408 4513 κρημνοὺς
2440 4440 2474 4512 ἦ
2511 4440 2736 4512 βρόχους
2768 4439 2937 4511 ἔχετε.
2976 4438 3088 4494 Hoc
3114 4441 3159 4494 si
3191 4440 3410 4510 placue-

181 4522 350 4582 Christi
387 4531 605 4585 nomine
641 4533 1000 4601 appetivisse,
1047 4549 1174 4589 cum
1216 4534 1270 4588 in
1305 4535 1546 4591 hostium
1571 4548 1722 4606 pote-
1752 4525 1796 4580 Ι)
1825 4535 1896 4588 rit
1925 4533 2102 4588 et-hic
2136 4533 2276 4598 ﬁeri,
2303 4532 2435 4604 quid
2465 4533 2634 4589 facies
2659 4533 2726 4588 de
2754 4533 2922 4587 tantis
2950 4532 3201 4586 millibus
3223 4532 3405 4586 homi-

183 4624 296 4672 state
322 4635 422 4675 non
447 4633 649 4687 essent,
677 4623 888 4693 seipsos
919 4624 1223 4691 indicasse,
1254 4626 1546 4696 hostesque
1576 4627 1724 4697 ipsos

182 4710 236 4762 ad
259 4713 563 4782 supplicium
595 4715 950 4786 infligendum
975 4733 1326 4787 provocasse.
1353 4718 1430 4775 De
1456 4719 1726 4776 Christia-

184 4799 252 4856 nis
279 4806 353 4859 sui
386 4808 644 4878 temporis
673 4807 949 4864 Lucianus
979 4809 1032 4864 in
1062 4810 1347 4880 Peregrina
1372 4827 1390 4864 :
1421 4813 1723 4868 Πεπεικασι

183 4890 271 4963 γὰρ
302 4896 487 4963 αὐτοὺς
527 4901 579 4954 οἱ
625 4899 1018 4971 κακοδαίμονες
1059 4900 1121 4954 τὸ
1165 4902 1262 4973 μὲν
1301 4902 1423 4956 ὅλον
1465 4903 1723 4959 ἀθάνατοι

185 4981 366 5043 ἔσεσθαι
407 4993 500 5046 καὶ
551 4992 842 5064 βιώσεσθαι
885 4993 976 5048 τὸν
1017 4995 1104 5048 ἀεὶ
1135 4996 1345 5068 χρόνον⁸
1395 4996 1526 5068 παρ’
1569 4997 1599 5049 ὃ
1630 4998 1725 5052 καὶ

185 5085 544 5154 καταφρονοῦσι
575 5085 670 5140 τοῦ
704 5086 967 5154 θανάτου,
1003 5089 1098 5141 καὶ⁵
1129 5089 1344 5154 ἑκόντες
1375 5091 1572 5156 αὐτοὺς
1603 5093 1723 5145 ὲπι-

185 5166 381 5230 διδόασιν
410 5179 456 5230 ot
488 5179 692 5232 πολλοι.
735 5197 755 5231 ι
793 5178 978 5234 Miseri
1009 5179 1262 5237 homines
1296 5197 1327 5236 a
1373 5182 1571 5251 seipsis
1599 5197 1725 5252 per-

187 5266 327 5331 suasi,
353 5267 462 5326 fore
487 5287 546 5328 se
568 5272 778 5343 integre
805 5272 1162 5336 immortales,
1199 5289 1523 5345 semperque
1549 5275 1722 5330 victu-

188 5367 278 5420 ras,
297 5371 510 5418 mortem
535 5372 913 5429 contemnunt,
941 5364 1211 5433 multique
1233 5365 1379 5419 ultro
1399 5365 1607 5434 seipsos
1629 5364 1722 5418 de-

189 5445 316 5503 dunt.
348 5471 365 5504 ι
403 5452 726 5512 Tiberianus
773 5454 1079 5511 Palaestinae
1121 5471 1323 5525 praises
1355 5457 1458 5512 sub
1491 5457 1722 5526 imperio

193 5532 376 5608 Trajani
400 5544 463 5599 de
485 5543 720 5604 Galilmis
749 5547 864 5603 sive
891 5531 1222 5603 Christianis
1254 5549 1325 5603 ita
1349 5549 1624 5617 loquitur:
1659 5549 1720 5602 οὐ

193 5640 414 5688 mmet
444 5637 664 5701 ἑαυτοὺς
701 5639 994 5709 μηνύοντες
1011 5639 1091 5702 εις
1104 5639 1166 5692 τὸ
1197 5639 1557 5710 ἀναιρεῖσθαι,
1582 5657 1721 5696 «non

193 5730 375 5778 cessant
403 5727 466 5783 ad
503 5730 702 5786 eadem
754 5746 875 5787 sese
915 5729 1272 5800 patefacere.»
1323 5731 1448 5787 Haec
1477 5733 1548 5787 de
1579 5733 1722 5788 anti-

195 5813 435 5878 qllissimis
466 5822 793 5895 martyribus
820 5823 1048 5894 gentiles
1073 5831 1341 5882 testantur
1376 5841 1387 5878 :
1423 5823 1720 5882 Christiani

1825 4642 1954 4680 num
1989 4635 2067 4680 tot
2097 4626 2231 4682 viris
2259 4634 2314 4681 et
2342 4624 2586 4692 feminis,
2616 4625 2797 4680 omnis
2843 4639 3006 4679 sexus
3032 4665 3047 4691 ,
3097 4624 3404 4697 dignitatis,

1825 4717 2181 4774 oﬂ‘ereutibus
2221 4733 2282 4774 se
2304 4718 2438 4772 tibi?
2465 4736 2483 4771 ι
2533 4717 2593 4774 S.
2645 4717 2990 4787 Cyprianus,
3029 4732 3154 4772 cum
3197 4726 3404 4790 marty-

1823 4812 1968 4866 rium
1997 4811 2242 4881 impense
2266 4811 2568 4879 laudasset,
2597 4811 2678 4867 sic
2697 4810 3072 4881 prmfationem
3096 4811 3398 4866 concludit:

1827 4922 1847 4956 ι
1875 4902 2262 4973 Amplectenda
2308 4919 2398 4959 res
2427 4912 2513 4958 est
2559 4913 2615 4960 et
2645 4904 2903 4974 optanda,
2932 4913 2987 4959 et
3016 4905 3274 4960 omnibus
3303 4919 3404 4973 po-

1823 4994 2184 5051 stulationum
2215 5007 2528 5049 nostrarum
2577 4993 2832 5063 precibus
2862 4991 3161 5062 expetenda
3182 5031 3196 5054 ,
3228 4999 3286 5044 ut
3309 4989 3404 5058 qui

1823 5089 1964 5144 servi
2002 5087 2096 5144 Dei
2130 5103 2344 5154 sumus,
2379 5087 2554 5143 simus
2585 5095 2642 5142 et
2661 5086 2845 5141 amici.
2879 5104 2900 5138 ›
2927 5085 3004 5140 Ac
3027 5100 3220 5138 rursus
3245 5081 3313 5136 ad
3337 5082 3404 5136 li-

1825 5196 1946 5236 nem
1977 5180 2142 5235 libri:
2177 5198 2194 5231 t
2233 5179 2368 5246 Quis
2404 5179 2570 5250 igitur
2599 5193 2710 5232 non
2751 5177 3008 5232 omnibus
3045 5174 3254 5228 viribus
3292 5173 3406 5228 ela-

1824 5274 2003 5338 borat,
2032 5272 2099 5327 ad
2143 5282 2352 5326 tantam
2396 5271 2700 5326 claritatem
2745 5267 3031 5338 pervenire
3055 5306 3070 5331 ,
3105 5273 3165 5320 ut
3191 5265 3403 5320 amicus

1823 5362 1918 5418 Dei
1949 5365 2061 5430 ﬁat,
2101 5373 2161 5418 ut
2195 5378 2320 5416 cum
2350 5361 2572 5416 Christo
2604 5359 2816 5441 statim.
2845 5357 3078 5428 gaudeat
3104 5397 3120 5419 ,
3182 5365 3240 5410 ut
3280 5366 3406 5426 post

1823 5464 2097 5511 tormenta
2122 5463 2178 5510 et
2203 5455 2472 5524 supplicia
2500 5463 2714 5507 terrena
2751 5451 2972 5520 praemia
3003 5448 3187 5504 divina
3219 5449 3402 5521 perci-

1823 5549 1970 5618 piat?
2000 5567 2017 5599 ι
2055 5548 2128 5602 De
2157 5563 2303 5602 nona
2335 5545 2713 5616 persecutione
2737 5543 3012 5612 Sulpicius
3040 5559 3054 5596 :
3095 5563 3112 5596 ι
3138 5542 3403 5599 Certatim

1823 5641 2062 5713 gloriosa
2107 5640 2160 5694 in
2185 5639 2490 5693 certamina
2523 5637 2819 5704 ruebatur;
2863 5637 3146 5706 multoque
3187 5638 3426 5693 avidius.

1824 5742 1939 5787 tum
1962 5732 2225 5802 martyria
2245 5729 2500 5801 gloriosis
2525 5730 2794 5784 mortibus
2813 5731 3218 5800 quaerebantur,
3237 5745 3423 5800 quam.

1823 5839 1969 5881 nunc
1999 5822 2347 5894 episcopatus
2377 5823 2572 5894 pronis
2593 5821 2986 5880 ambitionibus
3016 5831 3394 5892 appetuntum
