3800 6208
324 308 422 365 3'”

1273 307 1331 364 S.
1367 306 1719 366 lGNATIUS.
1762 340 1827 349 ——
1867 307 2394 366 PROLEGOMENA.

3460 309 3567 365 372

327 428 473 485 idem
499 430 663 500 epist.
701 431 761 505 ιι
812 430 880 487 de
907 430 969 486 Β.
1002 429 1234 488 Martino
1267 448 1281 484 :
1327 451 1346 484 ι
1374 430 1527 498 Quod
1566 433 1614 487 si
1648 431 1698 486 ei
1724 430 1893 487 Nero-
1919 440 1970 494 Α
1996 440 2111 486 tum
2146 433 2201 486 in
2246 431 2567 501 sanguinem
2612 432 2828 502 piorum
2870 429 3187 495 desaeviret,
3223 428 3521 499 objurgant
3549 444 3563 479 :

326 522 509 577 nianis
534 521 896 593 Decianisque
918 522 1257 593 temporibus
1286 524 1342 578 in
1372 523 1463 578 illa
1495 538 1618 594 qua:
1648 530 1779 577 tunc
1798 536 1895 577 ex—

328 611 472 668 stitit
500 612 763 669 dimicare
792 614 1183 685 congressione
1220 614 1487 683 licuisset,
1524 622 1694 670 testor
1728 612 1897 669 Deum

323 704 450 761 οωιι
481 713 646 774 atque
682 713 857 771 terra,
889 716 1082 775 sponte
1108 707 1401 777 equuleum
1427 707 1783 773 ascendisset,
1816 706 1899 761 ul-

324 801 414 850 tro
452 811 512 850 se
545 795 760 866 ignibus
790 796 1133 854 intulisset...
1169 797 1228 853 Si
1259 812 1390 854 vero
1424 798 1663 868 gentium
1697 796 1897 852 Docto-

325 887 404 944 ris
438 889 687 959 exemplo
713 890 894 962 gladio
939 892 1254 963 deputatus,
1284 893 1426 948 inter
1454 892 1621 956 alias,
1663 899 1722 946 ut
1757 906 1899 961 saepe

252 1052 261 1060 γ
322 981 595 1050 provenit,
620 981 871 1038 victimas
900 983 1211 1050 duceretur,
1239 984 1453 1056 primus
1481 982 1748 1049 omnium,
1772 998 1896 1039 car-

245 1063 257 1072 ’
324 1072 487 1128 nillce
530 1075 813 1144 compulso
838 1116 854 1143 ,
898 1076 1134 1145 palmam
1178 1076 1461 1148 sanguinis
1498 1085 1837 1151 occupasset.
1872 1094 1891 1127 ι

324 1161 656 1222 Valerianus
688 1166 1045 1224 Cemeliensis
1067 1168 1378 1239 episcopus,
1405 1168 1631 1224 homilia
1660 1168 1737 1222 De
1766 1167 1897 1222 bona

323 1258 574 1327 martyrii
627 1275 648 1316 :
696 1277 715 1311 ι
774 1259 910 1325 Quis
950 1275 1060 1315 non
1102 1260 1321 1331 sapiens
1368 1268 1677 1332 contempta
1734 1261 1899 1332 hujus

323 1350 461 1407 lucis
519 1368 725 1421 usura,
783 1353 831 1410 si
877 1355 952 1410 ita
994 1372 1129 1410 usus
1184 1357 1411 1424 venerit,
1462 1358 1530 1412 ad
1578 1357 1898 1429 martyrium

321 1442 614 1497 ambitiose
638 1443 879 1511 festinet,
913 1460 1037 1500 cum
1068 1446 1249 1501 videat
1275 1448 1343 1502 ad
1370 1447 1585 1502 lucrum
1622 1448 1747 1501 vita:
1775 1462 1899 1517 per-

319 1532 493 1588 tinerc
515 1534 712 1589 anima:
740 1545 969 1590 mortem
995 1537 1324 1607 deputasse?
1357 1537 1539 1605 Quare
1567 1548 1749 1595 autem
1787 1555 1897 1595 non

321 1624 487 1680 homo
514 1626 580 1681 ad
612 1635 722 1681 tam
750 1629 1052 1699 pretiosum
1082 1645 1221 1701 opus
1249 1631 1480 1687 devotus
1524 1642 1800 1701 occurrat,
1834 1649 1899 1690 ac

321 1730 383 1771 se
414 1716 470 1771 in
494 1718 789 1788 impiorum
816 1735 1013 1776 manus
1042 1722 1302 1779 audacter
1323 1724 1569 1795 objiciat,
1598 1740 1759 1795 quem
1795 1741 1900 1781 cce.

1998 539 2137 594 quos
2161 524 2252 579 ille
2277 524 2537 579 continuo
2560 538 2659 593 pro
2696 521 2899 578 Christi
2931 522 3152 577 nomine
3178 520 3371 576 bestiis
3400 519 3569 573 tradi-

1997 614 2079 669 dit
2107 614 2465 669 devorandos.
2496 632 2514 665 ι
2548 612 2829 668 Romanus
2873 610 3239 666 Caesareensis
3277 608 3567 671 diaconus,

2002 708 2193 765 videns
2228 709 2431 763 multos
2461 706 2852 770 sacriﬁcantes,
2881 705 3026 777 ζήλῳ
3059 704 3370 767 θεοσεϐείας
3401 702 3570 775 πρόσ-

1999 818 2139 866 εισι,
2181 802 2337 857 «zelo
2382 800 2551 856 divini
2592 800 2773 855 cultus
2816 799 2996 869 ipsum
3038 800 3303 855 incitante
3344 798 3569 868 propius

2002 892 2229 960 accedit,
2250 912 2268 945 ι
2313 901 2367 948 et
2409 900 2666 948 contenta
2688 905 2820 946 voce
2850 891 3154 947 inclamans
3181 906 3279 947 eos
3311 890 3571 961 objurga-

2000 984 2094 1053 vit,
2115 984 2307 1054 judici,
2336 993 2396 1040 ut
2423 992 2548 1039 ante
2581 983 2855 1051 diximus,
2882 985 2994 1039 vim
3036 983 3184 1047 fecit,
3219 992 3273 1037 et
3303 982 3376 1037 ob
3402 982 3572 1035 auda-

1999 1076 2139 1132 ciam
2170 1078 2619 1146 compreliensus,
2651 1076 3023 1145 γενναιότατος
3064 1078 3111 1130 εί
3151 1075 3245 1130 καί
3285 1092 3372 1138 τις
3416 1072 3573 1137 ἄλλος

1997 1169 2369 1225 ἀποδέδεικται
2425 1171 2631 1242 μάρτυς
2682 1171 2781 1241 τῆς
2826 1169 3113 1241 ἀληθείας,
3153 1188 3171 1220 ι
3218 1181 3489 1239 generoso
3525 1166 3572 1221 si

1997 1264 2122 1334 quis
2161 1263 2302 1319 alius
2335 1263 2597 1335 martyrio
2636 1281 2654 1315 ι
2706 1272 3005 1318 coronatus
3046 1269 3150 1317 est.
3186 1261 3389 1316 Euseb.
3424 1260 3463 1313 l.
3496 1275 3572 1323 ix,

1998 1370 2048 1411 c.
2089 1355 2145 1411 2.
2189 1354 2496 1422 Quinetiam
2541 1356 2858 1427 Apphianus
2916 1353 3156 1409 fervente
3196 1352 3576 1423 persecutione

1999 1449 2137 1505 clam
2160 1448 2416 1505 omnibus
2439 1448 2492 1502 in
2513 1449 2702 1503 eadem
2729 1446 2895 1501 domo
2918 1444 3240 1517 degentibus
3260 1451 3315 1499 et
3336 1444 3577 1497 militum

1998 1540 2163 1596 etiam
2196 1540 2442 1607 cohorte,
2477 1538 2685 1594 Urbani
2711 1538 2958 1609 praesidis
3007 1538 3196 1593 dextra
3230 1537 3579 1607 apprehensa

2000 1632 2330 1689 sacrificium
2360 1632 2614 1688 omittere
2643 1631 2841 1703 coegit,
2877 1639 2931 1685 et
2955 1629 3298 1700 gravissimis
3330 1637 3579 1683 tormen-

2002 1726 2070 1782 tis
2096 1741 2217 1781 sese
2243 1725 2446 1781 dedens
2472 1739 2669 1796 passus
2702 1732 2807 1779 est.
2844 1722 2902 1777 Id
2941 1731 3123 1777 autem
3162 1720 3469 1784 Eusebius,
3501 1720 3579 1774 illi

321 1809 478 1866 lestis
517 1812 689 1881 gratia
725 1814 1181 1870 remunerationis
1227 1818 1541 1887 exspectat?
1570 1838 1589 1870 ›
1636 1816 1692 1872 S.
1728 1817 1902 1891 Chry-
1933 1809 1974 1863 Β
2004 1819 2310 1885 familiaris,
2334 1834 2458 1874 eum
2490 1818 2685 1874 fecisse
2713 1816 3009 1888 judicavit,
3042 1816 3141 1887 τῆς
3174 1815 3265 1867 ἐπὶ
3297 1813 3447 1868 τοῦτ’
3481 1814 3582 1867 a6-

322 1912 605 1960 sostomus
631 1905 955 1961 observabat
979 1907 1080 1963 sub
1110 1908 1339 1979 imperio
1358 1908 1561 1964 Juliani
1583 1912 1763 1965 πᾶσαν
1789 1911 1897 1981 ήλι-

319 1996 446 2050 κίαν
477 1996 665 2062 ἁπλῶς
716 1998 808 2052 καὶ
857 1997 1016 2069 φύσιν
1050 2001 1314 2074 ἑκατέραν
1334 2044 1349 2070 ,
1383 2002 1643 2075 πηδῶσαν
1676 2005 1768 2058 ἐπὶ
1797 2005 1897 2070 τάς

319 2087 459 2159 ὑπὲρ
510 2088 610 2159 τῆς
656 2090 939 2155 εὐσεϐείας
986 2094 1235 2163 σφαγάς,
1276 2110 1537 2150 «omnem
1585 2106 1796 2151 aetatem
1845 2106 1899 2152 et

318 2190 612 2254 utrumque
635 2200 824 2240 sexum
854 2186 921 2241 ad
948 2200 1177 2241 mortem
1205 2202 1305 2258 pro
1331 2205 1458 2244 vera
1483 2189 1745 2259 religione
1771 2192 1899 2246 sub-

316 2275 551 2329 eundam
598 2277 960 2332 exsilientem.
992 2297 1011 2331 ι
1052 2277 1205 2335 Hanc
1247 2283 1513 2335 rationem
1559 2282 1768 2349 reddit,
1800 2297 1899 2338 cur

315 2366 566 2423 Julianus
596 2369 855 2440 Apostala
887 2380 1132 2441 apertam
1178 2380 1371 2428 contra
1398 2372 1743 2428 Christianos
1778 2388 1899 2444 per-

317 2460 657 2514 secutionem
696 2460 880 2515 moliri
920 2462 1189 2527 noluerit,
1234 2464 1353 2535 ᾔδει
1386 2463 1526 2535 γὰρ,
1563 2463 1678 2535 ᾕδει
1714 2464 1900 2533 σαφῶς

314 2551 399 2605 δτι
431 2552 589 2607 τοῦτο
619 2553 993 2626 τολμήσαντος
1012 2554 1190 2609 αὑτοῦ
1216 2599 1230 2623 ,
1278 2558 1479 2623 πάντες
1526 2559 1591 2613 ἂν
1633 2559 1773 2630 ὑπὲρ
1803 2558 1899 2612 τοῦ

315 2640 555 2713 Χριστοῦ
585 2642 684 2708 τάς
717 2645 925 2699 ἑαυτῶν
944 2645 1262 2719 προῦδωκαν
1282 2647 1477 2720 ψυχάς.
1509 2668 1527 2700 ι
1548 2648 1708 2704 Novit
1726 2650 1895 2715 enim,

317 2743 504 2802 aperte
537 2735 709 2803 novit,
745 2737 915 2807 quod,
944 2738 989 2793 si
1022 2739 1126 2795 hoc
1169 2740 1393 2796 auderet
1436 2742 1551 2807 ille,
1582 2757 1774 2796 omnes
1800 2755 1898 2810 pro

315 2824 538 2881 Christo
572 2828 785 2883 animas
824 2844 955 2884 suas
1001 2830 1385 2901 prodidissent.
1432 2853 1450 2884 ι
1512 2834 1719 2897 Πάντες
1750 2832 1895 2905 γὰρ,

316 2920 505 2993 φησιν,
538 2920 615 2986 ὡς
646 2924 737 2977 ἐπὶ
771 2924 961 2996 κηρίον
998 2924 1241 2997 μέλιτται
1272 2924 1488 2997 ἥξουσιν
1520 2927 1596 2990 ὡς
1628 2927 1717 2980 ἐπὶ
1754 2944 1895 2999 μαρ-

314 3011 501 3086 τύριον
534 3016 841 3087 πετόμενοι,
883 3036 901 3070 ι
936 3015 1142 3073 Omnes
1186 3020 1353 3086 enim,
1390 3019 1589 3089 inquit,
1618 3028 1676 3073 ut
1719 3018 1787 3075 ad
1813 3019 1895 3074 fa-

313 3119 443 3161 vum
475 3122 626 3177 apes,
659 3110 727 3164 ad
756 3111 1081 3182 martyrium
1117 3112 1504 3167 convolabunt.
1536 3131 1555 3165 ι

384 3193 572 3267 Neque
594 3214 725 3255 vero
754 3208 967 3255 tantum
992 3199 1155 3256 fortia
1178 3201 1346 3257 locuti
1377 3213 1506 3259 sunt
1526 3205 1765 3276 antiquae
1786 3204 1887 3261 Ec-

314 3288 499 3348 clesizn
520 3292 843 3357 Christiani.
878 3292 973 3349 sed
1004 3304 1058 3349 et
1090 3294 1269 3351 fecere
1298 3305 1351 3350 et
1375 3297 1523 3366 passi
1559 3308 1703 3354 sunt.
1736 3297 1889 3356 Cele-

314 3383 413 3439 bre
451 3383 704 3454 inprimis
734 3384 841 3440 fuit
873 3402 1073 3442 nomen
1104 3386 1301 3444 Phocze
1324 3390 1602 3461 martyris,
1640 3393 1733 3462 qui
1760 3408 1885 3447 cum

315 3475 536 3532 lictores
588 3476 729 3534 forte
781 3479 1017 3549 hospitio
1068 3482 1406 3552 accepisset,
1455 3483 1549 3554 qui
1594 3485 1889 3539 narrabant

314 3572 517 3627 missos
543 3587 601 3627 se
628 3572 697 3627 ad
741 3572 1181 3629 interﬁciendum
1214 3574 1486 3643 Phocam,
1520 3577 1773 3647 promisit
1800 3577 1890 3634 die

313 3663 554 3718 crastino
581 3678 640 3720 se
662 3662 903 3719 Phocam
930 3664 1037 3721 illis
1063 3674 1435 3734 ostensurum,
1464 3677 1518 3723 et
1553 3670 1672 3724 loco
1698 3670 1762 3723 ad
1803 3684 1889 3724 se-

234 3778 237 3781 -
312 3754 588 3824 pultnram
638 3756 792 3825 prius
832 3766 1137 3826 praeparato
1182 3766 1371 3815 astans
1399 3760 1480 3815 eis
1507 3760 1687 3815 dixit:
1728 3779 1747 3813 ι
1775 3759 1888 3832 Ego

311 3844 403 3899 ille
427 3844 663 3901 Phocas.
690 3865 710 3898 ι
741 3846 821 3901 llli
858 3864 985 3902 cum
1012 3847 1127 3918 jam
1158 3850 1475 3907 haesitarent
1498 3892 1514 3917 ,
1558 3853 1773 3907 animos
1807 3852 1887 3909 cis

310 3944 375 3990 ut
404 3936 582 4006 ipsum
611 3937 980 3994 interﬁcerent
1004 3940 1385 3998 exhortatione
1425 3943 1678 4010 addebat,
1714 3941 1884 4008 εἶπεν,

310 4029 549 4095 ἔπεισεν,
584 4029 805 4096 ἔπαθεν,
840 4033 933 4087 ναὶ
964 4032 1064 4105 τὴν
1081 4035 1323 4107 κεφαλὴν
1339 4036 1888 4109 ἀποτμηθεὶςὶερεῖον

307 4119 388 4192 τῷ
418 4120 540 4193 Θεῷ
572 4124 968 4195 κεχαρισμένον
1002 4126 1307 4198 προσήχθη,
1349 4146 1367 4180 ι
1396 4128 1557 4194 dixit,
1589 4132 1885 4198 persuasit,

306 4228 507 4284 passus
530 4223 633 4281 est,
658 4230 723 4271 ac
750 4218 923 4288 capite
948 4226 1237 4275 truncatus
1264 4230 1416 4291 grata
1442 4219 1555 4275 Deo
1581 4220 1761 4277 hostia
1791 4222 1888 4277 ob-

308 4307 455 4363 latus
499 4315 617 4375 est;
656 4326 675 4360 ι
730 4316 791 4364 ιιι
824 4310 1070 4381 loquitur
1113 4310 1364 4367 Asterius
1393 4312 1725 4376 Amasenus,
1760 4314 1888 4383 Epi—

308 4402 514 4473 phanio
541 4402 905 4474 synchronus.
926 4403 1041 4460 Sub
1068 4402 1341 4461 Valeriani
1366 4408 1745 4476 persecutione
1766 4406 1886 4463 Pri-

1913 3165 1958 3225 C

1997 1912 2089 1966 τὸν
2122 1912 2467 1986 προαγούσης
2507 1912 2693 1967 ἐνθέου
2736 1909 3017 1982 δυνάμεως
3052 1909 3332 1982 μονονουχὶ
3368 1908 3584 1982 βοώσης

1997 2004 2084 2059 διὰ
2114 2005 2207 2059 τοῦ
2241 2006 2549 2077 γινομένου,
2591 2024 2610 2058 ‹
2662 2005 2846 2060 divina
2894 2004 3096 2058 virtute
3138 2002 3205 2058 ad
3248 2002 3355 2057 hoc
3396 2002 3581 2072 ipsum

1999 2097 2309 2167 impellente
2330 2138 2345 2164 ,
2363 2105 2576 2151 tantum
2604 2113 2711 2152 non
2738 2112 2834 2167 per
2862 2096 2967 2151 hoc
2991 2093 3205 2151 facinus
3236 2094 3578 2161 clamantep

1999 2191 2095 2259 qui
2125 2200 2179 2245 et
2202 2189 2509 2258 IEdesium,
2538 2191 2680 2246 idem
2710 2189 2859 2260 quod
2887 2205 2917 2245 a
2943 2188 3109 2243 fratre
3140 2188 3347 2243 factum
3374 2198 3480 2254 est,
3500 2188 3585 2242 fa-

2000 2298 2121 2338 cere
2146 2291 2423 2351 conatum,
2448 2283 2637 2338 eodem
2662 2282 2824 2337 modo
2847 2296 3069 2352 passum
3099 2289 3301 2335 narrat.
3327 2279 3579 2350 Longum

1999 2384 2145 2431 esset
2172 2390 2361 2431 omnes
2385 2391 2689 2440 recensere,
2718 2391 2856 2446 quos
2885 2374 3155 2431 Eusebius
3184 2374 3388 2443 aliique
3416 2389 3476 2429 se
3497 2372 3583 2427 ul-

2001 2476 2086 2523 tro
2102 2469 2231 2524 etde
2251 2469 2519 2525 industria
2547 2469 2807 2539 martyrio
2827 2468 3091 2523 obtulisse
3115 2479 3576 2522 commemorant.

2072 2559 2177 2616 Sed
2214 2562 2455 2617 «Christi
2494 2571 2781 2633 martyres,
2814 2562 3087 2631 inquiunt,
3122 2569 3356 2615 mortem
3388 2574 3583 2630 exspe-

1999 2661 2167 2720 ctant,
2193 2669 2302 2709 non
2336 2663 2644 2710 accersunt.
2680 2674 2699 2707 ι
2743 2652 2883 2708 Eant
2930 2652 3130 2724 igitur,
3166 2662 3219 2707 et
3256 2667 3453 2707 omnes
3484 2651 3581 2722 qui

2000 2758 2060 2798 se
2081 2744 2431 2813 passionibus
2464 2745 2610 2799 ultro
2639 2743 2985 2810 obtulerunt,
3021 2758 3089 2798 ex
3131 2742 3335 2798 Christi
3368 2752 3582 2814 marty-

1998 2851 2121 2889 rum
2161 2851 2390 2893 numero
2435 2844 2776 2906 expungant,
2834 2843 2888 2890 et
2938 2844 3143 2904 tropaaa
3200 2834 3268 2890 de
3319 2834 3579 2905 gentibus

1998 2936 2180 2983 erecta
2208 2928 2446 2994 diruant,
2478 2937 2533 2983 et
2560 2928 2724 2983 unius
2747 2928 3028 2984 modestiae
3064 2934 3349 2997 praetextu,
3383 2942 3581 2981 omnes

2000 3018 2254 3075 heroicas
2282 3020 2514 3075 virtutes
2557 3019 2875 3075 obliterent!
2923 3018 3096 3072 Aliter
3133 3017 3346 3086 antiqui
3385 3014 3580 3073 Patres

1996 3107 2325 3179 loquuntur,
2361 3109 2454 3180 qui
2484 3110 2763 3165 cruciatus
2802 3116 2857 3163 et
2889 3115 3161 3162 tormenta
3200 3107 3286 3161 vel
3315 3106 3421 3177 ipsi
3452 3122 3580 3177 per—

1991 3204 2136 3275 pcssi
2159 3214 2305 3268 sunt,
2334 3205 2416 3259 vel
2450 3205 2591 3260 alios
2633 3205 2840 3275 perpeti
2873 3203 3147 3258 viderunt.
3178 3200 3301 3257 Non
3338 3201 3421 3256 illi
3451 3218 3577 3256 mo-

1988 3298 2216 3353 destiam
2239 3305 2541 3368 martyrum
2566 3298 2729 3353 nobis
2768 3298 3005 3351 maxime
3029 3297 3205 3352 solent
3232 3309 3577 3364 proponere,

1990 3388 2085 3444 sed
2116 3387 2339 3459 ἀρετὴν,
2374 3387 2646 3459 ἀνδρείαν,
2672 3386 3043 3457 γενναιότητα,
3063 3384 3224 3455 ζῆλον
3240 3383 3575 3447 θεοσεϐείας,

1988 3478 2374 3549 ἀνδραγαθίαν,
2410 3477 2821 3552 παρῤησίαν,τὸ
2841 3476 3058 3548 θάρσος,
3084 3476 3181 3546 τὴν
3212 3474 3443 3545 τόλμαν,
3478 3475 3579 3544 τὴν

1990 3572 2396 3644 προθυμότητα,
2430 3573 2531 3645 τὴν
2563 3572 2879 3644 προαίρεσιν
2910 3569 3183 3641 γενναίαν,
3218 3568 3287 3621 τὰ
3322 3570 3579 3639 ἐγχειρή-

1993 3683 2159 3738 ματα,
2194 3664 2263 3718 τὰ
2293 3664 2781 3736 ἁνδραγαθήματα,
2817 3664 2883 3718 τὰ
2917 3660 3321 3733 κατορθώματα
3356 3661 3577 3729 aliaque

1989 3758 2303 3831 hujusmedi
2362 3766 2622 3827 tanquam
2664 3755 2965 3812 certissima
3015 3752 3110 3807 τοῦ
3144 3752 3460 3824 πνεύματος
3487 3769 3579 3804 τε-

1989 3853 2202 3924 κμήρια
2232 3850 2536 3914 celebrare,
2577 3847 2782 3918 quibus
2825 3847 2941 3901 hmo
2971 3845 3202 3916 epistola
3236 3844 3443 3899 referta
3466 3854 3573 3900 est.

1989 3939 2116 3997 Haec
2141 3950 2324 3996 autem
2353 3940 2629 4011 praecipue
2667 3940 2721 3993 in
2773 3937 2979 4008 lgnatio
3007 3936 3195 3991 laudat
3229 3935 3573 4007 Chrysosto-

1989 4049 2133 4090 mus.
2196 4032 2302 4087 Τοῦ
2352 4031 2591 4104 Χριστοῦ
2626 4031 2902 4101 λέγοντος,
2936 4030 3018 4083 ὅτι
3064 4028 3117 4081 '0
3151 4028 3381 4097 ποιμὴν
3413 4031 3447 4081 ό
3478 4046 3579 4082 κα-

1988 4127 2099 4194 λὸς
2130 4126 2245 4195 τὴν
2274 4125 2488 4195 ψυχὴν
2517 4124 2706 4179 αὐτοῦ
2747 4124 2987 4189 τίθησιν
3018 4118 3170 4187 ὑπὲρ
3201 4118 3323 4172 τῶν
3354 4119 3577 4188 προϐά-

1989 4237 2135 4283 των,
2183 4218 2323 4289 μετά
2364 4217 2545 4286 πάσης
2594 4215 2843 4287 ἀνδρείας
2888 4212 3055 4283 αὐτὴν
3099 4211 3381 4265 ἀπέδωκεν
3434 4212 3577 4283 ὑπὲρ

1988 4310 2095 4364 τῶν
2128 4308 2434 4381 προϐάτων.
2476 4326 2495 4359 ι
2518 4306 2657 4361 Cum
2691 4305 2943 4360 Christus
2970 4304 3173 4359 diceret
3202 4319 3217 4355 :
3248 4302 3452 4357 Pastor
3477 4305 3575 4357 bo-

1991 4418 2105 4463 nus,
2136 4400 2285 4471 ponit
2317 4398 2553 4452 animam
2587 4413 2740 4451 suam
2774 4411 2867 4466 pro
2908 4396 3086 4450 ovibus
3104 4395 3195 4460 ³⁶,·
3237 4409 3367 4449 cum
3421 4398 3576 4452 omni

308 4509 458 4559 scus,
490 4493 756 4561 Malchus,
782 4504 837 4551 et
874 4497 1204 4563 Alexander,
1242 4500 1458 4569 seipsos
1487 4499 1720 4556 invicem
1763 4500 1890 4557 insi-
1922 4511 1966 4567 ι)
1991 4492 2310 4551 fortitudine
2337 4492 2511 4562 ipsam
2536 4505 2637 4561 pro
2674 4490 2870 4546 ovibus
2894 4487 3138 4543 tradidit.
3170 4507 3190 4539 ι
3228 4486 3419 4543 Monet
3445 4491 3572 4559 qui-

307 4585 594 4640 mulabant
618 4592 885 4656 tanquam
931 4588 1162 4659 ignavos
1200 4598 1255 4644 et
1284 4588 1522 4657 desides,
1552 4592 1699 4661 quod
1731 4608 1890 4648 occa-
1992 4587 2115 4642 dem
2148 4585 2205 4640 S.
2242 4583 2547 4656 Cyprianus
2580 4582 2813 4653 epistola
2839 4580 2893 4646 6,
2926 4580 3275 4636 confessores
3306 4581 3573 4651 humiles,

306 4684 467 4736 sione
505 4679 688 4735 oblata
733 4679 913 4736 adhuc
944 4691 1287 4748 cessassent,
1335 4683 1408 4756 μὴ
1456 4683 1579 4755 οὐχὶ
1610 4688 1887 4757 προαρπά-

306 4769 491 4835 ζοντες
521 4770 615 4824 τὸν
645 4770 740 4824 τοῦ
777 4773 1080 4845 μαρτυρίου
1114 4774 1404 4843 στέφανον,
1446 4795 1465 4828 ι
1508 4792 1609 4832 nec
1643 4778 1887 4849 martyrii

306 4877 568 4919 coronam
604 4863 1048 4933 praeripuissent;
1088 4884 1107 4918 ι
1133 4881 1304 4936 quare
1330 4867 1568 4937 judicem
1591 4868 1789 4934 adorti,
1817 4870 1885 4923 ad

304 4955 516 5012 bestias
561 4954 909 5012 condemnati
948 4957 1078 5029 θείῳ
1131 4960 1621 5033 κατεκοσμήθησαν
1674 4980 1885 5033 μαρτυ-

309 5049 411 5123 ρίῳ
438 5070 457 5102 ι
477 5049 664 5107 divino
682 5051 948 5123 martyrio
970 5052 1217 5107 coronati
1244 5060 1396 5118 sunt,
1423 5072 1442 5106 ι
1479 5061 1540 5109 ιιι
1565 5062 1753 5108 narrat
1774 5052 1883 5107 Eu-

307 5143 492 5200 sebius
527 5143 623 5197 lib.
655 5159 754 5208 vn,
790 5158 839 5199 c.
870 5142 958 5196 12.
993 5140 1147 5198 Unde
1192 5141 1638 5216 Martyrologium
1680 5143 1883 5197 Roma-

305 5253 439 5292 num
460 5237 655 5308 quinto
678 5235 798 5291 Kal.
817 5235 1051 5306 Aprilis:
1078 5254 1097 5287 ‹
1120 5234 1384 5292 Caesareas
1407 5237 1463 5291 in
1478 5235 1768 5291 Palaastina
1787 5251 1885 5289 na-

306 5329 433 5386 talis
460 5328 563 5383 SS.
598 5337 903 5399 martyrum
956 5326 1152 5393 Prisci,
1187 5327 1387 5384 Malchi
1412 5369 1428 5395 ,
1463 5338 1518 5383 et
1550 5328 1879 5393 Alexandri,

305 5420 401 5491 qui
433 5418 490 5473 in
520 5418 901 5488 persecutione
939 5415 1240 5485 Valeriani,
1290 5433 1416 5473 cum
1461 5417 1518 5471 in
1563 5416 1881 5494 suburbano

304 5508 482 5580 agello
511 5508 836 5577 supradictae
863 5508 1018 5563 urbis
1045 5508 1375 5573 habitarent,
1410 5506 1654 5577 atquein
1679 5521 1742 5562 ea
1770 5521 1882 5562 co:-

306 5600 471 5654 lestes
503 5599 753 5668 martyrii
788 5606 1226 5668 proponerentur
1253 5612 1496 5664 coronat;
1529 5595 1715 5653 divino
1756 5597 1879 5653 ﬁdei

308 5689 492 5745 calore
517 5689 806 5753 succensi,
838 5690 987 5745 ultro
1024 5690 1260 5759 judicem
1291 5691 1555 5748 adeuntes
1577 5730 1590 5757 ,
1631 5705 1729 5749 cur
1761 5699 1881 5747 tan-

378 5806 423 5841 ”
450 5805 609 5870 Joau.
642 5824 696 5878 ι,
734 5808 825 5869 ll.
856 5810 941 5887 __"
976 5808 1109 5865 Luc.
1146 5825 1258 5880 xxv,
1282 5808 1375 5874 26.

1990 4679 2368 4743 et’modestos,
2416 4687 2471 4732 et
2508 4677 2721 4747 quietos
2758 4690 2881 4732 esse
2913 4676 3138 4738 debere;
3178 4675 3273 4731 sed
3317 4676 3577 4748 intelligit

1992 4773 2317 4828 modestiam
2354 4786 2483 4842 erga
2512 4771 2821 4840 superiores
2850 4770 2904 4824 in
2937 4768 3220 4825 Ecclesia:
3258 4769 3315 4823 in
3347 4770 3439 4835 iis,
3464 4772 3576 4826 sci-

1990 4866 2135 4934 licet,
2181 4885 2201 4917 ι
2228 4880 2350 4936 qua:
2388 4865 2688 4920 secundum
2730 4863 3137 4933 Scripturardm
3182 4864 3572 4934 magisterium

1988 4958 2359 5013 ecclesiastica
2376 4956 2666 5026 disciplina
2691 4955 2974 5025 deposcat.
3009 4973 3027 5007 ι
3060 4942 3324 5022 Quamvis
3356 4972 3459 5012 nec
3479 4956 3574 5013 hic

1990 5052 2191 5107 desunt
2212 5053 2366 5122 signa
2394 5051 2679 5106 modestiae
2702 5048 3012 5115 manifesta,
3035 5048 3204 5103 utubi
3230 5049 3340 5104 ait:
3368 5069 3388 5101 ι
3413 5050 3573 5108 Nunc

1988 5144 2191 5215 incipio
2218 5145 2522 5216 discipulus
2554 5158 2697 5209 esse,
2722 5161 2742 5195 ι
2780 5143 2926 5212 quod
2956 5157 3243 5212 perperam
3275 5152 3331 5198 et
3356 5144 3573 5199 incom-

1988 5236 2149 5291 mode
2184 5236 2391 5291 dictum
2414 5233 2732 5305 pronuntiat
2747 5248 2944 5289 censor
2975 5234 3299 5289 acerrimus.
3332 5235 3418 5290 An
3434 5252 3571 5292 vero

1988 5330 2096 5401 qui)
2126 5330 2304 5401 probe
2334 5329 2491 5384 novit
2526 5326 2807 5391 Christum
2852 5326 3031 5395 ipsum
3063 5325 3301 5393 dixisse,
3344 5326 3409 5381 Si
3446 5330 3569 5399 quis

1988 5422 2127 5477 venit
2166 5421 2236 5475 ad
2269 5437 2351 5475 me
2378 5430 2427 5475 et
2458 5433 2563 5473 non
2600 5416 2714 5471 odit
2735 5418 2989 5487 [animam
3018 5433 3203 5484 suam,
3241 5434 3353 5472 non
3391 5432 3569 5489 potest

1986 5530 2131 5568 meus
2163 5530 2273 5568 esse
2308 5509 2703 5583 discipulus";
2754 5525 2879 5566 cum
2907 5509 3023 5580 jam
3066 5510 3220 5563 novit
3269 5510 3441 5565 etiam
3479 5526 3569 5566 se-

1986 5608 2168 5677 ipsum
2200 5605 2357 5675 plene
2395 5616 2720 5675 persuasum
2759 5616 2882 5658 esse
2922 5601 2991 5657 ad
3022 5600 3191 5655 vitam
3218 5615 3322 5671 pro
3339 5600 3568 5657 Christo

1987 5695 2363 5769 deponendam
2390 5709 2492 5754 nec
2519 5693 2821 5751 terroribus
2846 5702 2941 5750 aut
2968 5692 3249 5750 blanditiis
3272 5692 3345 5750 ab
3373 5709 3437 5751 ea
3468 5709 3545 5750 vo
