3800 6208
181 275 274 330 373

896 271 949 328 δ.
986 262 1354 325 PEARSONH
1394 266 1719 324 VINDICIA“.
1756 263 2174 323 ICNATIANA‘}.
2215 296 2283 306 —
2322 261 2502 318 PARS
2526 262 2593 317 ll.

3301 254 3407 311 ’574

178 398 363 451 luntate
386 394 657 450 dimoveri
675 407 852 464 posse,
877 400 991 447 tum
1014 406 1122 446 non
1148 391 1255 446 nisi
1275 404 1562 462 perperam
1593 389 1729 444 scri-
1759 402 1804 461 Α
1833 395 1886 441 et
1934 393 2087 440 tanto
2129 384 2248 439 viro
2298 384 2517 456 dignam
2566 378 2859 435 rationem.
2917 371 2997 431 Ne
3033 388 3157 431 cum
3208 373 3407 429 obdor-

177 489 289 544 here
314 488 486 557 potuit
515 506 529 541 :
574 507 593 538 ι
615 485 771 541 Nunc
800 484 1005 555 incipio.
1046 484 1350 554 discipulus
1385 486 1541 541 esse?
1569 503 1587 537 ι
1618 485 1730 538 An-

176 593 273 632 non
302 577 389 646 qui
421 578 527 631 ista
557 575 766 631 Christi
791 574 951 629 verba
972 575 1175 644 legerat
1201 592 1214 628 :
1243 573 1349 640 Qui
1382 591 1485 628 non
1519 574 1728 644 bajulat

175 685 360 723 crucem
396 686 556 723 suam
608 678 657 723 et
723 668 859 722 venit
894 678 1010 737 post
1047 684 1161 735 me,
1212 684 1319 722 non
1365 677 1533 737 potest
1581 684 1724 722 meus

174 779 269 817 esse
308 761 606 831 discipulus
629 762 709 828 ³⁸,
761 760 895 816 satis
941 760 1229 816 commode
1272 760 1454 816 dicere
1504 761 1727 831 potuit:

181 854 355 909 «Tunc
395 869 493 908 ero
532 853 842 933 discipulus
876 867 1039 908 verus
1073 851 1203 907 Jesu
1243 852 1480 918 Christi,
1513 852 1732 923 quando

175 965 326 1020 neque
364 963 571 1018 corpus
616 962 801 1002 meum
848 946 1084 1002 mundus
1132 946 1357 1014 videbit,
1395 965 1414 997 ι
1475 946 1580 1001 hoc
1626 953 1729 1011 est,

172 1042 369 1111 quando
398 1042 646 1096 maxime
691 1039 824 1095 Jesu
867 1039 1085 1095 Christo
1119 1037 1420 1096 conformis
1471 1038 1625 1094 fuero
1678 1049 1733 1095 et

170 1130 357 1199 Agnum
388 1144 615 1199 sequar.
644 1126 835 1198 Neque
864 1128 1008 1184 enim
1038 1128 1162 1183 inde
1187 1128 1437 1198 sequitur
1455 1128 1729 1185 neminem

169 1219 344 1275 Christi
367 1221 712 1291 discipulum
737 1236 877 1287 esse,
902 1221 1061 1292 cujus
1092 1236 1293 1291 corpus
1316 1236 1426 1276 non
1459 1221 1622 1276 fuerit
1648 1222 1732 1276 vel

132 1316 440 1371 'hestiarum
479 1315 573 1369 vel
618 1314 966 1371 ﬂammarum
1014 1317 1065 1370 vi
1105 1316 1478 1387 absumptum,
1516 1316 1643 1388 quia
1678 1325 1732 1372 et

168 1410 257 1465 hac
328 1410 537 1480 insigni
608 1419 666 1466 et
725 1410 830 1465 alia
899 1412 1112 1466 ratione
1184 1410 1292 1478 dici
1363 1410 1487 1481 quis
1556 1419 1733 1481 potest

164 1502 342 1559 Christi
376 1502 716 1573 discipulus.
782 1501 853 1558 Ut
890 1503 1252 1559 vetustissimi
1298 1502 1637 1558 Viennenses
1678 1511 1733 1558 et

166 1591 537 1664 Lugdunenses
576 1591 915 1660 Christiani,
962 1592 1028 1647 de
1076 1590 1253 1645 Vettio
1292 1588 1605 1661 Epagatho,
1638 1589 1729 1658 qui

162 1696 398 1757 tanquam
433 1685 747 1741 advocatus
769 1684 1209 1740 Christianorum
1236 1684 1380 1738 ultro
1407 1697 1602 1752 passus
1622 1689 1727 1745 est,

1832 478 2025 545 mlcro,
2077 477 2344 532 molestus
2392 474 2649 544 cuiquam
2688 470 2954 527 inveniar.
2991 487 3009 520 ι
3062 466 3216 521 Hanc
3261 473 3409 521 certe

1832 585 2050 641 gravem
2074 578 2127 624 et
2155 552 2311 622 tanto
2332 566 2452 622 viro
2479 566 2698 637 dignam
2727 562 2996 618 rationem
3019 559 3285 631 putabant
3309 572 3412 611 an-

1833 660 2129 731 tiquissimi
2160 658 2479 723 Christiani,
2504 657 2597 727 qui
2629 655 2823 727 lgnatli
2856 662 3123 723 tempora,
3148 659 3203 705 et
3226 649 3407 731 ipsum

1832 753 1996 808 etiam
2026 760 2316 824 martyrem
2337 751 2539 821 optime
2564 748 2780 803 novisse
2792 754 3103 802 censentur.
3118 741 3243 797 Haec
3260 740 3407 796 enim

1832 844 2068 915 legimus
2101 844 2158 899 in
2187 837 2905 909 vctustissimisiejusActis:
2928 854 2945 887 ι
2971 832 3408 889 Siebestiiscru-

1831 937 2048 992 delibus
2081 936 2150 991 al)
2179 936 2363 1006 impiis
2391 932 2788 1003 opponebatur,
2821 938 2881 985 ut
2913 926 3200 984 confestim
3230 924 3405 981 sancti

1835 1030 2089 1103 martyris
2118 1027 2308 1099 lgnatii
2332 1027 2695 1096 compleretur
2720 1019 3072 1086 desiderium,
3106 1018 3405 1075 secundum

1833 1123 1980 1194 quod
2025 1120 2291 1191 scriptum
2339 1127 2424 1174 est
2458 1136 2471 1173 :
2512 1114 2845 1170 Desiderium
2876 1112 3015 1182 justi
3050 1108 3407 1180 acceptabile,

1834 1224 1893 1269 ut
1923 1214 1994 1270 sit
2036 1212 2170 1267 nulli
2204 1209 2435 1264 fratrum
2480 1208 2665 1278 gravis
2707 1221 2811 1276 per
2852 1202 3227 1261 collectionem
3277 1199 3405 1255 reli-

1832 1306 2111 1375 quiarum,
2148 1300 2452 1357 secundum
2490 1298 2639 1370 quod
2670 1310 3061 1367 prmoccupans
3092 1294 3145 1348 in
3175 1291 3408 1365 epistola

1832 1392 2110 1469 propriam
2146 1394 2488 1465 concupiscit
2514 1392 2630 1447 fieri
2661 1390 2998 1444 fruitioncm.
3029 1406 3048 1439 ι

1904 1489 2031 1545 llaec
2070 1490 2236 1561 igitur
2272 1487 2456 1543 omnia
2499 1500 2623 1541 cum
2666 1484 2776 1554 pia,
2813 1481 3085 1551 legitima,
3122 1477 3406 1550 praeclara,

1832 1582 2091 1652 martyris
2130 1579 2481 1651 cogitatione,
2511 1574 2748 1632 consilio
2774 1582 2828 1629 et
2874 1586 3039 1643 opere
3079 1570 3216 1626 satis
3245 1568 3410 1641 digna

1832 1689 1957 1730 esse
1990 1673 2301 1737 videantur,
2354 1684 2547 1725 vereor
2594 1682 2665 1722 ne
2713 1665 2966 1721 odiosum
3023 1664 3096 1719 sit
3140 1677 3409 1729 asserere,

162 1754 433 1846 loquuntur
466 1793 483 1831 :
520 1772 638 1830 1rHv
672 1776 785 1848 γὰρ
817 1776 909 1830 καὶ
942 1776 1057 1830 ἔστι
1099 1777 1320 1847 γνήσιος
1363 1774 1599 1847 Χριστοῦ
1635 1792 1729 1846 μα-

1871 1781 1976 1821 anc
2003 1764 2295 1835 epistolam
2324 1776 2431 1817 non
2457 1760 2565 1815 alia
2592 1758 2659 1813 dc
2682 1773 2851 1813 causa
2872 1756 2941 1812 ad
2970 1754 3248 1811 Romanos
3268 1755 3410 1810 scri-

162 1872 305 1944 Θητὴς
334 1869 655 1926 ἀκολουθῶν
699 1869 779 1941 τῷ
816 1870 987 1943 ἀρνίῳ
1025 1871 1159 1924 ὅπου
1206 1870 1270 1924 ἂν
1305 1870 1509 1941 ὑπάγῃ.
1553 1888 1570 1921 ‹
1606 1868 1729 1925 Fuit

160 1965 285 2021 enim
321 1972 378 2019 et
412 1970 500 2019 est
534 1978 841 2034 germanus
891 1962 1097 2018 Christi
1146 1962 1451 2033 discipulus
1493 1977 1727 2032 sequens

159 2057 345 2127 Agnum
381 2071 731 2127 quocunque
763 2054 905 2109 ierit.
945 2074 965 2107 ι
1002 2053 1270 2110 Eusebius
1307 2054 1400 2109 lib.
1430 2070 1483 2117 v,
1514 2070 1633 2124 cap.
1673 2054 1723 2107 1.

160 2148 388 2205 Christus
422 2164 524 2204 eos
564 2156 734 2203 vocat
762 2147 1001 2215 amicos,
1033 2147 1126 2218 qui
1160 2148 1494 2203 voluntatem
1532 2145 1625 2201 Dei
1656 2144 1730 2200 fa-

160 2241 306 2309 ciunt,
331 2241 434 2296 hoc
458 2248 548 2295 est
597 2240 698 2311 qui
727 2240 869 2295 servi
898 2240 1017 2310 ejus
1054 2246 1217 2305 sunt;
1247 2247 1301 2294 et
1337 2248 1516 2294 tamen
1549 2237 1729 2310 S.Cy-

160 2333 359 2401 prianus
384 2349 499 2388 non
526 2333 604 2387 ad
630 2332 955 2404 martyrium
988 2332 1340 2397 exhortatur,
1367 2340 1427 2387 ut
1452 2331 1546 2403 qui
1587 2332 1728 2386 servi

160 2425 240 2481 Dei
278 2442 500 2494 sumus,
540 2426 730 2483 simus
777 2433 831 2481 et
867 2425 1066 2493 amici,
1106 2434 1161 2480 et
1203 2425 1458 2481 omnibus
1520 2425 1729 2481 viribus

156 2520 534 2575 elaborandum
574 2535 707 2576 esse
739 2520 934 2581 docet,
970 2526 1030 2573 ut
1063 2519 1187 2589 quis
1221 2535 1287 2573 eo
1321 2519 1485 2573 modo
1519 2520 1729 2577 amicus

160 2611 238 2667 Dei
269 2615 377 2669 fiat.
421 2613 583 2681 Quis.
616 2621 807 2669 tamen
856 2613 981 2669 inde
1026 2613 1243 2684 colligat
1276 2613 1585 2679 neminem,
1623 2613 1729 2670 nisi

158 2715 262 2775 post
299 2716 621 2775 tormenta,
658 2708 902 2763 amicum
948 2706 1044 2762 Dei
1088 2722 1211 2762 esse
1255 2708 1464 2777 posse?
1510 2706 1730 2763 Veteres

160 2799 222 2854 illi
253 2800 302 2855 in
344 2800 644 2859 Gallicana
688 2799 934 2857 Ecclesia
978 2810 1247 2872 martyres
1289 2800 1497 2857 nobiles
1532 2801 1587 2855 in
1621 2803 1731 2871 pri-

159 2894 398 2959 mis,cum
417 2895 492 2951 ab
528 2893 805 2950 omnibus
839 2892 1104 2948 fratribus
1138 2894 1451 2963 postmulta
1486 2905 1729 2949 tormen-

157 2992 202 3040 ta
222 2994 373 3059 atque
400 2988 704 3045 cruciatus
734 2986 955 3042 nomine
986 2996 1287 3058 martyrum
1307 2987 1728 3057 appellarentur,

156 3080 269 3136 illud
298 3082 682 3149 recusabant;
720 3080 832 3135 imo
864 3095 978 3147 eos,
993 3080 1087 3149 qui
1107 3080 1191 3135 vel
1218 3096 1473 3136 sermone
1501 3081 1585 3136 vel
1611 3081 1728 3151 cpl-
1759 3112 1801 3170 ο

156 3174 289 3230 stolis
320 3174 470 3244 ipsos
506 3189 586 3231 eo
620 3173 786 3229 titulo
816 3172 1181 3239 honorabant,
1218 3173 1582 3246 objurgahant
1610 3191 1733 3246 gra-

156 3267 307 3331 viter;
341 3274 672 3324 asserentes
721 3264 1007 3321 Christum
1054 3266 1233 3321 solum
1268 3281 1391 3321 esse
1414 3276 1731 3338 martyrem,

152 3368 198 3415 et
220 3375 306 3417 eos
334 3362 506 3418 etiam
548 3375 701 3431 quos
728 3359 820 3414 ille
854 3359 1109 3429 dignatus
1142 3368 1225 3414 est
1258 3361 1488 3425 assumi,
1520 3369 1573 3415 et
1597 3376 1735 3431 quo-

154 3468 255 3509 rum
285 3456 496 3511 exitum
547 3453 675 3523 ipse
722 3451 1052 3522 obsignavit.
1088 3452 1197 3506 Alii
1245 3462 1428 3509 tamen
1463 3467 1572 3508 non
1608 3454 1735 3508 inde

154 3546 470 3618 colligebant
495 3560 607 3602 eos
643 3545 743 3615 qui
776 3545 934 3600 tidem
953 3544 1322 3600 Christianam
1349 3560 1535 3600 coram
1556 3544 1734 3616 genti-

155 3638 274 3696 libus
304 3657 431 3696 cum
465 3641 607 3694 vitae
640 3638 968 3695 discrimine
1002 3637 1239 3708 professi
1267 3647 1416 3705 sunt,
1451 3646 1505 3694 et
1537 3654 1734 3708 quam-

152 3734 360 3803 plurima
395 3742 689 3791 tormenta
724 3731 968 3803 perpessi
1001 3740 1152 3797 sunt,
1179 3732 1395 3788 etiamsi
1415 3734 1470 3787 in
1495 3741 1737 3787 tormen-

151 3828 209 3884 tis
224 3845 327 3885 non
358 3836 753 3891 morerentur,
778 3835 1052 3897 martyres
1084 3825 1439 3895 appellandos
1456 3841 1563 3880 non
1578 3840 1731 3889 esse;

152 3934 233 3977 aut
258 3924 587 3981 catholicos.
622 3920 721 3992 qui
760 3920 887 3975 illos
931 3918 1180 3989 epistolis
1223 3929 1321 3975 aut
1365 3934 1621 3975 sermone
1655 3934 1736 3972 sa-

152 4015 399 4086 lutabant,
436 4018 640 4073 minus
674 4012 899 4085 proprie
930 4028 1027 4069 eos
1058 4013 1348 4070 salutasse.
1394 4011 1552 4069 Tales
1585 4012 1734 4068 enim

152 4110 279 4166 viros
308 4128 373 4168 ac
406 4120 576 4167 tanta
609 4123 716 4180 pro
751 4106 974 4163 Christo
1008 4122 1237 4178 passos,
1273 4105 1492 4163 etiamsi
1528 4105 1583 4160 in
1620 4114 1737 4159 tor-

149 4200 327 4258 mentis
359 4219 475 4259 non
514 4197 986 4263 obdormiverint,
1021 4198 1278 4254 novimus
1314 4213 1531 4269 semper
1565 4197 1737 4252 aban-

148 4293 297 4363 tiquis
325 4306 383 4353 et
414 4296 632 4353 merito
666 4302 943 4365 martyres
976 4293 1276 4364 appellatos
1312 4292 1505 4348 fuisse.

202 4386 314 4444 lam
347 4405 486 4446 vero
520 4386 691 4444 tertia
718 4386 968 4456 exceptio
999 4386 1163 4457 plane
1202 4384 1363 4440 nihili
1398 4394 1481 4441 est
1513 4402 1526 4439 :
1558 4396 1737 4452 neque

148 4481 433 4555 quidquam
482 4482 713 4555 lgnatio
756 4479 1043 4551 indignum
1081 4478 1353 4535 continet.
1400 4476 1557 4545 Quod
1584 4476 1733 4531 enim

148 4585 300 4645 optat,
331 4577 421 4633 ita.
442 4574 642 4632 vorari
680 4578 852 4641 atque
877 4569 1096 4625 absumi
1135 4584 1332 4625 omnes
1368 4570 1454 4625 sui
1485 4564 1735 4637 corporis

148 4668 453 4733 particulas,
489 4673 556 4720 ut
580 4676 779 4719 earum
814 4660 953 4715 nihil
1000 4659 1069 4716 ad
1097 4660 1439 4730 sepulturam
1471 4655 1732 4728 supersit,

148 4757 201 4813 ld-
222 4775 250 4814 a
277 4760 490 4831 pietate
512 4754 1059 4814 consummatissimi
1096 4752 1405 4826 martyris,
1430 4748 1736 4821 etquidem

147 4853 302 4919 ipsius
347 4852 557 4924 lgnatii
606 4849 844 4905 minime
883 4848 1162 4903 abhorret.
1208 4846 1531 4903 Asserlmus
1554 4843 1736 4914 ipsum

145 4937 397 5012 lgnatium
425 4942 738 5013 scripsisse
772 4957 785 4993 :
824 4959 842 4991 ε
868 4938 1225 4995 Frumentum
1250 4953 1375 4996 sum
1408 4937 1526 5003 Dei,
1565 4945 1620 4991 et
1643 4949 1738 5004 per

147 5034 666 5094 dentesbestiarum
712 5033 914 5098 motor,
943 5042 1003 5088 ut
1030 5032 1272 5089 mundus
1298 5032 1458 5101 panis
1487 5029 1739 5085 inveniar

147 5122 369 5195 Christi;
414 5150 435 5181 ι
478 5128 694 5183 fatetur
746 5124 991 5181 Dallzeus
1038 5130 1153 5180 haec
1183 5123 1457 5197 lgnatlum
1487 5122 1736 5189 dixisse;

149 5216 321 5276 laudat
371 5221 644 5277 lrcnaeus.
675 5226 943 5288 tanquam
996 5216 1430 5287 pulcherrimam
1482 5215 1741 5286 martyris

146 5315 504 5382 sententiam;
532 5312 681 5369 nihil
714 5310 885 5382 igitur
917 5310 973 5365 in
1004 5325 1069 5365 ea
1096 5307 1375 5366 sententia
1402 5308 1522 5365 viro
1561 5308 1740 5362 maxi-

149 5407 544 5480 mo.indignum
590 5403 816 5462 censeri
852 5403 1037 5459 debet.
1065 5400 1135 5456 At
1162 5401 1467 5472 quomodo,
1515 5398 1736 5463 amabo,

148 5504 394 5568 tanquam
443 5501 800 5555 frumentum
836 5510 933 5567 per
955 5493 1144 5551 dentes
1174 5492 1481 5551 bestiarum
1507 5493 1742 5547 molere-

147 5597 228 5642 tur
261 5602 319 5647 ut
342 5592 516 5663 panis
539 5593 727 5655 ﬁeret,
765 5588 876 5644 nisi
901 5602 1095 5644 omnes
1120 5586 1374 5660 corporis
1401 5586 1685 5657 particula;
1710 5602 1742 5640 a

148 5680 336 5745 bestiis.
356 5684 472 5745 illis
495 5681 874 5741 vorarentur?
901 5699 919 5733 ε
943 5680 1262 5755 Αυᾶίηνεῐο,
1288 5678 1492 5751 inquit,
1517 5691 1741 5750 gravem

280 5796 328 5877 ξι
355 5796 631 5867 ιυίά.,ε·ι.

1828 1868 1975 1930 ptam
1992 1873 2148 1923 esse,
2172 1872 2337 1928 quam
2364 1863 2425 1910 ut
2450 1853 2549 1908 has
2573 1852 2677 1907 viri
2712 1850 2915 1923 glorias
2937 1848 3187 1905 viderent
3212 1855 3266 1903 et
3294 1856 3415 1903 stu-

1828 1959 2043 2023 perent.
2069 1949 2230 2005 Certe
2268 1949 2316 2004 si
2346 1949 2464 2003 haec
2509 1945 2752 2016 legitima
2784 1952 2838 2000 et
2869 1943 2957 2014 pia
2992 1942 3123 2007 sint,
3162 1955 3265 1996 nec
3306 1940 3412 1993 im-

1827 2053 2105 2115 postorem
2149 2041 2279 2097 talia
2317 2027 2604 2103 exarasse,
2648 2052 2749 2092 nec
2789 2035 2898 2091 alio
2940 2034 3126 2088 animo
3168 2047 3232 2087 ea
3274 2030 3411 2086 scri-

1828 2140 2005 2210 psisse
2047 2134 2461 2193 sanctissimum
2516 2140 2813 2202 martyrem
2861 2144 2961 2200 par
3009 2134 3095 2183 est
3142 2124 3407 2189 credere,

1829 2244 1994 2301 quam
2028 2237 2090 2283 ut
2118 2227 2307 2283 eadem
2338 2223 2618 2279 Romanos
2649 2221 2850 2290 pietate
2894 2219 3186 2281 imbueret,
3232 2215 3299 2270 ad
3333 2214 3411 2269 si-

1830 2323 2390 2378 milemterrenarum
2417 2330 2600 2372 rerum
2633 2319 3009 2382 contemptum
3041 2314 3407 2380 permoveret,

1831 2416 1900 2475 ad
1926 2412 2392 2485 exspectationem
2421 2409 2620 2465 futurae
2644 2409 2767 2462 vitae
2794 2405 3046 2476 erigeret,
3079 2402 3146 2457 ad
3177 2410 3409 2457 mortem

1830 2508 2087 2579 denique,
2115 2506 2161 2563 si
2185 2504 2293 2560 Deo
2324 2504 2399 2558 ita
2420 2503 2600 2557 visum
2626 2499 2810 2563 fuerit,
2842 2512 2942 2568 pro
2972 2497 3077 2551 fide
3099 2494 3413 2550 Christiana

1831 2616 1960 2656 cum
2010 2612 2227 2654 summa
2278 2594 2561 2652 alacritate
2612 2589 2974 2662 oppetendam
3015 2587 3304 2642 animaret.
3353 2585 3410 2639 In

1831 2690 2031 2762 quibus
2062 2688 2197 2742 nihil
2231 2686 2506 2757 putidum,
2534 2682 2670 2738 nihil
2700 2680 2952 2736 odiosum
2976 2719 2989 2744 ,
3023 2676 3158 2731 nihil
3190 2673 3408 2736 inscite,

1833 2790 1928 2836 aut
1948 2778 2318 2851 imprudenter
2339 2778 2601 2848 scriptum
2631 2780 2731 2829 est.

2452 2885 2681 2949 CAPUT
2722 2884 2788 2940 X.

1847 2988 2119 3044 Vcracitas
2146 2984 2203 3041 S.
2242 2982 2444 3055 Ignatii
2464 2979 2791 3055 defenditur:
2828 2971 3079 3055 Quidhsit
3106 2970 3409 3055 statuarii-rt-

1905 3038 2415 3129 ἇέελῆᾐεωῇιίεᾶ-ιατ.
2454 3038 2714 3129 Epistula:
2747 3045 2803 3101 S.
2824 3038 3000 3129 ‘l’aul'i
3055 3041 3125 3129 ad
3152 3038 3408 3129 ξρρεεξεε

1910 3112 2105 3184 natura
2134 3112 2423 3197 singularis
2449 3112 2786 3197 describitur.
2824 3114 2959 3197 V‘era
2977 3112 3204 3197 lectioct
3231 3119 3412 3197 aucto-

1909 3180 2501 3267 ἶέεξειηὶητεῖρριαιονὶε
2531 3192 2806 3267 asseritur.
2839 3180 3413 3267 ductorcpistolarulnt

2032 3250 2175 3323 dicit
2192 3250 2256 3322 se.
2275 3266 2543 3322 Christum
2572 3264 2627 3316 in
2655 3274 2810 3314 carne
2835 3256 3042 3332 vidisse
3069 3250 3238 3306 Graeci
3266 3250 3413 3332 codi-

1908 3358 1990 3395 ces
2020 3319 2240 3403 omnes,
2269 3319 2319 3391 et
2356 3345 2584 3390 veterum
2627 3337 2869 3403 excerpta
2929 3320 3073 3389 οἶδα,
3125 3338 3228 3374 non
3275 3319 3414 3401 εἶδον

1909 3391 2231 3481 agnoscunt:
2257 3407 2489 3481 litt/ﬁnus
2531 3412 2582 3456 et
2625 3391 3412 3481 librarii.testuntggcorrupis'sc

1911 3460 2365 3534 mJale'tlicuntur."
2382 3475 2431 3530 Η
2438 3472 2717 3542 ieronymi_
2731 3467 3026 3521 auctoritas
3060 3466 3116 3516 in
3132 3460 3411 3542 perterritis

1910 3530 2296 3606 Cric'cisﬂtuuta
2326 3563 2427 3599 non
2450 3553 2550 3607 est,
2582 3530 2638 3596 ut
2677 3538 2979 3593 ercorum
3000 3534 3238 3607 omnium
3264 3530 3414 3607 cadi-

2304 3600 2712 3691 dubiant-vocet.
2739 3607 3017 3691 Illugonis
3040 3603 3211 3691 (ἐνειξὶ
3243 3600 3414 3691 ςκριξ-

1908 3671 2423 3759 cati'o'wtlefenditur.
2490 3684 2622 3749 Quir
2662 3671 2919 3759 habentur
2964 3678 3017 3729 in
3065 3674 3288 3759 epistqta
3316 3671 3414 3759 Ide

1908 3762 2066 3817 stella
2089 3741 2420 3831 magisidem
2451 3741 2642 3809 temere
2663 3751 3011 3831 scriptal'uou
3037 3741 3181 3799 sunt.
3210 3741 3414 3831 Cadent

1907 3814 2124 3902 plurimi
2155 3814 2210 3883 iu
2242 3814 2480 3883 Ecclesia
2509 3825 2673 3902 secuti
2696 3814 2838 3875 sunt.
2863 3818 3134 3902 Clqistum
3166 3814 3334 3902 edisse
3362 3818 3414 3864 et

1910 3885 2100 3958 'ltiltisse
2124 3911 2239 3971 post
2266 3898 2693 3955 resurrectionem
2723 3908 2823 3945 non
2853 3888 2991 3943 male
3023 3885 3301 3941 asseritur.

1908 3998 2097 4068 Capite
2128 3995 2193 4050 t9
2226 3992 2295 4049 ad
2324 3992 2429 4046 alia
2475 3985 2792 4061 procedit-a.
2812 3981 3106 4037 veracitate
3148 3986 3202 4034 et
3232 3990 3413 4031 rerum

1838 4090 2146 4145 divinarum
2170 4084 2479 4156 cognitione
2508 4081 2714 4145 aliena;
2749 4091 2869 4148 qua:
2894 4072 3111 4143 quidem
3141 4069 3242 4123 tria
3269 4080 3417 4129 sunt,

1839 4198 2076 4255 quorum
2108 4181 2219 4236 duo
2248 4179 2317 4233 ab
2347 4172 2752 4244 interpolatore,
2797 4183 2967 4222 unum
3004 4180 3035 4219 a
3069 4174 3259 4218 nostro
3294 4176 3419 4229 pro-

1839 4275 1962 4332 fert.
1991 4273 2149 4341 Quod
2179 4287 2209 4328 e
2238 4278 2427 4325 nostro
2458 4266 2614 4321 affert
2640 4264 2743 4318 hoc
2769 4270 2885 4317 est:
2912 4278 2930 4310 ι
2963 4255 3265 4325 Scripsisse
3292 4267 3418 4307 eum

1839 4366 1980 4422 falso
2009 4365 2077 4420 ad
2109 4362 2377 4433 Ephesios
2410 4358 2641 4414 Paulum
2686 4353 2997 4425 apostolum
3040 4350 3097 4403 in
3125 4346 3275 4403 omni
3304 4344 3421 4414 epi-

1765 4458 1810 4513 D
1839 4461 1978 4516 stola
2003 4457 2324 4513 memoriam
2356 4437 2545 4509 eorum
2574 4449 2753 4505 facere
2779 4447 2833 4500 in
2857 4444 2985 4500 Jesu
3015 4442 3257 4497 Christo.
3282 4458 3300 4491 ι
3334 4439 3419 4492 An

1839 4554 1956 4611 haec
1986 4560 2167 4606 autem
2202 4547 2342 4604 falso
2365 4545 2569 4614 scripta
2601 4538 2761 4597 sunt?
2782 4552 2891 4591 non
2913 4535 3078 4592 credo
3105 4551 3118 4586 :
3141 4529 3441 4603 quomodo.
3484 4540 3490 4547 ·

1836 4649 2034 4717 probat
2078 4646 2163 4699 vir
2200 4637 2593 4699 doctissimus?
2637 4652 2707 4691 ne
2745 4648 2857 4689 uno
2905 4631 3126 4701 quidem
3167 4628 3417 4684 verbulo.

1841 4742 2058 4798 Siccine
2079 4739 2233 4795 decet
2260 4735 2657 4799 Christianum,
2686 4727 2944 4785 falsitatis
2973 4723 3420 4795 antiquissimum

1839 4835 2159 4906 scriptorem
2192 4828 2540 4892 insimulare,
2571 4834 2626 4881 et
2654 4820 3029 4880 accusationis
3056 4817 3263 4893 nullam
3302 4829 3423 4869 om-

1840 4928 1974 4983 nino
2009 4926 2277 4981 rationem
2311 4918 2572 4977 reddere?
2612 4915 2765 4972 Fecit
2794 4916 2898 4971 hoc
2938 4923 3065 4968 ante
3096 4925 3223 4965 eum
3260 4907 3423 4961 Blon-

1839 5022 2056 5087 dellus,
2106 5015 2471 5087 obiectionem
2525 5011 2669 5066 nuda
2723 5007 3028 5079 quaestione
3082 5000 3417 5073 proposuit:

1848 5135 1866 5168 ι
1897 5116 1981 5170 An
2030 5128 2159 5169 vere
2198 5111 2266 5166 de
2303 5106 2555 5178 Ephesiis
2604 5103 2899 5173 scriptum,
2932 5096 3147 5158 Παῦλος
3180 5096 3237 5146 ὲν
3272 5092 3425 5165 casn

1842 5208 2101 5279 ἐπιστολῇ
2139 5201 2464 5277 μνημονεύει
2499 5196 2684 5271 ὑμῶν;
2715 5215 2733 5247 ι
2772 5192 2969 5264 (ιυωτίι
3009 5205 3077 5243 an
3117 5201 3264 5251 vere,
3290 5185 3425 5239 sub-

1843 5303 2050 5359 indleat
2100 5300 2238 5355 falso
2286 5297 2592 5366 scriptum;
2642 5291 2697 5346 in
2738 5302 2849 5358 quo
2900 5283 3113 5339 falsitas
3143 5279 3420 5344 consistit,

1843 5411 1954 5451 non
2012 5391 2270 5449 ostendit.
2321 5388 2653 5443 Meutioncm
2700 5379 2897 5435 fecisse
2949 5372 3312 5444 Ephesiorum
3362 5370 3421 5429 S.

1844 5489 2077 5545 Paulum
2109 5496 2279 5543 extra.
2306 5480 2532 5537 dubium
2575 5483 2677 5537 est,
2708 5482 2762 5527 et
2793 5468 3015 5540 quidem
3062 5467 3129 5523 in
3154 5464 3380 5535 epistola
3407 5483 3421 5519 :

1844 5584 1936 5639 illa
1985 5592 2164 5637 tamen
2200 5575 2477 5647 lgnatiana
2529 5568 2687 5631 falsa,
2720 5574 2778 5620 ut
2824 5565 3041 5635 opinor,
3082 5560 3423 5626 existimant,

1845 5676 1990 5747 quod
2043 5674 2095 5734 in
2145 5672 2294 5729 omni
2347 5662 2583 5738 epistola
2627 5660 2678 5716 id
2730 5674 2839 5717 non
2891 5656 3133 5723 fecerit;
3165 5656 3427 5728 putabant
