3768 6300
392 294 501 353 575

1345 289 1406 345 S.
1446 286 1797 345 IGNATIUS.
1836 317 1904 326 --
1952 280 2487 341 PROLEGOMENA.

3548 280 3652 338 376

392 418 541 474 cnim
571 435 590 470 ι
621 416 676 475 in
706 415 855 474 omni
886 412 1115 474 epistola
1146 430 1165 464 ι
1203 410 1346 467 idem
1369 427 1493 468 esse
1525 409 1675 482 quod
1709 428 1727 462 r
1757 409 1813 464 in
1850 424 1972 464 om-
2000 412 2048 472 Α
2076 407 2183 478 psit
2211 406 2268 461 S.
2299 404 2562 478 lgnatius,
2590 402 2648 459 S.
2675 401 2905 459 Paulum
2944 400 2998 456 in
3031 409 3142 458 tota
3173 398 3409 470 epistola
3444 413 3653 454 meme.

392 512 558 571 uibus
588 509 853 581 epistolis.
877 527 895 561 ι
936 506 1039 562 Sed
1076 506 1276 564 mirum
1324 506 1484 562 nobis
1528 505 1851 575 scriptorem
1880 518 1969 558 re-

392 612 762 673 praesentant;
801 601 914 656 sive
940 601 987 656 is
1011 599 1277 672 lgnatius,
1305 599 1419 655 sive
1450 599 1575 671 quis
1610 598 1750 653 alius
1784 594 1968 651 fuerit.

393 690 530 759 Quis
577 691 721 746 enim
771 690 875 745 vel.
899 690 1003 747 sub
1038 688 1299 761 Trajano,
1329 689 1415 745 vel
1462 690 1565 744 sub
1612 687 1973 743 Constantino

393 785 476 849 sic
511 784 807 841 scriberet?
835 783 917 838 An
948 783 1193 839 ﬁctorem
1242 798 1402 840 suum
1461 782 1623 837 talem
1651 782 1832 836 virum
1866 781 1971 835 ﬁn-

392 887 521 944 gere
566 880 881 943 potuerunt,
918 871 1014 944 qui
1061 872 1119 928 S.
1151 871 1383 929 Paulum
1429 873 1487 928 in
1532 872 1788 928 omnibus
1833 886 1973 943 quas

390 964 612 1033 scripsit
639 963 889 1036 epistolis
925 963 1291 1035 Ephesiorum
1323 965 1641 1021 meminisse
1677 964 1972 1034 putaverit,

388 1065 487 1112 aut
520 1057 681 1115 talem
720 1056 1049 1114 sententiam
1087 1057 1299 1129 lgnatio
1328 1058 1574 1115 tribuere
1604 1074 1673 1115 ex
1700 1059 1973 1115 industria

386 1148 662 1203 voluerit?
693 1148 819 1205 Sive
846 1148 1040 1204 Latina
1083 1158 1316 1220 spectes,
1348 1169 1368 1204 ι
1396 1149 1453 1206 ἱη
1483 1150 1634 1207 omni
1664 1150 1917 1221 epistola,
1948 1170 1968 1204 ι

388 1241 505 1298 sive
546 1240 771 1310 Graaca,
814 1243 874 1296 ὲν
908 1242 1057 1316 πάσῃ
1091 1241 1381 1315 ἐπιστολῇ,
1421 1242 1569 1298 aliud
1606 1243 1836 1299 omnino
1884 1258 1974 1299 so-

386 1342 543 1400 nant,
573 1333 715 1389 idem
748 1350 943 1405 nempe
985 1334 1131 1405 quod
1172 1333 1227 1389 in
1280 1343 1396 1391 tota
1438 1335 1690 1406 epistola.
1721 1336 1881 1392 Certe
1912 1336 1971 1392 S.

385 1422 597 1493 lgnatio
626 1426 776 1478 πᾶσα
805 1426 1084 1499 ἐπιστολή,
1113 1437 1194 1483 est
1224 1445 1242 1480 ι
1274 1435 1385 1482 tota
1415 1428 1666 1497 epistola,
1694 1445 1713 1480 ι
1738 1436 1801 1483 ut
1825 1429 1975 1485 πᾶσα

385 1515 709 1589 Ἐκκλησία,
749 1535 768 1570 ι
800 1525 910 1575 tota
940 1518 1204 1575 Ecclesia.
1228 1539 1247 1573 ι
1283 1520 1360 1575 lta
1388 1522 1532 1576 enim
1562 1520 1830 1591 Ephesios
1860 1521 1975 1592 ipse

387 1608 692 1678 alloquitur
735 1629 749 1675 :
793 1611 857 1664 El
907 1610 1016 1685 γᾶρ
1067 1613 1185 1678 ἑνὸς
1245 1614 1339 1669 καὶ
1387 1613 1642 1685 δευτέρου
1694 1614 1973 1687 προσευχὴ

384 1702 656 1775 τοσαύτην
691 1703 843 1775 ἰσχὺν
875 1704 1008 1777 ἔχει,
1048 1708 1199 1780 πόσῳ
1235 1709 1434 1780 μᾶλλον
1474 1708 1510 1779 ἦ
1539 1718 1597 1758 τε
1616 1706 1712 1762 τοῦ
1755 1710 1974 1763 ἐπισκό-

386 1811 494 1856 που
528 1795 622 1859 καὶ
654 1795 833 1867 πάσης
864 1777 1212 1871 Ἐκκλησίαξ.
1236 1777 1267 1851 tr
1294 1797 1353 1854 Si
1382 1777 1531 1854 enim
1560 1798 1726 1854 unius
1763 1808 1816 1854 et
1844 1800 1974 1854 alte-
2001 1777 2047 1838 Β

386 1885 507 1941 rius
554 1887 730 1942 oratio
772 1896 976 1944 tantam
1017 1889 1127 1946 vim
1170 1891 1369 1960 habet,
1410 1899 1620 1962 quanto
1662 1892 1837 1962 magis
1879 1893 1971 1948 illa

385 1978 629 2049 episcopi
685 1989 741 2036 et
784 1983 965 2040 omnis
1023 1982 1306 2040 Ecclesiae!
1334 2002 1354 2038 ι
1396 1982 1500 2039 Ubi
1551 1987 1700 2039 πᾶσα
1743 1986 1973 2058 Ἐκκληε-

388 2071 481 2129 σία
519 2082 603 2127 est
635 2091 655 2124 ι
686 2084 798 2130 tom
849 2074 1093 2141 Ecclesia
1120 2096 1140 2129 ι
1175 2078 1280 2132 sub
1323 2078 1579 2149 episcopo
1609 2094 1711 2134 suo
1741 2094 1973 2150 congre-

382 2176 531 2243 gata.
567 2165 661 2223 Sic
698 2168 899 2239 Latini,
928 2169 1009 2226 sic
1051 2169 1225 2226 Graeci
1262 2170 1587 2241 loquuntur.
1628 2170 1707 2226 lta
1741 2171 1968 2227 Cicero:

392 2278 413 2312 ‹
445 2259 681 2331 Sanguis
711 2277 809 2333 per
851 2278 1020 2319 venas
1048 2263 1102 2317 in
1134 2279 1298 2323 omne
1328 2280 1530 2335 corpus
1568 2266 1909 2332 diﬁunditur,
1945 2285 1964 2319 ι

384 2350 440 2405 id
463 2360 546 2406 est
580 2367 688 2406 non
721 2353 776 2407 in
808 2353 991 2409 omnia
1020 2344 1484 2425 corpora,'sedcin
1508 2365 1682 2412 totum
1708 2372 1963 2428 corpus.)

384 2434 534 2503 idem
563 2456 577 2494 :
605 2458 622 2491 ι
656 2438 715 2494 ln
739 2440 844 2497 hoc
877 2442 1156 2514 singulare
1180 2445 1448 2515 judicium
1479 2462 1645 2503 causa
1678 2449 1859 2504 omnis
1887 2450 1973 2504 in-

385 2530 778 2601 cluderetur,»
820 2535 875 2590 id
927 2546 1011 2592 est
1053 2553 1160 2593 non
1192 2554 1384 2596 omnes
1424 2555 1638 2609 causae,
1669 2543 1763 2598 sed
1818 2551 1969 2599 «tota

385 2638 612 2679 causa.»
633 2623 737 2693 Qui
770 2627 935 2683 etiam
975 2648 993 2681 ι
1018 2638 1130 2685 tota
1159 2639 1359 2698 mente,
1390 2651 1408 2683 ι
1429 2640 1482 2688 et
1510 2652 1529 2684 ‹
1562 2636 1709 2689 omni
1741 2636 1926 2690 animo
1946 2654 1964 2688 ι

383 2715 575 2771 eadem
622 2718 1022 2787 signiﬁcatione
1072 2722 1230 2778 dixit.
1280 2722 1623 2796 Hesychius,
1658 2727 1793 2792 Πᾶς,
1828 2728 1968 2793 ὅλος,

381 2806 638 2873 ἱκαστος.
675 2808 997 2882 Homerum,
1022 2822 1084 2868 ut
1105 2815 1266 2881 solet,
1291 2817 1614 2887 respiciens,
1640 2820 1784 2889 apud
1808 2836 1969 2890 quem

382 2908 621 2972 utroque
651 2918 816 2964 sensu
840 2920 903 2961 ea
940 2920 1047 2960 vox
1081 2908 1383 2978 accipitur;
1420 2919 1611 2966 nostro
1640 2923 1843 2981 autem,
1875 2913 1970 2969 ubi

382 2992 451 3047 de
484 2991 719 3051 llectore
759 2996 890 3068 agit.
954 2999 1069 3063 Πᾶς
1102 3000 1148 3054 δ’
1170 2999 1279 3073 ἄρα
1311 3000 1498 3073 χαλκῷ
1529 3001 1722 3075 λάμφ’,
1765 3024 1783 3058 ι
1822 3014 1968 3063 totus

382 3097 490 3144 aere
523 3084 903 3154 Splendebat”.
941 3096 999 3142 ut
1026 3088 1092 3143 de
1114 3089 1304 3143 eodem
1344 3088 1642 3159 Sophocles
1670 3111 1684 3147 :

588 3176 802 3245 Κεῖνος
831 3178 900 3231 δὲ
925 3180 1089 3249 λύπῃ
1115 3180 1234 3248 πᾶς
1257 3181 1547 3248 ἐλήλαται
1576 3182 1752 3252 κακῇ.

382 3262 490 3323 Ubi
505 3266 801 3337 Triclinius
818 3287 831 3323 :
850 3269 923 3321 Τὸ
942 3269 1062 3336 πᾶς
1080 3267 1255 3335 εἶπεν,
1271 3271 1358 3325 ἴνα
1374 3270 1522 3345 δείξῃ
1537 3272 1612 3337 ὡς
1628 3272 1748 3337 ὅλος
1759 3274 1858 3345 τῆς
1873 3273 1968 3327 λύ-

380 3369 494 3433 πης
525 3354 736 3424 γέγονε.
780 3373 798 3408 ι
824 3353 971 3411 Dixit
1005 3359 1133 3424 πᾶς,
1176 3369 1235 3413 ut
1285 3360 1597 3414 ostenderet
1639 3374 1763 3413 eum
1794 3368 1967 3415 totum

379 3444 554 3509 fuisse
567 3447 759 3504 dolore
775 3448 1151 3520 absorptumu
1175 3449 1416 3506 Hincilla
1443 3452 1702 3522 loquendi
1732 3451 1967 3507 formula

380 3539 586 3599 Graecis
602 3540 910 3610 familiaris,
927 3542 1108 3599 Suidae
1120 3544 1405 3601 observata
1430 3563 1444 3599 :
1466 3545 1623 3609 Ὄλος
1644 3546 1738 3603 καὶ
1751 3548 1877 3609 πᾶς.
1900 3544 1967 3600 Ut

379 3632 549 3705 igitur
566 3635 715 3688 πᾶσα
739 3637 1132 3709 γραφή,νοιοι“ἰ
1149 3637 1452 3708 interpreti,
1484 3656 1501 3688 ‹
1523 3638 1702 3693 omnis
1730 3638 1968 3707 scriptu-

378 3741 461 3789 ra,
476 3744 494 3777 ι
524 3724 999 3798 TheodoroBezae,
1020 3746 1039 3780 ι
1059 3738 1173 3784 tota
1186 3730 1456 3799 scriptura
1476 3746 1490 3795 ;
1516 3750 1533 3781 ι
1558 3729 1629 3784 ita
1643 3729 1732 3784 hic
1742 3731 1799 3783 ὲν
1814 3730 1966 3805 πάσῃ

377 3818 661 3899 ἐπιστολῇ,
694 3840 713 3873 ι
742 3819 798 3873 in
834 3820 1007 3887 omni,
1030 3838 1048 3874 ι
1078 3822 1181 3877 hoc
1195 3833 1281 3877 est
1308 3840 1327 3874 ι
1356 3821 1411 3876 ἱη
1446 3830 1552 3877 tota
1578 3822 1862 3891 epistola.)
1896 3820 1967 3876 Ut

380 3911 635 3967 Clemens
665 3911 1065 3970 Alexandrinus
1094 3912 1355 3971 Stromat.
1389 3915 1485 3969 lib.
1522 3932 1578 3981 v,
1604 3916 1693 3976 illa
1724 3915 1780 3972 S.
1808 3915 1962 3972 Pauli

379 4004 388 4052 ἒ
405 4019 482 4055 να
491 4000 972 4074 παραστήσωμεν
984 4004 1180 4062 πάντα
1191 4007 1505 4075 ἄνθρωπον
1514 4008 1745 4061 τέλειον
1753 4008 1824 4061 ἐν
1833 4011 1965 4077 Χρι-

378 4093 525 4159 στῷ,
550 4096 958 4167 interpretatur,
988 4100 1048 4153 οὑ
1083 4100 1265 4154 πάντα
1293 4100 1484 4164 ἁπλῶς
1498 4100 1806 4172 ἄνθρωπον,
1840 4104 1962 4156 ἐπεὶ

378 4184 553 4251 οὐδεὶς
595 4188 662 4243 ἂν
692 4184 762 4262 ἦν
794 4188 1044 4256 ἄπιστος·
1079 4192 1201 4246 οὐδὲ
1246 4193 1351 4265 μὴν
1385 4172 1564 4249 πάντα
1601 4194 1693 4248 τὸν
1736 4195 1961 4249 πιστεύ-

377 4294 509 4333 οντα
534 4280 737 4337 τέλειον
770 4284 829 4337 ὲν
861 4283 1113 4357 Χριστῷ,
1144 4285 1278 4341 ἀλλὰ
1310 4286 1507 4341 πάντα
1536 4287 1849 4358 ἄνθρωπον
1879 4290 1964 4344 λέ-

377 4389 487 4443 γει,
520 4374 597 4441 ὡς
629 4377 826 4443 εἰπεῖν,
860 4378 979 4432 ὅλον
1010 4378 1103 4435 τὸν
1135 4378 1443 4453 ἄνθρωπον,
1479 4377 1590 4435 οἷον
1624 4381 1836 4455 σώματι
1870 4387 1961 4439 καὶ

2075 501 2212 555 riam
2242 515 2430 554 eorum
2458 498 2636 554 facere
2662 497 2717 551 in
2749 495 2879 552 Jesu
2910 495 3163 551 Christo?
3194 492 3321 550 Haec
3348 508 3379 547 a
3416 502 3652 563 martyre

2074 609 2184 648 nou
2213 592 2391 649 otiose
2423 600 2519 648 aut
2545 590 2762 660 frigide,
2790 588 2883 645 sed
2927 603 3075 652 vere,
3106 587 3218 643 imo
3270 585 3560 657 signanter
3601 594 3650 640 et

2072 686 2361 759 vigilanter
2390 686 2534 742 dicta
2572 692 2727 739 sunt.
2764 681 2903 737 Tota
2934 681 3079 736 enim
3122 679 3356 750 epistola
3386 678 3460 733 ad
3484 676 3648 747 Ephe-

2072 781 2188 837 sios
2219 782 2442 852 scripta,
2470 780 2619 851 ipsos
2656 778 2942 850 Ephesios,
2974 789 3275 845 eorumque
3302 773 3574 828 honorem
3599 779 3645 825 et

2072 890 2260 931 curam
2293 873 2535 929 maxime
2565 880 2793 944 spectat,
2824 879 2879 927 et
2908 883 3123 926 summe
3166 866 3534 922 honoriﬁcam
3561 877 3647 917 eo-

2072 984 2195 1024 rum
2242 967 2564 1024 memoriam
2624 967 2692 1021 ad
2734 973 2982 1036 posteros
3030 960 3374 1017 transmittit.
3420 957 3482 1012 ln
3532 957 3646 1012 aliis

2072 1061 2318 1133 epistolis
2341 1058 2635 1130 Apostolus
2667 1072 2762 1114 eos
2784 1058 2850 1112 ad
2883 1071 3020 1128 quos
3046 1054 3257 1118 scribit,
3280 1065 3429 1121 saepe
3458 1048 3647 1104 acriter

2074 1155 2348 1226 objurgat,
2379 1162 2473 1209 aut
2499 1161 2645 1208 certe
2685 1150 2829 1206 haud
2853 1149 3097 1212 omnino,
3126 1147 3210 1201 vel
3238 1159 3407 1216 parce
3437 1141 3644 1208 laudat;

2071 1247 2157 1301 vel
2185 1246 2253 1302 de
2280 1246 2445 1300 rebus
2474 1244 2543 1300 ad
2575 1243 2735 1298 ﬁdem
2785 1239 3207 1313 pertinentibus,
3251 1244 3351 1291 aut
3399 1235 3475 1290 de
3512 1248 3650 1303 qu:-

2074 1339 2349 1397 stionibus
2393 1336 2709 1393 decidendis
2740 1334 2906 1390 latius
2946 1334 3209 1402 disputat.
3264 1328 3368 1382 Hic
3396 1326 3648 1382 omnibus

2072 1431 2254 1488 modis
2292 1438 2556 1500 perpetuo
2587 1442 2645 1483 se
2678 1425 2931 1497 Ephesiis
2970 1422 3226 1494 applicat,
3256 1419 3505 1488 illosque
3538 1424 3649 1469 tan-

2073 1540 2239 1597 quam
2262 1522 2511 1595 egregios
2537 1519 2884 1576 Christianos
2910 1521 3131 1575 tractat,
3160 1509 3472 1580 Evangelio
3510 1509 3649 1563 salu-

2073 1621 2144 1676 tis
2177 1618 2403 1673 lirmiter
2443 1613 2748 1679 credentes,
2771 1620 2826 1673 et
2848 1609 3046 1680 spiritu
3089 1604 3487 1677 promissionis
3515 1603 3652 1657 obsio

2075 1724 2289 1783 gnatos,
2314 1708 2571 1765 concives
2597 1713 2913 1761 sanctorum
2944 1711 2998 1757 et
3035 1698 3372 1756 domesticos
3403 1696 3537 1765 Dei;
3566 1711 3652 1767 pro

2077 1807 2145 1862 iis
2174 1819 2314 1876 saepe
2357 1803 2613 1858 ardenter
2658 1807 2801 1863 orat,
2830 1798 2980 1867 ipsos
3024 1795 3299 1857 hortatur,
3326 1791 3652 1856 obtestatur,

2075 1898 2284 1964 laudat,
2335 1908 2553 1950 omnem
2599 1898 2836 1956 aetatem,
2866 1896 3162 1955 utrumque
3214 1897 3427 1939 sexum.
3472 1881 3653 1951 sedulo

2074 1989 2318 2055 instruit,
2343 2000 2504 2042 suum
2530 1998 2658 2054 erga
2686 1998 2778 2038 eos
2810 1978 3141 2051 singularem
3173 1975 3436 2031 affectum
3462 1974 3653 2044 ubique

2073 2083 2272 2155 prodit.
2320 2078 2531 2151 Πολλῆς
2562 2076 2671 2130 ἔδει
2701 2073 2779 2145 τῷ
2811 2071 3007 2143 Παύλῳ
3050 2068 3286 2140 σπουδῆς
3330 2066 3481 2140 πρὸς
3522 2064 3654 2120 ὲκεί-

2073 2192 2196 2240 νους
2239 2174 2533 2246 γράφοντι,
2568 2167 2748 2240 inquit
2798 2165 2856 2221 S.
2905 2164 3357 2237 Chrysostomus,
3410 2178 3433 2212 ι
3466 2172 3653 2230 magno

2072 2285 2198 2326 cum
2250 2267 2432 2323 studio
2478 2265 2547 2320 ad
2590 2260 2857 2333 Ephesios
2909 2257 3119 2315 scribit.
3143 2275 3163 2308 ι
3192 2254 3437 2324 Λέγεται
3471 2253 3530 2307 δὲ
3569 2256 3653 2309 καὶ

2075 2360 2346 2437 βαθύτερα
2394 2357 2503 2412 τῶν
2552 2355 2838 2428 νοημάτων
2885 2353 3069 2414 αὐτοῖς
3112 2346 3520 2421 ὲμπιπεῦσαι,
3566 2348 3651 2399 iis:

2071 2453 2174 2526 ἤδη
2206 2448 2624 2522 κατηχημένοις.
2662 2465 2681 2499 ι
2721 2444 2929 2501 Dicitur
2974 2450 3155 2498 autem
3195 2449 3251 2495 et
3282 2436 3654 2509 profundissi-

2070 2558 2194 2599 mos
2243 2549 2537 2611 conceptus
2568 2539 2635 2593 iis
2664 2534 3089 2599 concredidisse,
3118 2531 3266 2602 quod
3296 2530 3418 2600 jam
3460 2527 3653 2583 fuerint

2068 2639 2141 2693 ab
2170 2638 2290 2707 ipso
2313 2634 2568 2700 instituti,
2591 2651 2611 2684 ι
2632 2640 2686 2686 et
2705 2645 2828 2687 cum
2848 2629 2916 2683 iis
2937 2626 3290 2682 Timotheum
3318 2623 3651 2694 reliquisset,

2073 2727 2214 2781 unde
2242 2739 2335 2779 eos
2358 2722 2572 2775 Παύλου
2609 2719 2936 2791 συμμύστας
2958 2724 3116 2772 vocat
3138 2714 3405 2785 lgnatius,
3434 2714 3649 2783 quibus,

2071 2816 2280 2873 scilicet
2312 2815 2402 2869 ille
2435 2821 2613 2868 totum
2663 2809 2955 2866 consilium
2992 2806 3089 2862 Dei
3123 2805 3505 2877 patefecisset.
3541 2801 3653 2859 Ori-

2072 2926 2235 2983 genes
2251 2908 2473 2964 homilia
2498 2907 2587 2973 15,
2604 2920 2863 2977 magnum
2889 2904 3146 2958 observat
3170 2901 3316 2955 inter
3337 2897 3651 2953 Corinthios

2068 3012 2124 3058 et
2154 3001 2421 3072 Ephesios
2463 2999 2764 3053 discrimen
2790 3014 2804 3050 :
2836 3014 2855 3048 ι
2884 2994 3021 3049 Vide
3052 2990 3336 3064 quomodo
3361 2991 3437 3046 ad
3469 2989 3653 3045 Corin-

1990 3127 2042 3192 ρ
2072 3095 2217 3150 thios
2249 3094 2454 3148 Paulus
2482 3088 2944 3160 loquitur2Lacte
2968 3102 3070 3143 vos
3101 3085 3311 3157 potavi,
3345 3100 3462 3139 non
3493 3084 3647 3139 cibo:

2074 3188 2293 3242 necdum
2321 3188 2458 3241 enim
2492 3186 2780 3255 poteratis;
2810 3185 2900 3239 sed
2945 3199 3106 3254 neque
3151 3198 3287 3235 nunc
3329 3180 3556 3252 potestis
3586 3179 3647 3233 ³⁹.

2072 3279 2140 3335 Et
2189 3280 2316 3350 quia
2361 3280 2499 3333 lacte
2550 3277 2729 3332 adhuc
2778 3276 3123 3347 indigebant,
3158 3290 3221 3329 ea
3264 3274 3497 3330 discunt
3536 3287 3651 3345 qua:

2070 3372 2282 3428 discere
2313 3369 2523 3440 parvuli
2576 3368 2754 3423 solent
2793 3384 2807 3422 :
2847 3366 3060 3420 Bonum
3103 3376 3183 3419 est
3236 3365 3518 3421 mulierem
3552 3379 3650 3417 non

2072 3476 2286 3534 tangere
2319 3478 2338 3517 .'
2374 3470 2587 3532 propter
2623 3460 3029 3531 fornicationem
3068 3468 3246 3514 autem
3274 3458 3347 3525 “,
3368 3466 3479 3513 etc.
3514 3456 3652 3511 Rur-

2069 3567 2301 3622 sumque
2336 3551 2718 3617 instituuntur,
2754 3565 2822 3604 ne
2846 3549 3148 3621 idolothyta
3190 3549 3511 3604 comedant.
3546 3547 3648 3603 Ista

2070 3645 2251 3699 omnis
2292 3643 2540 3699 doctrina
2570 3642 2669 3713 .lac
2709 3642 3064 3713 parvulorum
3111 3650 3230 3708 est,
3262 3650 3320 3695 et
3352 3641 3539 3695 adhuc
3568 3640 3649 3693 iu-

2068 3735 2298 3792 l'antium
2323 3736 2377 3790 in
2400 3734 2642 3790 Christo.
2677 3734 2906 3802 Quando
2928 3749 3059 3790 vero
3079 3732 3336 3805 Ephesiis
3364 3734 3646 3798 scribitur,

2067 3830 2304 3887 solidum
2348 3829 2458 3886 illis
2504 3829 2710 3901 praebet
2753 3827 2959 3883 cibum.
2999 3826 3120 3883 Non
3175 3827 3403 3882 auditur
3448 3827 3648 3897 quippe

2068 3924 2122 3979 in
2157 3924 2374 3995 Epheso
2421 3921 2740 3988 fornicatio;
2776 3936 2884 3976 non
2917 3921 3138 3976 auditur
3181 3920 3240 3975 in
3278 3919 3502 3990 Epheso
3532 3919 3648 3976 ido-

2068 4015 2307 4082 lolatria,
2330 4024 2383 4071 et
2406 4031 2534 4071 esus
2566 4014 3013 4086 idolothytorum.
3052 4032 3072 4065 ι

2136 4110 2274 4165 Mira
2317 4118 2444 4165 sunt
2474 4123 2597 4178 qua:
2626 4108 2718 4163 hic
2749 4108 2817 4163 de
2853 4107 3243 4178 interpolatore
3268 4107 3645 4164 comminisci-

2064 4210 2156 4258 tur
2202 4201 2457 4257 Dallaaus.
2508 4198 2603 4254 Ille
2646 4199 2825 4267 enim,
2855 4197 3069 4269 inquit,
3097 4198 3229 4269 quia
3276 4196 3641 4268 Ephesiorum

2064 4292 2265 4353 factam
2307 4292 2363 4346 in
2398 4291 2549 4347 omni
2580 4290 2811 4360 epistola
2836 4306 2867 4345 a
2897 4289 3069 4345 Paulo
3100 4289 3438 4345 mentionem
3485 4306 3641 4362 repe-

2063 4386 2266 4453 riebat,
2300 4398 2401 4455 pro
2446 4382 2611 4450 vobis,
2655 4398 2782 4448 nos;
2821 4398 2921 4453 pro
2964 4382 3210 4452 epistola,
3251 4384 3526 4439 orationes
3562 4385 3640 4441 sic

376 4464 520 4539 ψυχῇ
555 4470 898 4542 ἡγνισμένον.
927 4490 947 4523 ι
979 4469 1097 4549 Νοη
1126 4487 1343 4528 omnem
1376 4474 1652 4531 hominem
1679 4476 1955 4543 absolute,

2136 4480 2377 4546 bstituit,
2421 4476 2482 4541 ὃς
2513 4476 2747 4531 πάντοτε
2778 4479 2838 4531 ἐν
2867 4478 2989 4540 ταῖς
3017 4476 3269 4547 δεήσεσιν
3299 4477 3473 4535 αὑτοῦ
3510 4495 3640 4549 μνη-

378 4559 641 4627 quoniam
669 4563 855 4621 nullus
888 4573 1037 4621 esset
1064 4563 1332 4633 inﬁdelis;
1364 4566 1457 4622 sed
1485 4581 1588 4622 nec
1610 4581 1829 4622 omnem
1862 4569 1958 4640 qui

374 4651 570 4716 credit,
596 4653 892 4724 perlectum
936 4658 994 4712 in
1038 4658 1290 4729 Christo;
1324 4661 1419 4716 sed
1461 4677 1665 4716 omnem
1699 4661 1831 4717 dicit
1864 4663 1961 4716 ho-

379 4740 595 4811 minem,
626 4746 851 4813 perinde
880 4764 947 4803 ac
976 4749 1023 4805 si
1063 4749 1290 4816 diceret,
1324 4760 1499 4806 totum
1534 4752 1835 4821 hominem,
1867 4761 1956 4809 ut-

377 4842 506 4904 pote
541 4850 771 4906 corpore
800 4849 856 4894 et
884 4840 1068 4896 anima
1097 4844 1519 4899 sanctiﬁcatum.
1544 4863 1564 4898 ι

451 4926 599 4983 Vidit
634 4928 751 4985 haec
776 4934 1266 5001 praestantissimus
1287 4935 1507 4993 Isaacus
1534 4938 1782 5005 Vossius,
1808 4957 1958 4997 eam-

374 5019 612 5091 demque
637 5020 1139 5094 interpretationem
1166 5026 1444 5083 Blondello
1471 5030 1693 5100 objecit.
1725 5032 1825 5087 Cui
1861 5034 1958 5090 ille

374 5112 494 5168 htec
526 5114 811 5183 reposuit:
846 5134 865 5169 ‹
892 5115 974 5170 An
1006 5132 1136 5175 vero
1177 5117 1444 5189 Ignatium
1486 5123 1775 5192 quisquam
1820 5126 1956 5182 adeo

376 5205 681 5275 desipuisse
702 5207 1010 5276 crediderit,
1040 5220 1099 5264 ut
1120 5210 1386 5281 Ephesios
1411 5215 1478 5269 ad
1505 5231 1564 5270 se
1594 5224 1760 5272 totam
1789 5235 1955 5289 quam

375 5295 581 5353 Paulus
611 5299 832 5368 scripsit
865 5299 1151 5370 epistolam
1194 5303 1418 5361 missam
1451 5308 1755 5365 monendos
1784 5320 1951 5380 puta-

380 5389 523 5444 rit?»
556 5391 670 5445 lmo
699 5408 830 5449 vero
864 5408 933 5450 an
964 5394 1053 5448 ille
1097 5410 1199 5450 nos
1238 5396 1375 5450 adeo
1421 5397 1667 5468 desipere
1698 5401 1951 5468 credidit,

378 5489 440 5534 ut
467 5481 675 5536 nullum
706 5483 998 5539 discrimen
1024 5487 1458 5545 animadvertere
1483 5505 1787 5560 possemus,
1812 5494 1953 5550 inter

377 5589 440 5629 ea
475 5590 596 5643 qua:
627 5577 740 5645 ipse
772 5579 924 5645 dicit,
958 5589 1127 5636 totam
1158 5599 1323 5653 quam
1354 5584 1555 5641 Paulus
1593 5589 1813 5658 scripsit
1837 5590 1953 5659 epi-

380 5668 574 5722 stolam
607 5670 675 5724 ad
712 5671 975 5740 Ephesios
1007 5677 1232 5732 missam
1262 5695 1404 5747 esse,
1432 5692 1489 5736 et
1520 5680 1611 5736 illa
1651 5698 1772 5755 quae
1809 5685 1949 5740 scri-

450 5782 492 5817 rs
518 5781 537 5848 ι
563 5782 690 5847 ρον,
726 5800 809 5850 ιιι⁹
839 5787 893 5848 2.
973 5790 1016 5822 ⁸ο
1057 5788 1078 5849 l
1104 5789 1360 5861 ϐαι-(νυ.
1389 5793 1439 5857 ι.

2065 4572 2281 4651 μονευει
2312 4572 2491 4653 ἡμῶν,
2520 4589 2540 4623 ι
2563 4572 2659 4641 qui
2682 4586 2899 4641 semper
2926 4571 2981 4626 in
3005 4571 3121 4626 suis
3148 4571 3501 4628 orationibus
3524 4588 3637 4626 me-

2059 4681 2185 4725 mor
2216 4673 2302 4721 est
2329 4665 2523 4721 nostri.
2553 4684 2572 4718 ι
2597 4662 2961 4736 Νοωιρτίωο,
2989 4680 3087 4734 pro
3110 4683 3131 4717 ι
3159 4664 3370 4733 vobis,»
3393 4679 3493 4720 nos
3530 4680 3635 4719 non

2060 4758 2348 4815 substituit
2371 4758 2749 4829 interpolator.
2787 4756 2916 4812 Tria
2950 4758 3216 4813 habemus
3237 4755 3427 4813 Graeca
3465 4757 3634 4812 inter-

2057 4852 2324 4923 polatoris
2376 4851 2741 4922 exemplaria;
2778 4851 2834 4907 in
2886 4867 2999 4907 uno
3032 4852 3275 4923 quidem,
3312 4851 3633 4921 Augustam

2059 4945 2300 5009 scilicet,
2332 4944 2531 5016 legitur
2562 4946 2741 5018 ἡμῶν,
2775 4945 2871 5001 sed
2904 4953 3192 5013 corrupte;
3227 4958 3353 4998 cum
3388 4943 3453 5013 in
3491 4942 3632 5015 Nyde

2056 5038 2353 5106 prucciano
2386 5048 2443 5093 et
2468 5039 2770 5110 Anglicano
2804 5039 3013 5107 legatur
3044 5035 3199 5107 ὑμῶν
3220 5075 3236 5101 ,
3271 5042 3333 5089 ιιι
3375 5034 3629 5107 Vulgatus

2057 5130 2324 5200 interpres
2355 5131 2504 5202 legit,
2531 5133 2625 5203 qui
2651 5132 2884 5188 reddidit
2909 5150 2928 5183 ι
2956 5130 3140 5186 vestri.
3162 5148 3181 5182 ι
3222 5128 3370 5196 Quin
3404 5138 3463 5184 et
3495 5130 3628 5183 hanc

2056 5223 2501 5286 substitutionem
2535 5224 2852 5293 vetustioris
2884 5222 3167 5293 scriptoris
3196 5223 3504 5277 auctoritas
3545 5236 3628 5276 re-

2056 5316 2220 5383 fellit,
2251 5333 2377 5375 cum
2422 5318 2479 5372 in
2511 5317 2754 5374 Mediceo
2801 5317 2986 5373 codice
3025 5317 3234 5386 legatur
3267 5316 3456 5387 ὑμῶν,
3490 5325 3545 5371 et
3570 5316 3626 5370 in

2055 5411 2221 5466 veteri
2255 5413 2552 5481 interprete
2588 5430 2609 5467 ι
2636 5410 2825 5467 vestri.
2847 5429 2867 5464 ι
2906 5410 3085 5467 Causa
3118 5409 3285 5479 igitur
3317 5410 3470 5465 nulla
3499 5408 3624 5474 fuit,

2055 5519 2154 5559 cur
2182 5504 2346 5559 unius
2373 5504 2581 5559 codicis
2600 5505 2884 5559 lectionem
2908 5511 3099 5559 contra
3119 5502 3371 5558 omnium
3393 5504 3623 5574 reliquo-

2053 5610 2176 5649 rum
2212 5610 2539 5653 consensum
2576 5598 2997 5667 amplecteretur
3043 5594 3332 5661 Usserius,
3365 5605 3461 5651 aut
3489 5593 3621 5650 arri-

2051 5696 2205 5763 peret
2226 5686 2478 5747 Dallaeus.
2515 5687 2787 5757 Secundo,
2810 5702 2922 5751 non
2945 5694 3161 5753 constat
3183 5686 3620 5758 interpolatorem
