3768 6332
145 336 235 393 87⁸1

837 333 891 391 J.
932 334 1308 396 PEABSONH
1348 339 1675 398 VlNDlCiAE
1715 343 2136 401 lGNATIANE.
2168 377 2239 391 ——
2270 344 2452 402 PARS
2484 344 2549 402 11.

3241 349 3352 406 378

144 472 230 534 pro
269 454 511 527 epistola,
564 456 833 511 orationes
883 458 1271 529 snbstituisse;
1327 477 1456 518 nam
1499 465 1682 535 potius
1710 470 1758 527 Α
1785 477 1958 531 ratur,
1977 467 2124 538 quod
2149 465 2448 523 fcedissime
2481 465 2807 537 interpolata
2834 466 2925 523 sit.
2950 485 2972 521 ι
3006 466 3077 523 At
3105 452 3353 525 noshaac

143 552 328 607 videtur
362 551 419 603 ὲν
452 546 608 619 πάσῃ
652 549 910 623 ἐπιστολῇ
959 549 1263 609 reddidisse
1294 570 1391 625 per
1423 555 1677 625 πάντοτε,

143 650 189 698 et
214 642 267 695 ὲν
292 641 405 703 ταῖς
434 638 649 710 δεήσεσι
692 640 968 697 addidisse
1015 643 1084 697 ad
1128 644 1548 714 explicationem
1581 648 1678 702 τοῦ

145 730 455 805 μνημονεύει,
489 730 634 800 quod
667 731 875 789 videret
908 732 966 789 S.
995 734 1224 791 Paulum
1251 738 1308 791 in
1340 740 1680 797 orationibus

141 840 222 894 per
243 832 396 878 totam
428 823 710 891 epistolam
738 826 947 895 sparsis
971 826 1237 898 Ephesios
1264 829 1373 886 Deo
1400 847 1680 889 commen-

142 917 277 972 dasse
306 916 356 970 iu
377 913 503 971 Jesu
519 916 759 986 Christo;
782 920 867 975 vel
890 921 957 976 ad
978 921 1130 977 illum
1153 924 1487 981 versiculum
1504 929 1679 998 respi-

140 1018 279 1075 ceret,
292 1009 347 1062 ιιύ
364 1008 605 1080 παύομαι
621 1012 956 1086 εὐχαριστῶν
972 1015 1112 1087 ὑπὲρ
1134 1016 1288 1087 ὑμῶν
1311 1018 1501 1089 μνείαν
1523 1021 1677 1092 ὑμῶν

140 1104 425 1175 ποιούμενος
474 1106 567 1159 ἐπὶ
608 1106 717 1160 τῶν
768 1109 1085 1181 προσευχῶν
1116 1127 1239 1182 μου.
1282 1131 1301 1165 ι
1347 1111 1467 1169 Νοιι
1519 1130 1677 1171 cesso

140 1198 314 1268 gratias
332 1212 493 1269 agens
512 1214 613 1268 pro
636 1199 791 1256 vobis
808 1240 824 1265 ,
849 1204 1168 1259 memoriam
1191 1208 1359 1263 vestri
1385 1210 1593 1267 faciens
1616 1212 1673 1267 in

140 1289 442 1345 orationibus
473 1292 631 1347 meis.
656 1312 673 1344 ι
702 1291 1129 1351 Laurentianum
1151 1300 1396 1356 codicem
1417 1303 1671 1371 defendo,

138 1380 481 1438 confusionem
521 1386 812 1458 utriusque
856 1389 1065 1447 codicis
1094 1391 1166 1447 ab
1213 1390 1561 1454 Hammond.
1592 1397 1675 1453 fa-

135 1482 256 1529 ctam
286 1491 386 1530 non
414 1477 608 1545 probo.

191 1566 360 1638 Capite
388 1568 458 1623 20
488 1570 558 1625 de
593 1570 712 1628 solo
753 1571 908 1628 Pauli
950 1576 1206 1649 conjugio
1242 1581 1374 1651 agit,
1417 1589 1471 1638 et
1503 1581 1674 1639 inter-

134 1660 394 1730 polatorem
429 1670 638 1717 tantum
671 1663 812 1720 ferit.
850 1665 1028 1738 Caput
1047 1671 1110 1725 21
1140 1682 1378 1742 quatuor
1409 1676 1672 1746 objectio-

133 1767 214 1809 nes
241 1754 740 1826 continet,quarum
771 1772 882 1813 una
905 1760 972 1815 de
999 1759 1292 1821 Salomone
1321 1775 1375 1821 et
1405 1765 1554 1823 Josia
1588 1770 1673 1823 in-

132 1845 478 1911 terpolatorem
501 1887 516 1912 ,
554 1850 778 1920 reliquae
810 1862 1089 1910 auctorem
1126 1858 1305 1927 ipsum
1347 1870 1559 1929 petunt.
1594 1861 1671 1919 De

132 1934 210 1988 illo
232 1934 338 1991 haec
367 1936 530 1993 habet
556 1958 570 1994 :
603 1958 622 1991 ι
651 1938 826 1998 Homo
858 1945 1259 2005 audacissimus
1292 1951 1533 2008 scribere
1560 1968 1670 2009 non

132 2023 362 2081 dubitavit
396 2026 680 2086 Christum
711 2033 1003 2093 Dominum
1038 2053 1070 2094 a
1102 2056 1165 2097 se
1192 2041 1247 2096 in
1269 2058 1436 2100 carne
1466 2046 1668 2102 visum.

131 2115 515 2190 Chrysostomus
571 2137 734 2198 negat
787 2131 1056 2201 lgnatium
1107 2133 1309 2191 vidisse
1365 2137 1667 2196 Christum.

132 2208 458 2281 Epistolarum
489 2233 624 2290 ergo
649 2222 889 2292 scriptor
921 2224 1201 2282 manifesti
1235 2231 1502 2287 mendacii
1539 2248 1670 2289 con-

131 2302 389 2361 vincitur.»
425 2307 552 2365 llrec
580 2315 887 2383 argumenti
922 2333 1158 2374 summa.
1193 2318 1310 2386 Qua
1345 2323 1671 2382 certitudine

128 2396 297 2454 dixerit
325 2400 750 2474 Chrysostumus
773 2408 1054 2466 Christum
1089 2412 1158 2467 ab
1189 2412 1397 2484 lgnatio
1429 2426 1670 2491 martyre

131 2506 370 2564 nunquam
412 2499 596 2553 visum
646 2499 816 2556 fuisse
839 2543 856 2567 ,
894 2518 995 2573 ego
1036 2518 1145 2559 non
1186 2521 1393 2576 quaero.
1429 2507 1589 2565 Certe
1622 2511 1668 2565 si

128 2584 435 2653 epistolarum
485 2590 727 2661 scriptor
767 2593 874 2648 200
909 2605 1034 2665 post
1079 2596 1348 2667 lgnatium
1382 2603 1562 2669 annis,
1611 2613 1670 2659 ut

128 2678 222 2733 vult
249 2679 489 2749 Dallaaus,
513 2683 718 2741 dixerit
738 2686 1017 2743 Christum
1049 2705 1077 2744 a
1102 2706 1160 2746 se
1184 2690 1237 2746 in
1271 2708 1436 2749 carne
1465 2695 1668 2762 visum,

126 2776 172 2822 et
194 2770 337 2827 homo
358 2775 757 2833 audacissimus
774 2786 829 2834 et
847 2781 1305 2839 mendacissimus
1327 2782 1458 2852 fuit;
1479 2802 1640 2855 quem
1655 2817 1671 2828 -

128 2859 378 2919 admodum
407 2865 857 2937 Pseudo-Abdias
892 2888 999 2928 non
1034 2874 1153 2929 sine
1185 2890 1397 2931 summa
1441 2879 1668 2934 audacia

128 2960 358 3024 etaperto
404 2961 695 3017 mendacio
750 2963 929 3033 ipsum
984 2967 1158 3021 oculis
1214 2968 1330 3023 suis
1371 2968 1667 3025 Dominum

127 3044 294 3104 vidisse
320 3061 501 3107 narrat
531 3052 859 3124 Apostolicze
892 3056 1133 3113 historiae
1163 3059 1258 3114 lib.
1294 3077 1375 3124 vt,
1409 3078 1534 3117 cum
1569 3079 1666 3119 eo-

1783 560 1947 615 verba
1970 559 2121 614 omni
2141 559 2562 629 interpolatione
2583 558 2753 614 libera
2775 573 2842 614 ex
2876 574 2939 613 ea
2963 560 3347 629 producimus;

1778 653 1988 709 scilicet
2017 651 2172 708 Μετὰ
2200 650 2302 724 τὴν
2333 652 2624 707 ἀνάστασιν
2656 652 2712 705 ὲν
2735 652 2899 725 σαρκὶ
2928 652 3089 705 αὑτὸν
3116 646 3233 705 οἶδα
3260 651 3353 705 καὶ

1777 744 2020 799 πιστεύω
2068 744 2216 799 ὄντα.
2251 742 2600 815 ριιξιξειιηιιιιε
2650 743 2814 815 igitur
2848 742 3183 813 interpolata
3218 744 3362 826 sint.

1778 837 1895 892 haec
1937 846 2083 893 certe
2131 852 2264 894 sana
2301 847 2359 892 et
2402 838 2607 908 integra
2643 845 2956 906 supersunt,
3006 851 3129 891 cum
3163 836 3352 891 codice

1778 927 2169 996 Laurentiano,
2198 928 2457 994 Eusebio,
2478 938 2533 984 et
2566 927 2912 984 Theodoreto
2933 927 3347 984 consentientis.

1778 1020 2054 1086 Secundo,
2082 1021 2137 1077 in
2169 1020 2407 1077 Eusebio
2439 1020 2741 1075 liariolatur
2762 1020 2849 1074 vel
2879 1019 3237 1088 antiquarios,
3265 1019 3351 1075 vel

1778 1112 2052 1169 Bullinum
2094 1128 2196 1183 pro
2253 1108 2393 1166 εἶδον
2433 1111 2785 1182 rescripsisse
2825 1106 2961 1165 οἴδα·
3015 1127 3081 1167 ex
3127 1110 3349 1166 Eusebii

1776 1206 1932 1261 libris
1977 1205 2045 1260 ad
2098 1203 2542 1271 Theodoretum,
2576 1213 2632 1260 et
2680 1203 3002 1275 scriptorem
3050 1201 3350 1257 Florentini

1775 1300 1981 1356 codicis
2013 1300 2346 1355 dimanasse.
2380 1298 2426 1355 0
2457 1300 2695 1372 lepidum
2729 1299 3133 1355 commentum!
3175 1296 3350 1351 Euse-

1774 1393 1852 1449 bii
1881 1391 2119 1446 Historia
2142 1399 2359 1445 centum
2384 1390 2554 1446 fermc
2581 1391 2740 1446 annis
2757 1390 3077 1461 priusquam
3105 1388 3352 1443 Bullinus

1771 1500 1892 1542 eam
1929 1484 1984 1538 in
2018 1482 2273 1539 Latinum
2308 1484 2489 1549 vertit,
2510 1483 2563 1537 in
2592 1482 2847 1537 manibus
2873 1480 3118 1535 omnium
3144 1479 3348 1546 fuerat;

1770 1578 2103 1649 exemplaria
2137 1593 2235 1649 per
2264 1586 2433 1633 totam
2466 1574 2765 1631 Ecclesiam
2793 1573 3118 1629 Orientalem
3151 1572 3353 1641 ubique

1771 1665 2020 1735 dispersa
2050 1676 2106 1721 et
2136 1681 2331 1738 magna
2365 1665 2610 1720 omnium
2645 1678 2770 1717 cum
2797 1661 3161 1717 admiratione
3196 1675 3353 1719 acce-

1774 1767 1887 1830 pta.
1921 1760 2006 1814 An
2054 1761 2223 1832 igitur
2268 1758 2517 1814 Bullinus
2552 1758 2606 1813 in
2657 1756 2901 1813 Ecclesia
2936 1755 3130 1810 Latina
3164 1770 3351 1810 vocem

1774 1854 1996 1909 unicam
2028 1854 2083 1908 in
2126 1868 2229 1909 suo
2263 1854 2452 1909 codice
2495 1852 2563 1908 de
2596 1853 2861 1908 industria
2898 1862 3110 1906 mutare
3155 1850 3351 1917 voluit,

1774 1953 1871 2000 aut
1910 1946 2304 2001 correctionem
2336 1959 2492 2001 suam
2539 1945 2595 1999 in
2645 1945 2855 2015 reliqua
2891 1943 3076 1998 omnia
3111 1940 3352 1998 Orientis

1771 2038 2103 2109 exemplaria
2148 2038 2516 2109 recipiendam
2555 2037 2674 2093 fore
2717 2051 2939 2107 sperare
2984 2035 3200 2105 potuit?
3230 2033 3351 2090 Non

1772 2131 1911 2187 adeo
1958 2132 2183 2187 demens
2230 2129 2335 2185 fuit
2383 2128 2666 2195 Bullinus;
2716 2127 3016 2198 praesertim
3067 2140 3191 2181 cum
3230 2124 3344 2193 jam

1771 2223 2077 2278 acerrimus
2124 2219 2246 2290 ejus
2295 2220 2473 2275 hostis
2517 2217 2879 2289 Hieronymus
2921 2224 3001 2271 tot
3033 2216 3193 2270 annis
3222 2226 3348 2269 ante

1772 2315 1917 2370 hanc
1965 2313 2275 2368 versionem
2330 2311 2642 2382 catalogum
2692 2323 2853 2364 suum
2894 2308 3176 2362 edidisset.
3229 2304 3349 2361 Non

1770 2416 1856 2463 est
1892 2405 2078 2475 itaque
2104 2404 2255 2473 jnsta
2304 2402 2567 2472 suspicio,
2603 2399 2879 2456 Bullinum
2910 2398 3124 2454 Eusebii
3161 2395 3348 2452 Histo~

1770 2499 1912 2554 riam
1970 2496 2133 2552 verba
2187 2494 2530 2550 immutando
2590 2492 2924 2564 corrupisse.
2979 2490 3057 2545 De
3110 2489 3349 2545 librariis

1772 2600 1950 2647 autem
1982 2589 2129 2658 quod
2175 2587 2419 2658 conjicit,
2444 2586 2610 2641 verba
2642 2583 2835 2657 lgnatii
2866 2582 2935 2637 ab
2972 2580 3209 2637 Eusebio
3237 2588 3349 2635 tra-

1768 2681 1882 2735 dita
1906 2680 2161 2735 consulto
2193 2695 2288 2735 eos
2315 2676 2693 2733 animadversa
2725 2676 2806 2731 rei
2838 2673 3201 2741 absurditate,
3223 2688 3349 2728 cor-

1768 2773 2009 2839 rexisse,
2055 2772 2125 2827 ab
2169 2770 2321 2826 omni
2360 2766 2839 2824 verisimilitudine
2884 2766 3164 2821 abhorret.
3209 2763 3348 2833 Quis

1766 2865 1916 2920 enim
1971 2878 2067 2919 eos
2114 2861 2366 2918 librarios
2417 2875 2659 2931 unquam
2715 2859 3049 2915 existimabit
3088 2862 3143 2913 in
3194 2874 3349 2913 com-

1767 2970 1935 3011 mune
1985 2954 2363 3018 consuluisse,
2406 2952 2474 3008 de
2526 2951 2744 3021 scriptis
2798 2950 3019 3006 Eusebii
3074 2950 3343 3021 judicium

1768 3047 1982 3110 tulisse,
2023 3054 2078 3100 et
2125 3045 2194 3100 de
2244 3042 2549 3098 mutatione
2589 3040 2743 3094 vocis
2790 3038 3170 3093 consensisse?
3210 3036 3344 3102 Quis

129 3136 226 3192 dem
258 3140 388 3198 libro
425 3160 537 3199 non
589 3153 801 3202 tantum
854 3148 1218 3222 Hegesippum
1277 3155 1737 3225 nominaverit,c
1768 3152 1865 3194 eos
1926 3136 2163 3192 Eusebio
2229 3135 2383 3205 ipso,
2462 3140 2687 3188 auctore
2747 3130 2833 3186 sui
2898 3128 3159 3199 temporis
3226 3141 3343 3182 ma-

129 3230 203 3284 ted
228 3242 276 3288 et
315 3235 430 3306 ejus
462 3238 630 3293 verba
664 3254 731 3294 ex
766 3243 1125 3299 translatione
1159 3244 1356 3300 Bullini
1401 3250 1666 3304 transcri-

126 3325 281 3391 pserit.
314 3328 516 3385 Auctor
554 3330 771 3389 Politia
814 3333 917 3391 SS.
950 3334 1179 3391 Patrum
1218 3337 1577 3409 Metrophanis
1615 3352 1665 3396 et

126 3414 378 3474 Alexandri
414 3423 561 3493 apud
593 3424 849 3481 Pbotium
883 3429 1072 3484 codice
1110 3429 1248 3496 256,
1280 3440 1336 3486 et
1371 3433 1536 3489 homo
1566 3450 1666 3489 au-

125 3506 408 3571 dacissimus
440 3525 495 3572 et
527 3519 990 3578 mendacissimus
1028 3521 1151 3589 fuit,
1192 3524 1238 3579 si
1289 3526 1574 3595 scripserit
1605 3543 1664 3585 se

124 3600 291 3660 vidisse
334 3607 755 3667 Constantinum
810 3613 952 3669 inter
984 3615 1226 3685 ephebos
1272 3629 1570 3674 merentem
1607 3622 1663 3676 in

124 3689 368 3755 Palaestina
394 3702 498 3757 sub
531 3701 889 3761 Diocletiano.
930 3703 1130 3761 Verum
1154 3706 1261 3763 hoc
1285 3708 1519 3780 scriptor
1546 3711 1663 3781 ipse

126 3797 211 3840 non
250 3788 404 3859 dixit,
435 3794 531 3849 sed
587 3795 962 3852 obscuriorem
1009 3795 1187 3852 Photii
1231 3801 1659 3857 contractionem

125 3874 185 3931 ita
211 3886 467 3940 transtulit
510 3885 803 3956 Schottus,
835 3890 995 3959 cujus
1044 3890 1543 3961 interpretationem
1576 3910 1663 3949 re-

125 3966 283 4029 lellunt
333 3978 518 4034 eadem
572 3979 710 4036 Acta
755 3982 972 4051 plenius
1022 3997 1054 4037 a
1106 3982 1438 4041 Combelisio
1488 3968 1662 4056 nuper

125 4062 266 4131 edita;
295 4082 356 4123 ex
388 4071 592 4141 quibus
651 4081 867 4127 constat
899 4087 1004 4127 non
1041 4075 1387 4145 scriptorem,
1416 4078 1511 4132 sed
1552 4078 1668 4134 Ma-

125 4154 383 4215 ximianum
407 4172 542 4219 tunc
575 4164 777 4222 vidisse
808 4166 1252 4223 Constantinum.
1290 4167 1422 4225 lllud
1456 4173 1662 4241 pariter

124 4252 167 4297 et
186 4261 272 4318 ego
300 4266 503 4321 assero,
551 4265 832 4311 auctorem
880 4255 1262 4326 epistolarum,
1293 4276 1432 4328 quas
1471 4260 1660 4317 defen-

126 4336 292 4410 dimus,
310 4361 589 4417 nunquam
621 4348 929 4419 scripsisse,
953 4349 1234 4405 Christum
1259 4366 1287 4405 a
1320 4368 1379 4407 se
1407 4353 1461 4407 in
1493 4369 1661 4409 carne

126 4429 288 4489 risum.
322 4434 377 4491 Si
408 4438 526 4493 haec
560 4439 895 4509 scripsisset,
933 4440 1236 4498 Salmasius
1262 4451 1317 4498 et
1342 4442 1656 4501 Blondellus

125 4531 203 4588 pro
230 4538 317 4579 sua
348 4527 399 4582 in
432 4528 517 4584 his
549 4530 714 4585 rebus
745 4530 986 4597 solertia,
1024 4532 1074 4586 id
1109 4533 1405 4602 praeterire,
1436 4534 1652 4603 opinor,

126 4613 415 4687 noluissent;
457 4621 554 4677 sed
580 4622 806 4677 omnino
836 4637 945 4677 non
973 4625 1210 4693 scripsit.
1254 4625 1510 4682 Auctoris
1542 4628 1657 4698 cpi--

127 4707 246 4793 stola:
282 4712 438 4767 verba
472 4714 590 4769 hac
622 4723 751 4769 sunt
799 4715 867 4770 de
906 4716 1328 4787 Christoz‘E-{t‘n
1373 4718 1482 4793 γὰρ
1516 4718 1656 4791 μετὰ

124 4791 200 4864 τὴν
239 4798 521 4857 ἀνάστασιν
572 4806 630 4857 ὲν
680 4804 843 4877 σαρκὶ⁵
896 4806 1057 4860 αὐτὸν
1107 4802 1224 4867 οἶδα
1273 4808 1367 4863 καὶ
1416 4791 1656 4864 πιστεύω

124 4884 243 4945 ὂντα.
271 4890 343 4948 ita
373 4896 427 4950 in
462 4898 651 4953 codice
683 4896 1052 4954 Laurentiano
1084 4900 1313 4971 legitur;
1349 4904 1539 4958 eadem
1574 4904 1653 4959 lc-

125 4980 209 5035 ctio
234 4987 361 5055 apud
394 4988 692 5045 Eusebium
728 4991 1035 5059 invenitur;
1070 4993 1316 5049 eamdem
1353 5010 1654 5065 repraesen-

126 5079 187 5126 tat
210 5074 602 5149 Tbeodoretus;
629 5083 877 5137 eamdem
910 5085 1257 5139 retinuerunt
1287 5085 1460 5142 Graeci
1500 5087 1653 5143 codi—

126 5180 195 5223 ces
227 5172 435 5244 vulgati,
470 5186 587 5231 tum
620 5175 1093 5248 Nydpruccianus,
1130 5188 1244 5235 tum
1291 5179 1648 5252 Tylinganus,

126 5267 214 5314 tum
241 5264 584 5337 Anglicanus,
608 5284 803 5327 omnes
835 5286 866 5324 a
912 5286 1078 5325 manu
1109 5271 1517 5341 interpolatoris
1551 5277 1653 5330 hoc

126 5349 221 5408 loco
248 5356 408 5413 liberi.
446 5358 709 5417 Summus
742 5362 833 5417 hic
866 5361 1031 5433 igitur
1063 5370 1117 5417 et
1147 5363 1424 5431 codicum,
1456 5374 1511 5420 ct
1555 5380 1652 5421 ex-

127 5456 386 5514 cerptorum
410 5467 743 5521 consensus;
778 5469 941 5526 quem
975 5465 1157 5512 tamen
1187 5457 1343 5513 miris
1374 5459 1652 5529 conjectuo

126 5533 187 5589 ris
222 5538 529 5600 labefactare
574 5556 805 5602 conatur
840 5548 913 5603 vii
965 5548 1337 5615 doctissimus,
1376 5552 1469 5621 qui
1520 5552 1649 5608 alibi

1767 3232 1918 3287 ximo
1950 3229 2309 3300 sapientiores
2350 3225 2638 3297 judicabit,
2675 3238 2817 3294 quos
2858 3221 3008 3277 omni
3052 3235 3168 3275 aevo
3194 3221 3342 3276 viros

1768 3324 1939 3381 fuisse
1989 3324 2258 3379 bonarum
2312 3322 2621 3377 litterarum
2670 3317 2925 3389 ignaros,
2971 3315 3222 3372 mercede
3271 3315 3343 3370 ad

1764 3415 2187 3472 exscribendum
2236 3411 2611 3469 tantummodo
2662 3404 2984 3475 eoriductos,
3014 3409 3116 3463 viri
3148 3421 3341 3463 omnes

1765 3508 1909 3564 docti
1930 3518 1983 3563 et
2016 3509 2073 3562 in
2119 3508 2205 3563 his
2237 3507 2403 3562 rebus
2431 3506 2632 3561 versati
2666 3514 2720 3561 et
2757 3506 3085 3558 conlitentur
3113 3512 3170 3557 et
3199 3516 3340 3572 que-

1765 3601 1998 3655 runtur?
2031 3599 2089 3655 Si
2115 3598 2321 3669 aliquid
2349 3598 2405 3651 in
2435 3596 2658 3651 Eusebii
2684 3595 2871 3650 codice
2902 3602 3170 3649 tentatum
3202 3592 3342 3647 fuis-

1763 3706 1867 3762 set,
1910 3698 2036 3768 quis
2067 3697 2219 3752 dabit
2249 3712 2314 3751 ea
2347 3692 2688 3751 correctione
2732 3688 3076 3746 Theodoreto
3110 3690 3339 3760 imposi-

1764 3801 1877 3845 tum
1914 3789 2103 3857 fuisse,
2138 3789 2231 3859 qui
2278 3797 2360 3844 tot
2391 3787 2496 3842 alia
2538 3786 2655 3841 loca
2702 3800 2813 3841 non
2851 3801 2917 3840 ex
2953 3783 3209 3850 Eusebio,
3242 3783 3338 3845 sed

1761 3899 1828 3939 ex
1852 3884 1990 3953 ipsis
2022 3882 2214 3953 lgnatii
2247 3881 2492 3952 epistolis
2526 3878 2911 3950 transcripsit?
2939 3876 3075 3946 Quis
3110 3884 3338 3947 praesta-

1761 3976 1841 4031 bit
1872 3974 2196 4045 scriptorem
2248 3971 2606 4027 Lau-rentiani
2654 3971 2890 4036 codicis,
2923 3969 3115 4023 relicto
3146 3981 3336 4021 exem-

1760 4067 1899 4139 plari
1934 4082 2065 4131 suo,
2103 4074 2199 4121 aut
2244 4064 2463 4121 Eusebii
2510 4063 2831 4129 Historiam,
2869 4072 2964 4118 aut
3010 4058 3336 4114 Theodoreti

1760 4160 2159 4231 disputationes
2205 4159 2259 4215 in
2303 4157 2593 4214 consilium
2628 4155 2967 4215 adhibuisse.
3024 4151 3199 4208 Nimis
3246 4152 3334 4207 di-

1759 4254 1889 4309 luta:
1920 4260 2051 4308 sunt
2092 4252 2176 4307 hae
2212 4250 2570 4322 conjecturae;
2602 4260 2656 4305 et
2698 4247 3010 4319 aequissima
3041 4244 3335 4316 postulatio

1759 4356 1866 4415 est,
1902 4354 1963 4400 ut
1991 4360 2054 4400 ea
2088 4360 2187 4415 pro
2217 4344 2398 4400 verbis
2430 4342 2782 4414 epistolarum
2828 4339 3068 4396 auctoris
3097 4337 3336 4391 habean-

1758 4450 1870 4505 tur,
1900 4450 2022 4508 quae
2068 4437 2138 4491 ab
2168 4435 2423 4491 omnibus
2455 4433 2658 4490 Graecis
2689 4430 3113 4502 exemplaribus,
3149 4436 3205 4483 et
3235 4444 3332 4485 ve-

1685 4501 1731 4559 D
1760 4529 1964 4584 teribus
1987 4526 2255 4597 cxcerptis
2276 4533 2666 4597 agnoscuntur.
2701 4522 2773 4578 lis
2799 4501 2981 4578 autem
3012 4521 3194 4576 verbis
3221 4534 3330 4577 non

1757 4621 1956 4677 dicitur
1979 4620 2033 4675 id
2058 4620 2199 4691 quod
2226 4636 2257 4674 a
2292 4619 2410 4676 solo
2434 4616 2634 4672 Dallzeo
2654 4616 2928 4686 objectum
2954 4621 3058 4681 est,
3084 4613 3142 4668 S.
3174 4611 3332 4683 lgna-

1758 4712 1892 4767 tium
1914 4712 1970 4767 in
1993 4725 2159 4767 carne
2176 4710 2455 4766 Christum
2478 4709 2700 4765 vidisse.
2729 4706 2890 4761 Aliud
2914 4707 3058 4761 enim
3082 4714 3165 4762 est
3187 4702 3326 4773 οἶδα,

1756 4804 1902 4859 aliud
1934 4799 2069 4858 εῑδον
2114 4804 2200 4859 vel
2234 4802 2360 4856 ῐδον·
2395 4816 2505 4856 non
2548 4799 2812 4870 scriptum
2853 4806 2937 4854 est
2976 4794 3145 4868 εἶδον,
3180 4801 3329 4870 quod

1754 4905 1840 4953 est
1869 4895 2074 4952 Graecis
2115 4914 2133 4948 ι
2159 4894 2291 4963 vidi,
2318 4913 2338 4948 ›
2376 4893 2473 4950 sed
2515 4888 2659 4960 οἶδα,
2693 4892 2839 4964 quod
2873 4891 3066 4948 iisdem
3112 4907 3330 4963 semper

1754 4988 1841 5050 est
1892 5011 1913 5046 ι
1942 4993 2134 5060 novi,»
2179 4993 2263 5047 vel
2311 4993 2489 5049 «scio.
2518 5010 2538 5045 ι
2594 4990 2671 5047 ita
2726 4991 2922 5047 harum
2967 4991 3326 5062 epistolarum

1753 5094 1945 5141 auctor
1987 5086 2115 5141 alibi
2147 5085 2451 5157 distinguit.
2486 5085 2568 5141 Ad
2595 5084 2858 5156 Ephesios
2885 5085 2993 5140 :At’
3013 5079 3087 5138 ὧν
3118 5084 3328 5145 πάντας

1754 5178 1899 5251 ὑμᾶς
1931 5178 2073 5233 κατὰ
2105 5179 2324 5252 ἀγάπην
2357 5174 2515 5243 εἶδον,
2556 5196 2575 5230 ι
2599 5193 2696 5248 per
2726 5192 2865 5247 quos
2888 5193 2984 5231 vos
3017 5189 3207 5230 omnes
3236 5189 3325 5231 seu

1752 5272 1991 5327 cundum
2024 5271 2341 5326 charitatem
2375 5269 2506 5324 vidi.
2532 5288 2551 5322 ι
2581 5270 2662 5324 Ad
2691 5266 2996 5339 Magnesios
3027 5284 3041 5319 :
3075 5260 3206 5317 Οἶδα
3237 5265 3323 5322 ὅτι

1749 5365 1810 5417 οὑ
1844 5362 2156 5433 φυσιοῦσθε,
2212 5380 2232 5413 ι
2256 5362 2382 5417 novi
2415 5362 2675 5433 quoniam
2711 5375 2815 5413 non
2860 5354 3142 5421 inﬂamini,
3164 5372 3182 5405 ι
3220 5363 3318 5411 et:

1751 5450 1881 5508 Οἶδα
1929 5456 2011 5509 ὃτι
2058 5452 2412 5527 ὲντρέπεσθε,
2452 5470 2472 5504 ι
2503 5450 2624 5506 novi
2673 5448 2932 5519 quoniam
2980 5446 3319 5501 verecunda—

1750 5546 1947 5601 mini.)
1981 5544 2060 5599 Ad
2105 5543 2576 5612 Philadelphicos,
2608 5538 2747 5593 οἶδεν
2796 5538 2904 5610 γὰρ
2953 5537 3118 5591 πόθεν
3160 5536 3320 5610 Ερχετ

126 5630 386 5691 exclamare
436 5639 597 5707 solet,
638 5640 854 5712 quoties
887 5640 1070 5711 aliqua
1118 5652 1362 5697 veterum
1394 5643 1647 5697 codicum

1827 5658 1858 5705 ι,
1884 5640 1979 5693 καὶ
2011 5636 2113 5691 ποῦ
2148 5639 2370 5706 ὑπάγει,
2394 5656 2412 5687 ι
2438 5636 2586 5691 novit
2616 5635 2760 5688 enim
2783 5633 2927 5687 unde
2947 5633 3117 5701 venit,
3133 5641 3187 5686 et
3207 5645 3319 5703 quo

128 5716 256 5779 lectio
276 5727 606 5787 sollicitatur.

179 5810 375 5881 Plinio:
407 5841 425 5875 ι
454 5820 759 5886 Editionem
792 5824 1037 5885 Graecam
1071 5825 1345 5897 vulgatam
1377 5825 1510 5887 nihil
1533 5841 1648 5881 mo~

1748 5732 1916 5789 vadit.
1943 5749 1961 5782 ι
1987 5730 2111 5786 llaec
2146 5729 2323 5800 primo
2357 5743 2454 5797 pro
2484 5726 2650 5782 certis
2677 5733 2733 5781 et
2761 5724 3084 5781 indubitatis
3118 5724 3314 5781 habeo.

1827 5824 1934 5885 Sed
1982 5824 2224 5898 disputat
2280 5821 2513 5883 Dallaeus
2554 5838 2622 5885 ex
2664 5819 2829 5883 veteri
2880 5817 3152 5887 versione,
3196 5831 3318 5889 qua
