3768 6332
383 310 489 367 379
1325 310 1384 366 S.
1422 308 1771 366 lGNATlUS.
1801 340 1868 351 —
1899 307 2434 366 PROLEGOMENA.
3520 296 3628 351 389

382 433 549 487 verba
578 429 823 488 auctoris
845 430 917 486 ita
948 433 1945 503 repraesentat,«postresurrectionem
1975 437 2022 495 Α
2048 432 2290 488 Athenas
2304 426 2590 494 subvertit,
2611 445 2631 479 ι
2648 439 2755 496 pro
2768 422 3039 495 καθαίρει,
3065 420 3318 485 «lustrat;
3340 436 3360 470 ι
3385 417 3482 488 qui
3505 418 3629 471 ιτε-

385 525 445 579 in
474 538 639 580 carne
662 539 786 579 eum
821 523 952 577 vidi.
978 542 998 575 ι
1028 522 1229 579 Verum
1259 540 1370 580 non
1395 524 1677 595 quaaritur,
1708 525 1838 595 quid
1860 524 1947 578 in-
2052 525 2293 599 ροδόξους
2327 542 2346 576 ι
2376 519 2473 578 eo's
2517 521 2612 591 qui
2653 519 2829 574 aliena
2875 534 2905 572 a
2937 516 3048 571 Deo
3094 510 3281 583 gloriae
3322 511 3628 581 cupiditate

385 620 596 685 terpres
621 614 828 679 fecerit,
856 613 949 668 sed
974 613 1108 684 quid
1138 623 1332 670 auctor
1355 614 1598 685 epistolas
1639 616 1948 685 scripserit,

2115 618 2190 688 pti
2218 624 2365 681 sunt,
2399 635 2417 668 ι
2451 614 2727 667 διάλεκτον
2749 609 3093 682 ἀνθρωπίνην
3134 628 3153 661 ι
3187 609 3486 663 humanam
3517 603 3629 657 fra-

369 714 444 787 ,ει
468 721 536 760 an
560 705 634 761 ita
661 705 927 774 interpres
950 705 1041 761 ille
1062 707 1306 761 auctoris
1327 707 1490 760 verba
1508 707 1733 762 reddere
1754 707 1956 762 debue-

2109 712 2336 773 litatem,
2380 728 2397 761 ι
2435 707 2503 761 τὰ
2528 706 2876 777 διαφέροντα,
2920 722 2939 755 ‹
2972 701 3303 766 did‘erentia,
3333 719 3351 750 ι
3402 696 3627 769 μείζονα

388 800 480 855 rit.
511 798 922 867 Simplicitatem
955 807 1009 854 et
1033 799 1193 854 ﬁdem
1223 800 1277 854 in
1304 815 1371 854 eo
1400 800 1640 867 laudem,
1668 801 1722 854 in
1767 801 1952 871 lingua

2109 802 2144 855 μῦ
2165 803 2342 857 λαλεῖν
2369 819 2387 853 ι
2418 800 2628 870 majora
2664 798 2835 868 loqui,
2871 817 2890 850 ι
2931 795 3396 867 πεντηκόνταρχον
3425 810 3444 843 ι
3464 790 3624 860 quin-

389 890 572 946 Graeca
602 890 850 960 peritiam
876 891 1017 945 haud
1047 891 1196 945 item.
1219 891 1389 959 {Quod
1415 906 1603 946 errare
1630 894 1867 961 potuerit
1896 892 1953 947 in

2111 895 2466 965 tagenarium,
2506 912 2524 944 ι
2549 892 2854 964 πυροφόρον
2878 887 3371 957 c.1l'rumentariunt,
3394 904 3414 936 ι
3433 883 3625 937 oldes-

387 983 671 1052 scriptoris
709 982 881 1038 Graeci
926 996 1107 1038 mente
1156 983 1501 1052 explicanda,
1541 998 1739 1054 negare
1793 999 1953 1040 nemo

386 1085 594 1148 potest;
620 1074 764 1146 quod
800 1076 903 1131 hoc
940 1076 1061 1133 loco
1102 1076 1385 1143 erraverit,
1412 1075 1644 1131 allirmo.
1673 1074 1778 1131 Sed
1802 1086 1957 1132 vetu-

388 1167 635 1223 stissimo
661 1166 944 1235 interpreti
982 1167 1141 1235 plane
1165 1166 1418 1235 congruit
1444 1163 1810 1237 Hieronymus
1833 1208 1848 1233 ,
1876 1166 1958 1222 fa-

387 1264 510 1314 teor
536 1273 551 1311 :
582 1272 772 1311 verum
801 1264 924 1327 post
966 1255 1354 1328 Hieronymum
1384 1257 1640 1312 dissentit
1674 1256 1952 1327 Bullinus;

388 1349 657 1419 qmeritur
705 1349 831 1419 quis
881 1358 1118 1405 mentem
1176 1350 1418 1405 auctoris
1467 1352 1653 1417 potius
1695 1352 1957 1421 attigerit,

390 1438 775 1510 Hieronymus,
809 1455 881 1493 an
925 1438 1196 1504 Bullinus,
1232 1439 1580 1507 Usserianus,
1613 1458 1682 1497 an
1709 1444 1959 1513 vulgatus

394 1532 691 1601 interpres;
724 1531 778 1585 id
818 1538 902 1586 est
958 1531 1025 1586 ad
1073 1533 1183 1586 vim
1214 1542 1268 1587 et
1314 1534 1770 1603 significationem
1810 1536 1959 1591 vocis

393 1618 511 1676 οἶδα
548 1622 774 1677 omnino
805 1623 1141 1678 redeundum
1189 1632 1291 1679 est.
1326 1625 1446 1694 Ipse
1494 1642 1599 1681 non
1633 1628 1797 1683 audet
1836 1643 1959 1683 cum

2053 987 2272 1049 τοῦντες
2298 984 2460 1057 ἀθετή
2469 1002 2614 1057 ματα
2644 1003 2662 1035 ι
2682 985 2778 1053 qui
2817 991 3139 1053 spreverunt
3160 986 3578 1037 contemnentes
3599 996 3619 1025 ι

2054 1078 2445 1147 interpretatus
2493 1084 2606 1143 est;
2653 1075 2748 1145 qui
2774 1089 2841 1129 ex
2875 1073 3019 1128 male
3060 1070 3350 1128 intellectis
3402 1067 3627 1123 Eusebii

2056 1169 2258 1225 Graecis
2292 1168 2637 1238 Apollonium
2666 1175 2968 1221 senatorem
3005 1163 3151 1225 fecit,
3198 1163 3415 1232 insigne
3449 1159 3501 1214 ei
3534 1174 3627 1213 vo-

2057 1258 2244 1315 lumen
2297 1260 2566 1323 attribuit,
2603 1258 2892 1328 ipsumque
2938 1256 2991 1310 in
3031 1256 3354 1325 Catalogum
3389 1254 3626 1323 scripto-

2060 1369 2182 1408 rum
2242 1352 2740 1407 ecclesiasticorum
2786 1347 3008 1402 retulit?
3050 1345 3126 1399 Ex
3160 1346 3320 1410 male,
3366 1344 3628 1412 inquam,

2058 1443 2347 1499 intellectis
2390 1441 2609 1497 Eusebii
2637 1439 2884 1498 Graecis:
2923 1437 3237 1505 conjectura
3274 1437 3426 1491 enim
3474 1434 3631 1489 lose-

2060 1535 2156 1605 phi
2188 1534 2449 1605 Scaligeri
2482 1532 2707 1587 omnino
2733 1531 3067 1603 repudianda
3096 1538 3200 1595 est,
3228 1530 3323 1599 qui
3359 1527 3633 1596 Hierony-

2019 1643 2232 1694 ,mum,
2283 1641 2409 1680 cum
2463 1625 2554 1680 illa
2603 1624 2889 1690 scriberet,
2941 1638 3050 1678 non
3106 1622 3356 1677 Graecum
3411 1618 3636 1675 Eusebii

397 1713 467 1769 iis
488 1714 815 1769 contendere
838 1714 933 1783 qui
963 1724 1161 1786 negant
1189 1715 1411 1770 verbum
1446 1712 1561 1769 οἶδα
1600 1734 1699 1787 pro
1726 1719 1833 1773 vidi
1870 1735 1962 1775 ac-
1992 1779 2030 1787 _
2061 1717 2358 1786 exemplar,
2420 1714 2512 1771 sed
2567 1714 2765 1769 Bullini
2816 1714 3323 1783 interpretationem
3377 1711 3639 1765 manibus

398 1804 505 1873 oipi
532 1819 712 1874 posse.
732 1792 837 1859 sed
854 1779 1266 1862 autilli'cumiis
1292 1779 1723 1863 contendendum
1742 1819 1844 1875 est,
1864 1820 1959 1866 aut
1992 1779 2036 1833 Β
2066 1779 2327 1866 habuisse
2360 1807 2578 1863 asserit.
2615 1806 2669 1861 Id
2700 1806 2844 1861 enim
2879 1779 2997 1861 ﬁeri
3029 1806 3180 1861 nullo
3224 1803 3395 1859 modo
3433 1803 3639 1872 potuit,

398 1909 597 1951 manus
620 1896 831 1951 dandae.
861 1896 996 1951 Cum
1020 1898 1167 1953 enim
1196 1914 1321 1953 vera
1352 1900 1510 1956 lectio
1538 1901 1651 1971 jam
1681 1911 1835 1958 extra
1859 1904 1964 1959 du-

396 1987 547 2041 bium
592 1987 767 2057 posita
812 1989 903 2055 sit,
949 1989 1085 2043 nihil
1134 1990 1283 2046 aliud
1328 1992 1383 2046 in
1425 1996 1793 2051 controversia
1838 1997 1966 2065 poni

396 2089 595 2149 potest,
621 2081 728 2134 nisi
751 2096 872 2151 qua:
906 2082 978 2136 sit
1005 2083 1255 2138 vocabuli
1286 2099 1412 2139 vera
1440 2093 1493 2140 et
1533 2088 1770 2154 genuina
1801 2088 1971 2160 signi-

395 2172 598 2228 ﬁcatio.
644 2172 747 2229 Sed
772 2183 828 2228 et
868 2193 887 2226 ι
923 2173 1295 2245 Sophronias,
1323 2177 1523 2249 inquit,
1554 2180 1605 2235 id
1633 2181 1811 2250 ipsum
1843 2197 1968 2251 per-

397 2264 587 2332 spicue
620 2266 893 2321 reddidit:
928 2286 946 2318 ι
998 2267 1138 2337 Ἐγὼ
1181 2268 1238 2321 δὲ
1276 2270 1414 2340 μετὰ
1451 2271 1548 2342 τὴν
1577 2272 1869 2325 ἀνάστασιν
1912 2274 1969 2326 ὲν

401 2356 614 2427 σώματι
639 2358 800 2412 αὑτὸν
829 2356 987 2414 εἶδον.
1015 2360 1178 2429 Quid,
1205 2379 1413 2432 quaeso,
1439 2372 1526 2418 est
1548 2364 1600 2418 id
1625 2366 1799 2434 ipsum
1824 2367 1970 2435 quod

384 2449 747 2518 .Sophronius
790 2454 1078 2521 perspicue
1115 2454 1388 2509 reddidit?
1415 2456 1543 2523 {non
1579 2457 1710 2511 illud
1756 2458 1823 2512 de
1864 2474 1973 2527 quo

398 2542 699 2611 qumritur;
732 2543 784 2597 id
808 2546 955 2599 enim
982 2555 1084 2613 est,
1113 2547 1244 2616 quid
1273 2556 1465 2603 auctor
1486 2551 1729 2619 epistolae
1750 2552 1977 2621 scripse-

400 2632 507 2698 rit;
544 2631 889 2704 Sophronius
920 2646 1102 2693 autem
1131 2654 1238 2692 non
1267 2642 1545 2695 transtulit
1568 2634 1856 2710 lgnatium,
1880 2644 1973 2698 sed

401 2722 600 2792 lgnatii
650 2726 1002 2797 interpretem
1050 2727 1467 2802 Hieronymum.
1534 2732 1590 2786 Si
1645 2750 1705 2789 se
1763 2733 1974 2805 lgnatio

404 2814 744 2872 Scholiasten
770 2820 1090 2889 praebuisset
1114 2822 1203 2875 ille
1225 2822 1478 2891 quisquis
1504 2833 1587 2879 est
1613 2825 1703 2894 qui
1733 2825 1978 2896 Sophro-

404 2908 530 2963 nius
564 2909 785 2974 dicitur,
828 2928 1107 2981 nunquam
1151 2908 1265 2966 οἶδα
1312 2930 1406 2983 per
1445 2910 1581 2970 εἶδον
1628 2917 1972 2974 reddidisset.

406 2999 513 3055 Sed
544 3018 669 3057 cum
700 3001 1018 3074 Hieronymi
1064 3005 1265 3060 librum
1300 3008 1686 3078 interpretatus
1733 3019 1847 3075 est,
1879 3010 1971 3080 qui

2067 1918 2192 1959 cum
2241 1910 2322 1957 tot
2369 1900 2527 1956 annis
2570 1898 2891 1969 Catalogum
2923 1898 3207 1968 scripserit
3236 1895 3638 1965 Hieronymus.

2070 2002 2363 2064 antequam
2410 1991 2630 2047 Eusebii
2664 1990 2964 2046 Historiam
2995 1998 3231 2046 verteret
3264 1988 3543 2044 Rufﬁnus.
3587 1986 3637 2040 Si

2071 2087 2125 2140 in
2155 2086 2413 2140 omnibus
2447 2085 2534 2139 liis
2564 2083 2720 2149 locis,
2757 2083 2988 2154 aliisque
3029 2081 3407 2152 compluribus
3445 2101 3465 2133 ι
3504 2082 3552 2136 is
3572 2080 3639 2135 sit

2070 2180 2390 2236 verissimus
2442 2194 2659 2244 sensus,
2704 2194 2867 2248 quem
2917 2177 3139 2232 exhibet
3187 2175 3632 2247 Hieronymus,»

2070 2270 2321 2327 dabimus
2349 2278 2443 2324 aut
2472 2266 2588 2323 οἶδα
2618 2269 2927 2339 signiﬁcare
2961 2286 2979 2319 ι
3015 2269 3143 2334 vidi,
3175 2287 3198 2319 ι
3225 2276 3320 2322 aut
3350 2283 3541 2322 veram
3573 2267 3638 2320 le-

2072 2360 2309 2416 ctionem
2340 2375 2461 2415 esse
2507 2356 2662 2413 εἶδον.
2698 2360 2802 2414 Sed
2831 2362 2964 2414 'cum
3010 2359 3120 2423 ille,
3165 2358 3250 2412 vel
3301 2374 3404 2427 per
3455 2374 3638 2427 prope-

2073 2454 2350 2518 rantiam,
2418 2453 2504 2507 vel
2575 2468 2672 2522 per
2726 2453 3241 2511 hallucinationem.
3298 2467 3410 2505 non
3471 2452 3639 2505 minus

2075 2543 2223 2597 hunc
2271 2543 2449 2598 locum
2485 2558 2650 2612 quam
2705 2544 2843 2599 alios
2894 2543 3215 2598 innumeros
3259 2543 3454 2596 minus
3506 2553 3641 2595 recte

2074 2635 2301 2689 reddere
2326 2635 2588 2705 potuerit,
2620 2650 2747 2689 vera
2782 2635 2943 2690 lectio
2966 2635 3210 2705 epistolas
3231 2634 3445 2689 Graeca:
3476 2649 3643 2704 neque

2075 2727 2339 2782 mutanda
2370 2735 2558 2782 contra
2594 2728 2840 2781 omnium
2872 2727 3121 2783 codicum
3161 2742 3529 2791 consensum,
3558 2744 3645 2781 ne.

2075 2835 2183 2891 que
2211 2821 2389 2875 aliena
2424 2820 2868 2889 interpretatione
2896 2820 3265 2890 detorquenda
3297 2829 3407 2886 cst,
3464 2829 3643 2874 contra

2074 2911 2333 2982 loquendi
2386 2912 2610 2966 modum
2665 2911 2870 2967 Grtecis
2917 2911 3438 2967 familiarissimum.
3496 2911 3646 2966 Certo

2078 3005 2422 3076 Freculphus
2455 3005 2783 3075 praecellenti
2821 3003 3134 3075 Hieronymi
3184 3003 3501 3057 eruditione
3546 3001 3646 3054 mi-

402 3093 513 3147 vidi
545 3094 853 3164 scripserat,
891 3095 1023 3149 illud
1059 3112 1154 3166 per
1182 3092 1317 3150 εἶδον
1345 3100 1597 3165 reddidit,
1631 3117 1724 3169 per
1749 3097 1869 3154 οἶδα
1888 3116 1974 3155 re—
2002 3120 2046 3177 ο
2079 3098 2224 3152 nime
2255 3104 2458 3159 motus,
2493 3112 2616 3152 cum
2653 3113 2719 3151 ex
2754 3098 2846 3151 illo
2875 3097 3194 3168 plerumque
3224 3094 3413 3149 omnia
3450 3092 3627 3148 exscri

403 3191 490 3239 cte
536 3185 760 3241 reddere
792 3203 900 3241 non
931 3188 1125 3257 potuit.
1163 3187 1234 3243 Ut
1262 3205 1394 3244 voce
1441 3209 1459 3241 ι
1490 3190 1819 3257 Quadratus,
1850 3211 1867 3244 ι
1918 3194 1976 3245 ὲν

417 3274 680 3330 Ἐλευσῖνι
710 3280 997 3348 γενόμενος
1024 3280 1181 3346 dixit,
1208 3280 1522 3349 Hieronymi
1553 3283 1765 3349 Latina,
1791 3303 1808 3335 ι
1832 3285 1975 3338 invi-

405 3382 535 3424 sens
556 3366 892 3433 Eleusinem,
919 3372 1267 3441 irespiciens,
1284 3388 1392 3427 non
1418 3383 1595 3427 autem
1612 3374 1702 3429 illa
1725 3391 1845 3445 quae
1860 3374 1979 3431 Hie-

405 3475 670 3531 ronymus
707 3475 817 3530 prae
850 3462 1024 3518 oculis
1060 3464 1269 3527 habuit,
1312 3464 1609 3520 Ἐλευσίνια
1641 3468 1972 3521 ἐποπτεύων.

479 3551 705 3621 Verum,
736 3572 756 3607 ι
784 3564 1058 3625 utcunque
1082 3572 1140 3612 se
1160 3571 1249 3612 res
1272 3557 1491 3623 habeat,
1516 3561 1827 3628 praecellens
1850 3560 1977 3617 Hie-

407 3646 621 3717 ronymi
655 3647 890 3702 eruditio
917 3647 1170 3703 dubitare
1214 3664 1321 3703 non
1358 3650 1509 3714 sinit,
1536 3652 1669 3721 quin
1704 3653 1777 3707 sit
1809 3653 1855 3708 is
1886 3669 1978 3708 ve-

407 3736 661 3792 rissimus
690 3752 906 3804 sensus,
938 3754 1099 3807 quem
1134 3740 1247 3809 ipse
1271 3740 1511 3796 exhibet.
1542 3743 1696 3798 Absit
1737 3745 1881 3798 enim
1920 3755 1978 3799 ut

407 3824 589 3879 virum
634 3833 843 3880 tantum
878 3829 1177 3883 nescivisse
1218 3841 1436 3898 putem,
1465 3831 1597 3901 quid
1627 3833 1698 3885 sit
1720 3833 1813 3885 τοῦ
1845 3828 1977 3886 οῖδα

409 3916 480 3971 ab
502 3912 667 3969 εἶδον
691 3916 774 3970 vel
801 3915 1029 3984 ἑώρακα
1051 3919 1368 3973 discrimeni
1401 3939 1419 3971 ι
1444 3919 1557 3974 Hoc
1582 3930 1727 3977 certe
1753 3923 1973 3978 unicum

408 4016 793 4077 argumentum
828 4008 893 4061 ad
929 4007 1070 4063 hanc
1105 4024 1217 4063 rem
1250 4012 1593 4080 appositum;
1626 4014 1769 4082 quod
1794 4023 1976 4071 tamen

412 4095 728 4169 Hieronymi
755 4098 811 4151 in
839 4096 1027 4154 Graeca
1059 4099 1246 4170 lingua
1276 4103 1644 4172 perspicacize,
1673 4114 1725 4158 et
1752 4105 1805 4158 in
1851 4124 1977 4161 ver-

409 4189 575 4244 tendo
622 4204 767 4243 cura:
795 4198 959 4259 atque
983 4189 1278 4260 diligentia:
1315 4200 1575 4262 tanquam
1625 4194 1976 4253 fundamento

411 4280 683 4335 innititur.
720 4279 796 4335 De
825 4278 1116 4349 posteriori
1148 4282 1435 4338 audiamus
1463 4284 1637 4353 ipsum
1681 4284 1734 4338 in
1780 4286 1975 4355 prmia-

410 4373 561 4427 tione
589 4371 848 4427 Chronici
895 4372 1186 4428 Euscbiani
1225 4392 1237 4428 :
1276 4392 1295 4424 ι
1331 4372 1589 4441 Obsecro,
1624 4384 1683 4429 ut
1712 4377 1975 4447 quidquid

2076 3191 2204 3245 bere
2237 3190 2457 3253 soleret,
2484 3188 2585 3243 ista
2623 3199 2800 3242 tamen
2826 3189 2881 3242 in
2903 3189 3019 3243 haec
3036 3190 3197 3244 verba
3226 3191 3488 3255 mutavit,
3518 3199 3644 3244 tom.

2076 3280 2141 3346 ll,
2172 3281 2268 3336 lib.
2306 3296 2366 3345 ιι,
2404 3296 2525 3349 cap.
2565 3280 2621 3333 ll
2660 3298 2673 3333 :
2704 3297 2723 3331 ι
2761 3277 2874 3350 Ego
2900 3294 3032 3335 vero
3058 3288 3112 3334 et
3139 3288 3262 3349 post
3290 3281 3649 3333 resurrectio-

2076 3388 2198 3428 nem
2235 3372 2287 3426 in
2314 3386 2481 3427 carne
2506 3388 2628 3426 eum
2657 3371 2826 3426 fuisse
2850 3371 2983 3437 scio,
3017 3381 3071 3426 et
3100 3372 3263 3426 credo
3288 3372 3422 3441 quia
3455 3374 3593 3427 scio.
3624 3390 3642 3423 ›

2149 3463 2252 3518 Sed
2286 3478 2508 3519 sensum
2540 3462 2609 3516 ab
2631 3460 2960 3533 Hieronymo
2989 3461 3261 3517 redditum
3298 3462 3648 3517 verissimum

2076 3572 2199 3611 esse
2230 3556 2514 3611 contendit
2539 3556 2623 3610 vir
2661 3555 3015 3610 doctissimus
3046 3570 3111 3609 ex
3156 3573 3174 3606 ι
3212 3554 3356 3611 fama
3380 3557 3455 3612 de
3489 3557 3648 3612 Chrio

2078 3655 2162 3703 sto
2191 3647 2259 3701 ab
2286 3647 2493 3717 lgnatio
2524 3646 2581 3700 in
2616 3661 2780 3700 carne
2813 3646 2949 3713 viso,
2976 3662 3100 3716 qua:
3122 3647 3275 3713 junde
3305 3647 3415 3701 nisi
3445 3665 3513 3703 ex
3549 3650 3651 3704 hoc

2076 3737 2319 3806 epistola:
2365 3736 2487 3791 loco
2542 3744 2839 3807 propagata
2872 3735 2965 3800 sit,
3016 3736 3199 3790 dicere
3239 3738 3325 3791 vel
3375 3738 3650 3808 suspicari

2076 3827 2391 3883 dillicillime
2431 3836 2535 3893 est,
2566 3826 2869 3897 praesertim
2904 3827 3047 3896 apud
3076 3827 3296 3883 Graecos
3327 3829 3650 3885 Latinorum

2077 3919 2191 3974 fere
2219 3920 2484 3973 librorum
2522 3918 2848 3975 incuriosos.
2886 3936 2908 3971 ι
2939 3916 3141 3974 Demus
3176 3918 3396 3975 Graecos
3429 3920 3651 3975 Latino.

2068 4026 2199 4079 vrum
2251 4010 2515 4065 librorum
2572 4010 2883 4065 incuriosos
2932 4009 3123 4077 fuisse,
3160 4026 3345 4067 nonne
3393 4011 3649 4068 Grzecum

2074 4102 2275 4156 librum
2332 4102 2660 4168 habuerunt,
2707 4118 2774 4157 ex
2825 4118 2934 4171 quo
2964 4118 3088 4156 eum
3131 4118 3375 4157 errorem
3432 4104 3653 4159 haurire

2075 4203 2390 4265 potuerunt.
2432 4192 2705 4262 Quidquid
2758 4210 2778 4245 ι
2809 4192 2917 4247 vidi
2945 4213 2962 4244 ι
3015 4193 3161 4261 apud
3214 4192 3650 4266 Hieronymum,

2078 4285 2218 4340 idem
2252 4280 2387 4337 εἶδον
2415 4284 2553 4353 apud
2587 4282 2955 4352 SOphronium
2989 4283 3202 4339 ellicere
3228 4268 3437 4354 potuit
3475 4305 3489 4339 :
3539 4299 3653 4341 erat

2079 4386 2259 4431 autem
2295 4374 2590 4446 Sophronii
2615 4375 2795 4429 versio
2818 4373 3021 4430 Graecis
3049 4376 3400 4444 sequentium
3429 4378 3654 4432 saeculo-

409 4464 518 4522 hoc
548 4465 893 4520 tumultuarii
918 4465 1100 4535 operis
1116 4473 1222 4531 est,
1246 4467 1573 4534 amicorum,
1598 4484 1705 4523 non
1724 4469 1972 4538 judicum
2008 4484 2051 4539 ι)
2080 4483 2203 4520 rum
2252 4467 2422 4536 probe
2467 4467 2704 4536 cognita.
2759 4464 2956 4521 Suidas
3000 4480 3123 4519 eum
3159 4465 3468 4535 smpissime
3504 4477 3653 4522 tran-

407 4560 598 4614 animo
630 4560 883 4631 relegatis
911 4581 923 4616 :
955 4560 1252 4629 praesertim
1283 4576 1407 4616 cum
1440 4572 1494 4617 et
1524 4564 1753 4628 notario,
1781 4573 1840 4618 ut
1866 4565 1975 4619 sci-

410 4648 503 4713 tis,
536 4650 875 4706 velocissime
902 4652 1240 4707 dictaverim.
1277 4672 1296 4705 ι
1329 4652 1539 4707 Mallem
1572 4654 1803 4708 aliorum
1830 4654 1978 4723 judi-

410 4741 557 4795 cium
608 4757 772 4811 quam
822 4759 1004 4798 meum
1047 4744 1114 4799 de
1161 4745 1404 4815 utraque‘
1436 4744 1709 4814 accipiant
1754 4745 1973 4800 eruditi.

418 4853 439 4887 ι
476 4832 621 4899 Quot
649 4842 704 4888 et
730 4845 935 4904 quanta
966 4837 1209 4905 peccavit
1248 4837 1522 4891 maximus
1558 4838 1660 4899 vir,
1698 4853 1849 4893 nunc
1880 4854 1978 4907 per

411 4927 837 4999 prOperantiam,
880 4943 1025 4981 nunc
1068 4942 1164 4996 per
1197 4928 1699 4993 hallucinationem,
1732 4947 1750 4980 ι
1789 4930 1978 4983 obser-

411 5017 559 5073 vavit
600 5015 873 5084 Josephus
914 5017 1173 5087 Scaliger.
1224 5018 1290 5072 Et
1321 5019 1510 5088 quidni
1548 5020 1636 5074 ille
1680 5021 1975 5075 discrimen

412 5111 553 5166 inter
582 5106 700 5163 οἶδα
727 5119 780 5164 et
808 5105 947 5161 εἶδον
979 5124 1086 5162 non
1124 5108 1597 5173 animadverteret,
1626 5112 1719 5181 qui
1752 5129 1980 5183 στρατη-

412 5200 538 5270 γίαν
567 5216 693 5255 cum
738 5200 983 5270 στρατιᾷ,
1025 5197 1341 5267 στρατεύειν
1370 5216 1491 5254 cum
1531 5200 1818 5270 μάχεσθαι,
1874 5202 1978 5265 ἕως

412 5292 601 5346 τούτου
635 5307 759 5347 cum
790 5290 919 5363 περὶ
964 5289 1149 5344 τούτου
1196 5289 1473 5360 confudit;
1510 5294 1602 5362 qui
1631 5293 1873 5365 γνώμην,
1924 5294 1978 5348 id

414 5392 496 5438 est
532 5402 550 5435 ι
578 5384 924 5449 sententiam,
964 5400 984 5434 ι
1019 5397 1119 5453 pro
1155 5401 1174 5434 ι
1205 5382 1449 5437 subsidio
1486 5404 1503 5437 ι
1543 5385 1765 5451 habuit;
1803 5387 1895 5455 qui
1918 5385 1977 5439 τὸ

418 5473 711 5545 βασιλειᾷν,
737 5474 787 5528 id
813 5482 895 5529 est
916 5474 1256 5530 aﬂ‘ectioncm
1282 5476 1457 5545 regni,
1492 5474 1590 5546 pro
1625 5478 1770 5549 regia
1798 5478 1977 5534 indole

415 5564 651 5634 accepit;
681 5552 774 5635 qui
793 5566 927 5637 μετὰ
950 5568 1057 5620 τῶν
1080 5567 1390 5622 ἀποστόλων
1427 5587 1445 5619 ι
1473 5579 1595 5638 post
1626 5571 1928 5641 apostolos;
1951 5591 1969 5624 ι

417 5656 473 5722 ἒξ
514 5657 741 5721 ἐκείνου,
786 5658 892 5714 hoc
937 5666 1021 5714 est
1054 5676 1072 5709 ι
1107 5659 1174 5714 ab
1223 5660 1316 5714 illo
1365 5669 1627 5731 tempore,
1661 5682 1679 5714 ι
1720 5663 1774 5717 in
1819 5662 1974 5732 hujus

422 5747 814 5806 wmulationem
862 5747 1127 5817 reddidit;
1176 5751 1270 5822 qui
1321 5751 1456 5808 dixit
1497 5771 1509 5807 :
1578 5772 1595 5806 ι
1630 5751 1973 5825 Epimenides

2082 4556 2275 4611 scribit
2314 4575 2326 4610 :
2364 4567 2419 4612 et
2452 4566 2580 4611 ante
2612 4556 2835 4611 Suidam
2882 4556 3113 4611 Photius
3152 4556 3406 4613 eumdem
3451 4575 3653 4631 cogno-

2079 4648 2223 4702 visse
2255 4648 2701 4717 deprehenditur.
2749 4646 2821 4702 Ut
2860 4647 3022 4718 igitur
3054 4647 3367 4720 Hieronymi
3406 4648 3649 4711 Latinis,

2080 4740 2154 4794 ita
2186 4739 2483 4809 Sophronii
2509 4740 2687 4795 versio
2716 4740 2921 4795 Graecis
2957 4738 3135 4795 fraudi
3162 4756 3283 4794 esse
3318 4741 3521 4809 potuit.
3552 4740 3652 4794 Sed

2077 4847 2198 4886 eam
2226 4830 2425 4885 faniam
2451 4848 2519 4885 ex
2562 4833 2665 4887 hoc
2698 4832 2819 4885 loco
2842 4842 3014 4887 ortam
3044 4846 3167 4886 esse
3201 4831 3508 4885 verisimile
3546 4850 3651 4886 non

2078 4934 2163 4980 est
2203 4943 2216 4979 :
2271 4925 2359 4980 hic
2394 4925 2539 4978 enim
2591 4925 2845 4991 traditur,
2899 4932 2959 4978 ut
2996 4923 3073 4977 illi
3116 4923 3327 4989 volunt,
3377 4922 3647 4993 lgnatium

2078 5027 2202 5088 post
2235 5018 2688 5072 resurrectionem
2721 5017 3005 5071 Christum
3036 5016 3087 5069 in
3115 5031 3280 5070 carne
3313 5015 3560 5071 vidisse:
3598 5025 3649 5069 at

2080 5109 2170 5162 illa
2192 5108 2343 5163 fama
2370 5109 2507 5163 nihil
2533 5109 2639 5163 tale
2661 5108 2903 5171 tradidit,
2935 5107 3026 5161 sed
3051 5106 3329 5176 lgnatium
3349 5106 3501 5163 inter
3529 5123 3648 5177 par-

2078 5202 2234 5256 vulos
2267 5202 2335 5255 ad
2383 5201 2662 5256 Christum
2714 5200 2978 5253 adductos
3025 5198 3192 5253 fuisse
3233 5200 3408 5268 ipsius
3447 5198 3647 5254 Christi

2079 5294 2333 5348 manibus
2364 5303 2670 5363 exceptum.
2702 5291 2827 5347 Hmc
2861 5302 3040 5346 autem
3072 5291 3182 5345 duo
3218 5302 3347 5346 sunt
3376 5292 3539 5361 plane
3574 5291 3650 5346 di-

2078 5402 2255 5441 versa.
2292 5385 2350 5440 Si
2382 5387 2625 5458 lgnatius
2653 5385 2883 5439 dixisset
2915 5400 2972 5439 se
3016 5383 3221 5439 vidisse
3266 5384 3555 5438 Christum
3596 5384 3646 5438 in

2079 5492 2244 5533 carne
2270 5488 2392 5547 post
2416 5475 2895 5542 resurrectionem,
2956 5492 3024 5531 an
3052 5476 3344 5546 quisquam
3377 5475 3508 5530 inde
3540 5476 3649 5529 col-

2078 5569 2286 5641 ligeret,
2318 5571 2569 5625 eumdem
2596 5569 2754 5639 quasi
2798 5568 3108 5639 puerulum,
3148 5567 3411 5621 manibus
3448 5566 3645 5621 Christi

2079 5671 2353 5734 gestatum
2408 5661 2581 5717 fuisse
2630 5669 2755 5715 ante
2811 5659 2933 5730 ejus
2978 5658 3251 5713 mortem?
3290 5672 3456 5712 nemo
3497 5671 3647 5711 sane.

2080 5754 2311 5811 Aliunde
2371 5753 2535 5825 igitur
2562 5768 2625 5809 ea
2669 5752 2810 5810 fama
2851 5760 2967 5807 orla
3007 5758 3119 5817 est;
3156 5764 3333 5820 neque
3375 5747 3429 5803 id
3472 5746 3659 5817 suspia
