3768 6322
76 333 153 391 381
716 334 769 391 J.
828 331 1194 397 PEARSONII
1232 341 1556 402 VINDICUE
1596 347 2015 407 IGNATIANIE.
2041 384 2109 392 —
2148 352 2330 411 PARS
2356 355 2422 414 Il.

3156 361 3264 418 38%

77 450 395 552 earidiﬁicile,
423 451 514 509 sed
549 452 606 552 in
632 468 889 552 promptu
915 469 1033 552 est.
1056 461 1138 517 Ex
1172 466 1399 524 nomine
1436 470 1582 525 enim
1613 477 1658 535 Α
1686 488 2081 543 pervacaneum
2131 486 2246 543 est,
2301 478 2394 534 sed
2445 493 2543 550 per
2590 486 2886 552 utrumque
2931 480 3261 538 describitur

75 544 299 617 θεοφόρου
322 560 351 600 a
384 546 769 616 posterioribus
808 544 1072 611 Graeculis
1102 558 1331 614 conﬁcta
1356 570 1441 616 est
1478 570 1584 618 tra-

74 638 181 693 ditio
203 638 302 704 illa,
326 637 478 708 cujus
506 640 653 697 nulla
688 643 796 698 alia
818 646 1053 719 vestigia
1076 650 1219 720 apud
1248 652 1585 724 antiquiores

76 740 268 787 exstant.
309 730 409 799 Qui
460 733 607 789 illam
662 735 905 794 fabulam
958 744 1358 813 excogitarunt,
1397 748 1587 805 dicunt

77 823 171 877 ideo
194 824 436 895 lgnatium
466 826 735 901 Θεοφόρον
774 831 1015 900 dictum;
1061 836 1155 891 sed
1186 839 1359 893 multo
1387 842 1583 897 verisi-

75 915 222 970 milius
257 926 332 971 est
354 917 493 986 {ideo
523 934 647 975 eam
676 920 918 979 fabulam
963 927 1327 999 excogitatam
1373 930 1543 988 fuisse
1565 974 1582 1002 ,

74 1008 173 1077 quia
196 1023 303 1063 eum
330 1008 592 1083 Θεοφόρον
625 1013 831 1070 dictum
864 1030 1255 1091 cognoverant,
1305 1024 1450 1093 quod
1484 1041 1584 1081 no—

74 1118 169 1157 men
198 1103 297 1174 ipsa
339 1102 517 1161 fabula
571 1106 735 1180 longe
777 1111 1060 1182 antiquius
1100 1122 1186 1171 est
1231 1134 1243 1169 :
1275 1118 1342 1173 de
1361 1123 1490 1189 {qua
1522 1136 1585 1178 re

74 1202 223 1262 postea
254 1194 350 1249 erit
368 1194 748 1255 disserendum
784 1201 970 1259 latius.

126 1285 229 1342 llaec
255 1303 371 1343 cum
403 1289 470 1344 ad
500 1291 662 1347 ﬁdem
695 1293 1013 1353 Graecorum
1043 1301 1293 1357 codicum
1327 1306 1582 1363 tuendam

72 1388 113 1434 et
148 1395 305 1435 verum
336 1381 617 1453 scriptoris
666 1401 887 1443 sensum
923 1405 954 1445 a
1004 1393 1188 1461 pravis
1232 1396 1583 1455 versionibus

74 1472 400 1530 vindicandum
443 1476 691 1535 suﬁicere
719 1491 976 1551 possent;
1014 1485 1242 1542 ulterius
1282 1488 1584 1545 observan-

72 1566 171 1620 dum
208 1577 279 1623 est
327 1569 810 1638 prudentissimum
861 1575 1055 1631 harum
1115 1595 1297 1634 rerum
1341 1580 1582 1651 judicem

73 1656 299 1728 llugonem
346 1659 593 1718 Crotium
636 1665 705 1721 de
751 1667 855 1723 hac
888 1669 1006 1739 ipsa
1057 1673 1432 1729 controversia
1482 1674 1584 1729 ista

70 1752 122 1806 ad
148 1751 350 1808 Matthzei
377 1771 496 1826 cap.
530 1774 705 1813 xxvm
743 1761 1071 1818 adnotasse:
1106 1784 1122 1816 ι
1162 1764 1218 1819 Si
1248 1766 1372 1836 quis
1400 1767 1581 1822 locum

73 1840 221 1911 lgnatii
244 1859 357 1900 cum
393 1862 524 1902 cura
564 1849 840 1921 inspiciat,
870 1853 1088 1920 ,videbit
1114 1866 1316 1913 rectam
1349 1861 1585 1924 esse.le-

70 1936 257 1992 ctionem
282 1934 410 2005 οἴδα,
441 1956 621 2012 neque
645 1944 713 1999 de
754 1946 909 2003 visus
938 1963 1105 2005 sensu
1135 1950 1212 2005 ibi
1246 1953 1353 2023 agi,
1390 1954 1483 2009 sed
1516 1955 1585 2011 de

75 2027 168 2097 ﬁde,
204 2046 349 2102 quam
381 2050 488 2089 non
535 2051 659 2101 suo,
694 2039 787 2094 sed
830 2040 1064 2099 aliorum
1107 2046 1421 2101 testimonio
1452 2062 1585 2103 con-

73 2120 225 2181 ﬁrmat.
257 2145 274 2179 ι
332 2125 675 2188 Rectissime.
714 2130 910 2191 Adhuc
959 2145 1140 2193 tamen
1177 2136 1411 2196 Dallaeus
1463 2142 1584 2198 loco

73 2215 263 2285 inspecto
289 2221 465 2279 videre
497 2225 603 2280 sibi
634 2228 786 2285 visus
816 2237 901 2285 est
934 2232 1107 2287 multo
1133 2248 1254 2289 esse
1284 2235 1585 2305 appositio-

73 2324 156 2363 rem
179 2309 635 2385 Hieronymianum
668 2333 833 2390 quam
874 2318 1195 2376 Grotianum
1224 2338 1483 2390 sensum;
1510 2325 1586 2380 id-

70 2414 152 2468 que
172 2402 230 2457 ob
264 2405 391 2462 duas
421 2408 698 2475 rationes,
747 2426 980 2481 quarum
1026 2412 1205 2482 prima
1250 2430 1281 2469 a
1314 2416 1584 2486 particula

73 2492 151 2561 γάρ
168 2494 365 2564 petitur,
411 2515 577 2570 quam
613 2503 900 2558 ostendere
928 2504 1045 2559 vult
1101 2505 1418 2577 scriptorem
1459 2525 1583 2565 ver-

74 2577 135 2633 bis
160 2587 480 2653 sequentibus
520 2589 643 2661 ejus
689 2593 835 2662 quod
866 2597 1296 2664 praecedentibus
1339 2598 1580 2668 dixerat,

74 2672 281 2731 rationem
330 2679 540 2737 aﬁ‘erre.
599 2682 819 2741 Dixerat
874 2695 1057 2741 autem
1113 2686 1394 2745 Christum
1458 2707 1584 2748 vere

74 2775 293 2824 mortuum
322 2780 372 2826 et
417 2776 804 2832 resuscitatum
846 2796 859 2833 :
892 2780 1048 2849 cujus
1076 2782 1155 2836 rei
1191 2784 1457 2853 optimum
1494 2801 1584 2840 ar-

74 2870 349 2930 gumentum,
369 2867 513 2936 quod
542 2867 723 2939 ipsum
754 2871 806 2925 iu
832 2885 997 2927 carne
1018 2876 1402 2931 resuscitatum
1427 2877 1581 2933 vide-

72 2948 137 3002 rit.
156 2949 250 3008 lmo
271 2970 388 3012 vero
417 2974 519 3015 nec
545 2962 816 3031 particula
842 2965 950 3036 γάρ
978 2968 1247 3022 rationem
1282 2970 1580 3040 superioris

74 3045 332 3134 assertionis
359 3052 625 3115 continet,
658 3070 836 3125 neque
886 3059 1029 3114 visio
1060 3060 1174 3128 illa,
1206 3077 1373 3131 quam
1413 3061 1577 3134 lgna-

1688 568 1984 638 Apostolus
2014 568 2465 641 πληροφορηθείς.
2500 568 2643 637 Quin
2665 580 2721 627 et
2761 572 2891 627 alibi
2914 573 3252 643 coniunctim

1688 658 1975 728 expressit,
2008 658 2104 712 καὶ
2147 657 2304 713 τοῦτο
2344 659 2617 725 πεποιθὼς
2664 657 2801 730 οἶδα,
2849 660 3045 733 Philip.
3095 680 3134 726 l,
3165 664 3256 720 25.

1688 748 1861 817 Quem
1895 751 2155 808 imitatus
2201 760 2285 807 est
2323 750 2383 808 S.
2426 752 2757 811 Athanasius
2804 764 2945 810 orat.
2991 756 3017 810 1
3078 765 3259 810 contra

1686 841 1913 897 Arianae
1949 859 1967 896 :
1996 839 2126 898 Οἶδα
2167 843 2276 915 γὰρ
2321 846 2415 898 καὶ
2446 844 2746 917 πέπεισμαι
2790 848 2871 901 ὅτι
2904 851 3016 912 τοῖς
3054 849 3261 920 ὑπομέ-

1688 949 1870 986 νουσιν
1909 933 2061 988 ἐσται
2098 935 2288 1005 μισθὸς
2331 935 2438 990 ἀπὸ
2461 937 2554 989 τοῦ
2580 939 2872 1010 Σωτῆροςι
2904 958 2923 992 t
2958 940 3085 996 Scio
3110 943 3258 996 enim

1685 1030 1740 1077 et
1768 1031 1976 1077 certum
2020 1024 2198 1081 habeo
2239 1027 2526 1095 praemium
2562 1028 2629 1084 iis
2668 1030 2762 1099 qui
2804 1031 3079 1086 sustinent
3106 1034 3261 1087 retri-

1685 1116 1961 1171 buendum
1988 1132 2109 1174 esse
2133 1134 2165 1174 a
2197 1117 2502 1175 Salvatore.
2536 1140 2556 1173 ι
2593 1120 2665 1177 Ut
2698 1122 2841 1177 idem
2881 1124 2954 1179 sit
2980 1125 3122 1194 apud
3150 1142 3253 1180 nu-

1685 1215 1879 1262 strum.
1910 1204 2039 1262 Οἶδα
2064 1210 2158 1263 καὶ
2194 1210 2457 1278 πιστεύω,
2488 1212 2634 1280 quod
2668 1211 2821 1277 εἰδὼς
2866 1214 3124 1283 πιστεύω,
3161 1226 3258 1273 aut

1686 1297 1956 1352 πιστεύων
1988 1294 2121 1352 οἶδα,
2152 1297 2300 1353 Nihil
2322 1299 2467 1355 enim
2496 1300 2641 1355 aliud
2676 1316 2841 1371 quam
2870 1301 3179 1357 ﬁrmitatem
3203 1314 3258 1359 et

1685 1390 2068 1446 certitudinem
2093 1391 2217 1446 ﬁdei
2242 1392 2702 1463 haecloquuntur:
2728 1412 2745 1445 ι
2774 1393 2877 1448 Sed
2902 1409 3025 1449 cum
3044 1394 3153 1449 duo
3174 1394 3257 1449 di-

1683 1498 1842 1537 versa
1865 1483 2029 1538 verba
2060 1484 2324 1553 posuerit,
2354 1485 2595 1540 ostendit
2621 1501 2679 1541 se
2710 1484 2990 1541 Christum
3019 1487 3072 1540 iu
3092 1502 3258 1542 carne

1686 1572 1858 1630 fuisse
1881 1575 2035 1630 aliter
2060 1591 2225 1632 nosse
2250 1592 2415 1647 quam
2444 1593 2569 1633 eum
2593 1577 2648 1631 in
2677 1577 2865 1632 eadem
2884 1593 3031 1634 nunc
3055 1592 3198 1632 esse.
3231 1595 3251 1629 ι

1686 1662 1785 1719 Hic
1799 1674 1944 1721 certe
1964 1666 2209 1720 omnium
2229 1667 2285 1721 in
2304 1667 2405 1722 hac
2422 1682 2480 1722 re
2500 1683 2771 1734 errorum,
2795 1676 2854 1723 ut
2874 1668 3006 1723 mihi
3022 1667 3254 1732 videtur,

1687 1754 1811 1813 fons
1840 1766 1946 1814 est.
1992 1755 2111 1813 Non
2155 1758 2374 1814 aliunde
2414 1760 2809 1815 hallucinatum
2860 1760 3032 1817 fuisse
3080 1760 3272 1831 primo'

1615 1822 1657 1882 Β
1685 1847 2097 1921 Hieronymum,
2123 1850 2248 1905 dein
2270 1848 2640 1922 interpretem,
2666 1867 2731 1907 ac
2755 1853 2971 1907 tandem
3000 1822 3257 1907 Dailaeum

1684 1942 1944 2002 arbitror.
1976 1943 2094 2000 Duo
2124 1944 2424 2016 signiﬁcari
2466 1944 2765 2001 Dominicae
2797 1946 2980 2001 carnis
3013 1955 3257 2016 tempora

1682 2034 1997 2100 voluerunt,
2027 2043 2152 2104 post
2195 2036 2654 2091 resurrectionem
2700 2036 2754 2089 in
2785 2036 2965 2100 terris,
3001 2046 3128 2106 post
3167 2053 3258 2093 as-

1682 2125 1994 2182 censionem
2044 2126 2099 2180 in
2125 2126 2301 2192 caelis,
2338 2141 2458 2195 quae
2488 2141 2518 2180 a
2550 2134 2731 2180 mente
2775 2127 3061 2196 scriptoris
3101 2143 3259 2198 pror-

1683 2236 1779 2275 sus
1801 2219 1978 2281 aliena
2008 2227 2151 2275 sunt.
2186 2217 2399 2274 Fictum
2426 2228 2507 2274 est
2532 2219 2662 2274 illud
2697 2238 2715 2270 ι
2745 2218 2936 2286 fuisse,
2970 2239 2989 2272 ›
3021 2223 3167 2291 quod
3190 2237 3258 2277 ex

1688 2312 1960 2369 Vairlenio
2011 2312 2319 2383 proferunt.
2374 2310 2619 2384 lgnatius
2675 2320 2885 2368 tantum
2942 2315 3078 2370 dixit
3130 2316 3259 2370 ὄντα

1683 2408 1829 2477 quod
1860 2423 1985 2461 cum
2032 2408 2089 2459 ὲν
2123 2407 2287 2479 σαρκί
2321 2407 2764 2477 conjungendum
2796 2418 2900 2464 est.
2954 2408 3092 2465 Illud
3134 2411 3260 2465 uni-

1684 2512 1810 2554 cum
1833 2505 1917 2551 est
1952 2497 2099 2565 quod
2129 2497 2220 2553 hic
2261 2495 2504 2566 lgnatius
2533 2498 2670 2555 dixit
2699 2516 2758 2555 se
2802 2500 2960 2570 plena
2994 2501 3099 2556 ﬁde
3141 2516 3261 2554 am-

1682 2589 1867 2659 plecti,
1910 2586 2194 2643 Christum
2241 2590 2300 2642 ὲν
2349 2591 2513 2662 σαρκὶ
2531 2591 2682 2658 ὄντα,
2716 2593 2896 2649 adhuc
2923 2594 3087 2648 etiam
3135 2605 3261 2664 post

1684 2682 2141 2737 resurrectionem
2170 2700 2189 2733 ι
2221 2680 2274 2734 in
2298 2697 2462 2737 carne
2492 2684 2867 2741 exsistentem.
2903 2705 2922 2738 ι
2956 2686 3033 2742 De
3071 2703 3259 2743 ascen-

1683 2776 1837 2832 sione
1886 2775 2022 2829 nihil
2076 2775 2166 2829 hic
2224 2775 2384 2843 dixit,
2436 2776 2568 2831 nihil
2616 2778 2890 2848 probavit.
2943 2779 3260 2838 Ridiculum

1682 2876 1767 2923 est
1798 2869 2117 2938 scriptorem
2153 2868 2263 2922 duo
2293 2868 2497 2937 dicere,
2542 2885 2775 2939 quorum
2817 2872 3051 2928 alterum
3090 2874 3257 2943 vidit,

1684 2961 1915 3016 alterum
1961 2962 2222 3028 credidit;
2256 2962 2455 3019 deinde
2500 2967 2657 3036 plura
2707 2968 3019 3021 testimonia
3065 2967 3260 3023 aﬁ‘erre

1681 3068 1783 3123 pro
1814 3068 1880 3109 eo
1909 3053 2055 3123 quod
2098 3054 2337 3121 viderat;
2372 3071 2470 3125 pro
2496 3072 2561 3112 eo
2581 3057 2725 3127 quod
2745 3058 2997 3123 credidit,
3021 3059 3254 3114 nullum.

75 3132 152 3188 lius
175 3147 361 3205 poterat
383 3142 703 3211 obtendere,
731 3161 832 3217 pro
857 3148 1100 3220 legitimo
1128 3132 1459 3224 argumento
1478 3154 1579 3208 ha-
1607 3168 1649 3227 ο
1684 3144 1879 3201 omnia
1903 3147 2047 3201 enim
2081 3162 2204 3216 (Ιυθε
2241 3158 2548 3217 δθίιυυηιυτ
2598 3152 2977 3207 ῑθηῑυιηωοίίο
3024 3153 3259 3223 ριόιηιιι

75 3224 157 3280 beri
184 3232 353 3298 potuit.
389 3233 666 3292 Particula
714 3240 824 3311 γάρ
858 3240 1021 3297 habet
1051 3242 1215 3298 aliam
1249 3245 1578 3314 particulam

74 3320 468 3394 uiadjunctam,
511 3345 636 3399 qua:
673 3332 909 3388 ostendit
942 3334 1262 3404 scriptorem
1317 3336 1383 3391 ad
1417 3338 1582 3393 aliam

74 3418 334 3476 sententiam
382 3422 585 3491 dilabi;
618 3426 736 3482 sive
768 3427 836 3482 ad
872 3428 1187 3485 ulteriorem
1236 3431 1583 3487 adversario-

74 3519 161 3562 rum
185 3513 589 3573 confutationem
621 3520 897 3590 progredi.
921 3521 1247 3577 Asserucrat
1277 3531 1402 3578 ante
1425 3522 1584 3578 Chri-

74 3606 181 3655 stum
205 3619 317 3661 vere
344 3624 588 3678 passum,
618 3620 673 3666 et
702 3626 828 3667 vere
855 3613 1099 3683 seipsum
1126 3615 1508 3682 resuscitasse,
1530 3623 1584 3670 et

75 3704 164 3759 post
185 3699 361 3755 nudam
392 3704 752 3759 assertionem
800 3720 956 3760 suam
993 3706 1297 3772 haereticos,
1328 3708 1422 3778 qui
1461 3723 1584 3763 eam

78 3797 152 3838 non
178 3787 530 3863 admittebant,
561 3796 927 3855 daemoniacos
955 3807 1276 3865 vocaverat;
1308 3800 1456 3855 addit
1480 3801 1580 3872 igi-

77 3884 138 3930 tur
164 3888 251 3936 tam
277 3899 468 3943 severa:
496 3888 897 3960 obiurgationis
931 3892 1194 3947 rationem
1225 3893 1584 3948 assertionem

76 3971 216 4039 aliam,
256 3992 409 4046 quam
446 3982 609 4051 plena
636 3983 744 4040 ﬁde
789 3985 1032 4055 seipsum
1085 3986 1338 4057 amplecti
1383 3987 1582 4055 docet,

75 4063 251 4133 scilicet,
282 4070 561 4128 Christum
608 4081 733 4144 post
783 4078 1246 4132 resurrectionem
1302 4078 1483 4133 adhuc
1528 4078 1584 4133 in

77 4166 198 4210 carne
244 4162 524 4229 exsistere,
579 4164 813 4237 ideoque
860 4167 1049 4225 statim
1107 4168 1360 4238 plurimis
1420 4185 1587 4241 argu-

76 4249 239 4316 mentis,
278 4268 339 4309 ex
389 4256 625 4314 aliorum
684 4259 998 4315 testimonio
1053 4261 1359 4317 conﬁrmat.
1409 4262 1587 4333 Argu-

78 4351 262 4398 mentum
294 4357 469 4404 autem
506 4365 539 4405 a
577 4361 877 4421 conspectu
907 4352 1101 4422 lgnatii
1126 4362 1222 4408 aut
1251 4369 1352 4424 pro
1379 4353 1588 4411 levissi-

76 4444 141 4485 mo
179 4435 365 4505 haberi,
400 4453 493 4499 aut
542 4458 643 4513 pro
674 4444 826 4500 nullo
865 4446 1050 4516 potius
1085 4446 1292 4501 debuit.
1330 4445 1389 4502 Si
1435 4448 1583 4502 enim

1682 3234 1983 3305 Christum,
2002 3237 2131 3292 dum
2156 3239 2210 3292 in
2229 3239 2387 3294 terris
2404 3250 2568 3306 esset,
2598 3241 2654 3295 in
2668 3258 2833 3298 carne
2850 3243 3021 3299 fuisse
3039 3261 3053 3310 ;
3081 3259 3258 3313 neque

1682 3326 1902 3381 aliunde
1934 3327 2039 3382 hoc
2069 3330 2221 3384 novit
2242 3338 2339 3383 aut
2363 3330 2595 3386 credidit
2629 3331 2888 3402 lgnatius,
2916 3335 3021 3390 nisi
3049 3351 3116 3391 ex
3149 3336 3259 3392 illis

1682 3435 1804 3489 qua:
1841 3425 2502 3491 sequunturtestimoniis.
2530 3425 2646 3481 lluc
2657 3428 2821 3483 etiam
2836 3430 3088 3497 pertinet,
3103 3433 3253 3501 quod

1682 3520 1875 3580 putant
1907 3508 2023 3567 οἶδα
2058 3518 2317 3584 praeteriti
2348 3519 2612 3587 temporis
2663 3520 3117 3588 signiﬁcationem
3166 3525 3264 3579 ha-

1682 3600 1813 3656 bere
1848 3604 2086 3659 πιστεύω
2128 3609 2431 3675 praesentis.
2473 3608 2589 3664 Hoc
2611 3620 2791 3665 autem
2819 3613 3021 3681 pariter
3056 3613 3257 3670 falsum

1683 3705 1787 3751 est.
1821 3695 2057 3753 Verbum
2085 3699 2230 3753 enim
2254 3695 2370 3754 οἶδα
2399 3702 2523 3757 licet
2545 3703 2718 3759 forma
2745 3706 2819 3760 sit
2845 3707 3104 3777 praeteriti
3130 3717 3260 3762 tem-

1683 3789 1855 3859 poris,
1869 3792 2009 3861 apud
2024 3791 2263 3859 Graecos,
2283 3804 2463 3850 tamen
2483 3797 2881 3869 signiﬁcatione
2898 3817 3136 3872 praesens
3152 3810 3255 3865 est,

1683 3890 1739 3937 et
1775 3897 1902 3937 cum
1943 3884 2114 3940 verbo
2142 3887 2423 3957 praesentis
2464 3892 2726 3960 temporis
2766 3893 2959 3955 eadem
2991 3893 3260 3965 signiﬁca-

1685 3975 1837 4031 tione
1878 3977 2122 4047 ponitur,
2150 3988 2209 4035 ut
2234 3980 2377 4051 apud
2402 3979 2736 4039 Homerum:

1816 4114 2016 4183 Αὐτὰρ
2045 4112 2159 4186 ἐγὼ
2191 4115 2354 4186 θυμῷ
2385 4116 2534 4171 νοέω
2558 4118 2655 4172 καὶ
2684 4118 2815 4174 οῖδα
2836 4119 3080 4174 ἕκαστα.

1756 4254 1991 4326 ideoque
2025 4254 2204 4310 Latini
2234 4256 2557 4326 interpretes
2585 4257 2753 4314 verbo
2791 4260 3079 4329 praesentis
3121 4268 3261 4317 tem-

1685 4350 1839 4419 poris
1867 4348 2122 4415 cll‘erunt,
2155 4358 2216 4403 ut
2242 4349 2433 4404 Matth.
2467 4366 2540 4417 vt,
2564 4350 2634 4405 5‘2
2660 4369 2674 4405 :
2708 4350 2842 4405 οἵδε
2867 4352 2977 4423 γὰρ
3005 4356 3037 4407 ὁ
3057 4353 3261 4421 Πατὴρ

1686 4436 1873 4506 ὑμῶν,
1926 4435 2042 4493 Scit
2078 4440 2219 4493 enim
2265 4440 2430 4493 Pater
2460 4449 2662 4505 vester;
2694 4457 2843 4508 xxiv,
2880 4442 2948 4497 56
2992 4461 3006 4498 :
3051 4443 3261 4510 οὐδεὶς

79 4520 139 4577 ille
156 4526 250 4595 jam
271 4531 334 4587 80
362 4533 534 4590 ferme
563 4536 725 4591 annis
752 4545 876 4607 post
908 4538 1220 4607 passionem
1249 4537 1463 4593 Domini
1488 4554 1583 4593 su-
1615 4520 1661 4578 Ι)
1686 4528 1832 4596 οἶδε,
1883 4529 2055 4585 Nemo
2110 4532 2230 4585 scit.
2278 4530 2622 4587 Glossarium
2674 4530 2867 4589 Vetus:
2904 4528 3056 4599 Οἶδα,
3122 4529 3258 4595 scio,

77 4625 235 4675 Dentes
280 4625 637 4693 asseruisset,
689 4642 749 4682 se
802 4627 984 4683 adhuc
1042 4628 1328 4698 parvulum
1384 4629 1590 4684 vidisse

77 4700 295 4765 Christum
336 4716 388 4770 in
418 4732 587 4773 carne
624 4728 749 4788 post
784 4719 1263 4785 resurrectionem,
1299 4718 1423 4789 quis
1454 4718 1588 4774 illud

78 4800 384 4863 testimonium
415 4809 483 4864 ad
533 4811 814 4865 veritatem
851 4811 1107 4866 humana:
1141 4820 1350 4866 natura:
1384 4809 1588 4866 Christi

78 4889 314 4960 quidquam
344 4901 524 4957 valere
572 4901 932 4957 concederet?
964 4902 1046 4956 An
1081 4918 1145 4957 ea
1194 4902 1413 4959 aetatula
1452 4901 1588 4958 satis

72 4996 187 5043 ww
219 4990 449 5060 judicare
500 4997 698 5068 potuit,
745 5008 932 5053 utrum
964 5013 1090 5053 vere
1133 5014 1204 5053 an
1248 4997 1589 5069 phantastice

77 5073 273 5139 Christus
312 5089 550 5159 seipsum
596 5091 939 5146 exhibuerit?
988 5089 1209 5147 Nullum
1253 5099 1403 5149 certe
1444 5089 1586 5146 Gro-

79 5169 188 5229 liano
210 5184 376 5236 sensui
412 5186 715 5254 periculum
746 5201 815 5240 ex
848 5185 1118 5256 particula
1151 5184 1279 5255 γάρ.
1310 5184 1583 5250 Secundo,

81 5258 229 5334 imluit,
262 5290 279 5323 ι
310 5272 364 5329 Si
408 5277 461 5331 id
505 5279 670 5333 vellet
719 5279 990 5349 scriptor,
1035 5277 1182 5351 quod
1216 5277 1294 5332 ait
1328 5275 1582 5342 Grotius,

79 5366 475 5425 suIlervaeaneum
503 5370 608 5424 erit
636 5370 863 5425 verbum
894 5364 1032 5423 οῖδα.
1066 5387 1084 5420 ι
1128 5367 1401 5423 Fortasse.
1440 5366 1584 5421 Fieri

79 5449 187 5504 enim
208 5465 362 5523 potest
381 5469 442 5515 ut
467 5462 525 5517 in
555 5462 763 5533 optimo
791 5462 1058 5533 scriptore
1098 5461 1392 5533 aliquando
1418 5462 1585 5515 voea-

80 5535 221 5626 bulum
246 5552 518 5610 redundet.
553 5554 658 5611 Sed
682 5570 1150 5626 supervacaneum
1176 5571 1285 5611 non
1306 5564 1411 5622 est,
1437 5553 1584 5622 quod

81 5625 171 5719 ridet
205 5640 561 5700 certitudinem
608 5657 662 5701 et
695 5625 1066 5719 πιηροφορίαν
1115 5646 1385 5719 adjungit.
1438 5647 1584 5702 Dixit

82 5714 123 5811 ξ·
148 5720 319 5788 Paulus
345 5754 357 5791 :
392 5737 536 5792 Οἶδα
562 5741 658 5794 καὶ
690 5714 1014 5811 πέπιεισνμιιι
1034 5740 1105 5794 ἐν
1121 5714 1315 5811 Κύρίῷ
1357 5741 1578 5810 Ἰησοῦ»

83 5808 201 5875 Rom.
228 5839 327 5896 xiv,
354 5830 437 5898 li,
473 5830 565 5889 ubi
598 5848 776 5911 neque
802 5808 920 5890 οἶδά
952 5851 1131 5908 neque
1161 5808 1462 5911 πεπεισμσι
1492 5808 1583 5897 stt-

1689 4635 1839 4686 noro,
1869 4637 2062 4689 nosco;
2119 4630 2174 4677 et
2198 4623 2347 4679 aliud
2390 4623 2767 4682 Glossarium:
2794 4622 2941 4691 Scio,
2966 4619 3103 4677 οἶδα.
3135 4621 3260 4694 Ety-

1686 4712 1993 4783 mologicon
2023 4715 2256 4778 :0Ia'0a,
2281 4715 2401 4769 ἀντὶ
2428 4715 2543 4782 τοῦ,
2560 4713 3068 4786 τινώσκεις.1ὶεςίε
3094 4716 3260 4787 igitur

1686 4801 1802 4858 οἶδα
1830 4813 2031 4860 etcum
2056 4804 2298 4859 πιστεύω
2326 4804 2699 4876 conjungitur,
2734 4814 2788 4861 et
2824 4806 2893 4862 ad
2915 4806 3058 4876 ίδντα
3092 4807 3261 4864 refer-

1687 4909 1797 4966 tur,
1823 4910 1884 4955 ιιι
1904 4901 1973 4955 ad
2012 4898 2426 4970 Xenophontem
2456 4895 2572 4953 οἶδα
2597 4900 2829 4972 ἐμαυτὸν
2866 4901 3067 4971 ἥττονα
3096 4899 3256 4965 ὄντα,

1686 5000 1835 5047 recte
1877 4991 2101 5048 unicum
2126 4991 2238 5053 hic
2263 4991 2539 5061 objectum
2571 4993 2696 5049 ﬁdei
2727 4993 3068 5067 agnoscitur,
3110 4991 3259 5062 quod

1685 5085 2049 5155 sequentibus
2080 5086 2411 5142 testimoniis
2436 5086 2809 5143 conﬁrmatur.
2833 5084 3021 5157 Neque
3041 5098 3171 5139 vero
3190 5096 3256 5137 ea

1686 5179 1871 5235 minus
1911 5176 2181 5250 lgnatium
2220 5179 2444 5246 decent,
2476 5188 2571 5235 aut
2608 5178 2678 5234 ad
2712 5192 2935 5233 sensum
2975 5172 3257 5243 scriptoris

1685 5274 1987 5329 eruendum
2020 5273 2195 5345 magis
2229 5274 2431 5341 valent,
2469 5273 2619 5345 quod
2662 5287 2771 5327 non
2797 5269 2989 5325 iisdem
3029 5281 3257 5337 prorsus

1685 5367 1869 5421 verbis
1898 5367 2302 5436 concipiantur,
2328 5383 2450 5437 qua:
2474 5382 2623 5425 nunc
2656 5367 2712 5420 in
2745 5363 3055 5435 Evangeliis
3076 5361 3257 5432 legun-

1687 5471 1796 5517 tur.
1819 5461 1899 5517 Ad
1928 5476 2047 5515 eam
2074 5477 2187 5516 rem
2228 5461 2589 5531 probandam,
2618 5474 2783 5531 quam
2826 5458 3062 5528 scriptor
3103 5470 3259 5511 asse-

1685 5562 1890 5620 ruerat,
1928 5552 2166 5612 maxime
2197 5553 2606 5608 accommodata
2642 5560 2799 5618 sunt;
2824 5559 2881 5605 at
2910 5549 2957 5606 si
2978 5549 3253 5619 duplicem

1685 5649 2049 5706 assertionem
2077 5646 2365 5713 faciamus,
2394 5659 2573 5714 neque
2596 5659 2783 5709 unam,
2820 5658 2997 5713 nequc
3026 5643 3254 5699 alteram

1686 5742 1939 5813 probant.
1970 5738 2091 5797 Non
2121 5738 2354 5810 probant
2380 5736 2646 5806 lgnatium
2685 5735 2965 5793 Christum
3004 5743 3128 5807 post
3164 5751 3279 5789 re--

1685 5832 2082 5893 surrectiouem
2109 5828 2346 5898 vidisse;
2384 5844 2491 5886 non
2518 5828 2812 5905 ostendunt
2834 5828 3110 5890 Christum
3133 5833 3257 5895 post
