3800 6208
448 309 556 368 383

1415 296 1474 352 S.
1513 290 1860 350 lGNATlUS.
1885 281 2496 344 -—PBOLEGOMENA.

453 424 834 485 ascensionem
883 424 943 480 in
990 435 1158 478 carne
1215 433 1338 475 esse
1359 459 1373 483 .
1433 415 1796 485 undecunque
1854 411 2020 482 igitur
2049 413 2097 473 Α
2126 421 2342 478 cunque
2369 404 2512 460 dicta
2537 399 2857 484 videantur,
2888 393 2954 451 ad
2992 394 3136 447 hunc
3164 387 3344 485 ipsum

3597 259 3714 316 εει

3389 378 3600 453 lgnati't
3624 377 3716 432 lo-

455 527 675 589 sumpta
705 523 853 582 sunt,
884 513 1188 571 secundum
1236 524 1459 565 sensum
1493 472 1829 560 Dallaearium
1869 472 2025 558 nihili
2124 472 2270 555 cum-
2298 498 2568 568 respicere
2613 477 2738 564 quis
2791 489 3033 553 dubitet,
3083 482 3200 589 sive
3245 477 3544 589 ξενισμὸνἐ
3595 472 3717 527 sive

455 620 608 666 sunt.
661 609 738 664 De
790 605 1099 678 apocrypha
1146 612 1274 658 ante
1317 602 1483 657 latius
1525 600 1860 669 disputatum
1905 606 2021 662 est;

457 703 548 758 hic
604 703 768 768 igitur
811 699 1077 754 concludo
1125 706 1403 752 auctorem
1453 693 1697 763 epistola:
1744 704 2025 759 nunquam

456 794 740 863 scripsisse
769 792 1049 846 Christum
1078 807 1108 844 a
1132 805 1190 845 se
1215 790 1268 842 in
1294 802 1458 844 carne
1487 786 1687 840 visum.

526 883 658 950 Quae
679 885 843 939 habet
867 885 932 939 de
956 883 1111 938 stella
1141 881 1315 950 magis
1337 879 1669 950 praelucente
1693 875 1843 930 nullo
1866 872 2028 928 modo

457 978 709 1034 ﬁctilium
743 977 1007 1047 lgnatium
1049 976 1317 1046 probant;
1354 986 1528 1039 neque
1555 971 1668 1040 ipse
1692 968 1894 1039 aliquid
1929 967 2028 1022 ob-

452 1069 594 1139 jicit,
629 1068 731 1122 nisi
757 1067 906 1138 quod
937 1065 1047 1120 sint
1076 1075 1282 1119 temere
1327 1062 1558 1131 scripta;
1599 1069 1654 1114 et
1689 1059 1834 1129 quod
1870 1071 2030 1112 nemo

456 1163 819 1230 interpretum
873 1175 936 1214 ea
983 1159 1055 1213 sit
1107 1165 1347 1212 secutus.
1403 1153 1577 1207 Verba
1628 1151 1818 1222 lgnatii
1862 1158 2027 1204 sunt:

469 1253 669 1325 Ἀστὴρ
697 1253 754 1305 ὲν
782 1250 995 1323 οὐρανῷ
1033 1249 1272 1320 ἔλαμψεν
1312 1247 1453 1318 ὑπὲρ
1482 1246 1686 1307 πάντας
1719 1243 1844 1306 τοὺς
1873 1241 2032 1294 ἀστέ-

459 1363 579 1418 ρας,
611 1346 704 1399 καὶ
728 1345 788 1398 τὸ
817 1343 932 1413 φῶς
955 1341 1119 1396 αὑτοῦ
1153 1338 1512 1408 ἀνεκλάλητον
1536 1333 1602 1407 ἦν
1621 1353 1633 1364 ·
1665 1335 1757 1388 καὶ
1787 1331 2035 1402 ξενισμὸν

461 1444 721 1512 παρεῖχεν
745 1442 777 1508 ἠ
811 1438 1065 1507 καινότης
1094 1433 1255 1489 αὐτοῦ
1272 1451 1284 1464 ο
1305 1433 1376 1486 τὰ
1402 1433 1456 1485 δὲ
1479 1430 1640 1483 λοιπά
1664 1430 1838 1484 πάντα
1861 1427 2036 1498 ἄστρα

461 1533 578 1603 ἅμα
602 1531 738 1602 ἡλίῳ
769 1532 859 1585 καὶ
885 1530 1084 1602 σελήνῃ
1107 1528 1265 1599 χορὸς
1290 1527 1505 1594 ἐγένετο
1533 1523 1608 1594 τῷ
1630 1523 1817 1593 ἀστέρι
1836 1539 1848 1550 ⁸
1875 1520 2036 1583 αὐτὸς

459 1625 518 1677 δὲ
543 1619 610 1694 ἦν
636 1623 988 1693 ὑπερϐάλλων
1019 1621 1078 1674 τὸ
1110 1620 1225 1690 φῶς
1261 1616 1424 1670 αὑτοῦ
1455 1617 1596 1688 ὑπὲρ
1633 1614 1827 1668 πάντα.
1857 1613 2038 1684 Ταρα-

2125 567 2448 660 καινότητα,
2486 586 2600 642 sive
2627 582 2922 638 κατάλυσιν
2954 574 3200 648 spectet?
3246 570 3386 626 Nam
3424 579 3482 623 et
3510 567 3720 636 ἀστρο-

2128 682 2281 737 Θεσία
2311 679 2468 751 quasi
2506 691 2790 749 magorum
2821 670 3140 741 disciplina,
3167 683 3197 721 a
3229 663 3450 720 diabolo
3482 660 3715 714 inventa

2129 774 2362 829 Tatiano
2415 771 2636 826 dicitur.
2693 767 2769 822 De
2820 765 2958 820 mira
3005 763 3126 831 ejus
3185 760 3306 813 luce
3363 755 3712 822 reliquarum

2127 868 2405 924 stellarum
2447 862 2790 934 splendorem
2841 863 3131 928 superante
3172 851 3283 906 Leo
3321 848 3584 917 Magnus,
3618 844 3718 896 ho—

2128 961 2280 1015 milia
2320 959 2346 1012 l
2393 955 2472 1012 De
2505 953 2837 1009 Nativitate:
2874 969 2891 1002 ι
2928 949 2986 1003 1η
3020 947 3238 1016 regione
3278 941 3515 997 orientis
3558 937 3715 991 stella

2129 1067 2283 1108 nova:
2308 1048 2573 1106 claritatis
2603 1044 2875 1116 apparuit,
2901 1058 3022 1114 quae
3050 1037 3315 1094 illustrior
3337 1031 3561 1089 creteris
3593 1030 3720 1099 pul-

2130 1145 2422 1213 chriorque
2467 1136 2742 1195 sideribus
2771 1136 2928 1192 facile
2963 1135 3017 1189 in
3046 1149 3103 1189 se
3131 1129 3464 1186 intuentium
3497 1125 3723 1180 animos

2133 1237 2430 1306 oculosque
2455 1239 2850 1289 converteret.»
2871 1228 3159 1290 Maximus,
3193 1222 3418 1279 homilia
3437 1220 3472 1273 5
3495 1238 3510 1273 :
3540 1236 3559 1268 ι
3585 1215 3721 1283 Quis

2133 1329 2277 1384 enim
2317 1327 2530 1383 dubitat
2572 1326 2744 1395 ipsam
2790 1322 2998 1378 stellam
3031 1317 3222 1374 laetiori
3263 1316 3386 1370 luce
3415 1322 3472 1367 et
3505 1310 3722 1380 iulgen-

2137 1421 2365 1476 tioribus
2389 1419 2555 1473 radiis
2577 1430 2919 1476 coruscasse,
2939 1429 3060 1484 qua:
3089 1410 3210 1466 cceli
3231 1418 3507 1475 terrmque
3533 1405 3719 1457 lumen

2137 1513 2392 1568 humanis
2419 1511 2591 1567 oculis
2623 1507 2932 1582 ingerebat?
2960 1505 3026 1559 Et
3053 1516 3272 1558 necesse
3301 1507 3420 1554 erat
3458 1505 3524 1550 ut
3565 1493 3724 1549 stella

2137 1607 2253 1662 haec
2284 1621 2314 1661 a
2338 1605 2550 1661 caeteris
2583 1602 2860 1658 sideribus
2893 1599 3024 1653 orbe
3053 1597 3285 1652 clariore
3313 1592 3572 1649 distaret,
3603 1602 3726 1656 quae

459 1718 530 1786 χή
563 1682 609 1767 τ’
638 1710 726 1784 ἦν,
748 1682 915 1766 πόθεν
942 1715 974 1784 ἡ
1012 1682 1265 1782 καινότης
1293 1711 1326 1780 ἡ
1374 1682 1624 1780 ἀνόμοιος
1662 1707 1843 1769 αὐτοῖς
1864 1721 1877 1734 ’
1914 1682 2036 1756 ὅθεν

2161 1699 2503 1755 mnuntiabat
2531 1697 2834 1762 Christum,
2873 1693 3032 1763 cujus
3059 1689 3318 1745 nativitas
3341 1687 3414 1739 ab
3444 1682 3725 1738 universis

460 1772 828 1859 ἓλίΰετοιπᾶσα
865 1772 1085 1875 μαγεία.
1124 1772 1292 1858 Vetus
1315 1772 1637 1870 interpres:
1672 1817 1690 1850 ‹
1734 1801 1954 1852 Astrum
1981 1796 2036 1850 in

2161 1795 2466 1850 nortalibus
2491 1789 2794 1846 ditl‘erebat.
2822 1806 2839 1839 ι
2873 1785 2930 1841 S.
2960 1783 3413 1854 Chrysostomus,
3443 1775 3643 1830 homil.
3671 1772 3725 1875 ς,

460 1899 602 1953 caelo
633 1864 970 1967 resplenduit
994 1911 1157 1965 super
1179 1895 1364 1951 omnia
1387 1864 1556 1958 astra,
1581 1901 1635 1947 et
1658 1893 1841 1944 lumen
1867 1887 2038 1958 ipsius
2140 1889 2197 1943 in
2229 1887 2543 1941 Man/neum
2565 1925 2580 1951 ,
2612 1883 2678 1937 de
2716 1881 2818 1935 hac
2841 1878 2990 1934 stella
3020 1895 3033 1930 :
3068 1875 3142 1928 Οὐ
3175 1873 3284 1943 γάρ
3319 1873 3378 1923 ὲν
3407 1868 3571 1923 νυκτὶ
3606 1864 3730 1936 φαί-

463 1990 738 2046 inetl‘abile
762 1999 901 2054 erat,
917 1998 970 2043 et
995 1997 1272 2059 stuporem
1287 1986 1705 2041 tribuitnovitas
1729 1979 2040 2053 ipsius.Re-

2161 1997 2287 2033 νεται
2312 1977 2424 2031 ἁλλ’
2447 1977 2504 2029 ὲν
2532 1975 2713 2046 ἡμέρᾳ
2753 1969 2893 2043 μέσῃ
2919 1969 3227 2039 λάμποντος
3255 1963 3432 2035 ἡλίου,
3461 1963 3605 2032 ὅπερ
3631 1959 3728 2012 οὐκ

461 2080 613 2150 liqua
640 2095 769 2135 vero
795 2080 978 2135 omnia
1012 2088 1159 2133 astra
1193 2077 1356 2133 simul
1378 2091 1505 2131 cum
1539 2076 1654 2130 sole
1681 2083 1735 2129 et
1761 2075 1888 2127 luna
1913 2073 2041 2126 cho-

2161 2072 2254 2125 εστι
2295 2070 2575 2141 δυνάμεως
2610 2065 2873 2137 ἀστέρος,
2919 2062 3030 2116 ἀλλ’
3063 2060 3184 2113 οὐδὲ
3231 2057 3496 2128 σελήνηςυ
3537 2057 3572 2126 ή
3622 2052 3728 2123 γὰρ

463 2145 561 2228 τυέ
581 2171 710 2228 facti
741 2181 871 2227 sunt
893 2172 970 2225 illi
999 2180 1150 2226 astro
1177 2188 1190 2223 :
1225 2171 1404 2240 ipsum
1445 2178 1628 2222 autem
1651 2175 1770 2222 erat
1793 2162 2040 2234 superfe-

2161 2162 2395 2218 τοσοῦτον
2469 2161 2685 2214 πάντων
2737 2155 3076 2228 ὑπερέχουσα
3125 2151 3234 2205 τῶν
3303 2149 3562 2219 ἀστέρων
3635 2145 3730 2213 τῆς

461 2281 592 2321 rens
621 2267 805 2321 lumen
833 2280 994 2320 suum
1019 2279 1182 2332 super
1204 2261 1409 2316 omnia.
1433 2259 1697 2314 Turbalio
1724 2267 1902 2312 autem
1927 2264 2045 2310 erat

465 2359 611 2412 unde
641 2357 856 2412 novitas
881 2371 1005 2425 quae
1043 2353 1332 2409 dissimilis
1357 2352 1617 2420 ipsis;ex
1653 2365 1761 2420 qua
1803 2349 2046 2403 solveba-

466 2460 558 2504 tur
588 2449 768 2504 omnis
792 2448 994 2517 magia.
1031 2466 1048 2497 ι
1092 2445 1218 2499 llaec
1241 2453 1441 2498 temere
1471 2443 1614 2497 dicta
1640 2441 1753 2496 vult
1774 2440 2041 2506 Dallmus,

469 2548 657 2610 utpote
692 2558 712 2590 ι
748 2540 1074 2607 aScriptura
1121 2537 1320 2603 aliena,
1348 2544 1404 2589 et
1435 2535 1502 2589 ab
1535 2534 1654 2603 ipso
1677 2532 1842 2602 hujus
1874 2530 2045 2585 stella:

469 2649 580 2688 usu
602 2631 976 2694 abhorrentia,
1003 2628 1071 2682 ad
1094 2629 1340 2694 domum,
1369 2621 1954 2685 scilicetBethelehem,
1971 2621 2046 2676 in-

469 2723 787 2788 dicandam,
821 2721 913 2775 ubi
937 2728 1096 2774 natus
1123 2731 1241 2773 erat
1265 2720 1540 2774 Christus.
1576 2736 1594 2769 i
1637 2716 1742 2771 Sed
1770 2715 2046 2785 quomodo

471 2815 589 2869 haec
617 2828 648 2868 a
671 2813 951 2882 Scriptura
979 2813 1151 2882 magis
1181 2813 1355 2866 aliena
1385 2819 1532 2874 sunt,
1560 2825 1725 2880 quam
1761 2810 1849 2864 illa
1871 2847 1885 2872 ,
1925 2824 2048 2878 qua:

472 2906 656 2962 aliide
686 2907 877 2960 eadem
913 2905 1072 2960 stella
1111 2903 1468 2970 tradiderunt,
1511 2918 1622 2956 non
1650 2903 1826 2956 video.
1859 2898 2047 2970 Neque

474 3000 628 3054 illum
659 3015 831 3054 unum
869 3015 1030 3054 usum
1059 2999 1349 3068 quisquam
1391 2998 1570 3052 adhuc
1596 2996 1817 3066 agnovit
1849 2995 1913 3048 ad
1950 2994 2048 3047 do-

2141 2261 2356 2320 ἀκτῖνος
2381 2254 2637 2324 φανείσης
2666 2251 2761 2320 τῆς
2792 2248 3024 2321 ἡλιακῆς
3055 2244 3356 2316 κρύπτεται
3401 2241 3501 2294 καὶ
3531 2237 3728 2308 meavi-

2143 2350 2316 2416 ζεται.
2349 2343 2516 2409 υῦτος
2551 2345 2610 2398 δὲ
2651 2347 2717 2415 τῇ
2747 2343 2848 2413 τῆς
2887 2340 3092 2402 οἰκείας
3126 2334 3518 2408 λαμπρότητος
3563 2333 3730 2401 ὑπερ-

2143 2443 2294 2514 ϐολῇ,
2331 2441 2425 2495 καὶ
2454 2439 2550 2504 τὰς
2595 2438 2816 2499 ἀκτῖνας
2859 2433 3076 2502 ἐνίκησε
3115 2428 3214 2492 τὰς
3256 2425 3528 2498 ἡλιακὰς,
3563 2422 3728 2492 φανό-

2143 2553 2302 2607 τερος
2344 2533 2572 2595 ἐκείνοις
2615 2528 2801 2600 φανεὶς
2848 2527 2941 2580 καὶ
2975 2527 3032 2577 ἐν
3067 2520 3306 2590 τοσούτῳ
3347 2520 3493 2588 φωτὶ
3545 2515 3729 2587 μεῖζον

2143 2627 2383 2700 λάμψας.
2418 2645 2436 2678 ι
2463 2624 2582 2679 Non
2612 2624 2756 2678 enim
2793 2622 2860 2678 de
2895 2629 3052 2675 nocte
3084 2626 3336 2688 apparet,
3373 2615 3470 2670 sed
3506 2613 3732 2668 meridie

2148 2721 2468 2791 splendente
2497 2716 2644 2783 sole;
2688 2730 2853 2786 quam
2883 2712 3196 2768 facultatem
3224 2723 3335 2764 non
3369 2707 3542 2762 modo
3577 2705 3732 2761 stella

2146 2813 2314 2880 nulla,
2346 2812 2440 2868 sed
2473 2827 2539 2866 ne
2563 2811 2691 2864 luna
2721 2808 2940 2879 quidem
2967 2805 3211 2861 sortitur.
3238 2801 3332 2856 illa
3358 2801 3514 2856 enim
3541 2813 3734 2854 omnes

2147 2907 2334 2961 stellas
2364 2914 2646 2974 tantopere
2677 2915 2946 2971 superans
2978 2905 3099 2953 ortu
3145 2893 3278 2952 solis
3308 2895 3650 2948 obscuratur
3683 2901 3735 2944 et

2150 2999 2412 3069 disparet.
2443 2995 2570 3052 Haec
2603 3004 2786 3049 autem
2825 2991 2992 3046 nativi
3036 2987 3338 3060 splendoris
3369 2985 3738 3040 exuberantia

471 3107 624 3146 mum
643 3086 1495 3145 Bethlehemindicandam.Duae
1517 3086 1906 3142 fueruntillius
1928 3083 2116 3155 stet-ﬂ
2155 3095 2317 3148 etiam
2374 3091 2508 3147 solis
2555 3089 2740 3143 radios
2789 3084 3122 3155 superabat,
3169 3080 3448 3136 ίιιυειι-ίοιο
3495 3079 3608 3132 mis
3642 3093 3736 3145 ap-

475 3195 542 3238 ta:
593 3183 807 3251 φάσεις,
857 3196 964 3234 una
1017 3181 1069 3234 in
1116 3178 1366 3244 Oriente,
1410 3179 1579 3232 altera
1631 3178 2044 3248 Hierosolymis.

478 3273 625 3328 Usus
643 3272 834 3342 prima:
865 3269 1224 3340 apparitionis
1255 3267 1358 3321 fuit
1382 3270 1448 3322 ad
1467 3284 1658 3338 magos
1683 3283 1751 3321 ex
1776 3283 1875 3322 sua
1905 3276 2046 3322 terra

471 3365 543 3421 ad
569 3364 923 3435 quaerendum
966 3361 1164 3433 Regem
1206 3361 1520 3416 Judaaorum
1556 3361 1910 3427 excitandos;
1957 3375 2048 3414 se-

472 3457 668 3513 cundae
711 3458 778 3511 ad
821 3457 1046 3510 domum
1094 3455 1467 3510 indicandam.
1514 3452 1681 3508 Multa
1729 3461 1942 3507 veteres
1983 3451 2050 3505 de

475 3549 645 3620 priori
675 3550 996 3618 loquuntur,
1032 3564 1198 3618 quam
1237 3547 1517 3617 Scriptura
1542 3544 1922 3600 tantummodo
1965 3542 2052 3595 in-

471 3641 636 3706 dicat,
689 3656 862 3710 pauea
898 3638 1138 3709 lgnatius
1175 3658 1187 3693 :
1231 3655 1408 3709 neque
1462 3639 1572 3705 hic,
1627 3653 1804 3707 neque
1859 3636 1937 3690 illi
1981 3650 2050 3688 ex

474 3730 761 3802 Scriptura
813 3747 878 3787 ea
927 3746 1050 3801 quae
1079 3731 1325 3786 dicerent
1369 3741 1744 3800 sumpserunt,
1793 3729 1888 3784 sed
1917 3726 2049 3797 quid

474 3826 579 3896 ipsi
609 3825 678 3880 de
711 3839 774 3879 ea
804 3840 863 3880 re
903 3823 1168 3880 sentirent
1208 3823 1377 3880 libere
1437 3822 1881 3894 pronuntiabant.
1950 3820 2050 3875 Ubi

473 3930 550 3976 est
577 3921 665 3990 qui
690 3929 846 3974 natus
879 3929 954 3973 est
990 3917 1102 3972 Rex
1124 3915 1454 3981 Judworum,
1484 3917 1737 3984 inquiunt
1769 3916 1933 3984 magi,
1976 3915 2053 3968 vi-

474 4012 653 4067 dimus
697 4012 836 4064 enim
885 4009 1096 4064 stellam
1148 4009 1260 4077 ejus
1315 4011 1369 4062 in
1417 4007 1670 4068 Oriente.
1721 4018 1770 4061 et
1821 4009 2050 4063 venimus

475 4102 705 4161 adorare
760 4117 878 4155 eum
931 4101 994 4162 “,
1053 4097 1338 4166 Quomodo
1380 4099 1695 4168 apparuerit
1736 4098 1789 4152 in
1832 4098 2054 4153 Oriente

477 4192 638 4253 stella
694 4193 806 4256 illa,
837 4189 1110 4258 quomodo
1146 4191 1287 4260 magi
1316 4190 1445 4244 inde
1473 4190 1803 4244 crediderint
1851 4189 2050 4260 Regem

472 4281 787 4342 Judaeorum
822 4291 1010 4336 natum
1042 4297 1183 4350 esse,
1211 4283 1492 4351 quomodo
1531 4283 1794 4338 commoti
1837 4284 1902 4338 ad
1927 4299 2053 4338 eum

472 4377 818 4433 adorandum
867 4378 1138 4443 venerint,
1185 4379 1256 4432 ab
1305 4377 1566 4433 omnibus
1616 4377 1906 4448 quasitum
1948 4386 2050 4433 est.

2150 3201 2348 3257 parens
2375 3226 2389 3252 ,
2421 3198 2476 3239 et
2509 3183 2562 3237 in
2619 3189 2770 3236 tanta
2801 3181 2922 3234 luce
2951 3175 3124 3248 magis
3170 3187 3496 3230 coruscans.
3529 3191 3547 3224 ›
3584 3169 3739 3225 Unde

2150 3279 2280 3334 illud
2325 3286 2517 3333 vocat:
2555 3276 2752 3346 ἄστρον
2805 3273 2944 3345 μέγα
2977 3270 3071 3323 καὶ
3113 3267 3546 3340 ἐξηλλαγμένον,
3597 3264 3738 3317 ὥστε

2150 3373 2243 3426 καὶ
2290 3371 2369 3443 τῷ
2422 3369 2641 3441 μεγέθει
2684 3366 2779 3421 καὶ
2818 3365 2894 3437 τῷ
2928 3363 3114 3418 κάλλει
3150 3361 3251 3431 τῆς
3308 3360 3488 3429 ὅψεως
3541 3358 3740 3419 αὐτοὺς

2150 3464 2445 3536 ἐκπλῆξαι·
2477 3482 2495 3514 ι
2521 3462 2729 3517 stellam
2763 3474 3015 3529 magnam
3048 3463 3103 3511 et
3131 3453 3476 3514 inusitatam,
3515 3451 3658 3504 adeo
3685 3458 3742 3502 ut

2151 3556 2510 3628 amplitudine
2560 3563 2615 3610 et
2657 3561 2910 3624 aspectus
2954 3549 3201 3604 claritate
3243 3560 3438 3616 magos
3477 3543 3742 3614 percelle-

2151 3660 2255 3707 ret.
2289 3670 2308 3702 ι
2349 3648 2474 3704 llaec
2524 3657 2706 3703 autem
2750 3645 2887 3701 dixit
2939 3644 3408 3713 Chrysostomus,
3443 3645 3739 3707 postquam

2152 3743 2336 3798 omnia
2389 3757 2449 3797 se
2493 3741 2600 3794 ἀπὸ
2632 3740 2740 3794 τῶν
2777 3734 3176 3808 γεγραμμένων
3221 3729 3406 3784 αὐτῶν
3440 3748 3459 3779 ι
3503 3743 3574 3783 ex
3626 3727 3741 3797 ipse

2155 3834 2435 3905 Scriptura
2459 3852 2476 3886 ι
2509 3831 2784 3888 dicturum
2813 3829 3085 3900 pollicitus
3116 3837 3278 3881 esset.
3309 3823 3502 3893 Neque
3535 3823 3736 3877 mirum

2151 3935 2254 3991 est,
2290 3927 2556 3997 lgnatium
2589 3924 2746 3979 nobis
2775 3923 2984 3977 Stellam
3020 3918 3246 3988 reliquis
3270 3918 3536 3972 omnibus
3575 3927 3740 3986 atque

2153 4021 2318 4074 etiam
2347 4020 2463 4073 sole
2514 4019 2631 4088 ipso
2663 4015 3080 4087 splendidiorem
3127 4020 3578 4080 repraesentasse,
3613 4025 3737 4064 cum

2153 4113 2335 4183 gravis
2377 4120 2572 4166 auctor
2606 4108 2902 4180 Gregorius
2941 4105 3219 4178 Nyssenus
3257 4103 3312 4156 in
3359 4101 3484 4155 Vita
3512 4101 3738 4171 Moysis,

2156 4204 2502 4274 splendorem
2553 4203 2692 4257 rubo
2740 4200 2907 4257 solari
2951 4198 3216 4268 majorem
3259 4195 3512 4249 tribuat:
3560 4193 3741 4255 Φωτὸς

2155 4297 2343 4369 ἑτέρου
2377 4298 2518 4369 ὑπὲρ
2557 4296 2617 4351 τὸ
2661 4293 2884 4366 ἡλιακὸν
2927 4291 3042 4362 φῶς
3073 4289 3169 4353 τὰς
3199 4288 3352 4359 ὄψεις
3402 4286 3743 4360 περιαστρά-

2154 4389 2374 4459 ψαντος,
2403 4407 2421 4440 ‹
2451 4390 2554 4442 alia
2587 4389 2708 4442 luce
2737 4401 2898 4456 supra
2923 4385 3097 4438 lucem
3123 4381 3355 4438 solarem
3376 4381 3528 4435 circa
3551 4381 3741 4435 oculos

472 4470 647 4526 Suam
699 4471 1026 4525 sententiam
1081 4469 1267 4540 prodit
1314 4468 1579 4541 lgnatius,
1634 4469 1850 4524 stellam
1904 4469 2052 4523 illam
2087 4472 2130 4527 D
2160 4481 2364 4552 Moysis
2390 4481 2742 4552 εσυιεεῃιε.»
2772 4478 2848 4532 De
2893 4477 3154 4531 solutione
3199 4474 3392 4545 magia:
3439 4473 3740 4544 Gregorius

471 4563 713 4619 maxime
769 4563 912 4618 inter
959 4578 1151 4618 omnes
1194 4564 1466 4618 illustrem
1515 4562 1708 4627 fuisse,
1751 4572 1804 4618 et
1837 4578 1904 4618 ex
1955 4577 2054 4617 sua

473 4656 804 4712 claritudine
831 4672 1020 4727 magos
1065 4655 1475 4728 Hierosolymas
1503 4656 1820 4712 adduxisse.
1870 4653 2058 4724 Neque

474 4747 590 4803 haec
615 4748 885 4803 sententia
918 4750 1054 4804 adeo
1083 4749 1321 4805 absurda
1358 4750 1474 4804 visa
1495 4759 1598 4815 est,
1639 4758 1699 4803 ut
1720 4763 1880 4803 nemo
1906 4757 2058 4803 vete-

476 4857 604 4897 rum
635 4859 757 4898 eam
791 4855 1134 4915 sequeretur,
1157 4847 1304 4916 quod
1325 4847 1498 4900 miror
1521 4845 1774 4915 equidem
1803 4861 1833 4899 a
1860 4844 2058 4899 Dalla‘o

475 4937 707 4991 dictum.
750 4935 898 4991 Nihil
929 4937 1076 4992 enim
1104 4937 1217 4992 fere
1247 4939 1300 4993 in
1339 4939 1442 4993 hac
1476 4939 1747 4992 sententia
1789 4939 2056 5006 scriptum

470 5037 587 5095 est,
641 5029 789 5098 quod
847 5045 956 5085 non
999 5031 1224 5102 plurimi
1273 5041 1462 5102 postea
1521 5032 1801 5086 dixerunt.
1864 5028 2057 5085 Omnia

470 5122 587 5183 fere
619 5121 810 5193 eadem
841 5130 1140 5194 tanguntur
1188 5123 1282 5178 illo
1327 5138 1438 5176 uno
1469 5123 1766 5177 Clementis
1811 5121 2055 5175 Alexan—

469 5213 617 5272 drini
659 5214 780 5270 loco
827 5215 883 5270 in
936 5215 1261 5286 Excerptis:
1304 5216 1406 5270 Διά
1460 5213 1620 5268 τοῦτο
1667 5213 1906 5267 ἀνέτειλε
1967 5213 2055 5281 ξέ-

470 5321 560 5369 νος
627 5307 805 5379 ἀστὴρ
877 5309 972 5368 καὶ
1047 5308 1233 5371 καινὸς
1302 5307 1584 5362 καταλύων
1653 5306 1753 5378 τὴν
1821 5307 2056 5360 παλαιὰν

469 5399 859 5471 ἅστροθεσίαν,
887 5400 1059 5473 καινῷ
1102 5402 1241 5472 φωτὶ
1270 5402 1330 5453 οὐ
1379 5399 1632 5473 κοσμικῷ
1681 5400 2051 5472 λαμπόμενος.

477 5507 498 5542 σ
554 5487 846 5560 Propterea
916 5503 1036 5548 orta
1091 5502 1174 5549 est
1230 5493 1516 5564 peregrina
1554 5502 1608 5547 et
1652 5508 1791 5547 nova
1859 5493 2054 5558 stella,

473 5582 776 5640 dissolvens
846 5594 1085 5642 veterem
1153 5587 1535 5657 astrOIOgiani,
1602 5602 1745 5640 novo
1817 5595 1871 5640 et
1947 5601 2056 5639 non

477 5675 756 5731 mundano
798 5678 1007 5735 lumine
1054 5693 1374 5737 coruscans.
1407 5699 1426 5734 ι
1462 5679 1596 5751 Quae
1647 5679 1812 5736 verba
1851 5696 1882 5736 a
1915 5694 2055 5751 quo-

549 5791 592 5831 “
626 5789 814 5850 Matth.
857 5809 919 5862 ιι,
953 5796 1009 5851 2.

2157 4574 2575 4640 Nazianzenus,
2615 4571 2865 4628 oratione
2915 4571 3139 4641 prima:
3192 4569 3292 4622 Διὰ
3345 4567 3509 4622 τοῦτο
3565 4568 3741 4639 ἀστὴρ

2155 4669 2487 4742 ⁴ἡγούμενος,
2537 4667 2632 4720 καὶ
2683 4665 2845 4735 μάγοι
2903 4662 3301 4735 προπίπτοντες
3346 4662 3445 4714 καὶ
3502 4661 3741 4733 δωροφο-

2162 4761 2399 4834 ροῦντες,
2427 4759 2492 4812 ἶν’
2535 4756 2915 4828 εἰδωλολατρία
2959 4755 3255 4825 καταλυθῇ.
3287 4773 3304 4804 α
3336 4752 3554 4808 Idcirco
3587 4752 3739 4808 stella

2157 4849 2423 4919 pragiens,
2472 4856 2527 4904 et
2577 4846 2721 4916 magi
2763 4860 2885 4900 sese
2939 4853 3350 4915 prosternentes
3392 4860 3461 4899 ac
3513 4856 3739 4898 munera

2157 4944 2477 5008 oﬂ‘erentes,
2507 4949 2597 5008 ut,
2639 4939 2881 5006 scilicet,
2913 4937 3220 4994 idololatria
3262 4936 3682 4992 dissolveretur.
3715 4952 3733 4987 ι

2159 5035 2306 5091 idem
2340 5035 2683 5090 Arcanorum
2715 5033 2959 5087 carmine
2997 5032 3052 5098 5,
3082 5045 3207 5086 cum
3239 5030 3544 5084 novitatem
3573 5028 3740 5085 stella

2158 5137 2402 5183 notasset
2422 5146 2436 5182 :

2165 5263 2377 5334 Τῆμος,
2394 5263 2478 5316 ὅτ’
2495 5257 3097 5330 ἁστρολότοισινόμοῦ
3118 5257 3269 5312 πέσε
3284 5258 3488 5328 μήδεα
3503 5263 3736 5328 τέχνης.

2159 5401 2226 5456 Et
2271 5399 2328 5454 S.
2361 5398 2596 5454 Basilius
2642 5395 2894 5450 oratione
2931 5396 2988 5448 in
3032 5393 3231 5449 Christi
3263 5391 3643 5460 Nutivitatem,
3674 5393 3740 5447 de

2160 5495 2332 5564 magis
2358 5509 2371 5544 :
2407 5490 2558 5560 Τάχα
2585 5488 2642 5542 δὲ
2677 5488 2772 5540 καὶ
2799 5486 3177 5557 ἀντικειμένης
3212 5484 3500 5556 δυνάμεως
3527 5489 3593 5557 τῇ
3623 5487 3740 5537 ἐπι-

2159 5585 2356 5656 φανείᾳ
2397 5583 2489 5638 τοῦ
2539 5580 2742 5651 Κυρίου
2781 5580 3119 5649 ἀτονωτέρας
3159 5576 3345 5630 λοιπὸν
3407 5578 3738 5649 γενομένης,

2157 5680 2467 5754 αἰσθόμενοι
2501 5674 2948 5746 καταργουμένας
2979 5673 3077 5737 τὰς
3105 5671 3384 5741 ἐνεργείας
3417 5672 3611 5742 αὐτῆς,
3647 5684 3741 5741 με-
