3800 6208
142 181 230 241 385

827 182 878 238 ι.
914 179 1274 238 PEARSONII
1308 178 1628 237 WNDICDE
1685 179 2106 238 ῙΟΝᾹΤΙΑΝΕ.
2143 208 2212 222 -
2245 181 2428 238 PARS
2455 183 2526 239 ll.

3267 189 3379 247 386

145 303 294 372 γάλην
318 300 552 372 δύναμιν
574 299 660 372 τῷ
677 301 920 372 τεχθέντι
942 302 1442 375 προσεμαρτύρουν.
1470 301 1596 358 Hac
1622 303 1706 359 ille

1822 302 2076 358 scribitur
2135 304 2414 372 apostolos
2477 303 2878 376 manducasse;
2929 308 3186 366 scribitur
3234 311 3382 367 enim

145 394 469 450 considerans
493 393 717 464 ἀστέρα
737 394 919 447 καινὸν
944 395 1035 448 καὶ
1060 393 1321 465 ἀσυνήθη.
1339 393 1710 464 Chrysologus

147 502 370 545 sermone
396 484 544 540 l05:
585 504 606 537 ι
646 485 711 541 Si
741 486 836 541 ubi
875 487 1010 540 vidit
1043 501 1236 558 magus
1287 485 1558 540 humanas
1581 500 1706 555 per-

147 581 255 641 iisse
285 592 475 644 curas,
512 592 656 632 suas
715 578 987 634 defecisse
1021 587 1204 644 artes,
1239 596 1257 630 ›
1293 589 1401 632 etc.
1432 577 1510 632 Ac
1545 578 1708 647 paulo

144 681 292 745 post:
347 669 564 742 «Ergo,
617 669 822 726 fratres
848 711 863 738 ,
911 671 1141 726 lectione
1175 672 1427 741 prmsenti
1470 687 1578 725 non
1625 678 1709 727 est

145 766 362 820 ﬁrmatus
388 775 551 816 error
575 761 871 832 magicus,
907 762 998 818 sed
1039 762 1270 816 solutus.
1309 779 1327 813 ι
1366 759 1600 831 Nempe,
1648 769 1710 816 ut

144 859 365 913 observat
382 853 668 922 Origenes
691 854 786 908 lib.
813 871 853 921 t,
875 864 1056 908 contra
1077 851 1321 908 Celsum:
1345 852 1484 924 Magi
1511 853 1709 915 ἰδόντες

145 949 407 1022 Osos-wit“
459 949 521 1001 ὲν
586 946 814 1020 οὐρανῷ
858 948 1215 1017 ὲστοχάσαντο
1266 946 1358 1000 τὸν
1421 945 1562 999 κατά
1611 945 1705 1000 τοῦ

144 1046 313 1115 ἄστρου
337 1040 834 1114 πῳφητευὸμενον
855 1040 1135 1112 ἄνθρωπον
1159 1039 1608 1110 ἐπιδεδημηκέναι
1630 1038 1707 1110 τῷ

145 1138 245 1208 βίῳ,
273 1135 361 1188 καὶ
383 1134 460 1197 ὡς
493 1134 731 1188 πάντων
759 1133 1029 1203 δαιμόνων
1059 1133 1151 1186 καὶ
1179 1132 1286 1186 τῶν
1307 1135 1364 1184 ὲν
1391 1131 1500 1185 ἔθει
1524 1133 1708 1195 αὐτοῖς

145 1228 540 1299 ςανταζομένων
600 1229 701 1282 καὶ
753 1225 1120 1300 ἐνεργούντων
1168 1226 1452 1298 κρείττονα
1507 1227 1707 1298 προλα-

145 1323 300 1385 ϐόντες
345 1320 742 1392 προσκυνῆσαι
782 1320 1070 1391 ἠθέλησαν.
1115 1337 1135 1370 ι
1167 1317 1423 1375 Videntes
1463 1319 1517 1373 in
1565 1320 1705 1375 caelo

143 1414 420 1484 prodigium
453 1413 923 1482 conjectaverunt
947 1427 1069 1466 eum
1105 1411 1198 1480 qui
1229 1427 1352 1466 cum
1393 1411 1546 1466 stella
1569 1427 1706 1481 pra:-

143 1507 394 1561 nuntiatus
431 1514 518 1561 est
565 1505 856 1559 hominem
896 1504 951 1559 in
983 1505 1149 1558 vitam
1183 1503 1488 1569 advenisse,
1519 1513 1706 1573 poten-

144 1601 306 1654 tiorem
336 1612 460 1653 esse
493 1597 771 1652 omnibus
798 1597 1080 1651 da’moniis
1110 1605 1164 1650 et
1201 1595 1430 1664 spectris
1467 1595 1703 1650 familia-

1810 402 2025 450 tantum
2059 395 2341 451 Christum
2389 413 2576 453 coram
2621 400 2703 456 eis
2758 400 2956 456 edisse.
2993 401 3050 457 Si
3098 403 3151 458 id
3199 404 3384 460 dicere

1809 501 1920 542 non
1954 487 2159 558 possis,
2187 489 2318 558 quia
2348 488 2526 547 Lucas
2553 489 2606 545 in
2637 492 2865 547 Actibus
2897 494 3114 559 asserit,
3143 495 3291 564 quod
3324 512 3380 549 ιιι

1808 579 2105 651 Evangelio
2134 596 2246 636 non
2277 582 2518 649 dixerat;
2543 583 2683 639 idem
2714 584 2780 639 de
2810 585 2982 640 altero
3007 586 3172 641 etiam
3197 588 3385 642 dicen-

1809 671 1939 726 dum
1973 673 2098 727 erit.
2133 671 2334 728 Eodem
2374 683 2520 729 certe
2571 675 2731 729 modo
2768 678 3017 730 συνέπιον
3045 677 3230 749 αὐτῷ,
3271 692 3384 748 quo

1811 762 2114 833 συνέφαγον
2167 764 2349 834 αὐτῷ,
2385 772 2442 820 et
2492 765 2547 820 in
2595 767 2845 822 eumdem
2894 769 3055 824 linem
3096 787 3112 836 ;
3160 769 3383 825 Christo

1810 869 1995 916 autem
2047 864 2412 918 manducante
2465 866 2910 935 manducabant,
2970 866 3160 922 eodem
3216 869 3383 940 igitur

1809 951 2031 1007 bi‘bente
2075 953 2348 1009 bibebant.
2399 953 2660 1009 Neutrum
2714 955 2892 1011 Lucas
2942 958 2996 1011 in
3047 957 3378 1027 Evangelia,

1811 1053 2106 1116 utrumque
2163 1046 2217 1100 in
2273 1047 2498 1102 Actibus
2550 1047 2800 1104 allirmat.
2854 1048 2932 1104 Ita
2987 1066 3093 1104 non
3165 1059 3378 1105 tantum

1808 1139 2083 1208 lgnatius,
2135 1139 2227 1193 sed
2269 1149 2322 1193 et
2368 1138 2589 1194 Patrum
2619 1141 2920 1203 doctissimi
2975 1140 3034 1196 S.
3077 1141 3277 1197 Lucam
3323 1144 3379 1197 in

1808 1229 2037 1286 Actibus
2068 1231 2451 1286 intellexerunt
2478 1249 2491 1286 :
2545 1230 2908 1303 Hieronymus
2935 1235 3073 1290 libro
3116 1236 3381 1289 Adversus

1807 1305 2010 1377 errbres
2037 1322 2263 1376 Joannis
2297 1322 2778 1394 Ilierosolymitani
2829 1326 2946 1380 hac
3007 1342 3076 1380 ex
3124 1325 3379 1398 Origene,

1809 1414 2038 1484 opinor,
2073 1415 2292 1470 adducit
2320 1416 2387 1471 de
2423 1416 2641 1471 Ciristo
2676 1434 2690 1470 :
2723 1435 2741 1468 ι
2771 1417 3019 1472 Comedit
3049 1428 3170 1488 post
3197 1436 3382 1474 resur-

1807 1506 2107 1561 rectionem
2143 1523 2320 1574 suam,
2351 1516 2406 1562 et
2433 1508 2589 1575 bibit,
2629 1519 2682 1564 et
2711 1509 2938 1563 vestitus
2961 1511 3229 1578 apparuit,
3258 1519 3382 1564 tau-

1810 1598 2044 1666 gendum
2078 1614 2135 1653 se
2161 1600 2412 1667 praebuit,
2443 1610 2502 1656 ut
2528 1600 2906 1658 dubitantibus
2932 1603 3192 1671 apostolis
3217 1603 3378 1657 tidem

144 1690 290 1752 ribus,
315 1689 693 1743 decreverunt
715 1704 845 1743 eum
873 1688 1122 1742 adorare.
1155 1706 1175 1739 ι
1212 1685 1599 1752 Tertullianus,
1627 1685 1703 1738 De
1735 1691 1779 1750 Β
1807 1691 2009 1746 faceret
2038 1692 2480 1747 resurrectionis.
2525 1711 2543 1744 ›
2586 1692 2647 1747 Β.
2684 1691 3058 1748 Theodoretns
3096 1693 3312 1763 dialogo
3343 1694 3381 1747 2

144 1782 441 1848 idololatria,
476 1797 609 1852 cap.
649 1781 722 1836 9:
765 1799 784 1832 ι
818 1779 893 1835 De
921 1780 1166 1846 Christo,
1202 1781 1438 1846 scilicet,
1475 1790 1557 1835 est
1588 1795 1706 1832 ma-

146 1875 286 1929 thesis
314 1874 514 1938 hodie;
547 1873 778 1928 stellam
803 1871 1028 1938 Christi,
1058 1889 1166 1926 non
1191 1867 1410 1927 Saturni
1433 1880 1486 1928 et
1513 1872 1706 1929 Martis

145 1977 186 2020 et
206 1966 454 2037 cujusque
475 1983 548 2020 ex
581 1967 788 2041 eodem
823 1966 1011 2020 ordine
1051 1975 1421 2032 mortuorum,
1452 1967 1706 2022 observat

144 2059 461 2126 etprtedicat.
507 2059 584 2113 At
621 2059 776 2114 enim
812 2058 1036 2113 scientia
1067 2060 1170 2112 ista
1199 2074 1371 2128 usque
1412 2059 1480 2114 ad
1526 2059 1704 2113 Evan-

147 2148 310 2218 gelium
335 2149 438 2205 fuit
468 2166 778 2218 concessa,
808 2159 866 2206 ut
895 2151 1111 2207 Christo
1143 2151 1307 2218 edito,
1327 2166 1486 2206 nemo
1510 2152 1704 2207 exinde

147 2242 444 2297 nativitatem
477 2245 736 2314 alicujus
771 2244 838 2298 de
869 2244 1007 2298 cmlo
1045 2244 1446 2312 interpretetur.
1471 2263 1489 2296 ι
1519 2242 1703 2315 Neque

147 2336 278 2405 igitur
301 2346 504 2392 temere
533 2353 730 2407 neque
756 2337 993 2392 absurde
1021 2352 1082 2391 ea
1116 2337 1253 2391 dixit
1289 2335 1547 2408 lgnatius,
1584 2354 1704 2408 qua:

146 2435 208 2479 tot
239 2427 330 2480 viri
356 2429 410 2481 in
441 2427 709 2482 Ecclesia
739 2427 874 2482 clari
901 2429 1069 2482 secuti
1101 2437 1248 2482 sunt.

99 2540 116 2590 ι
200 2517 344 2574 Levia
381 2521 501 2575 haec
543 2520 726 2574 nimis
763 2527 924 2586 sunt;
958 2528 1012 2574 et
1051 2528 1231 2574 tamen
1269 2520 1402 2575 illud
1436 2521 1581 2592 quod
1618 2536 1706 2577 se-

147 2613 332 2679 quitur,
367 2614 490 2683 ipso
529 2614 756 2669 fatente
808 2613 1040 2680 Dallaso,
1072 2614 1245 2669 levius
1289 2623 1391 2670 est.
1438 2633 1456 2666 ι
1493 2616 1705 2670 Asserit

148 2704 297 2770 enim,
323 2706 540 2776 inquit,
580 2704 876 2760 Christum
932 2713 986 2760 et
1036 2705 1217 2761 edisse
1252 2713 1304 2760 et
1337 2706 1540 2761 bibisse
1582 2715 1706 2776 post

149 2799 618 2853 resurrectionem.
671 2799 744 2853 At
773 2797 952 2853 edisse
1009 2813 1076 2853 ex
1121 2797 1415 2869 Evangelia
1448 2808 1699 2867 constat;

148 2886 316 2944 bibisse
362 2906 472 2945 non
526 2899 784 2946 constat.
819 2908 837 2942 ι
886 2890 1061 2944 Grave
1105 2891 1354 2954 crimen,
1399 2891 1459 2946 C.
1498 2891 1698 2947 Ctesar.

152 2975 284 3041 Quasi
311 2997 437 3036 vero
474 2983 628 3037 illud
664 2982 814 3052 quod
863 2997 929 3036 ex
978 2981 1271 3052 Evangelio
1312 2998 1420 3037 non
1458 2992 1701 3048 constat,

151 3071 185 3125 si
216 3089 270 3126 ex
307 3075 458 3130 Actis
506 3074 906 3145 apostolorum
945 3082 1192 3140 constet,
1217 3091 1407 3130 verum
1455 3090 1565 3130 non
1612 3076 1703 3131 sit.

151 3165 274 3220 Μετά
321 3168 417 3240 τὴν
471 3167 792 3222 ἀνάστασιν
842 3168 1138 3238 συνέφαγεν
1183 3169 1364 3232 αὐτοῖς
1417 3170 1510 3223 καὶ
1555 3170 1706 3223 συνέ-

151 3272 278 3323 may,
328 3280 345 3313 ι
378 3260 513 3316 Post
568 3261 1040 3315 resurrectionem
1075 3261 1327 3318 Christus
1370 3278 1494 3318 cum
1537 3264 1704 3319 disci-

153 3352 265 3420 pulis
305 3355 548 3410 comedit
585 3362 642 3408 et
689 3353 847 3419 bibit,
873 3372 890 3405 ι
929 3352 1103 3424 inquit
1138 3353 1396 3425 lgnatius.
1429 3354 1569 3421 Quid
1602 3371 1703 3410 au-

154 3453 236 3499 tem
282 3445 335 3501 S.
372 3448 588 3504 Petrus
638 3447 764 3500 Act.
817 3461 879 3512 x,
908 3446 967 3500 41
1008 3465 1022 3501 :
1078 3447 1284 3509 Οἴτινες
1333 3446 1705 3516 συνεφάγομεν

154 3536 226 3587 καὶ
273 3541 608 3610 συνεπίομεν
662 3534 814 3606 αὑτῷ
862 3538 1002 3592 κατά
1033 3538 1096 3592 τὸ
1146 3537 1448 3609 ἀναστῆναι
1496 3539 1560 3590 ὲκ
1599 3537 1706 3591 τῶν

155 3629 501 3699 νεκρῶν.‹ρυὶ
555 3633 886 3686 comedimus
927 3640 977 3684 et
1005 3629 1228 3683 bibimus
1260 3645 1378 3682 cum
1427 3645 1508 3693 eo,
1561 3637 1707 3696 post-

153 3736 280 3789 quam
301 3726 604 3780 resurrexit
654 3741 690 3777 a
744 3724 990 3777 mortuis.
1046 3740 1067 3776 ι
1122 3723 1228 3788 Αι,
1300 3722 1498 3792 inquit,
1541 3739 1560 3773 ι
1599 3719 1708 3775 Lu-

156 3827 228 3870 cas
307 3819 498 3873 scribit
579 3815 871 3886 apostolos
937 3831 1061 3870 cum
1137 3813 1359 3868 Christo
1413 3822 1706 3882 postquam

155 3913 514 3968 msurrexisset
562 3926 594 3964 a
631 3909 889 3974 mortuis,
929 3907 1352 3963 manducavisse
1377 3915 1432 3961 et
1461 3905 1706 3971 bibisse;

154 3997 299 4066 ipsum
326 4020 454 4059 vero
491 4019 628 4060 cum
679 4001 762 4056 eis
797 4000 1074 4055 Christum
1121 3999 1306 4068 (quod
1358 4008 1546 4083 noster
1591 3997 1709 4067 ait)

157 4093 544 4150 manducavisse
571 4102 628 4148 et
660 4092 866 4147 bibisse
898 4106 1169 4160 nusquam
1198 4091 1346 4145 dicit.
1378 4108 1397 4142 ›
1435 4090 1550 4145 1ωο
1580 4103 1710 4145 vero

156 4181 191 4234 si
223 4185 376 4252 prius,
415 4194 575 4242 certe
604 4193 664 4239 et
696 4182 970 4253 posterius
1000 4179 1173 4245 dixit,
1203 4181 1578 4255 συνεφάγομεν
1616 4182 1709 4236 καί

158 4278 438 4349 συνεπίομεν
472 4276 671 4347 αὐτῷ,
712 4275 766 4329 id
809 4283 891 4330 est
933 4275 1072 4331 Beza
1117 4277 1445 4347 interprete,
1501 4294 1520 4326 ε
1551 4290 1707 4330 com-

1807 1790 1962 1836 notat
1994 1781 2052 1836 S.
2087 1782 2307 1837 Petrum
2353 1785 2457 1839 hoc
2496 1784 2697 1839 clarius
2724 1785 3020 1840 docuisse:
3065 1784 3124 1839 Ὀ
3157 1785 3213 1838 δὲ
3243 1784 3385 1838 θειό-

1804 1893 1966 1938 τατος
2014 1875 2221 1946 Πέτρος
2265 1876 2595 1948 σαφέστερον
2635 1877 2888 1948 εἴρηκεν·
2931 1878 3157 1943 Οῖτινες
3197 1889 3381 1931 twe-

1805 1967 2072 2037 φὰγομεν
2106 1969 2200 2021 καὶ
2241 1969 2607 2038 συνεπίομεν
2633 1968 2792 2034 αὐτῷ
2815 1969 2966 2037 μετὰ
3003 1968 3071 2021 τὸ
3109 1967 3380 2036 ἀναστῆ-

1804 2077 1902 2114 ναι
1935 2058 2121 2112 αὐτὸν
2146 2059 2214 2112 ἐκ
2255 2058 2500 2126 νεκρῶν.
2540 2058 2754 2131 Ἐπειδὴ
2802 2058 2910 2130 γὰρ
2961 2059 3068 2112 τῶν
3101 2059 3242 2112 κατά
3287 2058 3380 2113 τὸν

1806 2149 2049 2221 παρόντα
2079 2149 2190 2219 βίον
2236 2149 2364 2202 ἴδιον
2414 2149 2472 2202 τὸ
2521 2150 2738 2214 ἐσθίειν,
2769 2150 3080 2216 ἀναγκαίως
3107 2153 3135 2205 ὁ
3175 2151 3382 2222 Κύριος

1804 2242 1905 2314 τῆς
1946 2244 2144 2316 σαρκὸς
2182 2243 2278 2317 τὴν
2307 2244 2602 2297 ἀνάστασιν
2630 2243 2716 2296 διὰ
2750 2243 3004 2315 βρώσεως
3033 2245 3128 2297 καὶ
3167 2244 3380 2309 πόσεως

1805 2336 1971 2403 ἔδειξε
2016 2340 2126 2400 τοῖς
2166 2337 2239 2408 μὴ
2271 2333 2581 2408 νομίζουσιν
2621 2334 2817 2408 ἀληθῆ.
2857 2353 2876 2387 ι
2910 2334 2976 2389 Ει
3002 2335 3380 2392 divinissimns

1804 2426 1998 2484 Petrus
2051 2430 2254 2484 clarius
2302 2429 2493 2484 dixit:
2537 2428 2642 2494 Qui
2693 2426 3010 2483 comedimus
3057 2436 3105 2482 et
3153 2428 3379 2482 bibimus

1805 2538 1925 2574 cum
1975 2539 2067 2585 eo,
2101 2531 2377 2593 postquam
2447 2525 2734 2576 resurrexit
2771 2539 2804 2575 α
2859 2522 3080 2575 mortuis
3122 2522 3187 2575 δ’.
3238 2521 3376 2575 Cum

1805 2613 1950 2668 enim
2003 2629 2192 2668 eorum
2225 2615 2318 2684 qui
2356 2615 2410 2668 in
2459 2614 2714 2684 praesenti
2749 2626 2878 2669 sunt
2916 2615 3061 2681 vita,
3095 2614 3377 2684 praprium

1805 2707 1877 2762 sit
1926 2707 2246 2773 comedere,
2293 2708 2605 2762 necessario
2632 2707 2898 2762 Dominus
2949 2722 3044 2776 per
3088 2707 3270 2761 cibum
3325 2715 3382 2761 et

1802 2809 1990 2871 potum
2026 2800 2209 2854 carnis
2240 2799 2698 2853 resurrectionem
2730 2797 2796 2852 de
2821 2798 2938 2867 ejus
2967 2796 3193 2851 veritate
3215 2795 3379 2850 dubi-

1805 2891 2048 2944 tantibus
2091 2889 2506 2945 demonstravit.
2540 2907 2559 2940 ›
2605 2889 2662 2943 S.
2695 2888 3033 2958 Augustinus
3080 2888 3241 2956 epist.
3273 2887 3376 2942 49:

1811 3000 1828 3032 ι
1863 2983 2009 3038 Sciat
2034 2999 2165 3037 sane
2204 2984 2297 3053 qui
2349 2983 2450 3037 has
2482 2982 2768 3052 proposuit
2816 2980 3185 3050 quaestiones,
3218 2979 3380 3033 Chri-

1808 3087 1952 3130 stum
1980 3085 2104 3145 post
2151 3078 2607 3131 resurrectionem
2639 3075 2951 3139 cicatrices,
2985 3087 3095 3128 non
3130 3074 3376 3138 vulnera,

1806 3168 2213 3222 demonstrasse
2263 3168 2683 3235 dubitantibus,
2745 3175 2966 3237 propter
3016 3181 3157 3236 quos
3212 3165 3379 3220 etiam

1807 3264 1990 3317 cibum
2033 3277 2097 3316 ac
2136 3271 2323 3331 potum
2378 3277 2595 3316 sumere
2625 3261 2831 3327 voluit,
2873 3273 2981 3314 non
3034 3258 3232 3326 semel,
3283 3257 3380 3313 sed

1810 3355 2040 3423 sapius,
2079 3368 2146 3406 ne
2194 3352 2328 3406 illud
2361 3368 2468 3406 non
2516 3365 2757 3421 corpus,
2806 3351 2901 3405 sed
2947 3351 3201 3420 spiritum
3253 3363 3379 3404 esse

1809 3446 2237 3510 arbitrarentur,
2278 3452 2332 3498 et
2377 3443 2481 3498 sibi
2526 3459 2634 3497 non
2678 3443 2850 3531 solide
2889 3443 2983 3499 sed
3018 3443 3382 3513 imaginaliter

1807 3552 2085 3610 apparere.

2418 3646 2646 3703 CAPUT
2689 3647 2783 3703 Χῐ.

1815 3752 2034 3806 Docelas
2070 3746 2348 3801 nonnullos
2378 3746 2441 3798 ab
2472 3745 2795 3799 eucharistia
2839 3745 3156 3799 abstinuisse
3181 3761 3281 3815 par
3303 3755 3382 3802 est

1880 3822 2108 3875 credere.
2142 3816 2455 3886 Simonianii
2471 3833 2574 3868 non
2594 3819 2776 3869 statim
2800 3826 2916 3886 post
2948 3826 3169 3869 mortem
3201 3817 3381 3870 Simo-

1881 3894 1961 3946 nis
2009 3896 2350 3944 evanuerunt.
2405 3885 2532 3958 Non
2583 3885 2808 3957 apparet
2865 3887 3133 3958 Ignatium
3185 3888 3383 3941 diaisse

1881 3962 2144 4016 Romanos
2183 3959 2364 4028 ﬁdeles
2407 3956 2563 4028 facile
2609 3959 2783 4026 ipsum
2822 3975 2853 4011 a
2894 3956 3147 4027 supplicio
3184 3959 3382 4026 eripere

1881 4033 2131 4100 potuisse.
2185 4026 2390 4100 Nequei
2411 4029 2457 4081 si
2507 4027 2707 4100 dixerit
2735 4070 2763 4100 ε
2799 4026 3135 4100 veracitatem
3174 4028 3287 4100 ejus
3328 4031 3383 4100 in

1881 4098 2100 4156 dubium
2143 4098 2310 4154 vocat.
2355 4098 2538 4170 Potuit
2580 4099 2681 4170 sibi
2727 4099 2784 4153 S.
2831 4099 3075 4170 lgnatius
3117 4099 3382 4151 scribendi

1883 4173 2166 4228 secundam
2220 4169 2494 4239 epistolam
2525 4170 2594 4222 ad
2633 4169 2885 4238 Ephesios
2935 4170 3384 4237 opportunitatem

1883 4243 2149 4313 polliceri.
2194 4239 2560 4313 Redemptioa
2596 4241 2867 4313 vexatione
2894 4240 3181 4313 militum:
3210 4251 3258 4313 et
3294 4240 3380 4313 fa-

1885 4307 2055 4367 cultas
2090 4311 2268 4365 libera:
2302 4307 2584 4373 custodite,
2617 4309 2999 4376 confessoribus
3030 4309 3095 4361 ab
3134 4307 3380 4361 Erclesiis

156 4367 331 4425 edimus
351 4382 404 4426 εί
427 4372 687 4427 bibimus
716 4385 822 4423 una
847 4385 972 4424 cum
996 4384 1092 4442 θον,
1113 4388 1132 4422 ι
1161 4385 1266 4424 ηοη
1294 4370 1434 4423 inm"
1455 4383 1577 4434 ηοεν
1611 4365 1704 4422 sed
1737 4397 1781 4451 ι)
1879 4365 2154 4452 procurari
2184 4383 2340 4435 solita
2358 4422 2392 4452 ,ί
2407 4381 2520 4452 fuse
2551 4365 2883 4434 describitur.
2923 4379 3184 4452 Modestia
3231 4394 3381 4430 mar-

163 4474 177 4507 (
201 4475 290 4515 una
316 4479 436 4518 cum
465 4478 559 4517 eo.
588 4480 609 4514 ι
634 4460 693 4514 In
720 4462 885 4516 veteri
913 4461 1066 4516 Bezae
1081 4461 1268 4516 codice
1299 4461 1351 4514 in
1373 4458 1705 4516 Bibliotheca

159 4564 309 4610 nostra
359 4558 616 4612 additum
671 4563 775 4618 est,
804 4555 898 4607 καὶ
943 4555 1410 4626 συνεστράφημεν,
1441 4573 1458 4605 t
1487 4561 1542 4608 et
1569 4567 1706 4608 con—

158 4651 320 4704 versati
364 4666 588 4707 sumus.
627 4667 648 4700 ι
688 4646 860 4702 Erant
905 4648 1051 4702 enim
1097 4647 1173 4701 illi
1215 4655 1382 4702 testes
1409 4645 1602 4712 electi,
1653 4651 1708 4699 et

161 4734 444 4798 familiarius
477 4738 743 4800 adhibiti,
777 4745 836 4791 ut
861 4737 1114 4792 Christus
1158 4752 1189 4791 a
1219 4744 1397 4791 morte
1433 4735 1706 4791 excitatus

160 4827 210 4884 iis
233 4831 368 4888 ﬁeret
396 4832 745 4902 conspicuus
778 4829 832 4882 in
873 4830 1113 4884 humana
1158 4839 1355 4884 natura
1398 4838 1454 4884 et
1477 4842 1575 4898 per
1609 4840 1707 4881 eos

162 4921 292 4978 aliis:
323 4934 377 4980 ut
419 4927 532 4980 hoc
577 4923 774 4987 ﬁeret,
806 4939 823 4971 ι
864 4930 920 4975 et
963 4920 1325 4975 comederunt
1360 4929 1413 4974 et
1453 4919 1710 4976 biberunt

163 5029 244 5069 una
269 5033 382 5074 cum
416 5033 509 5085 eo,
545 5036 564 5070 ι
601 5017 712 5070 hoc
747 5026 830 5070 est
856 5030 922 5069 eo
953 5015 1269 5069 comedente
1298 5022 1353 5066 et
1383 5013 1604 5071 bibente
1631 5011 1708 5065 illi

164 5106 292 5163 simul
318 5110 688 5166 comedebant
710 5114 763 5161 et
786 5105 1065 5172 bibebant,
1100 5117 1263 5176 atque
1293 5104 1368 5159 ita
1393 5111 1519 5175 post
1553 5118 1708 5158 mor-

165 5207 276 5268 tem,
317 5201 792 5268 quemadmodum
833 5208 959 5253 ante
991 5209 1218 5254 mortem
1245 5236 1262 5261 ,
1295 5212 1419 5254 cum
1452 5213 1519 5252 eo
1544 5195 1709 5251 fami-

164 5289 331 5349 liariter
357 5293 678 5352 conversati
733 5300 881 5347 sunt.
923 5289 980 5346 Si
1026 5299 1208 5346 autem
1261 5288 1386 5343 ideo
1415 5290 1570 5344 dicas
1613 5302 1710 5342 eos

164 5395 248 5437 non
273 5386 465 5446 bibisse
492 5403 627 5446 eum
667 5382 918 5450 Christo,
947 5383 1079 5453 quia
1115 5383 1296 5438 Lucas
1326 5381 1381 5436 in
1413 5380 1709 5451 Evangelio

166 5489 250 5530 non
300 5483 478 5540 scribit
524 5480 823 5538 Christum
872 5477 1122 5544 bibisse;
1179 5478 1338 5532 dicas
1387 5488 1568 5544 neque
1610 5485 1710 5527 eos

165 5571 479 5631 manducasse
519 5588 663 5630 cum
714 5569 954 5639 Cdiristo,
984 5569 1115 5641 quin
1161 5568 1216 5626 in
1273 5564 1569 5638 Evangelia
1600 5576 1711 5618 non

220 5683 388 5746 "Act.
426 5706 483 5757 ι,
527 5689 632 5744 41.

1882 4448 2012 4522 lyris
2042 4463 2152 4506 tum
2193 4469 2318 4523 erga
2351 4448 2651 4506 Trallianos
2672 4491 2688 4518 ,
2719 4459 2830 4503 tum
2869 4466 2994 4520 erga
3021 4448 3381 4517 Polycarpum

1877 4523 2198 4593 defenditur.

1877 4637 2068 4708 Capite
2090 4637 2161 4692 20
2189 4638 2302 4693 duo
2330 4645 2650 4706 argumenta
2682 4633 3058 4705 persequitur,
3083 4640 3136 4688 et
3163 4639 3383 4686 utrum-

1808 4748 1914 4803 que
1961 4740 2210 4786 nostrum
2251 4728 2519 4800 lgnatium
2559 4728 2712 4798 petit.
2766 4725 3012 4782 Primum
3062 4735 3183 4793 est,
3233 4724 3381 4797 quod

1810 4824 1989 4880 tradat
2030 4822 2316 4878 haereticos
2358 4821 2428 4877 ab
2475 4821 2810 4876 eucharistia
2857 4820 3210 4876 abstinuisse.
3268 4816 3384 4872 Hoc

1809 4925 1991 4973 autem
2023 4915 2219 4971 falsum
2246 4928 2368 4970 esse
2394 4922 2585 4984 putat:
2616 4913 2797 4968 nullos
2823 4913 3023 4982 quippe
3042 4919 3197 4967 astate
3222 4908 3382 4978 lgna-

1811 5009 1873 5064 tii
1904 5009 2006 5064 hoc
2034 5007 2249 5063 fecisse.
2297 5004 2414 5073 Qua
2450 5005 2618 5076 igitur
2650 5013 2810 5060 aetate
2848 5003 2954 5058 hoc
2979 5000 3266 5057 fecerunt?
3298 4998 3383 5050 An

1811 5101 2063 5156 ducentis
2103 5108 2229 5170 post
2257 5099 2528 5170 lgnatium
2556 5097 2752 5163 anuis,
2796 5110 2921 5151 cum
2955 5094 3219 5162 impostor
3258 5088 3384 5142 Dal-

1805 5193 2019 5250 laeanus
2047 5194 2147 5247 has
2191 5191 2452 5262 epistolas
2495 5189 2694 5244 tinxit?
2730 5186 2972 5242 Minie.
3002 5185 3084 5238 An
3115 5181 3227 5237 ulla
3276 5179 3384 5233 alio

1818 5295 1945 5341 ante
1978 5287 2030 5340 id
2076 5297 2290 5354 tempus
2342 5284 2497 5339 aevo?
2526 5281 2981 5350 Haudquaquam.
3017 5274 3275 5329 Mentitus
3297 5281 3385 5327 est

1813 5379 1979 5450 igitur
2007 5379 2282 5447 scriptor;
2321 5374 2468 5446 quod
2496 5375 2564 5429 de
2587 5372 2796 5442 lgnatio
2829 5368 2978 5425 credi
3006 5367 3157 5422 nullo
3194 5368 3380 5431 modo,

1813 5470 1881 5525 de
1911 5471 2209 5540 impostore
2262 5468 2422 5524 facile
2466 5464 2612 5521 credi
2650 5471 2846 5533 potest.
2878 5459 2983 5515 Sed
3021 5465 3192 5530 Quare
3229 5460 3384 5515 lictor

1807 5561 2147 5634 idrlingeret,
2179 5560 2324 5633 quod
2356 5557 2563 5615 nullam
2599 5554 2822 5612 omnino
2849 5552 3382 5611 verisimilitudinem
