  <div class='ocr_page' id='page_1' title='image "/cluster/home/n/w/nwhite01/storage/ocr_20150623/5/hvd.32044019206598/201.png"; bbox 0 0 3800 6208; ppageno 0'>
   <div class='ocr_carea' id='block_1_1' title="bbox 411 194 517 254">
    <p class='ocr_par' dir='ltr' id='par_1_1' title="bbox 411 194 517 254">
     <span class='ocr_line' id='line_1_1' title="bbox 411 194 517 254; baseline -0.047 0"><span class='ocrx_word' id='word_1_1' title='bbox 411 194 517 254; x_wconf 70' lang='lat'><strong>387</strong></span> 
     </span>
    </p>
   </div>
   <div class='ocr_carea' id='block_1_2' title="bbox 1360 181 2467 243">
    <p class='ocr_par' dir='ltr' id='par_1_2' title="bbox 1360 181 2467 243">
     <span class='ocr_line' id='line_1_2' title="bbox 1360 181 2467 243; baseline -0.005 -1"><span class='ocrx_word' id='word_1_2' title='bbox 1360 187 1418 242; x_wconf 79' lang='grc' dir='ltr'><strong>ε.</strong></span> <span class='ocrx_word' id='word_1_3' title='bbox 1449 182 1800 243; x_wconf 78' lang='lat' dir='ltr'><strong>IGNATIUS.</strong></span> <span class='ocrx_word' id='word_1_4' title='bbox 1828 214 1897 224; x_wconf 90' lang='lat'>—</span> <span class='ocrx_word' id='word_1_5' title='bbox 1935 181 2467 241; x_wconf 79' lang='lat' dir='ltr'><strong>PROLEGOMENA.</strong></span> 
     </span>
    </p>
   </div>
   <div class='ocr_carea' id='block_1_3' title="bbox 3566 176 3670 234">
    <p class='ocr_par' dir='ltr' id='par_1_3' title="bbox 3566 176 3670 234">
     <span class='ocr_line' id='line_1_3' title="bbox 3566 176 3670 234; baseline -0.01 0"><span class='ocrx_word' id='word_1_6' title='bbox 3566 176 3670 234; x_wconf 78' lang='lat'><strong>388</strong></span> 
     </span>
    </p>
   </div>
   <div class='ocr_carea' id='block_1_4' title="bbox 414 288 3673 383">
    <p class='ocr_par' dir='ltr' id='par_1_4' title="bbox 414 288 3673 383">
     <span class='ocr_line' id='line_1_4' title="bbox 414 288 3673 383; baseline -0.006 -16"><span class='ocrx_word' id='word_1_7' title='bbox 414 314 662 374; x_wconf 83' lang='lat' dir='ltr'><strong>haberet,</strong></span> <span class='ocrx_word' id='word_1_8' title='bbox 697 309 843 383; x_wconf 79' lang='lat' dir='ltr'><strong>quod</strong></span> <span class='ocrx_word' id='word_1_9' title='bbox 878 324 1057 380; x_wconf 88' lang='lat' dir='ltr'><strong>neque</strong></span> <span class='ocrx_word' id='word_1_10' title='bbox 1080 323 1195 364; x_wconf 74' lang='lat' dir='ltr'><strong>aevo</strong></span> <span class='ocrx_word' id='word_1_11' title='bbox 1217 307 1445 379; x_wconf 87' lang='lat' dir='ltr'><strong>lgnatii,</strong></span> <span class='ocrx_word' id='word_1_12' title='bbox 1474 322 1577 363; x_wconf 87' lang='lat' dir='ltr'><strong>nec</strong></span> <span class='ocrx_word' id='word_1_13' title='bbox 1619 320 1723 361; x_wconf 91' lang='lat' dir='ltr'><strong>suo</strong></span> <span class='ocrx_word' id='word_1_14' title='bbox 1767 319 1987 374; x_wconf 90' lang='lat' dir='ltr'><strong>compe-</strong></span> <span class='ocrx_word' id='word_1_15' title='bbox 2018 309 2063 364; x_wconf 83' lang='grc' dir='ltr'><strong>Α</strong></span> <span class='ocrx_word' id='word_1_16' title='bbox 2090 302 2326 372; x_wconf 89' lang='lat' dir='ltr'><strong>attingit.</strong></span> <span class='ocrx_word' id='word_1_17' title='bbox 2368 299 2757 369; x_wconf 81' lang='lat' dir='ltr'><strong>Antiquiorum</strong></span> <span class='ocrx_word' id='word_1_18' title='bbox 2804 296 3078 352; x_wconf 71' lang='lat' dir='ltr'><strong>distincta:</strong></span> <span class='ocrx_word' id='word_1_19' title='bbox 3125 295 3369 351; x_wconf 70' lang='lat' dir='ltr'><strong>hazreses</strong></span> <span class='ocrx_word' id='word_1_20' title='bbox 3413 288 3529 363; x_wconf 77' lang='lat' dir='ltr'><strong>jam</strong></span> <span class='ocrx_word' id='word_1_21' title='bbox 3555 300 3673 347; x_wconf 91' lang='lat' dir='ltr'><strong>tum</strong></span> 
     </span>
    </p>
   </div>
   <div class='ocr_carea' id='block_1_5' title="bbox 411 396 1989 473">
    <p class='ocr_par' dir='ltr' id='par_1_5' title="bbox 411 396 1989 473">
     <span class='ocr_line' id='line_1_5' title="bbox 411 396 1989 473; baseline -0.006 -14"><span class='ocrx_word' id='word_1_22' title='bbox 411 405 595 461; x_wconf 86' lang='lat' dir='ltr'><strong>teret?</strong></span> <span class='ocrx_word' id='word_1_23' title='bbox 623 403 783 460; x_wconf 88' lang='lat' dir='ltr'><strong>Certe</strong></span> <span class='ocrx_word' id='word_1_24' title='bbox 805 405 850 459; x_wconf 99' lang='lat' dir='ltr'><strong>si</strong></span> <span class='ocrx_word' id='word_1_25' title='bbox 891 404 1026 459; x_wconf 86' lang='lat' dir='ltr'><strong>nulli</strong></span> <span class='ocrx_word' id='word_1_26' title='bbox 1062 417 1307 473; x_wconf 89' lang='lat' dir='ltr'><strong>unquam</strong></span> <span class='ocrx_word' id='word_1_27' title='bbox 1343 401 1411 455; x_wconf 91' lang='lat' dir='ltr'><strong>ab</strong></span> <span class='ocrx_word' id='word_1_28' title='bbox 1457 399 1788 455; x_wconf 89' lang='lat' dir='ltr'><strong>eucharistia</strong></span> <span class='ocrx_word' id='word_1_29' title='bbox 1819 396 1989 451; x_wconf 89' lang='lat' dir='ltr'><strong>absti-</strong></span> 
     </span>
    </p>
   </div>
   <div class='ocr_carea' id='block_1_6' title="bbox 413 490 1988 568">
    <p class='ocr_par' dir='ltr' id='par_1_6' title="bbox 413 490 1988 568">
     <span class='ocr_line' id='line_1_6' title="bbox 413 490 1988 568; baseline -0.006 -15"><span class='ocrx_word' id='word_1_30' title='bbox 413 500 695 563; x_wconf 91' lang='lat' dir='ltr'><strong>nuissent,</strong></span> <span class='ocrx_word' id='word_1_31' title='bbox 730 513 799 552; x_wconf 89' lang='lat' dir='ltr'><strong>ne</strong></span> <span class='ocrx_word' id='word_1_32' title='bbox 842 496 1001 553; x_wconf 86' lang='lat' dir='ltr'><strong>ﬁctor</strong></span> <span class='ocrx_word' id='word_1_33' title='bbox 1035 497 1256 568; x_wconf 81' lang='lat' dir='ltr'><strong>quidem</strong></span> <span class='ocrx_word' id='word_1_34' title='bbox 1304 494 1358 549; x_wconf 91' lang='lat' dir='ltr'><strong>id</strong></span> <span class='ocrx_word' id='word_1_35' title='bbox 1400 494 1662 560; x_wconf 81' lang='lat' dir='ltr'><strong>dixisset,</strong></span> <span class='ocrx_word' id='word_1_36' title='bbox 1687 499 1781 546; x_wconf 89' lang='lat' dir='ltr'><strong>aut</strong></span> <span class='ocrx_word' id='word_1_37' title='bbox 1824 490 1988 560; x_wconf 81' lang='lat' dir='ltr'><strong>hujus</strong></span> 
     </span>
    </p>
   </div>
   <div class='ocr_carea' id='block_1_7' title="bbox 413 581 1988 660">
    <p class='ocr_par' dir='ltr' id='par_1_7' title="bbox 413 581 1988 660">
     <span class='ocr_line' id='line_1_7' title="bbox 413 581 1988 660; baseline -0.004 -16"><span class='ocrx_word' id='word_1_38' title='bbox 413 591 646 646; x_wconf 90' lang='lat' dir='ltr'><strong>inauditi</strong></span> <span class='ocrx_word' id='word_1_39' title='bbox 703 590 954 645; x_wconf 91' lang='lat' dir='ltr'><strong>criminis</strong></span> <span class='ocrx_word' id='word_1_40' title='bbox 1027 604 1358 660; x_wconf 90' lang='lat' dir='ltr'><strong>quemquam</strong></span> <span class='ocrx_word' id='word_1_41' title='bbox 1423 593 1756 641; x_wconf 77' lang='lat' dir='ltr'><strong>accusasset.</strong></span> <span class='ocrx_word' id='word_1_42' title='bbox 1827 581 1988 638; x_wconf 80' lang='lat' dir='ltr'><strong>Nullo</strong></span> 
     </span>
    </p>
   </div>
   <div class='ocr_carea' id='block_1_8' title="bbox 412 675 1988 753">
    <p class='ocr_par' dir='ltr' id='par_1_8' title="bbox 412 675 1988 753">
     <span class='ocr_line' id='line_1_8' title="bbox 412 675 1988 753; baseline -0.005 -15"><span class='ocrx_word' id='word_1_43' title='bbox 412 683 580 738; x_wconf 90' lang='lat' dir='ltr'><strong>modo</strong></span> <span class='ocrx_word' id='word_1_44' title='bbox 608 683 773 753; x_wconf 91' lang='lat' dir='ltr'><strong>igitur</strong></span> <span class='ocrx_word' id='word_1_45' title='bbox 822 682 1182 737; x_wconf 76' lang='lat' dir='ltr'><strong>dubitandum</strong></span> <span class='ocrx_word' id='word_1_46' title='bbox 1230 688 1347 748; x_wconf 92' lang='lat' dir='ltr'><strong>est,</strong></span> <span class='ocrx_word' id='word_1_47' title='bbox 1401 680 1532 750; x_wconf 91' lang='lat' dir='ltr'><strong>quin</strong></span> <span class='ocrx_word' id='word_1_48' title='bbox 1564 679 1699 734; x_wconf 84' lang='lat' dir='ltr'><strong>tales</strong></span> <span class='ocrx_word' id='word_1_49' title='bbox 1746 675 1988 733; x_wconf 62' lang='lat' dir='ltr'><strong>haeretici</strong></span> 
     </span>
    </p>
   </div>
   <div class='ocr_carea' id='block_1_9' title="bbox 412 771 1984 845">
    <p class='ocr_par' dir='ltr' id='par_1_9' title="bbox 412 771 1984 845">
     <span class='ocr_line' id='line_1_9' title="bbox 412 771 1984 845; baseline -0.003 -15"><span class='ocrx_word' id='word_1_50' title='bbox 412 776 638 831; x_wconf 77' lang='lat' dir='ltr'><strong>fuerint.</strong></span> <span class='ocrx_word' id='word_1_51' title='bbox 688 775 793 831; x_wconf 84' lang='lat' dir='ltr'><strong>Sed</strong></span> <span class='ocrx_word' id='word_1_52' title='bbox 831 795 850 827; x_wconf 75' lang='grc' dir='ltr'><strong>ι</strong></span> <span class='ocrx_word' id='word_1_53' title='bbox 880 776 1105 845; x_wconf 87' lang='lat' dir='ltr'><strong>quinam</strong></span> <span class='ocrx_word' id='word_1_54' title='bbox 1158 783 1308 839; x_wconf 90' lang='lat' dir='ltr'><strong>sunt,</strong></span> <span class='ocrx_word' id='word_1_55' title='bbox 1334 792 1353 825; x_wconf 83' lang='grc'><strong>›</strong></span> <span class='ocrx_word' id='word_1_56' title='bbox 1390 773 1606 843; x_wconf 83' lang='lat' dir='ltr'><strong>inquit?</strong></span> <span class='ocrx_word' id='word_1_57' title='bbox 1652 771 1710 826; x_wconf 82' lang='lat' dir='ltr'><strong>Si</strong></span> <span class='ocrx_word' id='word_1_58' title='bbox 1754 779 1984 842; x_wconf 72' lang='lat' dir='ltr'><strong>quaerat,</strong></span> 
     </span>
    </p>
   </div>
   <div class='ocr_carea' id='block_1_10' title="bbox 413 862 1989 938">
    <p class='ocr_par' dir='ltr' id='par_1_10' title="bbox 413 862 1989 938">
     <span class='ocr_line' id='line_1_10' title="bbox 413 862 1989 938; baseline -0.002 -17"><span class='ocrx_word' id='word_1_59' title='bbox 413 869 711 938; x_wconf 76' lang='lat' dir='ltr'><strong>quaerimus</strong></span> <span class='ocrx_word' id='word_1_60' title='bbox 738 879 791 923; x_wconf 91' lang='lat' dir='ltr'><strong>et</strong></span> <span class='ocrx_word' id='word_1_61' title='bbox 825 883 960 933; x_wconf 91' lang='lat' dir='ltr'><strong>nos,</strong></span> <span class='ocrx_word' id='word_1_62' title='bbox 993 867 1218 937; x_wconf 86' lang='lat' dir='ltr'><strong>quinam</strong></span> <span class='ocrx_word' id='word_1_63' title='bbox 1255 866 1331 919; x_wconf 89' lang='lat' dir='ltr'><strong>illi</strong></span> <span class='ocrx_word' id='word_1_64' title='bbox 1363 864 1600 919; x_wconf 68' lang='lat' dir='ltr'><strong>hmretici</strong></span> <span class='ocrx_word' id='word_1_65' title='bbox 1632 862 1888 931; x_wconf 82' lang='lat' dir='ltr'><strong>fuerunt,</strong></span> <span class='ocrx_word' id='word_1_66' title='bbox 1922 864 1989 918; x_wconf 92' lang='lat' dir='ltr'><strong>de</strong></span> 
     </span>
    </p>
   </div>
   <div class='ocr_carea' id='block_1_11' title="bbox 412 954 1988 1028">
    <p class='ocr_par' dir='ltr' id='par_1_11' title="bbox 412 954 1988 1028">
     <span class='ocr_line' id='line_1_11' title="bbox 412 954 1988 1028; baseline -0.003 -15"><span class='ocrx_word' id='word_1_67' title='bbox 412 960 613 1026; x_wconf 87' lang='lat' dir='ltr'><strong>quibus</strong></span> <span class='ocrx_word' id='word_1_68' title='bbox 635 958 881 1028; x_wconf 83' lang='lat' dir='ltr'><strong>loquitur</strong></span> <span class='ocrx_word' id='word_1_69' title='bbox 904 957 1313 1012; x_wconf 88' lang='lat' dir='ltr'><strong>Tertullianus?</strong></span> <span class='ocrx_word' id='word_1_70' title='bbox 1340 975 1359 1007; x_wconf 85' lang='grc'><strong><em>‹</em></strong></span> <span class='ocrx_word' id='word_1_71' title='bbox 1388 954 1579 1010; x_wconf 88' lang='lat' dir='ltr'><strong>Plures</strong></span> <span class='ocrx_word' id='word_1_72' title='bbox 1604 970 1705 1011; x_wconf 90' lang='lat' dir='ltr'><strong>nec</strong></span> <span class='ocrx_word' id='word_1_73' title='bbox 1727 954 1988 1010; x_wconf 89' lang='lat' dir='ltr'><strong>ecclesias</strong></span> 
     </span>
    </p>
   </div>
   <div class='ocr_carea' id='block_1_12' title="bbox 412 1048 1986 1119">
    <p class='ocr_par' dir='ltr' id='par_1_12' title="bbox 412 1048 1986 1119">
     <span class='ocr_line' id='line_1_12' title="bbox 412 1048 1986 1119; baseline -0.003 -13"><span class='ocrx_word' id='word_1_74' title='bbox 412 1051 638 1119; x_wconf 86' lang='lat' dir='ltr'><strong>habent,</strong></span> <span class='ocrx_word' id='word_1_75' title='bbox 671 1053 791 1107; x_wconf 89' lang='lat' dir='ltr'><strong>sine</strong></span> <span class='ocrx_word' id='word_1_76' title='bbox 819 1059 1025 1117; x_wconf 87' lang='lat' dir='ltr'><strong>matre,</strong></span> <span class='ocrx_word' id='word_1_77' title='bbox 1060 1050 1176 1106; x_wconf 88' lang='lat' dir='ltr'><strong>sine</strong></span> <span class='ocrx_word' id='word_1_78' title='bbox 1207 1049 1353 1115; x_wconf 90' lang='lat' dir='ltr'><strong>sede,</strong></span> <span class='ocrx_word' id='word_1_79' title='bbox 1382 1049 1502 1103; x_wconf 89' lang='lat' dir='ltr'><strong>orbi</strong></span> <span class='ocrx_word' id='word_1_80' title='bbox 1538 1048 1673 1113; x_wconf 91' lang='lat' dir='ltr'><strong>ﬁde,</strong></span> <span class='ocrx_word' id='word_1_81' title='bbox 1702 1055 1986 1113; x_wconf 82' lang='lat' dir='ltr'><strong>extorres,</strong></span> 
     </span>
    </p>
   </div>
   <div class='ocr_carea' id='block_1_13' title="bbox 413 1139 1989 1215">
    <p class='ocr_par' dir='ltr' id='par_1_13' title="bbox 413 1139 1989 1215">
     <span class='ocr_line' id='line_1_13' title="bbox 413 1139 1989 1215; baseline -0.005 -14"><span class='ocrx_word' id='word_1_82' title='bbox 413 1146 535 1201; x_wconf 87' lang='lat' dir='ltr'><strong>sine</strong></span> <span class='ocrx_word' id='word_1_83' title='bbox 566 1146 682 1201; x_wconf 87' lang='lat' dir='ltr'><strong>lare</strong></span> <span class='ocrx_word' id='word_1_84' title='bbox 730 1154 1018 1215; x_wconf 78' lang='lat' dir='ltr'><strong>vagantur.</strong></span> <span class='ocrx_word' id='word_1_85' title='bbox 1046 1163 1064 1197; x_wconf 72' lang='grc' dir='ltr'><strong>ι</strong></span> <span class='ocrx_word' id='word_1_86' title='bbox 1097 1144 1363 1210; x_wconf 87' lang='lat' dir='ltr'><strong>Quando,</strong></span> <span class='ocrx_word' id='word_1_87' title='bbox 1397 1157 1620 1213; x_wconf 69' lang='lat' dir='ltr'><strong>quaeso,</strong></span> <span class='ocrx_word' id='word_1_88' title='bbox 1662 1140 1740 1195; x_wconf 88' lang='lat' dir='ltr'><strong>illi</strong></span> <span class='ocrx_word' id='word_1_89' title='bbox 1785 1139 1989 1194; x_wconf 86' lang='lat' dir='ltr'><strong>eucha-</strong></span> 
     </span>
    </p>
   </div>
   <div class='ocr_carea' id='block_1_14' title="bbox 410 1234 1990 1307">
    <p class='ocr_par' dir='ltr' id='par_1_14' title="bbox 410 1234 1990 1307">
     <span class='ocr_line' id='line_1_14' title="bbox 410 1234 1990 1307; baseline -0.004 -14"><span class='ocrx_word' id='word_1_90' title='bbox 410 1239 624 1295; x_wconf 88' lang='lat' dir='ltr'><strong>ristiam</strong></span> <span class='ocrx_word' id='word_1_91' title='bbox 670 1237 1057 1293; x_wconf 78' lang='lat' dir='ltr'><strong>celebrabant?</strong></span> <span class='ocrx_word' id='word_1_92' title='bbox 1106 1252 1227 1307; x_wconf 65' lang='lat' dir='ltr'><strong>quae</strong></span> <span class='ocrx_word' id='word_1_93' title='bbox 1263 1234 1369 1291; x_wconf 89' lang='lat' dir='ltr'><strong>illis</strong></span> <span class='ocrx_word' id='word_1_94' title='bbox 1425 1249 1557 1290; x_wconf 89' lang='lat' dir='ltr'><strong>cura</strong></span> <span class='ocrx_word' id='word_1_95' title='bbox 1602 1234 1888 1288; x_wconf 87' lang='lat' dir='ltr'><strong>viduarum</strong></span> <span class='ocrx_word' id='word_1_96' title='bbox 1935 1240 1990 1287; x_wconf 90' lang='lat' dir='ltr'><strong>et</strong></span> 
     </span>
    </p>
   </div>
   <div class='ocr_carea' id='block_1_15' title="bbox 412 1325 1988 1403">
    <p class='ocr_par' dir='ltr' id='par_1_15' title="bbox 412 1325 1988 1403">
     <span class='ocr_line' id='line_1_15' title="bbox 412 1325 1988 1403; baseline -0.004 -17"><span class='ocrx_word' id='word_1_97' title='bbox 412 1331 822 1403; x_wconf 81' lang='lat' dir='ltr'><strong>orphanorum?</strong></span> <span class='ocrx_word' id='word_1_98' title='bbox 855 1329 958 1385; x_wconf 87' lang='lat' dir='ltr'><strong>Sed</strong></span> <span class='ocrx_word' id='word_1_99' title='bbox 1000 1329 1230 1384; x_wconf 90' lang='lat' dir='ltr'><strong>ulterius</strong></span> <span class='ocrx_word' id='word_1_100' title='bbox 1262 1327 1459 1398; x_wconf 62' lang='lat' dir='ltr'><strong>quaerit</strong></span> <span class='ocrx_word' id='word_1_101' title='bbox 1481 1369 1496 1395; x_wconf 93' lang='lat'><strong>,</strong></span> <span class='ocrx_word' id='word_1_102' title='bbox 1529 1328 1751 1397; x_wconf 90' lang='lat' dir='ltr'><strong>quinam</strong></span> <span class='ocrx_word' id='word_1_103' title='bbox 1787 1326 1865 1381; x_wconf 89' lang='lat' dir='ltr'><strong>illi</strong></span> <span class='ocrx_word' id='word_1_104' title='bbox 1896 1325 1988 1396; x_wconf 91' lang='lat' dir='ltr'><strong>qui</strong></span> 
     </span>
    </p>
   </div>
   <div class='ocr_carea' id='block_1_16' title="bbox 412 1418 1991 1489">
    <p class='ocr_par' dir='ltr' id='par_1_16' title="bbox 412 1418 1991 1489">
     <span class='ocr_line' id='line_1_16' title="bbox 412 1418 1991 1489; baseline -0.003 -13"><span class='ocrx_word' id='word_1_105' title='bbox 412 1422 537 1478; x_wconf 92' lang='lat' dir='ltr'><strong>ideo</strong></span> <span class='ocrx_word' id='word_1_106' title='bbox 559 1422 900 1477; x_wconf 88' lang='lat' dir='ltr'><strong>abstinerent</strong></span> <span class='ocrx_word' id='word_1_107' title='bbox 927 1420 998 1475; x_wconf 89' lang='lat' dir='ltr'><strong>ab</strong></span> <span class='ocrx_word' id='word_1_108' title='bbox 1026 1419 1380 1483; x_wconf 88' lang='lat' dir='ltr'><strong>eucharistia,</strong></span> <span class='ocrx_word' id='word_1_109' title='bbox 1411 1418 1555 1489; x_wconf 92' lang='lat' dir='ltr'><strong>quod</strong></span> <span class='ocrx_word' id='word_1_110' title='bbox 1585 1434 1704 1473; x_wconf 90' lang='lat' dir='ltr'><strong>eam</strong></span> <span class='ocrx_word' id='word_1_111' title='bbox 1728 1426 1991 1488; x_wconf 83' lang='lat' dir='ltr'><strong>negarent</strong></span> 
     </span>
    </p>
   </div>
   <div class='ocr_carea' id='block_1_17' title="bbox 414 1506 1988 1579">
    <p class='ocr_par' dir='ltr' id='par_1_17' title="bbox 414 1506 1988 1579">
     <span class='ocr_line' id='line_1_17' title="bbox 414 1506 1988 1579; baseline -0.004 -12"><span class='ocrx_word' id='word_1_112' title='bbox 414 1510 717 1567; x_wconf 89' lang='lat' dir='ltr'><strong>Salvatoris</strong></span> <span class='ocrx_word' id='word_1_113' title='bbox 744 1526 866 1567; x_wconf 91' lang='lat' dir='ltr'><strong>esse</strong></span> <span class='ocrx_word' id='word_1_114' title='bbox 894 1525 1113 1565; x_wconf 88' lang='lat' dir='ltr'><strong>carnem</strong></span> <span class='ocrx_word' id='word_1_115' title='bbox 1139 1524 1238 1579; x_wconf 87' lang='lat' dir='ltr'><strong>pro</strong></span> <span class='ocrx_word' id='word_1_116' title='bbox 1269 1509 1430 1564; x_wconf 90' lang='lat' dir='ltr'><strong>nobis</strong></span> <span class='ocrx_word' id='word_1_117' title='bbox 1452 1509 1707 1579; x_wconf 86' lang='lat' dir='ltr'><strong>passam?</strong></span> <span class='ocrx_word' id='word_1_118' title='bbox 1738 1506 1988 1578; x_wconf 84' lang='lat' dir='ltr'><strong>Respon-</strong></span> 
     </span>
    </p>
   </div>
   <div class='ocr_carea' id='block_1_18' title="bbox 417 1596 1987 1669">
    <p class='ocr_par' dir='ltr' id='par_1_18' title="bbox 417 1596 1987 1669">
     <span class='ocr_line' id='line_1_18' title="bbox 417 1596 1987 1669; baseline -0.004 -12"><span class='ocrx_word' id='word_1_119' title='bbox 417 1603 543 1669; x_wconf 91' lang='lat' dir='ltr'><strong>deo,</strong></span> <span class='ocrx_word' id='word_1_120' title='bbox 560 1600 806 1657; x_wconf 68' lang='lat' dir='ltr'><strong>Docetae:</strong></span> <span class='ocrx_word' id='word_1_121' title='bbox 827 1600 928 1667; x_wconf 91' lang='lat' dir='ltr'><strong>illi,</strong></span> <span class='ocrx_word' id='word_1_122' title='bbox 942 1599 1300 1669; x_wconf 85' lang='lat' dir='ltr'><strong>seilicetquos</strong></span> <span class='ocrx_word' id='word_1_123' title='bbox 1316 1598 1579 1653; x_wconf 87' lang='lat' dir='ltr'><strong>describit</strong></span> <span class='ocrx_word' id='word_1_124' title='bbox 1606 1596 1871 1668; x_wconf 84' lang='lat' dir='ltr'><strong>lgnatius,</strong></span> <span class='ocrx_word' id='word_1_125' title='bbox 1893 1596 1987 1666; x_wconf 94' lang='lat' dir='ltr'><strong>qui</strong></span> 
     </span>
    </p>
   </div>
   <div class='ocr_carea' id='block_1_19' title="bbox 411 1673 2061 1760">
    <p class='ocr_par' dir='ltr' id='par_1_19' title="bbox 411 1673 2061 1760">
     <span class='ocr_line' id='line_1_19' title="bbox 411 1673 2061 1760; baseline -0.004 -10"><span class='ocrx_word' id='word_1_126' title='bbox 411 1694 699 1751; x_wconf 78' lang='lat' dir='ltr'><strong>veritatem</strong></span> <span class='ocrx_word' id='word_1_127' title='bbox 730 1694 987 1749; x_wconf 61' lang='lat' dir='ltr'><strong>humanae</strong></span> <span class='ocrx_word' id='word_1_128' title='bbox 1009 1700 1218 1746; x_wconf 58' lang='lat' dir='ltr'><strong>natura;</strong></span> <span class='ocrx_word' id='word_1_129' title='bbox 1246 1692 1300 1746; x_wconf 91' lang='lat' dir='ltr'><strong>in</strong></span> <span class='ocrx_word' id='word_1_130' title='bbox 1325 1691 1545 1746; x_wconf 78' lang='lat' dir='ltr'><strong>Christo</strong></span> <span class='ocrx_word' id='word_1_131' title='bbox 1574 1690 1985 1760; x_wconf 85' lang='lat' dir='ltr'><strong>impugnabant,</strong></span> <span class='ocrx_word' id='word_1_132' title='bbox 2020 1673 2061 1728; x_wconf 81' lang='grc' dir='ltr'><strong>Β</strong></span> 
     </span>
    </p>
   </div>
   <div class='ocr_carea' id='block_1_20' title="bbox 412 1782 1987 1858">
    <p class='ocr_par' dir='ltr' id='par_1_20' title="bbox 412 1782 1987 1858">
     <span class='ocr_line' id='line_1_20' title="bbox 412 1782 1987 1858; baseline -0.004 -16"><span class='ocrx_word' id='word_1_133' title='bbox 412 1788 508 1858; x_wconf 90' lang='lat' dir='ltr'><strong>qui</strong></span> <span class='ocrx_word' id='word_1_134' title='bbox 531 1785 844 1857; x_wconf 85' lang='lat' dir='ltr'><strong>passionem</strong></span> <span class='ocrx_word' id='word_1_135' title='bbox 869 1785 1010 1855; x_wconf 85' lang='lat' dir='ltr'><strong>ejus,</strong></span> <span class='ocrx_word' id='word_1_136' title='bbox 1040 1792 1095 1839; x_wconf 93' lang='lat' dir='ltr'><strong>et</strong></span> <span class='ocrx_word' id='word_1_137' title='bbox 1116 1784 1575 1838; x_wconf 89' lang='lat' dir='ltr'><strong>resurrectionem</strong></span> <span class='ocrx_word' id='word_1_138' title='bbox 1597 1782 1987 1853; x_wconf 88' lang='lat' dir='ltr'><strong>pernegabant,</strong></span> 
     </span>
    </p>
   </div>
   <div class='ocr_carea' id='block_1_21' title="bbox 412 1873 1989 1949">
    <p class='ocr_par' dir='ltr' id='par_1_21' title="bbox 412 1873 1989 1949">
     <span class='ocr_line' id='line_1_21' title="bbox 412 1873 1989 1949; baseline -0.003 -17"><span class='ocrx_word' id='word_1_139' title='bbox 412 1894 443 1932; x_wconf 90' lang='lat' dir='ltr'><strong>a</strong></span> <span class='ocrx_word' id='word_1_140' title='bbox 474 1880 675 1949; x_wconf 89' lang='lat' dir='ltr'><strong>quibus</strong></span> <span class='ocrx_word' id='word_1_141' title='bbox 719 1879 1018 1933; x_wconf 88' lang='lat' dir='ltr'><strong>cavendum</strong></span> <span class='ocrx_word' id='word_1_142' title='bbox 1070 1885 1254 1932; x_wconf 88' lang='lat' dir='ltr'><strong>monet</strong></span> <span class='ocrx_word' id='word_1_143' title='bbox 1293 1875 1557 1946; x_wconf 88' lang='lat' dir='ltr'><strong>lgnatius,</strong></span> <span class='ocrx_word' id='word_1_144' title='bbox 1612 1883 1666 1929; x_wconf 89' lang='lat' dir='ltr'><strong>et</strong></span> <span class='ocrx_word' id='word_1_145' title='bbox 1696 1873 1989 1945; x_wconf 79' lang='lat' dir='ltr'><strong>Evangelia</strong></span> 
     </span>
    </p>
   </div>
   <div class='ocr_carea' id='block_1_22' title="bbox 412 1968 1990 2042">
    <p class='ocr_par' dir='ltr' id='par_1_22' title="bbox 412 1968 1990 2042">
     <span class='ocr_line' id='line_1_22' title="bbox 412 1968 1990 2042; baseline -0.004 -16"><span class='ocrx_word' id='word_1_146' title='bbox 412 1971 823 2036; x_wconf 62' lang='lat' dir='ltr'><strong>adhaerendum,</strong></span> <span class='ocrx_word' id='word_1_147' title='bbox 854 1989 874 2023; x_wconf 75' lang='grc' dir='ltr'><strong>ι</strong></span> <span class='ocrx_word' id='word_1_148' title='bbox 910 1971 965 2025; x_wconf 90' lang='lat' dir='ltr'><strong>in</strong></span> <span class='ocrx_word' id='word_1_149' title='bbox 997 1985 1107 2042; x_wconf 94' lang='lat' dir='ltr'><strong>quo</strong></span> <span class='ocrx_word' id='word_1_150' title='bbox 1136 1970 1318 2040; x_wconf 79' lang='lat' dir='ltr'><strong>passio</strong></span> <span class='ocrx_word' id='word_1_151' title='bbox 1350 1968 1507 2023; x_wconf 90' lang='lat' dir='ltr'><strong>nobis</strong></span> <span class='ocrx_word' id='word_1_152' title='bbox 1538 1976 1758 2022; x_wconf 89' lang='lat' dir='ltr'><strong>ostensa</strong></span> <span class='ocrx_word' id='word_1_153' title='bbox 1806 1975 1908 2033; x_wconf 88' lang='lat' dir='ltr'><strong>est,</strong></span> <span class='ocrx_word' id='word_1_154' title='bbox 1937 1975 1990 2021; x_wconf 91' lang='lat' dir='ltr'><strong>et</strong></span> 
     </span>
    </p>
   </div>
   <div class='ocr_carea' id='block_1_23' title="bbox 411 2060 1990 2135">
    <p class='ocr_par' dir='ltr' id='par_1_23' title="bbox 411 2060 1990 2135">
     <span class='ocr_line' id='line_1_23' title="bbox 411 2060 1990 2135; baseline -0.002 -17"><span class='ocrx_word' id='word_1_155' title='bbox 411 2065 743 2121; x_wconf 85' lang='lat' dir='ltr'><strong>resurrectio</strong></span> <span class='ocrx_word' id='word_1_156' title='bbox 774 2063 1014 2135; x_wconf 76' lang='lat' dir='ltr'><strong>perfecta</strong></span> <span class='ocrx_word' id='word_1_157' title='bbox 1060 2073 1164 2119; x_wconf 89' lang='lat' dir='ltr'><strong>est.</strong></span> <span class='ocrx_word' id='word_1_158' title='bbox 1198 2082 1216 2115; x_wconf 76' lang='grc' dir='ltr'><strong>ι</strong></span> <span class='ocrx_word' id='word_1_159' title='bbox 1254 2062 1479 2117; x_wconf 86' lang='lat' dir='ltr'><strong>Fatetur</strong></span> <span class='ocrx_word' id='word_1_160' title='bbox 1509 2060 1739 2115; x_wconf 85' lang='lat' dir='ltr'><strong>Dallaeus</strong></span> <span class='ocrx_word' id='word_1_161' title='bbox 1785 2060 1990 2115; x_wconf 87' lang='lat' dir='ltr'><strong>multos</strong></span> 
     </span>
    </p>
   </div>
   <div class='ocr_carea' id='block_1_24' title="bbox 411 2152 1990 2225">
    <p class='ocr_par' dir='ltr' id='par_1_24' title="bbox 411 2152 1990 2225">
     <span class='ocr_line' id='line_1_24' title="bbox 411 2152 1990 2225; baseline -0.004 -13"><span class='ocrx_word' id='word_1_162' title='bbox 411 2157 542 2212; x_wconf 85' lang='lat' dir='ltr'><strong>olim</strong></span> <span class='ocrx_word' id='word_1_163' title='bbox 588 2156 758 2213; x_wconf 83' lang='lat' dir='ltr'><strong>fuisse</strong></span> <span class='ocrx_word' id='word_1_164' title='bbox 801 2157 1124 2220; x_wconf 65' lang='lat' dir='ltr'><strong>haereticos,</strong></span> <span class='ocrx_word' id='word_1_165' title='bbox 1167 2156 1258 2225; x_wconf 92' lang='lat' dir='ltr'><strong>qui</strong></span> <span class='ocrx_word' id='word_1_166' title='bbox 1314 2155 1455 2209; x_wconf 90' lang='lat' dir='ltr'><strong>hanc</strong></span> <span class='ocrx_word' id='word_1_167' title='bbox 1499 2154 1622 2208; x_wconf 88' lang='lat' dir='ltr'><strong>ﬁdei</strong></span> <span class='ocrx_word' id='word_1_168' title='bbox 1666 2152 1990 2207; x_wconf 61' lang='lat' dir='ltr'><strong>Christiana:</strong></span> 
     </span>
    </p>
   </div>
   <div class='ocr_carea' id='block_1_25' title="bbox 411 2240 1989 2318">
    <p class='ocr_par' dir='ltr' id='par_1_25' title="bbox 411 2240 1989 2318">
     <span class='ocr_line' id='line_1_25' title="bbox 411 2240 1989 2318; baseline -0.004 -16"><span class='ocrx_word' id='word_1_169' title='bbox 411 2257 619 2316; x_wconf 85' lang='lat' dir='ltr'><strong>partem</strong></span> <span class='ocrx_word' id='word_1_170' title='bbox 651 2255 937 2318; x_wconf 82' lang='lat' dir='ltr'><strong>negarent,</strong></span> <span class='ocrx_word' id='word_1_171' title='bbox 974 2246 1136 2315; x_wconf 88' lang='lat' dir='ltr'><strong>idque</strong></span> <span class='ocrx_word' id='word_1_172' title='bbox 1174 2261 1295 2299; x_wconf 89' lang='lat' dir='ltr'><strong>esse</strong></span> <span class='ocrx_word' id='word_1_173' title='bbox 1327 2242 1845 2313; x_wconf 88' lang='lat' dir='ltr'><strong>compertissimum.</strong></span> <span class='ocrx_word' id='word_1_174' title='bbox 1884 2240 1989 2296; x_wconf 90' lang='lat' dir='ltr'><strong>Sed</strong></span> 
     </span>
    </p>
   </div>
   <div class='ocr_carea' id='block_1_26' title="bbox 412 2336 1989 2410">
    <p class='ocr_par' dir='ltr' id='par_1_26' title="bbox 412 2336 1989 2410">
     <span class='ocr_line' id='line_1_26' title="bbox 412 2336 1989 2410; baseline -0.001 -16"><span class='ocrx_word' id='word_1_175' title='bbox 412 2339 606 2410; x_wconf 67' lang='lat' dir='ltr'><strong>quaerit</strong></span> <span class='ocrx_word' id='word_1_176' title='bbox 644 2356 877 2394; x_wconf 86' lang='lat' dir='ltr'><strong>rursus:</strong></span> <span class='ocrx_word' id='word_1_177' title='bbox 933 2336 1069 2404; x_wconf 85' lang='lat' dir='ltr'><strong>Quis</strong></span> <span class='ocrx_word' id='word_1_178' title='bbox 1120 2338 1187 2392; x_wconf 90' lang='lat' dir='ltr'><strong>de</strong></span> <span class='ocrx_word' id='word_1_179' title='bbox 1217 2337 1486 2392; x_wconf 56' lang='lat' dir='ltr'><strong>haereticis</strong></span> <span class='ocrx_word' id='word_1_180' title='bbox 1534 2336 1680 2392; x_wconf 90' lang='lat' dir='ltr'><strong>illius</strong></span> <span class='ocrx_word' id='word_1_181' title='bbox 1728 2338 1989 2406; x_wconf 86' lang='lat' dir='ltr'><strong>temporis</strong></span> 
     </span>
    </p>
   </div>
   <div class='ocr_carea' id='block_1_27' title="bbox 413 2428 1992 2501">
    <p class='ocr_par' dir='ltr' id='par_1_27' title="bbox 413 2428 1992 2501">
     <span class='ocr_line' id='line_1_27' title="bbox 413 2428 1992 2501; baseline -0.002 -14"><span class='ocrx_word' id='word_1_182' title='bbox 413 2431 714 2501; x_wconf 81' lang='lat' dir='ltr'><strong>scripserit,</strong></span> <span class='ocrx_word' id='word_1_183' title='bbox 745 2445 840 2486; x_wconf 91' lang='lat' dir='ltr'><strong>eos</strong></span> <span class='ocrx_word' id='word_1_184' title='bbox 865 2431 935 2485; x_wconf 86' lang='lat' dir='ltr'><strong>ab</strong></span> <span class='ocrx_word' id='word_1_185' title='bbox 975 2430 1307 2485; x_wconf 86' lang='lat' dir='ltr'><strong>eucharistia</strong></span> <span class='ocrx_word' id='word_1_186' title='bbox 1336 2429 1711 2484; x_wconf 88' lang='lat' dir='ltr'><strong>abstinuisse?</strong></span> <span class='ocrx_word' id='word_1_187' title='bbox 1744 2428 1992 2500; x_wconf 84' lang='lat' dir='ltr'><strong>Respon-</strong></span> 
     </span>
    </p>
   </div>
   <div class='ocr_carea' id='block_1_28' title="bbox 411 2520 1989 2594">
    <p class='ocr_par' dir='ltr' id='par_1_28' title="bbox 411 2520 1989 2594">
     <span class='ocr_line' id='line_1_28' title="bbox 411 2520 1989 2594; baseline -0.001 -14"><span class='ocrx_word' id='word_1_188' title='bbox 411 2526 538 2589; x_wconf 87' lang='lat' dir='ltr'><strong>deo,</strong></span> <span class='ocrx_word' id='word_1_189' title='bbox 566 2540 728 2579; x_wconf 89' lang='lat' dir='ltr'><strong>nemo</strong></span> <span class='ocrx_word' id='word_1_190' title='bbox 748 2532 943 2594; x_wconf 79' lang='lat' dir='ltr'><strong>praeter</strong></span> <span class='ocrx_word' id='word_1_191' title='bbox 971 2521 1239 2592; x_wconf 87' lang='lat' dir='ltr'><strong>lgnatium</strong></span> <span class='ocrx_word' id='word_1_192' title='bbox 1268 2521 1338 2576; x_wconf 90' lang='lat' dir='ltr'><strong>de</strong></span> <span class='ocrx_word' id='word_1_193' title='bbox 1372 2520 1534 2576; x_wconf 90' lang='lat' dir='ltr'><strong>istius</strong></span> <span class='ocrx_word' id='word_1_194' title='bbox 1569 2523 1833 2592; x_wconf 87' lang='lat' dir='ltr'><strong>temporis</strong></span> <span class='ocrx_word' id='word_1_195' title='bbox 1877 2524 1989 2578; x_wconf 70' lang='lat' dir='ltr'><strong>hae-</strong></span> 
     </span>
    </p>
   </div>
   <div class='ocr_carea' id='block_1_29' title="bbox 412 2613 1988 2685">
    <p class='ocr_par' dir='ltr' id='par_1_29' title="bbox 412 2613 1988 2685">
     <span class='ocr_line' id='line_1_29' title="bbox 412 2613 1988 2685; baseline 0.002 -14"><span class='ocrx_word' id='word_1_196' title='bbox 412 2615 600 2672; x_wconf 87' lang='lat' dir='ltr'><strong>reticis</strong></span> <span class='ocrx_word' id='word_1_197' title='bbox 627 2616 735 2670; x_wconf 92' lang='lat' dir='ltr'><strong>hoc</strong></span> <span class='ocrx_word' id='word_1_198' title='bbox 762 2616 964 2670; x_wconf 88' lang='lat' dir='ltr'><strong>diserte</strong></span> <span class='ocrx_word' id='word_1_199' title='bbox 990 2613 1296 2669; x_wconf 76' lang='lat' dir='ltr'><strong>afﬁrmavit.</strong></span> <span class='ocrx_word' id='word_1_200' title='bbox 1322 2614 1578 2685; x_wconf 86' lang='lat' dir='ltr'><strong>Ejusdem</strong></span> <span class='ocrx_word' id='word_1_201' title='bbox 1610 2624 1789 2673; x_wconf 87' lang='lat' dir='ltr'><strong>tamen</strong></span> <span class='ocrx_word' id='word_1_202' title='bbox 1815 2618 1988 2674; x_wconf 72' lang='lat' dir='ltr'><strong>aetatis</strong></span> 
     </span>
    </p>
   </div>
   <div class='ocr_carea' id='block_1_30' title="bbox 413 2707 1988 2779">
    <p class='ocr_par' dir='ltr' id='par_1_30' title="bbox 413 2707 1988 2779">
     <span class='ocr_line' id='line_1_30' title="bbox 413 2707 1988 2779; baseline 0.003 -17"><span class='ocrx_word' id='word_1_203' title='bbox 413 2718 467 2762; x_wconf 84' lang='lat' dir='ltr'><strong>et</strong></span> <span class='ocrx_word' id='word_1_204' title='bbox 499 2708 628 2762; x_wconf 90' lang='lat' dir='ltr'><strong>anni</strong></span> <span class='ocrx_word' id='word_1_205' title='bbox 660 2708 917 2778; x_wconf 90' lang='lat' dir='ltr'><strong>scriptor,</strong></span> <span class='ocrx_word' id='word_1_206' title='bbox 957 2707 1016 2762; x_wconf 91' lang='lat' dir='ltr'><strong>S.</strong></span> <span class='ocrx_word' id='word_1_207' title='bbox 1041 2707 1376 2779; x_wconf 88' lang='lat' dir='ltr'><strong>Polycarpus</strong></span> <span class='ocrx_word' id='word_1_208' title='bbox 1399 2747 1415 2771; x_wconf 95' lang='lat'><strong>,</strong></span> <span class='ocrx_word' id='word_1_209' title='bbox 1450 2708 1671 2763; x_wconf 88' lang='lat' dir='ltr'><strong>eosdem</strong></span> <span class='ocrx_word' id='word_1_210' title='bbox 1701 2709 1988 2766; x_wconf 55' lang='lat' dir='ltr'><strong>haereticos</strong></span> 
     </span>
    </p>
   </div>
   <div class='ocr_carea' id='block_1_31' title="bbox 414 2799 1990 2871">
    <p class='ocr_par' dir='ltr' id='par_1_31' title="bbox 414 2799 1990 2871">
     <span class='ocr_line' id='line_1_31' title="bbox 414 2799 1990 2871; baseline 0.003 -16"><span class='ocrx_word' id='word_1_211' title='bbox 414 2801 561 2867; x_wconf 82' lang='lat' dir='ltr'><strong>ferit,</strong></span> <span class='ocrx_word' id='word_1_212' title='bbox 597 2799 1013 2855; x_wconf 79' lang='lat' dir='ltr'><strong>fundamentum</strong></span> <span class='ocrx_word' id='word_1_213' title='bbox 1056 2801 1220 2870; x_wconf 88' lang='lat' dir='ltr'><strong>hujus</strong></span> <span class='ocrx_word' id='word_1_214' title='bbox 1266 2800 1613 2857; x_wconf 62' lang='lat' dir='ltr'><strong>abstinentia:</strong></span> <span class='ocrx_word' id='word_1_215' title='bbox 1642 2802 1887 2871; x_wconf 90' lang='lat' dir='ltr'><strong>indicat,</strong></span> <span class='ocrx_word' id='word_1_216' title='bbox 1934 2812 1990 2860; x_wconf 88' lang='lat' dir='ltr'><strong>et</strong></span> 
     </span>
    </p>
   </div>
   <div class='ocr_carea' id='block_1_32' title="bbox 412 2893 1989 2966">
    <p class='ocr_par' dir='ltr' id='par_1_32' title="bbox 412 2893 1989 2966">
     <span class='ocr_line' id='line_1_32' title="bbox 412 2893 1989 2966; baseline 0.003 -18"><span class='ocrx_word' id='word_1_217' title='bbox 412 2895 625 2964; x_wconf 88' lang='lat' dir='ltr'><strong>reliqua</strong></span> <span class='ocrx_word' id='word_1_218' title='bbox 657 2910 781 2950; x_wconf 88' lang='lat' dir='ltr'><strong>cum</strong></span> <span class='ocrx_word' id='word_1_219' title='bbox 816 2893 1026 2965; x_wconf 86' lang='lat' dir='ltr'><strong>lgnatio</strong></span> <span class='ocrx_word' id='word_1_220' title='bbox 1071 2895 1411 2966; x_wconf 82' lang='lat' dir='ltr'><strong>perstringit.</strong></span> <span class='ocrx_word' id='word_1_221' title='bbox 1450 2894 1576 2951; x_wconf 74' lang='lat' dir='ltr'><strong>Haec</strong></span> <span class='ocrx_word' id='word_1_222' title='bbox 1618 2898 1763 2953; x_wconf 91' lang='lat' dir='ltr'><strong>enim</strong></span> <span class='ocrx_word' id='word_1_223' title='bbox 1802 2898 1893 2953; x_wconf 90' lang='lat' dir='ltr'><strong>ille</strong></span> <span class='ocrx_word' id='word_1_224' title='bbox 1922 2898 1989 2953; x_wconf 90' lang='lat' dir='ltr'><strong>de</strong></span> 
     </span>
    </p>
   </div>
   <div class='ocr_carea' id='block_1_33' title="bbox 2090 385 3671 463">
    <p class='ocr_par' dir='ltr' id='par_1_33' title="bbox 2090 385 3671 463">
     <span class='ocr_line' id='line_1_33' title="bbox 2090 385 3671 463; baseline -0.008 -12"><span class='ocrx_word' id='word_1_225' title='bbox 2090 402 2247 451; x_wconf 89' lang='lat' dir='ltr'><strong>erant</strong></span> <span class='ocrx_word' id='word_1_226' title='bbox 2291 392 2629 463; x_wconf 83' lang='lat' dir='ltr'><strong>superstites.</strong></span> <span class='ocrx_word' id='word_1_227' title='bbox 2665 390 3176 446; x_wconf 80' lang='lat' dir='ltr'><strong>Valentinianorum</strong></span> <span class='ocrx_word' id='word_1_228' title='bbox 3210 387 3379 457; x_wconf 90' lang='lat' dir='ltr'><strong>igitur</strong></span> <span class='ocrx_word' id='word_1_229' title='bbox 3416 385 3671 440; x_wconf 64' lang='lat' dir='ltr'><strong>haresim</strong></span> 
     </span>
    </p>
   </div>
   <div class='ocr_carea' id='block_1_34' title="bbox 2090 477 3672 553">
    <p class='ocr_par' dir='ltr' id='par_1_34' title="bbox 2090 477 3672 553">
     <span class='ocr_line' id='line_1_34' title="bbox 2090 477 3672 553; baseline -0.006 -10"><span class='ocrx_word' id='word_1_230' title='bbox 2090 488 2326 543; x_wconf 61' lang='lat' dir='ltr'><strong>[renatus</strong></span> <span class='ocrx_word' id='word_1_231' title='bbox 2381 494 2637 541; x_wconf 90' lang='lat' dir='ltr'><strong>accurate</strong></span> <span class='ocrx_word' id='word_1_232' title='bbox 2677 485 2994 540; x_wconf 88' lang='lat' dir='ltr'><strong>describens</strong></span> <span class='ocrx_word' id='word_1_233' title='bbox 3028 495 3374 553; x_wconf 89' lang='lat' dir='ltr'><strong>operoseque</strong></span> <span class='ocrx_word' id='word_1_234' title='bbox 3423 477 3672 534; x_wconf 80' lang='lat' dir='ltr'><strong>refutans</strong></span> 
     </span>
    </p>
   </div>
   <div class='ocr_carea' id='block_1_35' title="bbox 2089 570 3674 650">
    <p class='ocr_par' dir='ltr' id='par_1_35' title="bbox 2089 570 3674 650">
     <span class='ocr_line' id='line_1_35' title="bbox 2089 570 3674 650; baseline -0.008 -15"><span class='ocrx_word' id='word_1_235' title='bbox 2089 579 2389 650; x_wconf 74' lang='lat' dir='ltr'><strong>saepissime</strong></span> <span class='ocrx_word' id='word_1_236' title='bbox 2410 579 2641 633; x_wconf 88' lang='lat' dir='ltr'><strong>lectores</strong></span> <span class='ocrx_word' id='word_1_237' title='bbox 2674 586 2879 641; x_wconf 90' lang='lat' dir='ltr'><strong>monet,</strong></span> <span class='ocrx_word' id='word_1_238' title='bbox 2905 576 3097 631; x_wconf 91' lang='lat' dir='ltr'><strong>iisdem</strong></span> <span class='ocrx_word' id='word_1_239' title='bbox 3146 570 3497 644; x_wconf 84' lang='lat' dir='ltr'><strong>argumentis</strong></span> <span class='ocrx_word' id='word_1_240' title='bbox 3518 579 3674 625; x_wconf 86' lang='lat' dir='ltr'><strong>vetu-</strong></span> 
     </span>
    </p>
   </div>
   <div class='ocr_carea' id='block_1_36' title="bbox 2090 660 3669 733">
    <p class='ocr_par' dir='ltr' id='par_1_36' title="bbox 2090 660 3669 733">
     <span class='ocr_line' id='line_1_36' title="bbox 2090 660 3669 733; baseline -0.006 -8"><span class='ocrx_word' id='word_1_241' title='bbox 2090 670 2287 725; x_wconf 90' lang='lat' dir='ltr'><strong>stiores</strong></span> <span class='ocrx_word' id='word_1_242' title='bbox 2310 669 2597 723; x_wconf 71' lang='lat' dir='ltr'><strong>haereticos</strong></span> <span class='ocrx_word' id='word_1_243' title='bbox 2622 660 2745 723; x_wconf 87' lang='lat' dir='ltr'><strong>esse</strong></span> <span class='ocrx_word' id='word_1_244' title='bbox 2786 666 3075 721; x_wconf 82' lang='lat' dir='ltr'><strong>refutatos.</strong></span> <span class='ocrx_word' id='word_1_245' title='bbox 3104 664 3303 718; x_wconf 86' lang='lat' dir='ltr'><strong>Mirum</strong></span> <span class='ocrx_word' id='word_1_246' title='bbox 3358 662 3531 733; x_wconf 87' lang='lat' dir='ltr'><strong>igitur</strong></span> <span class='ocrx_word' id='word_1_247' title='bbox 3559 674 3669 715; x_wconf 83' lang='lat' dir='ltr'><strong>non</strong></span> 
     </span>
    </p>
   </div>
   <div class='ocr_carea' id='block_1_37' title="bbox 2088 756 3672 831">
    <p class='ocr_par' dir='ltr' id='par_1_37' title="bbox 2088 756 3672 831">
     <span class='ocr_line' id='line_1_37' title="bbox 2088 756 3672 831; baseline -0.007 -12"><span class='ocrx_word' id='word_1_248' title='bbox 2088 771 2193 829; x_wconf 88' lang='lat' dir='ltr'><strong>est,</strong></span> <span class='ocrx_word' id='word_1_249' title='bbox 2222 763 2269 818; x_wconf 88' lang='lat' dir='ltr'><strong>si</strong></span> <span class='ocrx_word' id='word_1_250' title='bbox 2303 761 2521 817; x_wconf 73' lang='lat' dir='ltr'><strong>Doceta:</strong></span> <span class='ocrx_word' id='word_1_251' title='bbox 2547 761 2716 831; x_wconf 91' lang='lat' dir='ltr'><strong>aliqui</strong></span> <span class='ocrx_word' id='word_1_252' title='bbox 2742 761 2809 815; x_wconf 89' lang='lat' dir='ltr'><strong>ab</strong></span> <span class='ocrx_word' id='word_1_253' title='bbox 2834 759 3167 826; x_wconf 81' lang='lat' dir='ltr'><strong>eucharistia</strong></span> <span class='ocrx_word' id='word_1_254' title='bbox 3198 756 3547 813; x_wconf 86' lang='lat' dir='ltr'><strong>abstinerent</strong></span> <span class='ocrx_word' id='word_1_255' title='bbox 3569 795 3585 817; x_wconf 87' lang='lat'><strong>,</strong></span> <span class='ocrx_word' id='word_1_256' title='bbox 3618 763 3672 809; x_wconf 88' lang='lat' dir='ltr'><strong>et</strong></span> 
     </span>
    </p>
   </div>
   <div class='ocr_carea' id='block_1_38' title="bbox 2089 849 3668 910">
    <p class='ocr_par' dir='ltr' id='par_1_38' title="bbox 2089 849 3668 910">
     <span class='ocr_line' id='line_1_38' title="bbox 2089 849 3668 910; baseline -0.006 0"><span class='ocrx_word' id='word_1_257' title='bbox 2089 865 2273 910; x_wconf 87' lang='lat' dir='ltr'><strong>tamen</strong></span> <span class='ocrx_word' id='word_1_258' title='bbox 2309 855 2456 910; x_wconf 90' lang='lat' dir='ltr'><strong>illius</strong></span> <span class='ocrx_word' id='word_1_259' title='bbox 2478 855 2558 910; x_wconf 88' lang='lat' dir='ltr'><strong>rei</strong></span> <span class='ocrx_word' id='word_1_260' title='bbox 2582 855 2789 908; x_wconf 90' lang='lat' dir='ltr'><strong>nullam</strong></span> <span class='ocrx_word' id='word_1_261' title='bbox 2826 854 3065 909; x_wconf 61' lang='lat' dir='ltr'><strong>[renatus</strong></span> <span class='ocrx_word' id='word_1_262' title='bbox 3095 851 3286 907; x_wconf 81' lang='lat' dir='ltr'><strong>fecerit</strong></span> <span class='ocrx_word' id='word_1_263' title='bbox 3309 849 3668 905; x_wconf 88' lang='lat' dir='ltr'><strong>mentionem.</strong></span> 
     </span>
    </p>
   </div>
   <div class='ocr_carea' id='block_1_39' title="bbox 2160 942 3672 1016">
    <p class='ocr_par' dir='ltr' id='par_1_39' title="bbox 2160 942 3672 1016">
     <span class='ocr_line' id='line_1_39' title="bbox 2160 942 3672 1016; baseline -0.003 -15"><span class='ocrx_word' id='word_1_264' title='bbox 2160 946 2217 1002; x_wconf 89' lang='lat' dir='ltr'><strong>Id</strong></span> <span class='ocrx_word' id='word_1_265' title='bbox 2242 957 2424 1003; x_wconf 90' lang='lat' dir='ltr'><strong>tamen</strong></span> <span class='ocrx_word' id='word_1_266' title='bbox 2460 946 2617 1002; x_wconf 89' lang='lat' dir='ltr'><strong>docet</strong></span> <span class='ocrx_word' id='word_1_267' title='bbox 2650 948 2887 1001; x_wconf 68' lang='lat' dir='ltr'><strong>lrenaaus</strong></span> <span class='ocrx_word' id='word_1_268' title='bbox 2911 963 3021 1016; x_wconf 90' lang='lat' dir='ltr'><strong>quo</strong></span> <span class='ocrx_word' id='word_1_269' title='bbox 3052 946 3157 1000; x_wconf 92' lang='lat' dir='ltr'><strong>hoc</strong></span> <span class='ocrx_word' id='word_1_270' title='bbox 3186 945 3368 1016; x_wconf 90' lang='lat' dir='ltr'><strong>ipsum</strong></span> <span class='ocrx_word' id='word_1_271' title='bbox 3392 942 3548 1012; x_wconf 89' lang='lat' dir='ltr'><strong>quod</strong></span> <span class='ocrx_word' id='word_1_272' title='bbox 3575 957 3672 997; x_wconf 85' lang='lat' dir='ltr'><strong>vo-</strong></span> 
     </span>
    </p>
   </div>
   <div class='ocr_carea' id='block_1_40' title="bbox 2089 1036 3669 1108">
    <p class='ocr_par' dir='ltr' id='par_1_40' title="bbox 2089 1036 3669 1108">
     <span class='ocr_line' id='line_1_40' title="bbox 2089 1036 3669 1108; baseline -0.003 -13"><span class='ocrx_word' id='word_1_273' title='bbox 2089 1039 2274 1095; x_wconf 83' lang='lat' dir='ltr'><strong>lumus</strong></span> <span class='ocrx_word' id='word_1_274' title='bbox 2302 1040 2603 1107; x_wconf 90' lang='lat' dir='ltr'><strong>indicatur;</strong></span> <span class='ocrx_word' id='word_1_275' title='bbox 2627 1056 2691 1095; x_wconf 86' lang='lat' dir='ltr'><strong>ex</strong></span> <span class='ocrx_word' id='word_1_276' title='bbox 2720 1038 3000 1093; x_wconf 82' lang='lat' dir='ltr'><strong>Menandri</strong></span> <span class='ocrx_word' id='word_1_277' title='bbox 3042 1039 3231 1094; x_wconf 89' lang='lat' dir='ltr'><strong>schola</strong></span> <span class='ocrx_word' id='word_1_278' title='bbox 3266 1036 3547 1108; x_wconf 88' lang='lat' dir='ltr'><strong>prodiisse</strong></span> <span class='ocrx_word' id='word_1_279' title='bbox 3571 1036 3669 1098; x_wconf 86' lang='lat' dir='ltr'><strong>ait,</strong></span> 
     </span>
    </p>
   </div>
   <div class='ocr_carea' id='block_1_41' title="bbox 2090 1128 3672 1204">
    <p class='ocr_par' dir='ltr' id='par_1_41' title="bbox 2090 1128 3672 1204">
     <span class='ocr_line' id='line_1_41' title="bbox 2090 1128 3672 1204; baseline -0.003 -16"><span class='ocrx_word' id='word_1_280' title='bbox 2090 1134 2182 1204; x_wconf 89' lang='lat' dir='ltr'><strong>qui</strong></span> <span class='ocrx_word' id='word_1_281' title='bbox 2213 1133 2571 1199; x_wconf 88' lang='lat' dir='ltr'><strong>asserebant,</strong></span> <span class='ocrx_word' id='word_1_282' title='bbox 2621 1149 2730 1188; x_wconf 90' lang='lat' dir='ltr'><strong>non</strong></span> <span class='ocrx_word' id='word_1_283' title='bbox 2774 1149 2897 1190; x_wconf 90' lang='lat' dir='ltr'><strong>esse</strong></span> <span class='ocrx_word' id='word_1_284' title='bbox 2937 1131 3271 1187; x_wconf 92' lang='lat' dir='ltr'><strong>credendum</strong></span> <span class='ocrx_word' id='word_1_285' title='bbox 3316 1131 3373 1185; x_wconf 93' lang='lat' dir='ltr'><strong>in</strong></span> <span class='ocrx_word' id='word_1_286' title='bbox 3417 1145 3549 1185; x_wconf 94' lang='lat' dir='ltr'><strong>eum</strong></span> <span class='ocrx_word' id='word_1_287' title='bbox 3579 1128 3672 1199; x_wconf 90' lang='lat' dir='ltr'><strong>qui</strong></span> 
     </span>
    </p>
   </div>
   <div class='ocr_carea' id='block_1_42' title="bbox 2090 1220 3673 1296">
    <p class='ocr_par' dir='ltr' id='par_1_42' title="bbox 2090 1220 3673 1296">
     <span class='ocr_line' id='line_1_42' title="bbox 2090 1220 3673 1296; baseline -0.004 -15"><span class='ocrx_word' id='word_1_288' title='bbox 2090 1226 2385 1281; x_wconf 83' lang='lat' dir='ltr'><strong>cruciﬁxus</strong></span> <span class='ocrx_word' id='word_1_289' title='bbox 2412 1235 2497 1281; x_wconf 89' lang='lat' dir='ltr'><strong>est</strong></span> <span class='ocrx_word' id='word_1_290' title='bbox 2527 1246 2541 1281; x_wconf 89' lang='lat'><strong>:</strong></span> <span class='ocrx_word' id='word_1_291' title='bbox 2566 1242 2799 1296; x_wconf 90' lang='lat' dir='ltr'><strong>quorum</strong></span> <span class='ocrx_word' id='word_1_292' title='bbox 2832 1227 2936 1281; x_wconf 90' lang='lat' dir='ltr'><strong>hoc</strong></span> <span class='ocrx_word' id='word_1_293' title='bbox 2958 1225 3178 1281; x_wconf 84' lang='lat' dir='ltr'><strong>eﬁ&#39;atum</strong></span> <span class='ocrx_word' id='word_1_294' title='bbox 3202 1232 3324 1280; x_wconf 90' lang='lat' dir='ltr'><strong>erat</strong></span> <span class='ocrx_word' id='word_1_295' title='bbox 3348 1242 3361 1277; x_wconf 92' lang='lat'><strong>:</strong></span> <span class='ocrx_word' id='word_1_296' title='bbox 3401 1242 3421 1275; x_wconf 75' lang='grc' dir='ltr'><strong>ι</strong></span> <span class='ocrx_word' id='word_1_297' title='bbox 3462 1220 3521 1277; x_wconf 91' lang='lat' dir='ltr'><strong>Si</strong></span> <span class='ocrx_word' id='word_1_298' title='bbox 3550 1222 3673 1293; x_wconf 87' lang='lat' dir='ltr'><strong>quis</strong></span> 
     </span>
    </p>
   </div>
   <div class='ocr_carea' id='block_1_43' title="bbox 2091 1313 3667 1385">
    <p class='ocr_par' dir='ltr' id='par_1_43' title="bbox 2091 1313 3667 1385">
     <span class='ocr_line' id='line_1_43' title="bbox 2091 1313 3667 1385; baseline -0.004 -12"><span class='ocrx_word' id='word_1_299' title='bbox 2091 1318 2382 1373; x_wconf 87' lang='lat' dir='ltr'><strong>conﬁtetur</strong></span> <span class='ocrx_word' id='word_1_300' title='bbox 2406 1318 2754 1385; x_wconf 89' lang='lat' dir='ltr'><strong>cruciﬁxum,</strong></span> <span class='ocrx_word' id='word_1_301' title='bbox 2782 1318 2963 1373; x_wconf 90' lang='lat' dir='ltr'><strong>adhuc</strong></span> <span class='ocrx_word' id='word_1_302' title='bbox 2991 1318 3081 1372; x_wconf 86' lang='lat' dir='ltr'><strong>hic</strong></span> <span class='ocrx_word' id='word_1_303' title='bbox 3105 1332 3297 1373; x_wconf 89' lang='lat' dir='ltr'><strong>servus</strong></span> <span class='ocrx_word' id='word_1_304' title='bbox 3339 1326 3448 1371; x_wconf 87' lang='lat' dir='ltr'><strong>est.</strong></span> <span class='ocrx_word' id='word_1_305' title='bbox 3478 1313 3667 1380; x_wconf 55' lang='lat' dir='ltr'><strong>sQuo-</strong></span> 
     </span>
    </p>
   </div>
   <div class='ocr_carea' id='block_1_44' title="bbox 2091 1410 3668 1481">
    <p class='ocr_par' dir='ltr' id='par_1_44' title="bbox 2091 1410 3668 1481">
     <span class='ocr_line' id='line_1_44' title="bbox 2091 1410 3668 1481; baseline -0.001 -16"><span class='ocrx_word' id='word_1_306' title='bbox 2091 1412 2256 1467; x_wconf 87' lang='lat' dir='ltr'><strong>modo</strong></span> <span class='ocrx_word' id='word_1_307' title='bbox 2284 1412 2449 1481; x_wconf 87' lang='lat' dir='ltr'><strong>igitur</strong></span> <span class='ocrx_word' id='word_1_308' title='bbox 2484 1410 2581 1477; x_wconf 91' lang='lat' dir='ltr'><strong>illi,</strong></span> <span class='ocrx_word' id='word_1_309' title='bbox 2607 1412 2702 1481; x_wconf 91' lang='lat' dir='ltr'><strong>qui</strong></span> <span class='ocrx_word' id='word_1_310' title='bbox 2741 1410 3020 1467; x_wconf 88' lang='lat' dir='ltr'><strong>Christum</strong></span> <span class='ocrx_word' id='word_1_311' title='bbox 3056 1418 3337 1463; x_wconf 90' lang='lat' dir='ltr'><strong>mortuum</strong></span> <span class='ocrx_word' id='word_1_312' title='bbox 3364 1423 3480 1463; x_wconf 92' lang='lat' dir='ltr'><strong>non</strong></span> <span class='ocrx_word' id='word_1_313' title='bbox 3511 1416 3668 1477; x_wconf 88' lang='lat' dir='ltr'><strong>puta-</strong></span> 
     </span>
    </p>
   </div>
   <div class='ocr_carea' id='block_1_45' title="bbox 2094 1498 3670 1574">
    <p class='ocr_par' dir='ltr' id='par_1_45' title="bbox 2094 1498 3670 1574">
     <span class='ocr_line' id='line_1_45' title="bbox 2094 1498 3670 1574; baseline -0.003 -17"><span class='ocrx_word' id='word_1_314' title='bbox 2094 1502 2250 1571; x_wconf 88' lang='lat' dir='ltr'><strong>bant,</strong></span> <span class='ocrx_word' id='word_1_315' title='bbox 2281 1503 2376 1574; x_wconf 91' lang='lat' dir='ltr'><strong>qui</strong></span> <span class='ocrx_word' id='word_1_316' title='bbox 2399 1503 2561 1558; x_wconf 87' lang='lat' dir='ltr'><strong>ﬁdem</strong></span> <span class='ocrx_word' id='word_1_317' title='bbox 2595 1504 2649 1558; x_wconf 95' lang='lat' dir='ltr'><strong>in</strong></span> <span class='ocrx_word' id='word_1_318' title='bbox 2672 1518 2797 1557; x_wconf 90' lang='lat' dir='ltr'><strong>eum</strong></span> <span class='ocrx_word' id='word_1_319' title='bbox 2831 1503 2925 1573; x_wconf 91' lang='lat' dir='ltr'><strong>qui</strong></span> <span class='ocrx_word' id='word_1_320' title='bbox 2958 1502 3255 1557; x_wconf 87' lang='lat' dir='ltr'><strong>cruciﬁxus</strong></span> <span class='ocrx_word' id='word_1_321' title='bbox 3287 1509 3377 1556; x_wconf 91' lang='lat' dir='ltr'><strong>est</strong></span> <span class='ocrx_word' id='word_1_322' title='bbox 3410 1498 3670 1569; x_wconf 88' lang='lat' dir='ltr'><strong>repudia-</strong></span> 
     </span>
    </p>
   </div>
   <div class='ocr_carea' id='block_1_46' title="bbox 2094 1592 3751 1665">
    <p class='ocr_par' dir='ltr' id='par_1_46' title="bbox 2094 1592 3751 1665">
     <span class='ocr_line' id='line_1_46' title="bbox 2094 1592 3751 1665; baseline -0.004 -14"><span class='ocrx_word' id='word_1_323' title='bbox 2094 1596 2260 1661; x_wconf 87' lang='lat' dir='ltr'><strong>bant,</strong></span> <span class='ocrx_word' id='word_1_324' title='bbox 2289 1596 2356 1651; x_wconf 91' lang='lat' dir='ltr'><strong>ad</strong></span> <span class='ocrx_word' id='word_1_325' title='bbox 2386 1595 2775 1651; x_wconf 88' lang='lat' dir='ltr'><strong>eucharistiam</strong></span> <span class='ocrx_word' id='word_1_326' title='bbox 2798 1596 3179 1651; x_wconf 84' lang='lat' dir='ltr'><strong>&#39;convenirent</strong></span> <span class='ocrx_word' id='word_1_327' title='bbox 3202 1635 3219 1662; x_wconf 95' lang='lat'><strong>,</strong></span> <span class='ocrx_word' id='word_1_328' title='bbox 3249 1608 3375 1665; x_wconf 65' lang='lat' dir='ltr'><strong>quae</strong></span> <span class='ocrx_word' id='word_1_329' title='bbox 3420 1592 3671 1648; x_wconf 84' lang='lat' dir='ltr'><strong>instituta</strong></span> <span class='ocrx_word' id='word_1_330' title='bbox 3746 1592 3751 1597; x_wconf 85' lang='grc'><strong>’</strong></span> 
     </span>
    </p>
   </div>
   <div class='ocr_carea' id='block_1_47' title="bbox 2090 1683 3674 1757">
    <p class='ocr_par' dir='ltr' id='par_1_47' title="bbox 2090 1683 3674 1757">
     <span class='ocr_line' id='line_1_47' title="bbox 2090 1683 3674 1757; baseline -0.004 -13"><span class='ocrx_word' id='word_1_331' title='bbox 2090 1697 2174 1744; x_wconf 90' lang='lat' dir='ltr'><strong>est</strong></span> <span class='ocrx_word' id='word_1_332' title='bbox 2203 1687 2271 1742; x_wconf 87' lang='lat' dir='ltr'><strong>ad</strong></span> <span class='ocrx_word' id='word_1_333' title='bbox 2300 1687 2494 1743; x_wconf 88' lang='lat' dir='ltr'><strong>mortis</strong></span> <span class='ocrx_word' id='word_1_334' title='bbox 2528 1687 2731 1743; x_wconf 89' lang='lat' dir='ltr'><strong>Christi</strong></span> <span class='ocrx_word' id='word_1_335' title='bbox 2764 1685 3385 1743; x_wconf 89' lang='lat' dir='ltr'><strong>commemorationem?</strong></span> <span class='ocrx_word' id='word_1_336' title='bbox 3412 1683 3674 1757; x_wconf 80' lang='grc' dir='ltr'>Περιττὺς</span> 
     </span>
    </p>
   </div>
   <div class='ocr_carea' id='block_1_48' title="bbox 2091 1779 3673 1853">
    <p class='ocr_par' dir='ltr' id='par_1_48' title="bbox 2091 1779 3673 1853">
     <span class='ocr_line' id='line_1_48' title="bbox 2091 1779 3673 1853; baseline -0.001 -19"><span class='ocrx_word' id='word_1_337' title='bbox 2091 1782 2200 1853; x_wconf 84' lang='grc' dir='ltr'><strong>γὰρ</strong></span> <span class='ocrx_word' id='word_1_338' title='bbox 2224 1783 2252 1835; x_wconf 87' lang='grc' dir='ltr'>ὁ</span> <span class='ocrx_word' id='word_1_339' title='bbox 2283 1780 2450 1843; x_wconf 82' lang='grc' dir='ltr'><strong>τύπος</strong></span> <span class='ocrx_word' id='word_1_340' title='bbox 2478 1780 2825 1853; x_wconf 82' lang='grc' dir='ltr'><strong>ἀνῃρημένης</strong></span> <span class='ocrx_word' id='word_1_341' title='bbox 2850 1780 2948 1850; x_wconf 84' lang='grc' dir='ltr'><strong>τῆς</strong></span> <span class='ocrx_word' id='word_1_342' title='bbox 2980 1779 3254 1851; x_wconf 81' lang='grc' dir='ltr'><strong>ἀληθείας,</strong></span> <span class='ocrx_word' id='word_1_343' title='bbox 3290 1798 3309 1831; x_wconf 71' lang='grc' dir='ltr'><strong>ι</strong></span> <span class='ocrx_word' id='word_1_344' title='bbox 3340 1793 3673 1849; x_wconf 79' lang='lat' dir='ltr'><strong>supervaca-</strong></span> 
     </span>
    </p>
   </div>
   <div class='ocr_carea' id='block_1_49' title="bbox 2092 1866 3677 1946">
    <p class='ocr_par' dir='ltr' id='par_1_49' title="bbox 2092 1866 3677 1946">
     <span class='ocr_line' id='line_1_49' title="bbox 2092 1866 3677 1946; baseline -0.001 -17"><span class='ocrx_word' id='word_1_345' title='bbox 2092 1890 2229 1930; x_wconf 89' lang='lat' dir='ltr'><strong>neus</strong></span> <span class='ocrx_word' id='word_1_346' title='bbox 2259 1866 2405 1929; x_wconf 88' lang='lat' dir='ltr'><strong>enim</strong></span> <span class='ocrx_word' id='word_1_347' title='bbox 2455 1882 2538 1929; x_wconf 90' lang='lat' dir='ltr'><strong>est</strong></span> <span class='ocrx_word' id='word_1_348' title='bbox 2577 1883 2737 1945; x_wconf 84' lang='lat' dir='ltr'><strong>typus</strong></span> <span class='ocrx_word' id='word_1_349' title='bbox 2779 1875 2958 1928; x_wconf 92' lang='lat' dir='ltr'><strong>ablata</strong></span> <span class='ocrx_word' id='word_1_350' title='bbox 2986 1874 3250 1940; x_wconf 79' lang='lat' dir='ltr'><strong>veritate,</strong></span> <span class='ocrx_word' id='word_1_351' title='bbox 3283 1893 3303 1926; x_wconf 73' lang='grc' dir='ltr'><strong>ι</strong></span> <span class='ocrx_word' id='word_1_352' title='bbox 3341 1885 3405 1930; x_wconf 93' lang='lat' dir='ltr'><strong>ut</strong></span> <span class='ocrx_word' id='word_1_353' title='bbox 3433 1875 3677 1946; x_wconf 84' lang='lat' dir='ltr'><strong>loquitur</strong></span> 
     </span>
    </p>
   </div>
   <div class='ocr_carea' id='block_1_50' title="bbox 2092 1964 3674 2037">
    <p class='ocr_par' dir='ltr' id='par_1_50' title="bbox 2092 1964 3674 2037">
     <span class='ocr_line' id='line_1_50' title="bbox 2092 1964 3674 2037; baseline 0.003 -19"><span class='ocrx_word' id='word_1_354' title='bbox 2092 1964 2153 2021; x_wconf 88' lang='grc' dir='ltr'>Β.</span> <span class='ocrx_word' id='word_1_355' title='bbox 2175 1965 2569 2021; x_wconf 77' lang='lat' dir='ltr'><strong>Theodoretus.</strong></span> <span class='ocrx_word' id='word_1_356' title='bbox 2602 1964 2677 2020; x_wconf 91' lang='lat' dir='ltr'><strong>De</strong></span> <span class='ocrx_word' id='word_1_357' title='bbox 2701 1964 3038 2021; x_wconf 89' lang='lat' dir='ltr'><strong>Simonianis</strong></span> <span class='ocrx_word' id='word_1_358' title='bbox 3065 1982 3187 2037; x_wconf 67' lang='lat' dir='ltr'><strong>quae</strong></span> <span class='ocrx_word' id='word_1_359' title='bbox 3217 1965 3385 2021; x_wconf 89' lang='lat' dir='ltr'><strong>habet</strong></span> <span class='ocrx_word' id='word_1_360' title='bbox 3410 1966 3674 2022; x_wconf 84' lang='lat' dir='ltr'><strong>adversus</strong></span> 
     </span>
    </p>
   </div>
   <div class='ocr_carea' id='block_1_51' title="bbox 2091 2057 3675 2127">
    <p class='ocr_par' dir='ltr' id='par_1_51' title="bbox 2091 2057 3675 2127">
     <span class='ocr_line' id='line_1_51' title="bbox 2091 2057 3675 2127; baseline 0.003 -16"><span class='ocrx_word' id='word_1_361' title='bbox 2091 2057 2480 2113; x_wconf 85' lang='lat' dir='ltr'><strong>Bellarminum</strong></span> <span class='ocrx_word' id='word_1_362' title='bbox 2510 2058 2648 2112; x_wconf 90' lang='lat' dir='ltr'><strong>nihil</strong></span> <span class='ocrx_word' id='word_1_363' title='bbox 2686 2058 2886 2113; x_wconf 91' lang='lat' dir='ltr'><strong>valent.</strong></span> <span class='ocrx_word' id='word_1_364' title='bbox 2922 2057 3307 2127; x_wconf 81' lang='lat' dir='ltr'><strong>lntelliguntur</strong></span> <span class='ocrx_word' id='word_1_365' title='bbox 3339 2074 3412 2114; x_wconf 90' lang='lat' dir='ltr'><strong>eo</strong></span> <span class='ocrx_word' id='word_1_366' title='bbox 3455 2059 3675 2115; x_wconf 84' lang='lat' dir='ltr'><strong>nomine</strong></span> 
     </span>
    </p>
   </div>
   <div class='ocr_carea' id='block_1_52' title="bbox 2090 2150 3676 2223">
    <p class='ocr_par' dir='ltr' id='par_1_52' title="bbox 2090 2150 3676 2223">
     <span class='ocr_line' id='line_1_52' title="bbox 2090 2150 3676 2223; baseline 0.003 -18"><span class='ocrx_word' id='word_1_367' title='bbox 2090 2164 2200 2206; x_wconf 88' lang='lat' dir='ltr'><strong>non</strong></span> <span class='ocrx_word' id='word_1_368' title='bbox 2231 2161 2441 2207; x_wconf 89' lang='lat' dir='ltr'><strong>tantum</strong></span> <span class='ocrx_word' id='word_1_369' title='bbox 2469 2153 2527 2218; x_wconf 91' lang='lat' dir='ltr'><strong>ii,</strong></span> <span class='ocrx_word' id='word_1_370' title='bbox 2560 2152 2654 2223; x_wconf 91' lang='lat' dir='ltr'><strong>qui</strong></span> <span class='ocrx_word' id='word_1_371' title='bbox 2678 2150 2955 2206; x_wconf 91' lang='lat' dir='ltr'><strong>Simonem</strong></span> <span class='ocrx_word' id='word_1_372' title='bbox 2991 2152 3264 2217; x_wconf 89' lang='lat' dir='ltr'><strong>colebant,</strong></span> <span class='ocrx_word' id='word_1_373' title='bbox 3292 2152 3391 2207; x_wconf 90' lang='lat' dir='ltr'><strong>sed</strong></span> <span class='ocrx_word' id='word_1_374' title='bbox 3423 2161 3480 2208; x_wconf 89' lang='lat' dir='ltr'><strong>et</strong></span> <span class='ocrx_word' id='word_1_375' title='bbox 3510 2153 3676 2209; x_wconf 85' lang='lat' dir='ltr'><strong>disci-</strong></span> 
     </span>
    </p>
   </div>
   <div class='ocr_carea' id='block_1_53' title="bbox 2089 2243 3676 2316">
    <p class='ocr_par' dir='ltr' id='par_1_53' title="bbox 2089 2243 3676 2316">
     <span class='ocr_line' id='line_1_53' title="bbox 2089 2243 3676 2316; baseline 0.002 -18"><span class='ocrx_word' id='word_1_376' title='bbox 2089 2245 2224 2315; x_wconf 90' lang='lat' dir='ltr'><strong>puli,</strong></span> <span class='ocrx_word' id='word_1_377' title='bbox 2262 2246 2355 2316; x_wconf 91' lang='lat' dir='ltr'><strong>qui</strong></span> <span class='ocrx_word' id='word_1_378' title='bbox 2385 2261 2451 2300; x_wconf 89' lang='lat' dir='ltr'><strong>ex</strong></span> <span class='ocrx_word' id='word_1_379' title='bbox 2480 2244 2600 2315; x_wconf 86' lang='lat' dir='ltr'><strong>ejus</strong></span> <span class='ocrx_word' id='word_1_380' title='bbox 2624 2243 2812 2298; x_wconf 89' lang='lat' dir='ltr'><strong>schola</strong></span> <span class='ocrx_word' id='word_1_381' title='bbox 2842 2243 3175 2313; x_wconf 92' lang='lat' dir='ltr'><strong>prodeuntes</strong></span> <span class='ocrx_word' id='word_1_382' title='bbox 3215 2244 3285 2299; x_wconf 92' lang='lat' dir='ltr'><strong>ab</strong></span> <span class='ocrx_word' id='word_1_383' title='bbox 3316 2259 3385 2299; x_wconf 90' lang='lat' dir='ltr'><strong>eo</strong></span> <span class='ocrx_word' id='word_1_384' title='bbox 3415 2256 3676 2315; x_wconf 89' lang='lat' dir='ltr'><strong>ceperunt</strong></span> 
     </span>
    </p>
   </div>
   <div class='ocr_carea' id='block_1_54' title="bbox 2091 2335 3674 2405">
    <p class='ocr_par' dir='ltr' id='par_1_54' title="bbox 2091 2335 3674 2405">
     <span class='ocr_line' id='line_1_54' title="bbox 2091 2335 3674 2405; baseline -0.001 -11"><span class='ocrx_word' id='word_1_385' title='bbox 2091 2339 2267 2401; x_wconf 90' lang='lat' dir='ltr'><strong>initia,</strong></span> <span class='ocrx_word' id='word_1_386' title='bbox 2296 2347 2350 2392; x_wconf 92' lang='lat' dir='ltr'><strong>et</strong></span> <span class='ocrx_word' id='word_1_387' title='bbox 2376 2337 2524 2393; x_wconf 90' lang='lat' dir='ltr'><strong>illius</strong></span> <span class='ocrx_word' id='word_1_388' title='bbox 2552 2335 2878 2391; x_wconf 88' lang='lat' dir='ltr'><strong>sententiam</strong></span> <span class='ocrx_word' id='word_1_389' title='bbox 2910 2336 3060 2390; x_wconf 89' lang='lat' dir='ltr'><strong>varie</strong></span> <span class='ocrx_word' id='word_1_390' title='bbox 3086 2335 3586 2405; x_wconf 82' lang='lat' dir='ltr'><strong>transformabant,</strong></span> <span class='ocrx_word' id='word_1_391' title='bbox 3621 2346 3674 2395; x_wconf 87' lang='lat' dir='ltr'><strong>et</strong></span> 
     </span>
    </p>
   </div>
   <div class='ocr_carea' id='block_1_55' title="bbox 2090 2426 3677 2502">
    <p class='ocr_par' dir='ltr' id='par_1_55' title="bbox 2090 2426 3677 2502">
     <span class='ocr_line' id='line_1_55' title="bbox 2090 2426 3677 2502; baseline -0.001 -17"><span class='ocrx_word' id='word_1_392' title='bbox 2090 2438 2215 2502; x_wconf 92' lang='lat' dir='ltr'><strong>post</strong></span> <span class='ocrx_word' id='word_1_393' title='bbox 2246 2430 2366 2500; x_wconf 92' lang='lat' dir='ltr'><strong>ejus</strong></span> <span class='ocrx_word' id='word_1_394' title='bbox 2398 2428 2681 2482; x_wconf 89' lang='lat' dir='ltr'><strong>interitum</strong></span> <span class='ocrx_word' id='word_1_395' title='bbox 2721 2426 2825 2481; x_wconf 84' lang='lat' dir='ltr'><strong>sub</strong></span> <span class='ocrx_word' id='word_1_396' title='bbox 2861 2426 3008 2481; x_wconf 88' lang='lat' dir='ltr'><strong>illius</strong></span> <span class='ocrx_word' id='word_1_397' title='bbox 3039 2427 3263 2482; x_wconf 91' lang='lat' dir='ltr'><strong>nomine</strong></span> <span class='ocrx_word' id='word_1_398' title='bbox 3284 2428 3677 2497; x_wconf 78' lang='lat' dir='ltr'><strong>pestilentissi-</strong></span> 
     </span>
    </p>
   </div>
   <div class='ocr_carea' id='block_1_56' title="bbox 2090 2518 3672 2592">
    <p class='ocr_par' dir='ltr' id='par_1_56' title="bbox 2090 2518 3672 2592">
     <span class='ocr_line' id='line_1_56' title="bbox 2090 2518 3672 2592; baseline 0 -15"><span class='ocrx_word' id='word_1_399' title='bbox 2090 2537 2241 2577; x_wconf 91' lang='lat' dir='ltr'><strong>mum</strong></span> <span class='ocrx_word' id='word_1_400' title='bbox 2275 2522 2472 2591; x_wconf 80' lang='lat' dir='ltr'><strong>dogma</strong></span> <span class='ocrx_word' id='word_1_401' title='bbox 2496 2521 2857 2576; x_wconf 89' lang='lat' dir='ltr'><strong>tradiderunt.</strong></span> <span class='ocrx_word' id='word_1_402' title='bbox 2881 2518 3146 2585; x_wconf 80' lang='lat' dir='ltr'><strong>Quamvis</strong></span> <span class='ocrx_word' id='word_1_403' title='bbox 3174 2532 3229 2575; x_wconf 89' lang='lat' dir='ltr'><strong>et</strong></span> <span class='ocrx_word' id='word_1_404' title='bbox 3254 2521 3336 2575; x_wconf 91' lang='lat' dir='ltr'><strong>illi</strong></span> <span class='ocrx_word' id='word_1_405' title='bbox 3358 2523 3458 2592; x_wconf 89' lang='lat' dir='ltr'><strong>qui</strong></span> <span class='ocrx_word' id='word_1_406' title='bbox 3492 2520 3672 2577; x_wconf 80' lang='lat' dir='ltr'><strong>Simo-</strong></span> 
     </span>
    </p>
   </div>
   <div class='ocr_carea' id='block_1_57' title="bbox 2090 2606 3679 2688">
    <p class='ocr_par' dir='ltr' id='par_1_57' title="bbox 2090 2606 3679 2688">
     <span class='ocr_line' id='line_1_57' title="bbox 2090 2606 3679 2688; baseline 0.001 -19"><span class='ocrx_word' id='word_1_407' title='bbox 2090 2630 2213 2669; x_wconf 90' lang='lat' dir='ltr'><strong>nem</strong></span> <span class='ocrx_word' id='word_1_408' title='bbox 2247 2614 2499 2669; x_wconf 90' lang='lat' dir='ltr'><strong>colebant</strong></span> <span class='ocrx_word' id='word_1_409' title='bbox 2536 2613 2627 2669; x_wconf 93' lang='lat' dir='ltr'><strong>diu</strong></span> <span class='ocrx_word' id='word_1_410' title='bbox 2664 2621 2791 2688; x_wconf 78' lang='lat' dir='ltr'><strong>post</strong></span> <span class='ocrx_word' id='word_1_411' title='bbox 2837 2611 2957 2681; x_wconf 87' lang='lat' dir='ltr'><strong>ejus</strong></span> <span class='ocrx_word' id='word_1_412' title='bbox 2999 2606 3233 2667; x_wconf 88' lang='lat' dir='ltr'><strong>mortem</strong></span> <span class='ocrx_word' id='word_1_413' title='bbox 3274 2616 3679 2684; x_wconf 84' lang='lat' dir='ltr'><strong>per-durabant.</strong></span> 
     </span>
    </p>
   </div>
   <div class='ocr_carea' id='block_1_58' title="bbox 2090 2703 3679 2778">
    <p class='ocr_par' dir='ltr' id='par_1_58' title="bbox 2090 2703 3679 2778">
     <span class='ocr_line' id='line_1_58' title="bbox 2090 2703 3679 2778; baseline 0.005 -21"><span class='ocrx_word' id='word_1_414' title='bbox 2090 2703 2167 2760; x_wconf 87' lang='lat' dir='ltr'><strong>De</strong></span> <span class='ocrx_word' id='word_1_415' title='bbox 2219 2716 2377 2763; x_wconf 72' lang='lat' dir='ltr'><strong>aetate</strong></span> <span class='ocrx_word' id='word_1_416' title='bbox 2423 2722 2521 2762; x_wconf 90' lang='lat' dir='ltr'><strong>sua</strong></span> <span class='ocrx_word' id='word_1_417' title='bbox 2573 2705 2824 2763; x_wconf 85' lang='lat' dir='ltr'><strong>Justinus</strong></span> <span class='ocrx_word' id='word_1_418' title='bbox 2872 2716 3077 2778; x_wconf 83' lang='lat' dir='ltr'><strong>martyr</strong></span> <span class='ocrx_word' id='word_1_419' title='bbox 3132 2708 3385 2777; x_wconf 87' lang='lat' dir='ltr'><strong>apologia</strong></span> <span class='ocrx_word' id='word_1_420' title='bbox 3438 2709 3511 2763; x_wconf 65' lang='grc' dir='ltr'><strong>Ως</strong></span> <span class='ocrx_word' id='word_1_421' title='bbox 3568 2710 3679 2765; x_wconf 68' lang='grc' dir='ltr'><strong>Καὶ</strong></span> 
     </span>
    </p>
   </div>
   <div class='ocr_carea' id='block_1_59' title="bbox 2091 2797 3679 2873">
    <p class='ocr_par' dir='ltr' id='par_1_59' title="bbox 2091 2797 3679 2873">
     <span class='ocr_line' id='line_1_59' title="bbox 2091 2797 3679 2873; baseline 0.003 -23"><span class='ocrx_word' id='word_1_422' title='bbox 2091 2797 2276 2869; x_wconf 84' lang='grc' dir='ltr'>σχεδὸν</span> <span class='ocrx_word' id='word_1_423' title='bbox 2305 2801 2505 2864; x_wconf 83' lang='grc' dir='ltr'>πάντες</span> <span class='ocrx_word' id='word_1_424' title='bbox 2537 2799 2635 2871; x_wconf 82' lang='grc' dir='ltr'><strong>μὲν</strong></span> <span class='ocrx_word' id='word_1_425' title='bbox 2661 2802 2956 2873; x_wconf 81' lang='grc' dir='ltr'><strong>Σαμαρεῖς,</strong></span> <span class='ocrx_word' id='word_1_426' title='bbox 2991 2800 3160 2869; x_wconf 79' lang='grc' dir='ltr'>ὀλίγοι</span> <span class='ocrx_word' id='word_1_427' title='bbox 3191 2800 3249 2853; x_wconf 82' lang='grc' dir='ltr'><strong>δὲ</strong></span> <span class='ocrx_word' id='word_1_428' title='bbox 3283 2801 3381 2854; x_wconf 76' lang='grc' dir='ltr'><strong>καὶ</strong></span> <span class='ocrx_word' id='word_1_429' title='bbox 3413 2803 3474 2855; x_wconf 83' lang='grc' dir='ltr'><strong>ὲν</strong></span> <span class='ocrx_word' id='word_1_430' title='bbox 3499 2801 3679 2867; x_wconf 76' lang='grc' dir='ltr'>ἄλλοις</span> 
     </span>
    </p>
   </div>
   <div class='ocr_carea' id='block_1_60' title="bbox 2089 2888 3679 2965">
    <p class='ocr_par' dir='ltr' id='par_1_60' title="bbox 2089 2888 3679 2965">
     <span class='ocr_line' id='line_1_60' title="bbox 2089 2888 3679 2965; baseline 0.003 -22"><span class='ocrx_word' id='word_1_431' title='bbox 2089 2888 2298 2945; x_wconf 82' lang='grc' dir='ltr'>ἔθνεσιν</span> <span class='ocrx_word' id='word_1_432' title='bbox 2347 2893 2422 2956; x_wconf 86' lang='grc' dir='ltr'>ὼς</span> <span class='ocrx_word' id='word_1_433' title='bbox 2470 2891 2561 2945; x_wconf 83' lang='grc' dir='ltr'><strong>τὸν</strong></span> <span class='ocrx_word' id='word_1_434' title='bbox 2600 2893 2816 2965; x_wconf 84' lang='grc' dir='ltr'>πρῶτον</span> <span class='ocrx_word' id='word_1_435' title='bbox 2855 2893 2985 2947; x_wconf 84' lang='grc' dir='ltr'>Θεὸν</span> <span class='ocrx_word' id='word_1_436' title='bbox 3036 2894 3244 2947; x_wconf 82' lang='grc' dir='ltr'>ἐκεῖνον</span> <span class='ocrx_word' id='word_1_437' title='bbox 3284 2892 3679 2965; x_wconf 78' lang='grc' dir='ltr'>ὁμολογοῦντες</span> 
     </span>
    </p>
   </div>
   <div class='ocr_carea' id='block_1_61' title="bbox 412 2984 1987 3076">
    <p class='ocr_par' dir='ltr' id='par_1_61' title="bbox 412 2985 1987 3062">
     <span class='ocr_line' id='line_1_61' title="bbox 412 2985 1987 3062; baseline 0.003 -23"><span class='ocrx_word' id='word_1_438' title='bbox 412 2985 667 3042; x_wconf 88' lang='lat' dir='ltr'><strong>Docetis:</strong></span> <span class='ocrx_word' id='word_1_439' title='bbox 716 2987 832 3049; x_wconf 78' lang='grc' dir='ltr'><strong>Πᾶς</strong></span> <span class='ocrx_word' id='word_1_440' title='bbox 863 2985 973 3057; x_wconf 82' lang='grc' dir='ltr'><strong>γὰρ</strong></span> <span class='ocrx_word' id='word_1_441' title='bbox 1001 2985 1060 3050; x_wconf 82' lang='grc' dir='ltr'>ὃς</span> <span class='ocrx_word' id='word_1_442' title='bbox 1108 2986 1173 3039; x_wconf 85' lang='grc' dir='ltr'><strong>ἂν</strong></span> <span class='ocrx_word' id='word_1_443' title='bbox 1209 2986 1282 3057; x_wconf 86' lang='grc' dir='ltr'>μὴ</span> <span class='ocrx_word' id='word_1_444' title='bbox 1330 2987 1562 3059; x_wconf 83' lang='grc' dir='ltr'><strong>ὁμολογῇ</strong></span> <span class='ocrx_word' id='word_1_445' title='bbox 1613 2988 1818 3060; x_wconf 78' lang='grc' dir='ltr'>Ἰησοῦν</span> <span class='ocrx_word' id='word_1_446' title='bbox 1855 2991 1987 3062; x_wconf 89' lang='grc' dir='ltr'>Χρι-</span> 
     </span>
    </p>
   </div>
   <div class='ocr_carea' id='block_1_62' title="bbox 2105 2984 3679 3076">
    <p class='ocr_par' dir='ltr' id='par_1_62' title="bbox 2105 2984 3679 3058">
     <span class='ocr_line' id='line_1_62' title="bbox 2105 2984 3679 3058; baseline 0.003 -21"><span class='ocrx_word' id='word_1_447' title='bbox 2105 2987 2299 3038; x_wconf 72' lang='grc' dir='ltr'>ὲκεῖνον</span> <span class='ocrx_word' id='word_1_448' title='bbox 2352 2986 2447 3038; x_wconf 73' lang='grc' dir='ltr'>καὶ</span> <span class='ocrx_word' id='word_1_449' title='bbox 2489 2984 2879 3058; x_wconf 72' lang='grc' dir='ltr'>προσκυνοῦσι.</span> <span class='ocrx_word' id='word_1_450' title='bbox 2918 3005 2938 3036; x_wconf 83' lang='grc'><em>‹</em></span> <span class='ocrx_word' id='word_1_451' title='bbox 2973 2985 3051 3042; x_wconf 85' lang='lat' dir='ltr'><strong>Ac</strong></span> <span class='ocrx_word' id='word_1_452' title='bbox 3112 2984 3451 3042; x_wconf 83' lang='lat' dir='ltr'><strong>Samaritani</strong></span> <span class='ocrx_word' id='word_1_453' title='bbox 3512 3002 3679 3058; x_wconf 81' lang='lat' dir='ltr'><strong>prope</strong></span> 
     </span>
    </p>
   </div>
   <div class='ocr_carea' id='block_1_63' title="bbox 414 3076 1991 3148">
    <p class='ocr_par' dir='ltr' id='par_1_63' title="bbox 414 3076 1991 3148">
     <span class='ocr_line' id='line_1_63' title="bbox 414 3076 1991 3148; baseline 0.001 -17"><span class='ocrx_word' id='word_1_454' title='bbox 414 3077 537 3131; x_wconf 81' lang='grc' dir='ltr'>στὸν</span> <span class='ocrx_word' id='word_1_455' title='bbox 564 3080 621 3131; x_wconf 80' lang='grc' dir='ltr'>ὲν</span> <span class='ocrx_word' id='word_1_456' title='bbox 646 3078 807 3144; x_wconf 75' lang='grc' dir='ltr'>σαρκὶ</span> <span class='ocrx_word' id='word_1_457' title='bbox 833 3076 1169 3147; x_wconf 79' lang='grc' dir='ltr'><strong>ἐληλυθέναι,</strong></span> <span class='ocrx_word' id='word_1_458' title='bbox 1214 3077 1579 3148; x_wconf 84' lang='grc' dir='ltr'>Ἀντίχριστός</span> <span class='ocrx_word' id='word_1_459' title='bbox 1618 3081 1733 3132; x_wconf 83' lang='grc' dir='ltr'>ἐστι</span> <span class='ocrx_word' id='word_1_460' title='bbox 1752 3096 1765 3109; x_wconf 73' lang='grc' dir='ltr'><strong>ο</strong></span> <span class='ocrx_word' id='word_1_461' title='bbox 1807 3080 1904 3132; x_wconf 74' lang='grc' dir='ltr'><strong>καὶ</strong></span> <span class='ocrx_word' id='word_1_462' title='bbox 1931 3079 1991 3142; x_wconf 77' lang='grc' dir='ltr'>ὃς</span> 
     </span>
    </p>
   </div>
   <div class='ocr_carea' id='block_1_64' title="bbox 409 3167 1995 3240">
    <p class='ocr_par' dir='ltr' id='par_1_64' title="bbox 409 3167 1995 3240">
     <span class='ocr_line' id='line_1_64' title="bbox 409 3167 1995 3240; baseline -0.002 -18"><span class='ocrx_word' id='word_1_463' title='bbox 409 3167 479 3223; x_wconf 77' lang='grc' dir='ltr'>ἂν</span> <span class='ocrx_word' id='word_1_464' title='bbox 510 3168 585 3239; x_wconf 82' lang='grc' dir='ltr'>μὴ</span> <span class='ocrx_word' id='word_1_465' title='bbox 610 3167 842 3239; x_wconf 83' lang='grc' dir='ltr'><strong>ὁμολογῇ</strong></span> <span class='ocrx_word' id='word_1_466' title='bbox 867 3167 926 3222; x_wconf 79' lang='grc' dir='ltr'>τὸ</span> <span class='ocrx_word' id='word_1_467' title='bbox 952 3167 1247 3240; x_wconf 83' lang='grc' dir='ltr'>μαρτύριον</span> <span class='ocrx_word' id='word_1_468' title='bbox 1278 3167 1372 3221; x_wconf 79' lang='grc' dir='ltr'>τοῦ</span> <span class='ocrx_word' id='word_1_469' title='bbox 1405 3168 1658 3240; x_wconf 78' lang='grc' dir='ltr'>σταυροῦ,</span> <span class='ocrx_word' id='word_1_470' title='bbox 1677 3171 1741 3223; x_wconf 78' lang='grc' dir='ltr'>ἐκ</span> <span class='ocrx_word' id='word_1_471' title='bbox 1766 3170 1858 3223; x_wconf 82' lang='grc' dir='ltr'>τοῦ</span> <span class='ocrx_word' id='word_1_472' title='bbox 1880 3170 1995 3224; x_wconf 79' lang='grc' dir='ltr'>δια-</span> 
     </span>
    </p>
   </div>
   <div class='ocr_carea' id='block_1_65' title="bbox 412 3260 1990 3333">
    <p class='ocr_par' dir='ltr' id='par_1_65' title="bbox 412 3260 1990 3333">
     <span class='ocr_line' id='line_1_65' title="bbox 412 3260 1990 3333; baseline -0.001 -19"><span class='ocrx_word' id='word_1_473' title='bbox 412 3261 568 3315; x_wconf 72' lang='grc' dir='ltr'>ϐόλου</span> <span class='ocrx_word' id='word_1_474' title='bbox 592 3262 729 3317; x_wconf 83' lang='grc' dir='ltr'>ὲστί.</span> <span class='ocrx_word' id='word_1_475' title='bbox 754 3263 865 3315; x_wconf 78' lang='grc' dir='ltr'><strong>Καὶ</strong></span> <span class='ocrx_word' id='word_1_476' title='bbox 898 3262 957 3325; x_wconf 86' lang='grc' dir='ltr'>ὃς</span> <span class='ocrx_word' id='word_1_477' title='bbox 988 3261 1053 3315; x_wconf 87' lang='grc' dir='ltr'><strong>ἂν</strong></span> <span class='ocrx_word' id='word_1_478' title='bbox 1080 3260 1341 3333; x_wconf 77' lang='grc' dir='ltr'><strong>μεθοδεύῃ</strong></span> <span class='ocrx_word' id='word_1_479' title='bbox 1373 3260 1441 3314; x_wconf 83' lang='grc' dir='ltr'>τὰ</span> <span class='ocrx_word' id='word_1_480' title='bbox 1471 3261 1625 3332; x_wconf 83' lang='grc' dir='ltr'><strong>λόγια</strong></span> <span class='ocrx_word' id='word_1_481' title='bbox 1653 3262 1746 3316; x_wconf 78' lang='grc' dir='ltr'><strong>τοῦ</strong></span> <span class='ocrx_word' id='word_1_482' title='bbox 1784 3262 1990 3332; x_wconf 71' lang='grc' dir='ltr'>Κυρίου</span> 
     </span>
    </p>
   </div>
   <div class='ocr_carea' id='block_1_66' title="bbox 412 3353 1994 3427">
    <p class='ocr_par' dir='ltr' id='par_1_66' title="bbox 412 3353 1994 3427">
     <span class='ocr_line' id='line_1_66' title="bbox 412 3353 1994 3427; baseline 0.001 -20"><span class='ocrx_word' id='word_1_483' title='bbox 412 3353 551 3425; x_wconf 70' lang='grc' dir='ltr'>πρὸς</span> <span class='ocrx_word' id='word_1_484' title='bbox 591 3353 690 3417; x_wconf 81' lang='grc' dir='ltr'>τὰς</span> <span class='ocrx_word' id='word_1_485' title='bbox 734 3353 870 3417; x_wconf 84' lang='grc' dir='ltr'>ίδίας</span> <span class='ocrx_word' id='word_1_486' title='bbox 899 3353 1214 3425; x_wconf 78' lang='grc' dir='ltr'>ἐπιθυμίας,</span> <span class='ocrx_word' id='word_1_487' title='bbox 1248 3356 1342 3409; x_wconf 77' lang='grc' dir='ltr'><strong>καὶ</strong></span> <span class='ocrx_word' id='word_1_488' title='bbox 1367 3355 1500 3426; x_wconf 84' lang='grc' dir='ltr'><strong>λέγῃ</strong></span> <span class='ocrx_word' id='word_1_489' title='bbox 1527 3358 1663 3427; x_wconf 85' lang='grc' dir='ltr'>μήτε</span> <span class='ocrx_word' id='word_1_490' title='bbox 1700 3354 1994 3409; x_wconf 83' lang='grc' dir='ltr'>ἀνάστασιν</span> 
     </span>
    </p>
   </div>
   <div class='ocr_carea' id='block_1_67' title="bbox 416 3439 1989 3518">
    <p class='ocr_par' dir='ltr' id='par_1_67' title="bbox 416 3439 1989 3518">
     <span class='ocr_line' id='line_1_67' title="bbox 416 3439 1989 3518; baseline 0.001 -20"><span class='ocrx_word' id='word_1_491' title='bbox 416 3447 552 3517; x_wconf 84' lang='grc' dir='ltr'>μήτε</span> <span class='ocrx_word' id='word_1_492' title='bbox 576 3446 755 3517; x_wconf 85' lang='grc' dir='ltr'>κρίσιν</span> <span class='ocrx_word' id='word_1_493' title='bbox 779 3440 938 3511; x_wconf 75' lang='grc' dir='ltr'>εἶναι,</span> <span class='ocrx_word' id='word_1_494' title='bbox 959 3439 1111 3509; x_wconf 74' lang='grc' dir='ltr'>οὗτος</span> <span class='ocrx_word' id='word_1_495' title='bbox 1138 3446 1482 3518; x_wconf 79' lang='grc' dir='ltr'>πρωτότοκος</span> <span class='ocrx_word' id='word_1_496' title='bbox 1504 3447 1619 3499; x_wconf 80' lang='grc' dir='ltr'>ἐστι</span> <span class='ocrx_word' id='word_1_497' title='bbox 1644 3444 1736 3499; x_wconf 85' lang='grc' dir='ltr'>τοῦ</span> <span class='ocrx_word' id='word_1_498' title='bbox 1758 3445 1989 3499; x_wconf 74' lang='grc' dir='ltr'>Σατανᾶ.</span> 
     </span>
    </p>
   </div>
   <div class='ocr_carea' id='block_1_68' title="bbox 417 3538 1991 3610">
    <p class='ocr_par' dir='ltr' id='par_1_68' title="bbox 417 3538 1991 3610">
     <span class='ocr_line' id='line_1_68' title="bbox 417 3538 1991 3610; baseline 0.003 -20"><span class='ocrx_word' id='word_1_499' title='bbox 417 3557 437 3590; x_wconf 85' lang='grc'>‹</span> <span class='ocrx_word' id='word_1_500' title='bbox 469 3538 729 3610; x_wconf 89' lang='lat' dir='ltr'><strong>Quisquis</strong></span> <span class='ocrx_word' id='word_1_501' title='bbox 760 3540 901 3595; x_wconf 90' lang='lat' dir='ltr'><strong>enim</strong></span> <span class='ocrx_word' id='word_1_502' title='bbox 932 3556 1042 3595; x_wconf 89' lang='lat' dir='ltr'><strong>non</strong></span> <span class='ocrx_word' id='word_1_503' title='bbox 1086 3540 1377 3596; x_wconf 87' lang='lat' dir='ltr'><strong>conﬁtetur</strong></span> <span class='ocrx_word' id='word_1_504' title='bbox 1413 3539 1600 3596; x_wconf 84' lang='lat' dir='ltr'><strong>Jesum</strong></span> <span class='ocrx_word' id='word_1_505' title='bbox 1628 3538 1909 3596; x_wconf 90' lang='lat' dir='ltr'><strong>Christum</strong></span> <span class='ocrx_word' id='word_1_506' title='bbox 1935 3541 1991 3595; x_wconf 85' lang='lat' dir='ltr'><strong>in</strong></span> 
     </span>
    </p>
   </div>
   <div class='ocr_carea' id='block_1_69' title="bbox 411 3629 1994 3701">
    <p class='ocr_par' dir='ltr' id='par_1_69' title="bbox 411 3629 1994 3701">
     <span class='ocr_line' id='line_1_69' title="bbox 411 3629 1994 3701; baseline 0.001 -18"><span class='ocrx_word' id='word_1_507' title='bbox 411 3644 577 3686; x_wconf 86' lang='lat' dir='ltr'><strong>carne</strong></span> <span class='ocrx_word' id='word_1_508' title='bbox 602 3629 838 3695; x_wconf 77' lang='lat' dir='ltr'><strong>venisse,</strong></span> <span class='ocrx_word' id='word_1_509' title='bbox 862 3630 1232 3688; x_wconf 86' lang='lat' dir='ltr'><strong>Antichristus</strong></span> <span class='ocrx_word' id='word_1_510' title='bbox 1261 3639 1379 3697; x_wconf 88' lang='lat' dir='ltr'><strong>est;</strong></span> <span class='ocrx_word' id='word_1_511' title='bbox 1422 3639 1477 3686; x_wconf 91' lang='lat' dir='ltr'><strong>et</strong></span> <span class='ocrx_word' id='word_1_512' title='bbox 1507 3631 1602 3701; x_wconf 94' lang='lat' dir='ltr'><strong>qui</strong></span> <span class='ocrx_word' id='word_1_513' title='bbox 1632 3645 1740 3685; x_wconf 88' lang='lat' dir='ltr'><strong>non</strong></span> <span class='ocrx_word' id='word_1_514' title='bbox 1769 3632 1994 3687; x_wconf 86' lang='lat' dir='ltr'><strong>conﬁte-</strong></span> 
     </span>
    </p>
   </div>
   <div class='ocr_carea' id='block_1_70' title="bbox 411 3723 1990 3795">
    <p class='ocr_par' dir='ltr' id='par_1_70' title="bbox 411 3723 1990 3795">
     <span class='ocr_line' id='line_1_70' title="bbox 411 3723 1990 3795; baseline 0.001 -18"><span class='ocrx_word' id='word_1_515' title='bbox 411 3733 501 3778; x_wconf 89' lang='lat' dir='ltr'><strong>tur</strong></span> <span class='ocrx_word' id='word_1_516' title='bbox 525 3723 847 3794; x_wconf 84' lang='lat' dir='ltr'><strong>martyrium</strong></span> <span class='ocrx_word' id='word_1_517' title='bbox 871 3724 1073 3790; x_wconf 90' lang='lat' dir='ltr'><strong>crucis,</strong></span> <span class='ocrx_word' id='word_1_518' title='bbox 1096 3739 1162 3778; x_wconf 88' lang='lat' dir='ltr'><strong>ex</strong></span> <span class='ocrx_word' id='word_1_519' title='bbox 1194 3724 1414 3779; x_wconf 87' lang='lat' dir='ltr'><strong>diabolo</strong></span> <span class='ocrx_word' id='word_1_520' title='bbox 1436 3733 1557 3791; x_wconf 91' lang='lat' dir='ltr'><strong>est;</strong></span> <span class='ocrx_word' id='word_1_521' title='bbox 1582 3733 1636 3779; x_wconf 89' lang='lat' dir='ltr'><strong>et</strong></span> <span class='ocrx_word' id='word_1_522' title='bbox 1656 3724 1750 3795; x_wconf 90' lang='lat' dir='ltr'><strong>qui</strong></span> <span class='ocrx_word' id='word_1_523' title='bbox 1774 3725 1990 3795; x_wconf 90' lang='lat' dir='ltr'><strong>eloquia</strong></span> 
     </span>
    </p>
   </div>
   <div class='ocr_carea' id='block_1_71' title="bbox 412 3814 1992 3888">
    <p class='ocr_par' dir='ltr' id='par_1_71' title="bbox 412 3814 1992 3888">
     <span class='ocr_line' id='line_1_71' title="bbox 412 3814 1992 3888; baseline 0.003 -20"><span class='ocrx_word' id='word_1_524' title='bbox 412 3814 630 3869; x_wconf 91' lang='lat' dir='ltr'><strong>Domini</strong></span> <span class='ocrx_word' id='word_1_525' title='bbox 660 3816 728 3871; x_wconf 90' lang='lat' dir='ltr'><strong>ad</strong></span> <span class='ocrx_word' id='word_1_526' title='bbox 771 3817 1025 3886; x_wconf 82' lang='lat' dir='ltr'><strong>proprios</strong></span> <span class='ocrx_word' id='word_1_527' title='bbox 1058 3815 1285 3872; x_wconf 81' lang='lat' dir='ltr'><strong>aﬁ‘ectus</strong></span> <span class='ocrx_word' id='word_1_528' title='bbox 1318 3816 1506 3881; x_wconf 90' lang='lat' dir='ltr'><strong>trahit,</strong></span> <span class='ocrx_word' id='word_1_529' title='bbox 1535 3816 1777 3888; x_wconf 87' lang='lat' dir='ltr'><strong>dicitque</strong></span> <span class='ocrx_word' id='word_1_530' title='bbox 1814 3832 1992 3888; x_wconf 89' lang='lat' dir='ltr'><strong>neque</strong></span> 
     </span>
    </p>
   </div>
   <div class='ocr_carea' id='block_1_72' title="bbox 411 3906 1992 3979">
    <p class='ocr_par' dir='ltr' id='par_1_72' title="bbox 411 3906 1992 3979">
     <span class='ocr_line' id='line_1_72' title="bbox 411 3906 1992 3979; baseline 0.003 -19"><span class='ocrx_word' id='word_1_531' title='bbox 411 3906 877 3961; x_wconf 89' lang='lat' dir='ltr'><strong>resurrectionem</strong></span> <span class='ocrx_word' id='word_1_532' title='bbox 932 3922 1112 3976; x_wconf 91' lang='lat' dir='ltr'><strong>neque</strong></span> <span class='ocrx_word' id='word_1_533' title='bbox 1146 3907 1419 3977; x_wconf 90' lang='lat' dir='ltr'><strong>judicium</strong></span> <span class='ocrx_word' id='word_1_534' title='bbox 1455 3924 1611 3977; x_wconf 93' lang='lat' dir='ltr'><strong>esse,</strong></span> <span class='ocrx_word' id='word_1_535' title='bbox 1646 3909 1736 3965; x_wconf 92' lang='lat' dir='ltr'><strong>hic</strong></span> <span class='ocrx_word' id='word_1_536' title='bbox 1778 3909 1992 3979; x_wconf 91' lang='lat' dir='ltr'><strong>primo-</strong></span> 
     </span>
    </p>
   </div>
   <div class='ocr_carea' id='block_1_73' title="bbox 413 3997 1993 4074">
    <p class='ocr_par' dir='ltr' id='par_1_73' title="bbox 413 3997 1993 4074">
     <span class='ocr_line' id='line_1_73' title="bbox 413 3997 1993 4074; baseline 0.007 -24"><span class='ocrx_word' id='word_1_537' title='bbox 413 3998 628 4068; x_wconf 84' lang='lat' dir='ltr'><strong>genitus</strong></span> <span class='ocrx_word' id='word_1_538' title='bbox 665 4007 742 4054; x_wconf 90' lang='lat' dir='ltr'><strong>est</strong></span> <span class='ocrx_word' id='word_1_539' title='bbox 790 3997 1024 4054; x_wconf 63' lang='lat' dir='ltr'><strong>Satanae.</strong></span> <span class='ocrx_word' id='word_1_540' title='bbox 1062 4019 1079 4051; x_wconf 72' lang='grc' dir='ltr'><strong>ι</strong></span> <span class='ocrx_word' id='word_1_541' title='bbox 1137 3999 1345 4067; x_wconf 91' lang='lat' dir='ltr'><strong>Quibus</strong></span> <span class='ocrx_word' id='word_1_542' title='bbox 1385 4000 1545 4059; x_wconf 92' lang='lat' dir='ltr'><strong>docet</strong></span> <span class='ocrx_word' id='word_1_543' title='bbox 1586 4018 1683 4059; x_wconf 90' lang='lat' dir='ltr'><strong>eos</strong></span> <span class='ocrx_word' id='word_1_544' title='bbox 1730 4003 1823 4074; x_wconf 91' lang='lat' dir='ltr'><strong>qui</strong></span> <span class='ocrx_word' id='word_1_545' title='bbox 1861 4013 1993 4061; x_wconf 90' lang='lat' dir='ltr'><strong>tunc</strong></span> 
     </span>
    </p>
   </div>
   <div class='ocr_carea' id='block_1_74' title="bbox 414 4091 1989 4167">
    <p class='ocr_par' dir='ltr' id='par_1_74' title="bbox 414 4091 1989 4167">
     <span class='ocr_line' id='line_1_74' title="bbox 414 4091 1989 4167; baseline 0.006 -23"><span class='ocrx_word' id='word_1_546' title='bbox 414 4091 702 4146; x_wconf 75' lang='lat' dir='ltr'><strong>veritatem</strong></span> <span class='ocrx_word' id='word_1_547' title='bbox 746 4092 1002 4148; x_wconf 67' lang='lat' dir='ltr'><strong>humanm</strong></span> <span class='ocrx_word' id='word_1_548' title='bbox 1060 4103 1270 4149; x_wconf 72' lang='lat' dir='ltr'><strong>natura:</strong></span> <span class='ocrx_word' id='word_1_549' title='bbox 1318 4095 1375 4149; x_wconf 90' lang='lat' dir='ltr'><strong>iu</strong></span> <span class='ocrx_word' id='word_1_550' title='bbox 1412 4095 1635 4152; x_wconf 88' lang='lat' dir='ltr'><strong>Christo</strong></span> <span class='ocrx_word' id='word_1_551' title='bbox 1680 4097 1989 4167; x_wconf 87' lang='lat' dir='ltr'><strong>negabant,</strong></span> 
     </span>
    </p>
   </div>
   <div class='ocr_carea' id='block_1_75' title="bbox 411 4183 1992 4258">
    <p class='ocr_par' dir='ltr' id='par_1_75' title="bbox 411 4183 1992 4258">
     <span class='ocr_line' id='line_1_75' title="bbox 411 4183 1992 4258; baseline 0.007 -23"><span class='ocrx_word' id='word_1_552' title='bbox 411 4190 643 4238; x_wconf 89' lang='lat' dir='ltr'><strong>mortem</strong></span> <span class='ocrx_word' id='word_1_553' title='bbox 671 4183 791 4254; x_wconf 89' lang='lat' dir='ltr'><strong>ejus</strong></span> <span class='ocrx_word' id='word_1_554' title='bbox 820 4185 1026 4255; x_wconf 87' lang='lat' dir='ltr'><strong>pariter</strong></span> <span class='ocrx_word' id='word_1_555' title='bbox 1057 4200 1306 4257; x_wconf 81' lang='lat' dir='ltr'><strong>negasse,</strong></span> <span class='ocrx_word' id='word_1_556' title='bbox 1340 4187 1915 4258; x_wconf 88' lang='lat' dir='ltr'><strong>resurrectionemque</strong></span> <span class='ocrx_word' id='word_1_557' title='bbox 1936 4200 1992 4246; x_wconf 87' lang='lat' dir='ltr'><strong>et</strong></span> 
     </span>
    </p>
   </div>
   <div class='ocr_carea' id='block_1_76' title="bbox 404 4275 1990 4346">
    <p class='ocr_par' dir='ltr' id='par_1_76' title="bbox 404 4275 1990 4346">
     <span class='ocr_line' id='line_1_76' title="bbox 404 4275 1990 4346; baseline 0.004 -17"><span class='ocrx_word' id='word_1_558' title='bbox 404 4275 672 4346; x_wconf 89' lang='lat' dir='ltr'><strong>judicium</strong></span> <span class='ocrx_word' id='word_1_559' title='bbox 706 4278 1015 4335; x_wconf 87' lang='lat' dir='ltr'><strong>sustulisse.</strong></span> <span class='ocrx_word' id='word_1_560' title='bbox 1055 4276 1164 4334; x_wconf 81' lang='lat' dir='ltr'><strong>llos</strong></span> <span class='ocrx_word' id='word_1_561' title='bbox 1201 4290 1383 4334; x_wconf 88' lang='lat' dir='ltr'><strong>autem</strong></span> <span class='ocrx_word' id='word_1_562' title='bbox 1411 4280 1571 4335; x_wconf 91' lang='lat' dir='ltr'><strong>docet</strong></span> <span class='ocrx_word' id='word_1_563' title='bbox 1609 4295 1779 4336; x_wconf 88' lang='lat' dir='ltr'><strong>vanos</strong></span> <span class='ocrx_word' id='word_1_564' title='bbox 1812 4282 1990 4336; x_wconf 91' lang='lat' dir='ltr'><strong>homi-</strong></span> 
     </span>
    </p>
   </div>
   <div class='ocr_carea' id='block_1_77' title="bbox 2094 3078 3675 3147">
    <p class='ocr_par' dir='ltr' id='par_1_77' title="bbox 2094 3078 3675 3147">
     <span class='ocr_line' id='line_1_77' title="bbox 2094 3078 3675 3147; baseline 0.001 -14"><span class='ocrx_word' id='word_1_565' title='bbox 2094 3092 2317 3142; x_wconf 90' lang='lat' dir='ltr'><strong>omnes,</strong></span> <span class='ocrx_word' id='word_1_566' title='bbox 2350 3092 2415 3132; x_wconf 85' lang='lat' dir='ltr'><strong>ex</strong></span> <span class='ocrx_word' id='word_1_567' title='bbox 2458 3078 2584 3133; x_wconf 90' lang='lat' dir='ltr'><strong>aliis</strong></span> <span class='ocrx_word' id='word_1_568' title='bbox 2622 3079 2788 3133; x_wconf 86' lang='lat' dir='ltr'><strong>etiam</strong></span> <span class='ocrx_word' id='word_1_569' title='bbox 2842 3078 3160 3134; x_wconf 90' lang='lat' dir='ltr'><strong>nationibus</strong></span> <span class='ocrx_word' id='word_1_570' title='bbox 3204 3080 3497 3147; x_wconf 90' lang='lat' dir='ltr'><strong>nonnulli,</strong></span> <span class='ocrx_word' id='word_1_571' title='bbox 3524 3080 3675 3135; x_wconf 88' lang='lat' dir='ltr'><strong>illum</strong></span> 
     </span>
    </p>
   </div>
   <div class='ocr_carea' id='block_1_78' title="bbox 2093 3169 3675 3244">
    <p class='ocr_par' dir='ltr' id='par_1_78' title="bbox 2093 3169 3675 3244">
     <span class='ocr_line' id='line_1_78' title="bbox 2093 3169 3675 3244; baseline 0.001 -20"><span class='ocrx_word' id='word_1_572' title='bbox 2093 3169 2255 3238; x_wconf 89' lang='lat' dir='ltr'><strong>quasi</strong></span> <span class='ocrx_word' id='word_1_573' title='bbox 2288 3169 2526 3240; x_wconf 90' lang='lat' dir='ltr'><strong>primum</strong></span> <span class='ocrx_word' id='word_1_574' title='bbox 2561 3169 2733 3226; x_wconf 87' lang='lat' dir='ltr'><strong>Deum</strong></span> <span class='ocrx_word' id='word_1_575' title='bbox 2762 3170 3087 3227; x_wconf 87' lang='lat' dir='ltr'><strong>conﬁtentes</strong></span> <span class='ocrx_word' id='word_1_576' title='bbox 3122 3171 3357 3227; x_wconf 85' lang='lat' dir='ltr'><strong>adorant</strong></span> <span class='ocrx_word' id='word_1_577' title='bbox 3378 3188 3622 3244; x_wconf 91' lang='lat' dir='ltr'><strong>quoque.</strong></span> <span class='ocrx_word' id='word_1_578' title='bbox 3651 3193 3675 3226; x_wconf 69' lang='grc' dir='ltr'>ι</span> 
     </span>
    </p>
   </div>
   <div class='ocr_carea' id='block_1_79' title="bbox 2078 3260 3673 3334">
    <p class='ocr_par' dir='ltr' id='par_1_79' title="bbox 2078 3260 3673 3334">
     <span class='ocr_line' id='line_1_79' title="bbox 2078 3260 3673 3334; baseline 0.005 -20"><span class='ocrx_word' id='word_1_579' title='bbox 2078 3260 2160 3315; x_wconf 79' lang='grc' dir='ltr'><strong>Εἰ</strong></span> <span class='ocrx_word' id='word_1_580' title='bbox 2202 3261 2257 3316; x_wconf 91' lang='lat' dir='ltr'><strong>in</strong></span> <span class='ocrx_word' id='word_1_581' title='bbox 2310 3262 2500 3316; x_wconf 90' lang='lat' dir='ltr'><strong>eadem</strong></span> <span class='ocrx_word' id='word_1_582' title='bbox 2539 3262 2787 3334; x_wconf 88' lang='lat' dir='ltr'><strong>apologia</strong></span> <span class='ocrx_word' id='word_1_583' title='bbox 2826 3263 3024 3319; x_wconf 87' lang='lat' dir='ltr'><strong>asserit</strong></span> <span class='ocrx_word' id='word_1_584' title='bbox 3069 3263 3351 3320; x_wconf 64' lang='lat' dir='ltr'><strong>daemonas</strong></span> <span class='ocrx_word' id='word_1_585' title='bbox 3401 3268 3673 3322; x_wconf 78' lang='lat' dir='ltr'><strong>excitasse</strong></span> 
     </span>
    </p>
   </div>
   <div class='ocr_carea' id='block_1_80' title="bbox 2093 3354 3674 3431">
    <p class='ocr_par' dir='ltr' id='par_1_80' title="bbox 2093 3354 3674 3431">
     <span class='ocr_line' id='line_1_80' title="bbox 2093 3354 3674 3431; baseline 0.004 -24"><span class='ocrx_word' id='word_1_586' title='bbox 2093 3354 2316 3426; x_wconf 86' lang='grc' dir='ltr'>Σίμωνα</span> <span class='ocrx_word' id='word_1_587' title='bbox 2344 3354 2440 3408; x_wconf 73' lang='grc' dir='ltr'>καὶ</span> <span class='ocrx_word' id='word_1_588' title='bbox 2470 3355 2779 3425; x_wconf 86' lang='grc' dir='ltr'>Μένανδρον</span> <span class='ocrx_word' id='word_1_589' title='bbox 2824 3356 2932 3411; x_wconf 83' lang='grc' dir='ltr'>ἀπὸ</span> <span class='ocrx_word' id='word_1_590' title='bbox 2974 3356 3309 3428; x_wconf 76' lang='grc' dir='ltr'>Σαμαρείας,</span> <span class='ocrx_word' id='word_1_591' title='bbox 3339 3359 3390 3411; x_wconf 78' lang='grc' dir='ltr'>οἳ</span> <span class='ocrx_word' id='word_1_592' title='bbox 3439 3360 3537 3412; x_wconf 75' lang='grc' dir='ltr'><strong>καὶ</strong></span> <span class='ocrx_word' id='word_1_593' title='bbox 3570 3378 3674 3431; x_wconf 86' lang='grc' dir='ltr'>μα-</span> 
     </span>
    </p>
   </div>
   <div class='ocr_carea' id='block_1_81' title="bbox 2091 3446 3680 3524">
    <p class='ocr_par' dir='ltr' id='par_1_81' title="bbox 2091 3446 3680 3524">
     <span class='ocr_line' id='line_1_81' title="bbox 2091 3446 3680 3524; baseline 0.003 -23"><span class='ocrx_word' id='word_1_594' title='bbox 2091 3446 2253 3516; x_wconf 84' lang='grc' dir='ltr'>γικὰς</span> <span class='ocrx_word' id='word_1_595' title='bbox 2284 3448 2543 3520; x_wconf 84' lang='grc' dir='ltr'>δυνάμεις</span> <span class='ocrx_word' id='word_1_596' title='bbox 2575 3450 2900 3522; x_wconf 77' lang='grc' dir='ltr'>ποιήσαντες</span> <span class='ocrx_word' id='word_1_597' title='bbox 2939 3449 3167 3514; x_wconf 80' lang='grc' dir='ltr'>πολλοὺς</span> <span class='ocrx_word' id='word_1_598' title='bbox 3198 3449 3556 3524; x_wconf 79' lang='grc' dir='ltr'>ἐξηπάτησαν</span> <span class='ocrx_word' id='word_1_599' title='bbox 3587 3453 3680 3507; x_wconf 76' lang='grc' dir='ltr'>καὶ</span> 
     </span>
    </p>
   </div>
   <div class='ocr_carea' id='block_1_82' title="bbox 2090 3533 3678 3609">
    <p class='ocr_par' dir='ltr' id='par_1_82' title="bbox 2090 3533 3678 3609">
     <span class='ocr_line' id='line_1_82' title="bbox 2090 3533 3678 3609; baseline 0.009 -23"><span class='ocrx_word' id='word_1_600' title='bbox 2090 3533 2173 3587; x_wconf 79' lang='grc' dir='ltr'>ἔτι</span> <span class='ocrx_word' id='word_1_601' title='bbox 2200 3534 2599 3607; x_wconf 82' lang='grc' dir='ltr'>ἀπατωμένους</span> <span class='ocrx_word' id='word_1_602' title='bbox 2627 3536 2832 3608; x_wconf 79' lang='grc' dir='ltr'>έχουσι,</span> <span class='ocrx_word' id='word_1_603' title='bbox 2868 3557 2889 3590; x_wconf 75' lang='lat' dir='ltr'><strong>r</strong></span> <span class='ocrx_word' id='word_1_604' title='bbox 2911 3540 3006 3609; x_wconf 85' lang='lat' dir='ltr'><strong>qui</strong></span> <span class='ocrx_word' id='word_1_605' title='bbox 3040 3540 3209 3594; x_wconf 84' lang='lat' dir='ltr'><strong>etiam</strong></span> <span class='ocrx_word' id='word_1_606' title='bbox 3230 3556 3382 3597; x_wconf 89' lang='lat' dir='ltr'><strong>nunc</strong></span> <span class='ocrx_word' id='word_1_607' title='bbox 3421 3545 3678 3600; x_wconf 88' lang='lat' dir='ltr'><strong>seductos</strong></span> 
     </span>
    </p>
   </div>
   <div class='ocr_carea' id='block_1_83' title="bbox 2090 3627 3680 3702">
    <p class='ocr_par' dir='ltr' id='par_1_83' title="bbox 2090 3627 3680 3702">
     <span class='ocr_line' id='line_1_83' title="bbox 2090 3627 3680 3702; baseline 0.008 -22"><span class='ocrx_word' id='word_1_608' title='bbox 2090 3627 2398 3696; x_wconf 90' lang='lat' dir='ltr'><strong>possident,</strong></span> <span class='ocrx_word' id='word_1_609' title='bbox 2431 3648 2451 3680; x_wconf 73' lang='grc' dir='ltr'><strong>ι</strong></span> <span class='ocrx_word' id='word_1_610' title='bbox 2488 3645 2599 3684; x_wconf 90' lang='lat' dir='ltr'><strong>non</strong></span> <span class='ocrx_word' id='word_1_611' title='bbox 2629 3638 2690 3684; x_wconf 93' lang='lat' dir='ltr'><strong>ut</strong></span> <span class='ocrx_word' id='word_1_612' title='bbox 2730 3631 3023 3701; x_wconf 87' lang='lat' dir='ltr'><strong>interpres,</strong></span> <span class='ocrx_word' id='word_1_613' title='bbox 3058 3650 3077 3685; x_wconf 85' lang='grc'><strong>‹</strong></span> <span class='ocrx_word' id='word_1_614' title='bbox 3105 3648 3247 3702; x_wconf 90' lang='lat' dir='ltr'><strong>quos</strong></span> <span class='ocrx_word' id='word_1_615' title='bbox 3273 3633 3547 3692; x_wconf 84' lang='lat' dir='ltr'><strong>seducant</strong></span> <span class='ocrx_word' id='word_1_616' title='bbox 3582 3638 3680 3692; x_wconf 86' lang='lat' dir='ltr'><strong>ha-</strong></span> 
     </span>
    </p>
   </div>
   <div class='ocr_carea' id='block_1_84' title="bbox 2091 3718 3677 3803">
    <p class='ocr_par' dir='ltr' id='par_1_84' title="bbox 2091 3718 3677 3803">
     <span class='ocr_line' id='line_1_84' title="bbox 2091 3718 3677 3803; baseline 0.009 -30"><span class='ocrx_word' id='word_1_617' title='bbox 2091 3718 2242 3773; x_wconf 90' lang='lat' dir='ltr'><strong>bent.</strong></span> <span class='ocrx_word' id='word_1_618' title='bbox 2272 3739 2290 3770; x_wconf 79' lang='grc' dir='ltr'><strong>ι</strong></span> <span class='ocrx_word' id='word_1_619' title='bbox 2326 3719 2479 3776; x_wconf 90' lang='lat' dir='ltr'><strong>Unde</strong></span> <span class='ocrx_word' id='word_1_620' title='bbox 2514 3723 2583 3777; x_wconf 92' lang='lat' dir='ltr'><strong>de</strong></span> <span class='ocrx_word' id='word_1_621' title='bbox 2622 3723 2804 3795; x_wconf 84' lang='lat' dir='ltr'><strong>seipso</strong></span> <span class='ocrx_word' id='word_1_622' title='bbox 2842 3724 2916 3778; x_wconf 92' lang='lat' dir='ltr'><strong>ita</strong></span> <span class='ocrx_word' id='word_1_623' title='bbox 2960 3725 3202 3796; x_wconf 86' lang='lat' dir='ltr'><strong>loquitur</strong></span> <span class='ocrx_word' id='word_1_624' title='bbox 3246 3727 3303 3782; x_wconf 86' lang='lat' dir='ltr'><strong>in</strong></span> <span class='ocrx_word' id='word_1_625' title='bbox 3338 3730 3517 3785; x_wconf 87' lang='lat' dir='ltr'><strong>altera</strong></span> <span class='ocrx_word' id='word_1_626' title='bbox 3548 3748 3677 3803; x_wconf 88' lang='lat' dir='ltr'><strong>apo-</strong></span> 
     </span>
    </p>
   </div>
   <div class='ocr_carea' id='block_1_85' title="bbox 2826 3814 2852 3827">
    <p class='ocr_par' dir='ltr' id='par_1_85' title="bbox 2826 3814 2852 3827">
     <span class='ocr_line' id='line_1_85' title="bbox 2826 3814 2852 3827; baseline 0 -3"><span class='ocrx_word' id='word_1_627' title='bbox 2826 3814 2852 3827; x_wconf 70' lang='grc' dir='ltr'><strong>ι,</strong></span> 
     </span>
    </p>
   </div>
   <div class='ocr_carea' id='block_1_86' title="bbox 2091 3809 3676 3886">
    <p class='ocr_par' dir='ltr' id='par_1_86' title="bbox 2091 3809 3676 3886">
     <span class='ocr_line' id='line_1_86' title="bbox 2091 3809 3676 3886; baseline 0.009 -24"><span class='ocrx_word' id='word_1_628' title='bbox 2091 3809 2232 3880; x_wconf 87' lang='lat' dir='ltr'><strong>logia</strong></span> <span class='ocrx_word' id='word_1_629' title='bbox 2261 3828 2274 3863; x_wconf 76' lang='grc' dir='ltr'><strong>ε</strong></span> <span class='ocrx_word' id='word_1_630' title='bbox 2300 3812 2408 3864; x_wconf 77' lang='grc' dir='ltr'>Καὶ</span> <span class='ocrx_word' id='word_1_631' title='bbox 2433 3811 2526 3864; x_wconf 77' lang='grc' dir='ltr'>τοῦ</span> <span class='ocrx_word' id='word_1_632' title='bbox 2554 3815 2614 3866; x_wconf 80' lang='grc' dir='ltr'><strong>ἐν</strong></span> <span class='ocrx_word' id='word_1_633' title='bbox 2636 3813 2714 3885; x_wconf 79' lang='grc' dir='ltr'>τῷ</span> <span class='ocrx_word' id='word_1_634' title='bbox 2744 3814 2862 3886; x_wconf 79' lang='grc' dir='ltr'><strong>ἐμῷ</strong></span> <span class='ocrx_word' id='word_1_635' title='bbox 2890 3814 3031 3868; x_wconf 72' lang='grc' dir='ltr'>ἔθνει</span> <span class='ocrx_word' id='word_1_636' title='bbox 3066 3816 3299 3881; x_wconf 73' lang='grc' dir='ltr'>ἀσεϐοῦς</span> <span class='ocrx_word' id='word_1_637' title='bbox 3333 3820 3437 3873; x_wconf 79' lang='grc' dir='ltr'>καὶ</span> <span class='ocrx_word' id='word_1_638' title='bbox 3474 3822 3676 3877; x_wconf 82' lang='grc' dir='ltr'>πλάνου</span> 
     </span>
    </p>
   </div>
   <div class='ocr_carea' id='block_1_87' title="bbox 2091 3902 3677 3989">
    <p class='ocr_par' dir='ltr' id='par_1_87' title="bbox 2091 3902 3677 3989">
     <span class='ocr_line' id='line_1_87' title="bbox 2091 3902 3677 3989; baseline 0.011 -34"><span class='ocrx_word' id='word_1_639' title='bbox 2091 3902 2426 3974; x_wconf 83' lang='grc' dir='ltr'>Σιμωνιανοῦ</span> <span class='ocrx_word' id='word_1_640' title='bbox 2481 3903 2750 3975; x_wconf 84' lang='grc' dir='ltr'>δόγματος</span> <span class='ocrx_word' id='word_1_641' title='bbox 2794 3907 3197 3979; x_wconf 83' lang='grc' dir='ltr'>κατεφρόνησα.</span> <span class='ocrx_word' id='word_1_642' title='bbox 3240 3929 3259 3962; x_wconf 84' lang='grc'><strong>‹</strong></span> <span class='ocrx_word' id='word_1_643' title='bbox 3296 3911 3416 3982; x_wconf 89' lang='lat' dir='ltr'><strong>Ego</strong></span> <span class='ocrx_word' id='word_1_644' title='bbox 3460 3931 3677 3989; x_wconf 87' lang='lat' dir='ltr'><strong>quoque</strong></span> 
     </span>
    </p>
   </div>
   <div class='ocr_carea' id='block_1_88' title="bbox 2090 3996 3676 4071">
    <p class='ocr_par' dir='ltr' id='par_1_88' title="bbox 2090 3996 3676 4071">
     <span class='ocr_line' id='line_1_88' title="bbox 2090 3996 3676 4071; baseline 0.011 -22"><span class='ocrx_word' id='word_1_645' title='bbox 2090 3996 2319 4067; x_wconf 90' lang='lat' dir='ltr'><strong>impium</strong></span> <span class='ocrx_word' id='word_1_646' title='bbox 2363 4006 2418 4052; x_wconf 90' lang='lat' dir='ltr'><strong>et</strong></span> <span class='ocrx_word' id='word_1_647' title='bbox 2458 4013 2748 4054; x_wconf 85' lang='lat' dir='ltr'><strong>erroneum</strong></span> <span class='ocrx_word' id='word_1_648' title='bbox 2800 4000 2855 4054; x_wconf 93' lang='lat' dir='ltr'><strong>iu</strong></span> <span class='ocrx_word' id='word_1_649' title='bbox 2902 4013 3062 4071; x_wconf 89' lang='lat' dir='ltr'><strong>gente</strong></span> <span class='ocrx_word' id='word_1_650' title='bbox 3105 4019 3227 4059; x_wconf 88' lang='lat' dir='ltr'><strong>mea</strong></span> <span class='ocrx_word' id='word_1_651' title='bbox 3285 4005 3676 4066; x_wconf 89' lang='lat' dir='ltr'><strong>Simonianum</strong></span> 
     </span>
    </p>
   </div>
   <div class='ocr_carea' id='block_1_89' title="bbox 2088 4090 3679 4164">
    <p class='ocr_par' dir='ltr' id='par_1_89' title="bbox 2088 4090 3679 4164">
     <span class='ocr_line' id='line_1_89' title="bbox 2088 4090 3679 4164; baseline 0.009 -19"><span class='ocrx_word' id='word_1_652' title='bbox 2088 4090 2287 4164; x_wconf 91' lang='lat' dir='ltr'><strong>dogma</strong></span> <span class='ocrx_word' id='word_1_653' title='bbox 2317 4092 2561 4162; x_wconf 78' lang='lat' dir='ltr'><strong>despexi.</strong></span> <span class='ocrx_word' id='word_1_654' title='bbox 2592 4112 2611 4145; x_wconf 85' lang='grc'><strong>›</strong></span> <span class='ocrx_word' id='word_1_655' title='bbox 2658 4092 2873 4150; x_wconf 91' lang='lat' dir='ltr'><strong>Pariter</strong></span> <span class='ocrx_word' id='word_1_656' title='bbox 2917 4095 2985 4150; x_wconf 90' lang='lat' dir='ltr'><strong>de</strong></span> <span class='ocrx_word' id='word_1_657' title='bbox 3036 4098 3123 4151; x_wconf 91' lang='lat' dir='ltr'><strong>sui</strong></span> <span class='ocrx_word' id='word_1_658' title='bbox 3172 4099 3271 4153; x_wconf 68' lang='lat' dir='ltr'><strong>aevi</strong></span> <span class='ocrx_word' id='word_1_659' title='bbox 3339 4098 3679 4160; x_wconf 90' lang='lat' dir='ltr'><strong>Simonianis</strong></span> 
     </span>
    </p>
   </div>
   <div class='ocr_carea' id='block_1_90' title="bbox 2088 4184 3676 4253">
    <p class='ocr_par' dir='ltr' id='par_1_90' title="bbox 2088 4184 3676 4253">
     <span class='ocr_line' id='line_1_90' title="bbox 2088 4184 3676 4253; baseline 0.008 -14"><span class='ocrx_word' id='word_1_660' title='bbox 2088 4184 2341 4240; x_wconf 88' lang='lat' dir='ltr'><strong>Clemens</strong></span> <span class='ocrx_word' id='word_1_661' title='bbox 2396 4186 2844 4253; x_wconf 87' lang='lat' dir='ltr'><strong>Alexandrinus,</strong></span> <span class='ocrx_word' id='word_1_662' title='bbox 2901 4186 3162 4243; x_wconf 82' lang='lat' dir='ltr'><strong>Stromat.</strong></span> <span class='ocrx_word' id='word_1_663' title='bbox 3208 4191 3305 4246; x_wconf 90' lang='lat' dir='ltr'><strong>lib.</strong></span> <span class='ocrx_word' id='word_1_664' title='bbox 3359 4208 3446 4249; x_wconf 86' lang='lat' dir='ltr'><strong>lt:</strong></span> <span class='ocrx_word' id='word_1_665' title='bbox 3508 4198 3572 4249; x_wconf 92' lang='grc' dir='ltr'>Οί</span> <span class='ocrx_word' id='word_1_666' title='bbox 3622 4197 3676 4251; x_wconf 81' lang='grc' dir='ltr'><strong>δὲ</strong></span> 
     </span>
    </p>
   </div>
   <div class='ocr_carea' id='block_1_91' title="bbox 2088 4276 3675 4359">
    <p class='ocr_par' dir='ltr' id='par_1_91' title="bbox 2088 4276 3675 4359">
     <span class='ocr_line' id='line_1_91' title="bbox 2088 4276 3675 4359; baseline 0.008 -30"><span class='ocrx_word' id='word_1_667' title='bbox 2088 4276 2230 4348; x_wconf 78' lang='grc' dir='ltr'>ἀμφὶ</span> <span class='ocrx_word' id='word_1_668' title='bbox 2260 4277 2349 4331; x_wconf 83' lang='grc' dir='ltr'>τὸν</span> <span class='ocrx_word' id='word_1_669' title='bbox 2378 4278 2596 4348; x_wconf 87' lang='grc' dir='ltr'>Σίμωνα</span> <span class='ocrx_word' id='word_1_670' title='bbox 2616 4277 2694 4349; x_wconf 80' lang='grc' dir='ltr'>τῷ</span> <span class='ocrx_word' id='word_1_671' title='bbox 2731 4279 2980 4347; x_wconf 84' lang='grc' dir='ltr'>Ἐστῶτι,</span> <span class='ocrx_word' id='word_1_672' title='bbox 3009 4280 3068 4334; x_wconf 81' lang='grc' dir='ltr'>ὃν</span> <span class='ocrx_word' id='word_1_673' title='bbox 3099 4282 3365 4349; x_wconf 78' lang='grc' dir='ltr'>σέϐουσιν,</span> <span class='ocrx_word' id='word_1_674' title='bbox 3391 4286 3675 4359; x_wconf 67' lang='grc' dir='ltr'>ὲξομοιοῦα</span> 
     </span>
    </p>
   </div>
   <div class='ocr_carea' id='block_1_92' title="bbox 410 4367 1987 4441">
    <p class='ocr_par' dir='ltr' id='par_1_92' title="bbox 410 4370 1986 4439">
     <span class='ocr_line' id='line_1_92' title="bbox 410 4370 1986 4439; baseline 0.002 -13"><span class='ocrx_word' id='word_1_675' title='bbox 410 4385 510 4426; x_wconf 83' lang='lat' dir='ltr'><strong>nes</strong></span> <span class='ocrx_word' id='word_1_676' title='bbox 552 4370 871 4439; x_wconf 78' lang='lat' dir='ltr'><strong>seduxisse;</strong></span> <span class='ocrx_word' id='word_1_677' title='bbox 920 4372 1222 4427; x_wconf 80' lang='lat' dir='ltr'><strong>catholicos</strong></span> <span class='ocrx_word' id='word_1_678' title='bbox 1271 4381 1460 4426; x_wconf 87' lang='lat' dir='ltr'><strong>monet</strong></span> <span class='ocrx_word' id='word_1_679' title='bbox 1515 4381 1578 4426; x_wconf 92' lang='lat' dir='ltr'><strong>ut</strong></span> <span class='ocrx_word' id='word_1_680' title='bbox 1625 4387 1815 4427; x_wconf 87' lang='lat' dir='ltr'><strong>eorum</strong></span> <span class='ocrx_word' id='word_1_681' title='bbox 1862 4389 1986 4429; x_wconf 91' lang='lat' dir='ltr'><strong>cor-</strong></span> 
     </span>
    </p>
   </div>
   <div class='ocr_carea' id='block_1_93' title="bbox 2105 4367 3678 4441">
    <p class='ocr_par' dir='ltr' id='par_1_93' title="bbox 2105 4368 3678 4441">
     <span class='ocr_line' id='line_1_93' title="bbox 2105 4368 3678 4441; baseline 0.01 -19"><span class='ocrx_word' id='word_1_682' title='bbox 2105 4369 2216 4422; x_wconf 75' lang='lat' dir='ltr'><strong>rOat</strong></span> <span class='ocrx_word' id='word_1_683' title='bbox 2251 4368 2452 4441; x_wconf 89' lang='grc' dir='ltr'>τρόπον</span> <span class='ocrx_word' id='word_1_684' title='bbox 2496 4369 2795 4441; x_wconf 84' lang='grc' dir='ltr'>βούλονται.</span> <span class='ocrx_word' id='word_1_685' title='bbox 2832 4390 2850 4423; x_wconf 85' lang='grc'>‹</span> <span class='ocrx_word' id='word_1_686' title='bbox 2881 4370 3123 4428; x_wconf 87' lang='lat' dir='ltr'><strong>Simonis</strong></span> <span class='ocrx_word' id='word_1_687' title='bbox 3153 4383 3339 4430; x_wconf 85' lang='lat' dir='ltr'><strong>autem</strong></span> <span class='ocrx_word' id='word_1_688' title='bbox 3374 4387 3678 4437; x_wconf 85' lang='lat' dir='ltr'><strong>sectatores</strong></span> 
     </span>
    </p>
   </div>
   <div class='ocr_carea' id='block_1_94' title="bbox 402 4461 1989 4535">
    <p class='ocr_par' dir='ltr' id='par_1_94' title="bbox 402 4461 1989 4535">
     <span class='ocr_line' id='line_1_94' title="bbox 402 4461 1989 4535; baseline 0.004 -20"><span class='ocrx_word' id='word_1_689' title='bbox 402 4461 654 4532; x_wconf 35' lang='lat' dir='ltr'><strong>.ruptelas</strong></span> <span class='ocrx_word' id='word_1_690' title='bbox 689 4462 944 4531; x_wconf 90' lang='lat' dir='ltr'><strong>vitantes,</strong></span> <span class='ocrx_word' id='word_1_691' title='bbox 976 4464 1319 4519; x_wconf 91' lang='lat' dir='ltr'><strong>orationibus</strong></span> <span class='ocrx_word' id='word_1_692' title='bbox 1343 4464 1649 4534; x_wconf 87' lang='lat' dir='ltr'><strong>iuvigilent,</strong></span> <span class='ocrx_word' id='word_1_693' title='bbox 1683 4476 1737 4520; x_wconf 91' lang='lat' dir='ltr'><strong>et</strong></span> <span class='ocrx_word' id='word_1_694' title='bbox 1761 4464 1989 4535; x_wconf 90' lang='lat' dir='ltr'><strong>jejuniis</strong></span> 
     </span>
    </p>
   </div>
   <div class='ocr_carea' id='block_1_95' title="bbox 410 4555 1989 4628">
    <p class='ocr_par' dir='ltr' id='par_1_95' title="bbox 410 4555 1989 4628">
     <span class='ocr_line' id='line_1_95' title="bbox 410 4555 1989 4628; baseline 0.005 -19"><span class='ocrx_word' id='word_1_695' title='bbox 410 4555 740 4621; x_wconf 77' lang='lat' dir='ltr'><strong>adhzereant;</strong></span> <span class='ocrx_word' id='word_1_696' title='bbox 763 4567 886 4627; x_wconf 90' lang='lat' dir='ltr'><strong>post</strong></span> <span class='ocrx_word' id='word_1_697' title='bbox 907 4573 1028 4628; x_wconf 67' lang='lat' dir='ltr'><strong>qua:</strong></span> <span class='ocrx_word' id='word_1_698' title='bbox 1047 4558 1393 4615; x_wconf 90' lang='lat' dir='ltr'><strong>notissimum</strong></span> <span class='ocrx_word' id='word_1_699' title='bbox 1414 4568 1497 4614; x_wconf 90' lang='lat' dir='ltr'><strong>est</strong></span> <span class='ocrx_word' id='word_1_700' title='bbox 1514 4558 1903 4615; x_wconf 89' lang='lat' dir='ltr'><strong>eucharistiam</strong></span> <span class='ocrx_word' id='word_1_701' title='bbox 1924 4576 1989 4617; x_wconf 88' lang='lat' dir='ltr'><strong>ea</strong></span> 
     </span>
    </p>
   </div>
   <div class='ocr_carea' id='block_1_96' title="bbox 407 4649 1991 4719">
    <p class='ocr_par' dir='ltr' id='par_1_96' title="bbox 407 4649 1991 4719">
     <span class='ocr_line' id='line_1_96' title="bbox 407 4649 1991 4719; baseline 0.005 -18"><span class='ocrx_word' id='word_1_702' title='bbox 407 4656 566 4704; x_wconf 64' lang='lat' dir='ltr'><strong>aetate</strong></span> <span class='ocrx_word' id='word_1_703' title='bbox 578 4649 837 4705; x_wconf 90' lang='lat' dir='ltr'><strong>celebrari</strong></span> <span class='ocrx_word' id='word_1_704' title='bbox 856 4650 1072 4705; x_wconf 89' lang='lat' dir='ltr'><strong>solitam</strong></span> <span class='ocrx_word' id='word_1_705' title='bbox 1087 4666 1229 4719; x_wconf 89' lang='lat' dir='ltr'><strong>esse;</strong></span> <span class='ocrx_word' id='word_1_706' title='bbox 1246 4651 1497 4705; x_wconf 89' lang='lat' dir='ltr'><strong>hortatur</strong></span> <span class='ocrx_word' id='word_1_707' title='bbox 1512 4650 1677 4706; x_wconf 90' lang='lat' dir='ltr'><strong>etiam</strong></span> <span class='ocrx_word' id='word_1_708' title='bbox 1698 4661 1756 4706; x_wconf 90' lang='lat' dir='ltr'><strong>ut</strong></span> <span class='ocrx_word' id='word_1_709' title='bbox 1770 4653 1991 4709; x_wconf 86' lang='lat' dir='ltr'><strong>visitent</strong></span> 
     </span>
    </p>
   </div>
   <div class='ocr_carea' id='block_1_97' title="bbox 406 4741 1988 4815">
    <p class='ocr_par' dir='ltr' id='par_1_97' title="bbox 406 4741 1988 4815">
     <span class='ocr_line' id='line_1_97' title="bbox 406 4741 1988 4815; baseline 0.004 -20"><span class='ocrx_word' id='word_1_710' title='bbox 406 4741 678 4811; x_wconf 88' lang='lat' dir='ltr'><strong>inﬁrmos,</strong></span> <span class='ocrx_word' id='word_1_711' title='bbox 711 4743 925 4813; x_wconf 86' lang='lat' dir='ltr'><strong>viduas,</strong></span> <span class='ocrx_word' id='word_1_712' title='bbox 956 4745 1213 4815; x_wconf 86' lang='lat' dir='ltr'><strong>pupillos,</strong></span> <span class='ocrx_word' id='word_1_713' title='bbox 1240 4759 1621 4815; x_wconf 88' lang='lat' dir='ltr'><strong>pauperesque</strong></span> <span class='ocrx_word' id='word_1_714' title='bbox 1647 4746 1800 4801; x_wconf 91' lang='lat' dir='ltr'><strong>nullo</strong></span> <span class='ocrx_word' id='word_1_715' title='bbox 1825 4747 1988 4802; x_wconf 93' lang='lat' dir='ltr'><strong>modo</strong></span> 
     </span>
    </p>
   </div>
   <div class='ocr_carea' id='block_1_98' title="bbox 406 4833 1988 4909">
    <p class='ocr_par' dir='ltr' id='par_1_98' title="bbox 406 4833 1988 4909">
     <span class='ocr_line' id='line_1_98' title="bbox 406 4833 1988 4909; baseline 0.004 -22"><span class='ocrx_word' id='word_1_716' title='bbox 406 4833 703 4905; x_wconf 88' lang='lat' dir='ltr'><strong>negligant,</strong></span> <span class='ocrx_word' id='word_1_717' title='bbox 737 4836 831 4905; x_wconf 93' lang='lat' dir='ltr'><strong>qui</strong></span> <span class='ocrx_word' id='word_1_718' title='bbox 867 4852 1059 4892; x_wconf 89' lang='lat' dir='ltr'><strong>omnes</strong></span> <span class='ocrx_word' id='word_1_719' title='bbox 1078 4852 1144 4892; x_wconf 85' lang='lat' dir='ltr'><strong>ex</strong></span> <span class='ocrx_word' id='word_1_720' title='bbox 1177 4836 1549 4893; x_wconf 88' lang='lat' dir='ltr'><strong>oblationibus</strong></span> <span class='ocrx_word' id='word_1_721' title='bbox 1575 4846 1630 4892; x_wconf 93' lang='lat' dir='ltr'><strong>et</strong></span> <span class='ocrx_word' id='word_1_722' title='bbox 1661 4838 1868 4909; x_wconf 90' lang='lat' dir='ltr'><strong>agapis,</strong></span> <span class='ocrx_word' id='word_1_723' title='bbox 1894 4839 1988 4893; x_wconf 90' lang='lat' dir='ltr'><strong>ubi</strong></span> 
     </span>
    </p>
   </div>
   <div class='ocr_carea' id='block_1_99' title="bbox 407 4928 1989 4998">
    <p class='ocr_par' dir='ltr' id='par_1_99' title="bbox 407 4928 1989 4998">
     <span class='ocr_line' id='line_1_99' title="bbox 407 4928 1989 4998; baseline 0.005 -17"><span class='ocrx_word' id='word_1_724' title='bbox 407 4928 741 4983; x_wconf 90' lang='lat' dir='ltr'><strong>eucharistia</strong></span> <span class='ocrx_word' id='word_1_725' title='bbox 774 4929 1174 4997; x_wconf 89' lang='lat' dir='ltr'><strong>celebrabatur,</strong></span> <span class='ocrx_word' id='word_1_726' title='bbox 1200 4931 1503 4987; x_wconf 85' lang='lat' dir='ltr'><strong>sustentari</strong></span> <span class='ocrx_word' id='word_1_727' title='bbox 1525 4931 1790 4987; x_wconf 88' lang='lat' dir='ltr'><strong>solebant.</strong></span> <span class='ocrx_word' id='word_1_728' title='bbox 1807 4932 1989 4998; x_wconf 90' lang='lat' dir='ltr'><strong>Quare</strong></span> 
     </span>
    </p>
   </div>
   <div class='ocr_carea' id='block_1_100' title="bbox 408 5019 1990 5095">
    <p class='ocr_par' dir='ltr' id='par_1_100' title="bbox 408 5019 1990 5095">
     <span class='ocr_line' id='line_1_100' title="bbox 408 5019 1990 5095; baseline 0.005 -22"><span class='ocrx_word' id='word_1_729' title='bbox 408 5020 551 5074; x_wconf 89' lang='lat' dir='ltr'><strong>idem</strong></span> <span class='ocrx_word' id='word_1_730' title='bbox 585 5019 897 5076; x_wconf 90' lang='lat' dir='ltr'><strong>subindicat</strong></span> <span class='ocrx_word' id='word_1_731' title='bbox 917 5020 1275 5095; x_wconf 82' lang='lat' dir='ltr'><strong>Polycarpus,</strong></span> <span class='ocrx_word' id='word_1_732' title='bbox 1306 5023 1453 5093; x_wconf 91' lang='lat' dir='ltr'><strong>quod</strong></span> <span class='ocrx_word' id='word_1_733' title='bbox 1485 5024 1631 5079; x_wconf 87' lang='lat' dir='ltr'><strong>clare</strong></span> <span class='ocrx_word' id='word_1_734' title='bbox 1658 5024 1875 5079; x_wconf 91' lang='lat' dir='ltr'><strong>locutus</strong></span> <span class='ocrx_word' id='word_1_735' title='bbox 1905 5034 1990 5081; x_wconf 91' lang='lat' dir='ltr'><strong>est</strong></span> 
     </span>
    </p>
   </div>
   <div class='ocr_carea' id='block_1_101' title="bbox 405 5109 1987 5182">
    <p class='ocr_par' dir='ltr' id='par_1_101' title="bbox 405 5109 1987 5182">
     <span class='ocr_line' id='line_1_101' title="bbox 405 5109 1987 5182; baseline 0.004 -17"><span class='ocrx_word' id='word_1_736' title='bbox 405 5109 669 5182; x_wconf 86' lang='lat' dir='ltr'><strong>lgnatius.</strong></span> <span class='ocrx_word' id='word_1_737' title='bbox 695 5131 715 5163; x_wconf 72' lang='grc' dir='ltr'><strong>ι</strong></span> <span class='ocrx_word' id='word_1_738' title='bbox 742 5111 851 5168; x_wconf 89' lang='lat' dir='ltr'><strong>Sed</strong></span> <span class='ocrx_word' id='word_1_739' title='bbox 884 5113 929 5169; x_wconf 89' lang='lat' dir='ltr'><strong>si</strong></span> <span class='ocrx_word' id='word_1_740' title='bbox 957 5130 1148 5168; x_wconf 88' lang='lat' dir='ltr'><strong>verum</strong></span> <span class='ocrx_word' id='word_1_741' title='bbox 1185 5123 1354 5182; x_wconf 88' lang='lat' dir='ltr'><strong>esset,</strong></span> <span class='ocrx_word' id='word_1_742' title='bbox 1386 5116 1475 5169; x_wconf 90' lang='lat' dir='ltr'><strong>vel</strong></span> <span class='ocrx_word' id='word_1_743' title='bbox 1515 5115 1585 5169; x_wconf 92' lang='lat' dir='ltr'><strong>ab</strong></span> <span class='ocrx_word' id='word_1_744' title='bbox 1625 5114 1833 5170; x_wconf 66' lang='lat' dir='ltr'><strong>lrenaao</strong></span> <span class='ocrx_word' id='word_1_745' title='bbox 1867 5131 1987 5172; x_wconf 91' lang='lat' dir='ltr'><strong>me-</strong></span> 
     </span>
    </p>
   </div>
   <div class='ocr_carea' id='block_1_102' title="bbox 406 5204 1985 5275">
    <p class='ocr_par' dir='ltr' id='par_1_102' title="bbox 406 5204 1985 5275">
     <span class='ocr_line' id='line_1_102' title="bbox 406 5204 1985 5275; baseline 0.001 -17"><span class='ocrx_word' id='word_1_746' title='bbox 406 5212 705 5271; x_wconf 88' lang='lat' dir='ltr'><strong>moratum,</strong></span> <span class='ocrx_word' id='word_1_747' title='bbox 728 5204 813 5258; x_wconf 90' lang='lat' dir='ltr'><strong>vel</strong></span> <span class='ocrx_word' id='word_1_748' title='bbox 837 5205 907 5259; x_wconf 92' lang='lat' dir='ltr'><strong>ab</strong></span> <span class='ocrx_word' id='word_1_749' title='bbox 929 5205 1036 5260; x_wconf 89' lang='lat' dir='ltr'><strong>alio</strong></span> <span class='ocrx_word' id='word_1_750' title='bbox 1060 5205 1244 5275; x_wconf 89' lang='lat' dir='ltr'><strong>aliquo</strong></span> <span class='ocrx_word' id='word_1_751' title='bbox 1274 5215 1438 5260; x_wconf 84' lang='lat' dir='ltr'><strong>esset.</strong></span> <span class='ocrx_word' id='word_1_752' title='bbox 1462 5223 1482 5259; x_wconf 82' lang='grc'>›</span> <span class='ocrx_word' id='word_1_753' title='bbox 1510 5204 1772 5261; x_wconf 89' lang='lat' dir='ltr'><strong>Dedimus</strong></span> <span class='ocrx_word' id='word_1_754' title='bbox 1794 5205 1985 5274; x_wconf 89' lang='lat' dir='ltr'><strong>alium,</strong></span> 
     </span>
    </p>
   </div>
   <div class='ocr_carea' id='block_1_103' title="bbox 406 5294 1982 5369">
    <p class='ocr_par' dir='ltr' id='par_1_103' title="bbox 406 5294 1982 5369">
     <span class='ocr_line' id='line_1_103' title="bbox 406 5294 1982 5369; baseline 0.004 -20"><span class='ocrx_word' id='word_1_755' title='bbox 406 5304 461 5349; x_wconf 89' lang='lat' dir='ltr'><strong>et</strong></span> <span class='ocrx_word' id='word_1_756' title='bbox 488 5296 706 5364; x_wconf 89' lang='lat' dir='ltr'><strong>quidem</strong></span> <span class='ocrx_word' id='word_1_757' title='bbox 736 5297 974 5352; x_wconf 81' lang='lat' dir='ltr'><strong>maxime</strong></span> <span class='ocrx_word' id='word_1_758' title='bbox 1002 5296 1260 5352; x_wconf 90' lang='lat' dir='ltr'><strong>idoneum</strong></span> <span class='ocrx_word' id='word_1_759' title='bbox 1295 5305 1489 5353; x_wconf 83' lang='lat' dir='ltr'><strong>testem</strong></span> <span class='ocrx_word' id='word_1_760' title='bbox 1517 5295 1575 5351; x_wconf 93' lang='lat' dir='ltr'><strong>S.</strong></span> <span class='ocrx_word' id='word_1_761' title='bbox 1600 5294 1982 5369; x_wconf 87' lang='lat' dir='ltr'><strong>Polycarpum.</strong></span> 
     </span>
    </p>
   </div>
   <div class='ocr_carea' id='block_1_104' title="bbox 407 5385 1984 5447">
    <p class='ocr_par' dir='ltr' id='par_1_104' title="bbox 407 5385 1984 5447">
     <span class='ocr_line' id='line_1_104' title="bbox 407 5385 1984 5447; baseline 0.004 -8"><span class='ocrx_word' id='word_1_762' title='bbox 407 5385 644 5441; x_wconf 85' lang='lat' dir='ltr'><strong>Irenaeus</strong></span> <span class='ocrx_word' id='word_1_763' title='bbox 699 5397 880 5443; x_wconf 90' lang='lat' dir='ltr'><strong>autem</strong></span> <span class='ocrx_word' id='word_1_764' title='bbox 916 5388 1334 5445; x_wconf 87' lang='lat' dir='ltr'><strong>euriosissimus</strong></span> <span class='ocrx_word' id='word_1_765' title='bbox 1367 5386 1758 5445; x_wconf 78' lang='lat' dir='ltr'><strong>Valentinianae</strong></span> <span class='ocrx_word' id='word_1_766' title='bbox 1813 5392 1984 5447; x_wconf 70' lang='lat' dir='ltr'><strong>haere-</strong></span> 
     </span>
    </p>
   </div>
   <div class='ocr_carea' id='block_1_105' title="bbox 406 5479 1988 5551">
    <p class='ocr_par' dir='ltr' id='par_1_105' title="bbox 406 5479 1988 5551">
     <span class='ocr_line' id='line_1_105' title="bbox 406 5479 1988 5551; baseline 0.004 -19"><span class='ocrx_word' id='word_1_767' title='bbox 406 5490 533 5533; x_wconf 85' lang='lat' dir='ltr'><strong>seos</strong></span> <span class='ocrx_word' id='word_1_768' title='bbox 568 5480 880 5550; x_wconf 84' lang='lat' dir='ltr'><strong>explorator</strong></span> <span class='ocrx_word' id='word_1_769' title='bbox 916 5479 1056 5545; x_wconf 79' lang='lat' dir='ltr'><strong>fuit,</strong></span> <span class='ocrx_word' id='word_1_770' title='bbox 1088 5482 1450 5551; x_wconf 88' lang='lat' dir='ltr'><strong>omniumque</strong></span> <span class='ocrx_word' id='word_1_771' title='bbox 1479 5495 1603 5551; x_wconf 73' lang='lat' dir='ltr'><strong>qua:</strong></span> <span class='ocrx_word' id='word_1_772' title='bbox 1641 5480 1709 5537; x_wconf 90' lang='lat' dir='ltr'><strong>ab</strong></span> <span class='ocrx_word' id='word_1_773' title='bbox 1750 5497 1814 5538; x_wconf 89' lang='lat' dir='ltr'><strong>ea</strong></span> <span class='ocrx_word' id='word_1_774' title='bbox 1845 5492 1988 5538; x_wconf 71' lang='lat' dir='ltr'><strong>nata:</strong></span> 
     </span>
    </p>
   </div>
   <div class='ocr_carea' id='block_1_106' title="bbox 408 5572 1985 5645">
    <p class='ocr_par' dir='ltr' id='par_1_106' title="bbox 408 5572 1985 5645">
     <span class='ocr_line' id='line_1_106' title="bbox 408 5572 1985 5645; baseline 0.006 -22"><span class='ocrx_word' id='word_1_775' title='bbox 408 5577 540 5623; x_wconf 85' lang='lat' dir='ltr'><strong>sunt</strong></span> <span class='ocrx_word' id='word_1_776' title='bbox 567 5572 1015 5627; x_wconf 87' lang='lat' dir='ltr'><strong>accuratissimus</strong></span> <span class='ocrx_word' id='word_1_777' title='bbox 1052 5573 1335 5645; x_wconf 87' lang='lat' dir='ltr'><strong>indagator</strong></span> <span class='ocrx_word' id='word_1_778' title='bbox 1366 5593 1380 5629; x_wconf 88' lang='lat'><strong>:</strong></span> <span class='ocrx_word' id='word_1_779' title='bbox 1411 5574 1779 5631; x_wconf 87' lang='lat' dir='ltr'><strong>vetustiorum</strong></span> <span class='ocrx_word' id='word_1_780' title='bbox 1811 5576 1985 5632; x_wconf 66' lang='lat' dir='ltr'><strong>haere-</strong></span> 
     </span>
    </p>
   </div>
   <div class='ocr_carea' id='block_1_107' title="bbox 408 5663 1982 5740">
    <p class='ocr_par' dir='ltr' id='par_1_107' title="bbox 408 5663 1982 5740">
     <span class='ocr_line' id='line_1_107' title="bbox 408 5663 1982 5740; baseline 0.005 -23"><span class='ocrx_word' id='word_1_781' title='bbox 408 5663 644 5719; x_wconf 88' lang='lat' dir='ltr'><strong>ticorum</strong></span> <span class='ocrx_word' id='word_1_782' title='bbox 671 5664 865 5721; x_wconf 88' lang='lat' dir='ltr'><strong>deliria</strong></span> <span class='ocrx_word' id='word_1_783' title='bbox 890 5665 1128 5723; x_wconf 87' lang='lat' dir='ltr'><strong>breviter</strong></span> <span class='ocrx_word' id='word_1_784' title='bbox 1149 5666 1429 5738; x_wconf 89' lang='lat' dir='ltr'><strong>describit,</strong></span> <span class='ocrx_word' id='word_1_785' title='bbox 1448 5677 1502 5725; x_wconf 91' lang='lat' dir='ltr'><strong>et</strong></span> <span class='ocrx_word' id='word_1_786' title='bbox 1523 5667 1867 5740; x_wconf 89' lang='lat' dir='ltr'><strong>disciplinam</strong></span> <span class='ocrx_word' id='word_1_787' title='bbox 1891 5668 1982 5725; x_wconf 87' lang='lat' dir='ltr'><strong>vix</strong></span> 
     </span>
    </p>
   </div>
   <div class='ocr_carea' id='block_1_108' title="bbox 2093 4458 3670 4532">
    <p class='ocr_par' dir='ltr' id='par_1_108' title="bbox 2093 4458 3670 4532">
     <span class='ocr_line' id='line_1_108' title="bbox 2093 4458 3670 4532; baseline 0.006 -17"><span class='ocrx_word' id='word_1_788' title='bbox 2093 4458 2271 4516; x_wconf 89' lang='lat' dir='ltr'><strong>Stanti</strong></span> <span class='ocrx_word' id='word_1_789' title='bbox 2313 4477 2476 4532; x_wconf 92' lang='lat' dir='ltr'><strong>quem</strong></span> <span class='ocrx_word' id='word_1_790' title='bbox 2528 4462 2720 4518; x_wconf 91' lang='lat' dir='ltr'><strong>colunt</strong></span> <span class='ocrx_word' id='word_1_791' title='bbox 2764 4464 2957 4519; x_wconf 88' lang='lat' dir='ltr'><strong>volunt</strong></span> <span class='ocrx_word' id='word_1_792' title='bbox 3001 4466 3295 4522; x_wconf 90' lang='lat' dir='ltr'><strong>assimilari</strong></span> <span class='ocrx_word' id='word_1_793' title='bbox 3344 4473 3620 4528; x_wconf 91' lang='lat' dir='ltr'><strong>moribus.</strong></span> <span class='ocrx_word' id='word_1_794' title='bbox 3652 4493 3670 4525; x_wconf 77' lang='grc' dir='ltr'><strong>ι</strong></span> 
     </span>
    </p>
   </div>
   <div class='ocr_carea' id='block_1_109' title="bbox 2092 4553 3676 4639">
    <p class='ocr_par' dir='ltr' id='par_1_109' title="bbox 2092 4553 3676 4639">
     <span class='ocr_line' id='line_1_109' title="bbox 2092 4553 3676 4639; baseline 0.009 -31"><span class='ocrx_word' id='word_1_795' title='bbox 2092 4554 2284 4611; x_wconf 84' lang='lat' dir='ltr'><strong>Postea</strong></span> <span class='ocrx_word' id='word_1_796' title='bbox 2320 4553 2582 4626; x_wconf 88' lang='lat' dir='ltr'><strong>Origenes</strong></span> <span class='ocrx_word' id='word_1_797' title='bbox 2626 4558 2724 4612; x_wconf 91' lang='lat' dir='ltr'><strong>lib.</strong></span> <span class='ocrx_word' id='word_1_798' title='bbox 2753 4574 2809 4612; x_wconf 86' lang='lat' dir='ltr'><strong>vr</strong></span> <span class='ocrx_word' id='word_1_799' title='bbox 2887 4569 3073 4613; x_wconf 84' lang='lat' dir='ltr'><strong>contra</strong></span> <span class='ocrx_word' id='word_1_800' title='bbox 3116 4560 3328 4617; x_wconf 81' lang='lat' dir='ltr'><strong>Celsum</strong></span> <span class='ocrx_word' id='word_1_801' title='bbox 3354 4580 3380 4617; x_wconf 85' lang='lat'><strong><em>:</em></strong></span> <span class='ocrx_word' id='word_1_802' title='bbox 3421 4568 3676 4639; x_wconf 77' lang='grc' dir='ltr'>Οὐδαμοῦ</span> 
     </span>
    </p>
   </div>
   <div class='ocr_carea' id='block_1_110' title="bbox 2089 4647 3679 4724">
    <p class='ocr_par' dir='ltr' id='par_1_110' title="bbox 2089 4647 3679 4724">
     <span class='ocr_line' id='line_1_110' title="bbox 2089 4647 3679 4724; baseline 0.008 -24"><span class='ocrx_word' id='word_1_803' title='bbox 2089 4648 2190 4718; x_wconf 78' lang='grc' dir='ltr'><strong>τῆς</strong></span> <span class='ocrx_word' id='word_1_804' title='bbox 2221 4647 2546 4720; x_wconf 79' lang='grc' dir='ltr'>οἰκουμένης</span> <span class='ocrx_word' id='word_1_805' title='bbox 2571 4649 2620 4703; x_wconf 91' lang='grc' dir='ltr'><strong>οἱ</strong></span> <span class='ocrx_word' id='word_1_806' title='bbox 2650 4650 2994 4721; x_wconf 84' lang='grc' dir='ltr'>Σιμωνιανοί.</span> <span class='ocrx_word' id='word_1_807' title='bbox 3024 4670 3043 4702; x_wconf 69' lang='grc' dir='ltr'><em>ς</em></span> <span class='ocrx_word' id='word_1_808' title='bbox 3072 4650 3275 4707; x_wconf 86' lang='lat' dir='ltr'><strong>Nullibi</strong></span> <span class='ocrx_word' id='word_1_809' title='bbox 3307 4656 3558 4724; x_wconf 81' lang='lat' dir='ltr'><strong>gentium</strong></span> <span class='ocrx_word' id='word_1_810' title='bbox 3592 4660 3679 4714; x_wconf 87' lang='lat' dir='ltr'><strong>Si-</strong></span> 
     </span>
    </p>
   </div>
   <div class='ocr_carea' id='block_1_111' title="bbox 2092 4741 3677 4814">
    <p class='ocr_par' dir='ltr' id='par_1_111' title="bbox 2092 4741 3677 4814">
     <span class='ocr_line' id='line_1_111' title="bbox 2092 4741 3677 4814; baseline 0.004 -18"><span class='ocrx_word' id='word_1_811' title='bbox 2092 4742 2395 4796; x_wconf 66' lang='lat' dir='ltr'><strong>moniani.»</strong></span> <span class='ocrx_word' id='word_1_812' title='bbox 2432 4741 2551 4812; x_wconf 86' lang='lat' dir='ltr'><strong>Ipse</strong></span> <span class='ocrx_word' id='word_1_813' title='bbox 2593 4750 2777 4798; x_wconf 89' lang='lat' dir='ltr'><strong>tamen</strong></span> <span class='ocrx_word' id='word_1_814' title='bbox 2816 4742 3062 4813; x_wconf 84' lang='lat' dir='ltr'><strong>ejusdem</strong></span> <span class='ocrx_word' id='word_1_815' title='bbox 3107 4745 3289 4814; x_wconf 86' lang='lat' dir='ltr'><strong>operis</strong></span> <span class='ocrx_word' id='word_1_816' title='bbox 3318 4746 3420 4801; x_wconf 90' lang='lat' dir='ltr'><strong>lib.</strong></span> <span class='ocrx_word' id='word_1_817' title='bbox 3455 4765 3511 4803; x_wconf 77' lang='grc' dir='ltr'><strong>ιε</strong></span> <span class='ocrx_word' id='word_1_818' title='bbox 3542 4750 3677 4803; x_wconf 77' lang='grc' dir='ltr'>Νυνὶ</span> 
     </span>
    </p>
   </div>
   <div class='ocr_carea' id='block_1_112' title="bbox 2088 4835 3676 4912">
    <p class='ocr_par' dir='ltr' id='par_1_112' title="bbox 2088 4835 3676 4912">
     <span class='ocr_line' id='line_1_112' title="bbox 2088 4835 3676 4912; baseline 0.006 -23"><span class='ocrx_word' id='word_1_819' title='bbox 2088 4836 2145 4889; x_wconf 84' lang='grc' dir='ltr'>δὲ</span> <span class='ocrx_word' id='word_1_820' title='bbox 2170 4837 2296 4899; x_wconf 80' lang='grc' dir='ltr'>τοὺς</span> <span class='ocrx_word' id='word_1_821' title='bbox 2323 4836 2531 4899; x_wconf 78' lang='grc' dir='ltr'>πάντας</span> <span class='ocrx_word' id='word_1_822' title='bbox 2555 4839 2612 4890; x_wconf 82' lang='grc' dir='ltr'><strong>έν</strong></span> <span class='ocrx_word' id='word_1_823' title='bbox 2623 4839 2694 4908; x_wconf 67' lang='grc' dir='ltr'>τῇ</span> <span class='ocrx_word' id='word_1_824' title='bbox 2724 4835 3016 4907; x_wconf 80' lang='grc' dir='ltr'>οἰκουμένῃ</span> <span class='ocrx_word' id='word_1_825' title='bbox 3038 4836 3138 4889; x_wconf 82' lang='grc' dir='ltr'><strong>οὐκ</strong></span> <span class='ocrx_word' id='word_1_826' title='bbox 3164 4836 3279 4892; x_wconf 75' lang='grc' dir='ltr'>ἔστι</span> <span class='ocrx_word' id='word_1_827' title='bbox 3302 4840 3676 4912; x_wconf 77' lang='grc' dir='ltr'>Σιμωνιανοὺς</span> 
     </span>
    </p>
   </div>
   <div class='ocr_carea' id='block_1_113' title="bbox 2089 4924 3676 5005">
    <p class='ocr_par' dir='ltr' id='par_1_113' title="bbox 2089 4924 3676 5005">
     <span class='ocr_line' id='line_1_113' title="bbox 2089 4924 3676 5005; baseline 0.006 -25"><span class='ocrx_word' id='word_1_828' title='bbox 2089 4928 2269 5001; x_wconf 77' lang='grc' dir='ltr'>εὑρεῖν</span> <span class='ocrx_word' id='word_1_829' title='bbox 2312 4928 2716 5001; x_wconf 23' lang='grc' dir='ltr'>τὸνέάριθμὸν,</span> <span class='ocrx_word' id='word_1_830' title='bbox 2769 4924 2953 4999; x_wconf 74' lang='grc' dir='ltr'>οἶμαι,</span> <span class='ocrx_word' id='word_1_831' title='bbox 3000 4929 3337 5001; x_wconf 84' lang='grc' dir='ltr'>τριάκοντα,</span> <span class='ocrx_word' id='word_1_832' title='bbox 3386 4934 3486 4987; x_wconf 80' lang='grc' dir='ltr'><strong>καὶ</strong></span> <span class='ocrx_word' id='word_1_833' title='bbox 3538 4934 3676 5005; x_wconf 81' lang='grc' dir='ltr'>τάχα</span> 
     </span>
    </p>
   </div>
   <div class='ocr_carea' id='block_1_114' title="bbox 2090 5016 3676 5097">
    <p class='ocr_par' dir='ltr' id='par_1_114' title="bbox 2090 5016 3676 5097">
     <span class='ocr_line' id='line_1_114' title="bbox 2090 5016 3676 5097; baseline 0.004 -25"><span class='ocrx_word' id='word_1_834' title='bbox 2090 5020 2340 5084; x_wconf 87' lang='grc' dir='ltr'>πλείονας</span> <span class='ocrx_word' id='word_1_835' title='bbox 2363 5016 2515 5074; x_wconf 85' lang='grc' dir='ltr'>εἷπον</span> <span class='ocrx_word' id='word_1_836' title='bbox 2550 5021 2659 5075; x_wconf 84' lang='grc' dir='ltr'><strong>τῶν</strong></span> <span class='ocrx_word' id='word_1_837' title='bbox 2698 5021 2888 5075; x_wconf 76' lang='grc' dir='ltr'>ὄντων.</span> <span class='ocrx_word' id='word_1_838' title='bbox 2919 5018 3040 5072; x_wconf 71' lang='grc' dir='ltr'>Εἰσὶ</span> <span class='ocrx_word' id='word_1_839' title='bbox 3074 5020 3131 5073; x_wconf 86' lang='grc' dir='ltr'>δὲ</span> <span class='ocrx_word' id='word_1_840' title='bbox 3174 5024 3303 5095; x_wconf 78' lang='grc' dir='ltr'>περὶ</span> <span class='ocrx_word' id='word_1_841' title='bbox 3340 5026 3445 5097; x_wconf 82' lang='grc' dir='ltr'>τὴν</span> <span class='ocrx_word' id='word_1_842' title='bbox 3470 5028 3676 5081; x_wconf 89' lang='grc' dir='ltr'>Παλαι-</span> 
     </span>
    </p>
   </div>
   <div class='ocr_carea' id='block_1_115' title="bbox 2091 5114 3677 5192">
    <p class='ocr_par' dir='ltr' id='par_1_115' title="bbox 2091 5114 3677 5192">
     <span class='ocr_line' id='line_1_115' title="bbox 2091 5114 3677 5192; baseline 0.006 -26"><span class='ocrx_word' id='word_1_843' title='bbox 2091 5114 2276 5185; x_wconf 89' lang='grc' dir='ltr'>στίνην</span> <span class='ocrx_word' id='word_1_844' title='bbox 2313 5114 2517 5186; x_wconf 75' lang='grc' dir='ltr'>σφόδρα</span> <span class='ocrx_word' id='word_1_845' title='bbox 2556 5115 2859 5186; x_wconf 77' lang='grc' dir='ltr'>ἐλάχιστοι,</span> <span class='ocrx_word' id='word_1_846' title='bbox 2893 5118 2995 5189; x_wconf 77' lang='grc' dir='ltr'>τῆς</span> <span class='ocrx_word' id='word_1_847' title='bbox 3021 5118 3079 5172; x_wconf 85' lang='grc' dir='ltr'><strong>δὲ</strong></span> <span class='ocrx_word' id='word_1_848' title='bbox 3119 5117 3315 5188; x_wconf 84' lang='grc' dir='ltr'>λοιπῆς</span> <span class='ocrx_word' id='word_1_849' title='bbox 3346 5120 3677 5192; x_wconf 75' lang='grc' dir='ltr'>οἰκουμένης</span> 
     </span>
    </p>
   </div>
   <div class='ocr_carea' id='block_1_116' title="bbox 2087 5206 3677 5285">
    <p class='ocr_par' dir='ltr' id='par_1_116' title="bbox 2087 5206 3677 5285">
     <span class='ocr_line' id='line_1_116' title="bbox 2087 5206 3677 5285; baseline 0.004 -26"><span class='ocrx_word' id='word_1_850' title='bbox 2087 5206 2324 5278; x_wconf 80' lang='grc' dir='ltr'>οὐδαμοῦ</span> <span class='ocrx_word' id='word_1_851' title='bbox 2352 5208 2413 5261; x_wconf 83' lang='grc' dir='ltr'><strong>τὸ</strong></span> <span class='ocrx_word' id='word_1_852' title='bbox 2437 5208 2606 5277; x_wconf 71' lang='grc' dir='ltr'>ὄνομα</span> <span class='ocrx_word' id='word_1_853' title='bbox 2635 5208 2801 5262; x_wconf 81' lang='grc' dir='ltr'>αὐτοῦ</span> <span class='ocrx_word' id='word_1_854' title='bbox 2844 5210 2964 5263; x_wconf 87' lang='grc' dir='ltr'>καθ’</span> <span class='ocrx_word' id='word_1_855' title='bbox 2993 5211 3059 5282; x_wconf 79' lang='grc' dir='ltr'>ἢν</span> <span class='ocrx_word' id='word_1_856' title='bbox 3087 5210 3318 5281; x_wconf 70' lang='grc' dir='ltr'>ἠθέλησε</span> <span class='ocrx_word' id='word_1_857' title='bbox 3353 5211 3519 5279; x_wconf 81' lang='grc' dir='ltr'>δόξαν</span> <span class='ocrx_word' id='word_1_858' title='bbox 3549 5214 3677 5285; x_wconf 76' lang='grc' dir='ltr'>περὶ</span> 
     </span>
    </p>
   </div>
   <div class='ocr_carea' id='block_1_117' title="bbox 2088 5297 3677 5359">
    <p class='ocr_par' dir='ltr' id='par_1_117' title="bbox 2088 5297 3677 5359">
     <span class='ocr_line' id='line_1_117' title="bbox 2088 5297 3677 5359; baseline 0.004 -8"><span class='ocrx_word' id='word_1_859' title='bbox 2088 5297 2283 5352; x_wconf 79' lang='grc' dir='ltr'>ἑαυτοῦ</span> <span class='ocrx_word' id='word_1_860' title='bbox 2335 5298 2705 5353; x_wconf 77' lang='grc' dir='ltr'>διασκεδάσαι.</span> <span class='ocrx_word' id='word_1_861' title='bbox 2768 5318 2787 5351; x_wconf 73' lang='grc' dir='ltr'><strong>ι</strong></span> <span class='ocrx_word' id='word_1_862' title='bbox 2827 5298 2987 5357; x_wconf 88' lang='lat' dir='ltr'><strong>Nunc</strong></span> <span class='ocrx_word' id='word_1_863' title='bbox 3032 5310 3216 5356; x_wconf 88' lang='lat' dir='ltr'><strong>autem</strong></span> <span class='ocrx_word' id='word_1_864' title='bbox 3266 5301 3323 5356; x_wconf 89' lang='lat' dir='ltr'><strong>in</strong></span> <span class='ocrx_word' id='word_1_865' title='bbox 3369 5304 3677 5359; x_wconf 87' lang='lat' dir='ltr'><strong>toto-orbe</strong></span> 
     </span>
    </p>
   </div>
   <div class='ocr_carea' id='block_1_118' title="bbox 2088 5391 3678 5463">
    <p class='ocr_par' dir='ltr' id='par_1_118' title="bbox 2088 5391 3678 5463">
     <span class='ocr_line' id='line_1_118' title="bbox 2088 5391 3678 5463; baseline 0.005 -19"><span class='ocrx_word' id='word_1_866' title='bbox 2088 5391 2281 5460; x_wconf 87' lang='lat' dir='ltr'><strong>opinor</strong></span> <span class='ocrx_word' id='word_1_867' title='bbox 2310 5392 2401 5445; x_wconf 87' lang='lat' dir='ltr'><strong>vix</strong></span> <span class='ocrx_word' id='word_1_868' title='bbox 2434 5392 2657 5462; x_wconf 88' lang='lat' dir='ltr'><strong>triginta</strong></span> <span class='ocrx_word' id='word_1_869' title='bbox 2684 5391 3033 5450; x_wconf 89' lang='lat' dir='ltr'><strong>Simonianos</strong></span> <span class='ocrx_word' id='word_1_870' title='bbox 3061 5394 3325 5463; x_wconf 88' lang='lat' dir='ltr'><strong>reperiri;</strong></span> <span class='ocrx_word' id='word_1_871' title='bbox 3352 5411 3420 5452; x_wconf 91' lang='lat' dir='ltr'><strong>ac</strong></span> <span class='ocrx_word' id='word_1_872' title='bbox 3440 5393 3678 5451; x_wconf 78' lang='lat' dir='ltr'><strong>fortasse</strong></span> 
     </span>
    </p>
   </div>
   <div class='ocr_carea' id='block_1_119' title="bbox 2088 5481 3675 5558">
    <p class='ocr_par' dir='ltr' id='par_1_119' title="bbox 2088 5481 3675 5558">
     <span class='ocr_line' id='line_1_119' title="bbox 2088 5481 3675 5558; baseline 0.003 -23"><span class='ocrx_word' id='word_1_873' title='bbox 2088 5496 2157 5536; x_wconf 90' lang='lat' dir='ltr'><strong>ne</strong></span> <span class='ocrx_word' id='word_1_874' title='bbox 2184 5491 2263 5535; x_wconf 91' lang='lat' dir='ltr'><strong>tot</strong></span> <span class='ocrx_word' id='word_1_875' title='bbox 2311 5483 2553 5553; x_wconf 84' lang='lat' dir='ltr'><strong>quidem.</strong></span> <span class='ocrx_word' id='word_1_876' title='bbox 2588 5481 2731 5538; x_wconf 89' lang='lat' dir='ltr'><strong>Sunt</strong></span> <span class='ocrx_word' id='word_1_877' title='bbox 2773 5485 2919 5539; x_wconf 90' lang='lat' dir='ltr'><strong>enim</strong></span> <span class='ocrx_word' id='word_1_878' title='bbox 2951 5485 3005 5539; x_wconf 94' lang='lat' dir='ltr'><strong>in</strong></span> <span class='ocrx_word' id='word_1_879' title='bbox 3036 5483 3330 5540; x_wconf 77' lang='lat' dir='ltr'><strong>Palzestina</strong></span> <span class='ocrx_word' id='word_1_880' title='bbox 3359 5488 3526 5558; x_wconf 84' lang='lat' dir='ltr'><strong>pauci</strong></span> <span class='ocrx_word' id='word_1_881' title='bbox 3573 5487 3675 5541; x_wconf 83' lang='lat' dir='ltr'><strong>ad-</strong></span> 
     </span>
    </p>
   </div>
   <div class='ocr_carea' id='block_1_120' title="bbox 2088 5573 3675 5653">
    <p class='ocr_par' dir='ltr' id='par_1_120' title="bbox 2088 5573 3675 5653">
     <span class='ocr_line' id='line_1_120' title="bbox 2088 5573 3675 5653; baseline 0.006 -25"><span class='ocrx_word' id='word_1_882' title='bbox 2088 5573 2336 5641; x_wconf 90' lang='lat' dir='ltr'><strong>modum,</strong></span> <span class='ocrx_word' id='word_1_883' title='bbox 2358 5576 2415 5629; x_wconf 90' lang='lat' dir='ltr'><strong>in</strong></span> <span class='ocrx_word' id='word_1_884' title='bbox 2444 5575 2655 5646; x_wconf 88' lang='lat' dir='ltr'><strong>reliquo</strong></span> <span class='ocrx_word' id='word_1_885' title='bbox 2676 5591 2807 5632; x_wconf 89' lang='lat' dir='ltr'><strong>vero</strong></span> <span class='ocrx_word' id='word_1_886' title='bbox 2841 5577 2973 5633; x_wconf 87' lang='lat' dir='ltr'><strong>orbe</strong></span> <span class='ocrx_word' id='word_1_887' title='bbox 3008 5594 3282 5649; x_wconf 88' lang='lat' dir='ltr'><strong>nusquam</strong></span> <span class='ocrx_word' id='word_1_888' title='bbox 3313 5594 3519 5637; x_wconf 91' lang='lat' dir='ltr'><strong>nomen</strong></span> <span class='ocrx_word' id='word_1_889' title='bbox 3556 5583 3675 5653; x_wconf 87' lang='lat' dir='ltr'><strong>ejus</strong></span> 
     </span>
    </p>
   </div>
   <div class='ocr_carea' id='block_1_121' title="bbox 2088 5667 3674 5744">
    <p class='ocr_par' dir='ltr' id='par_1_121' title="bbox 2088 5667 3674 5744">
     <span class='ocr_line' id='line_1_121' title="bbox 2088 5667 3674 5744; baseline 0.001 -18"><span class='ocrx_word' id='word_1_890' title='bbox 2088 5676 2172 5726; x_wconf 88' lang='lat' dir='ltr'><strong>est</strong></span> <span class='ocrx_word' id='word_1_891' title='bbox 2202 5667 2277 5744; x_wconf 76' lang='lat' dir='ltr'><strong>in</strong></span> <span class='ocrx_word' id='word_1_892' title='bbox 2312 5682 2375 5724; x_wconf 89' lang='lat' dir='ltr'><strong>ea</strong></span> <span class='ocrx_word' id='word_1_893' title='bbox 2431 5668 2692 5738; x_wconf 90' lang='lat' dir='ltr'><strong>opinione</strong></span> <span class='ocrx_word' id='word_1_894' title='bbox 2745 5670 2800 5725; x_wconf 93' lang='lat' dir='ltr'><strong>iu</strong></span> <span class='ocrx_word' id='word_1_895' title='bbox 2850 5686 2957 5741; x_wconf 90' lang='lat' dir='ltr'><strong>qua</strong></span> <span class='ocrx_word' id='word_1_896' title='bbox 3011 5670 3127 5743; x_wconf 88' lang='lat' dir='ltr'><strong>ipse</strong></span> <span class='ocrx_word' id='word_1_897' title='bbox 3175 5671 3371 5731; x_wconf 84' lang='lat' dir='ltr'><strong>haberi</strong></span> <span class='ocrx_word' id='word_1_898' title='bbox 3422 5676 3674 5732; x_wconf 63' lang='lat' dir='ltr'><strong>voluit.»</strong></span> 
     </span>
    </p>
   </div>
  </div>
