3768 6386
172 299 276 355 589
852 296 904 352 1.
945 296 1316 353 PEARSONII
1346 296 1660 356 VINDICUE

1950 302 2123 358 ΛΝᾸΞ.
2167 334 2236 345 -
2261 303 2447 361 PARS
2483 305 2552 361 Ῑι.
3332 319 3438 377 390

173 421 393 478 Eusebii
436 428 595 476 aetate
636 420 927 475 exstabant
960 423 1056 491 qui
1080 421 1200 492 ejus
1227 422 1481 478 haeresim
1528 423 1754 493 profite-
1785 430 1833 486 Α
1861 425 2105 496 ipsorum
2143 436 2412 496 potestate
2434 442 2545 483 non
2572 427 2848 486 videbant.
2872 428 3017 495 Fieri
3038 432 3203 500 etiam
3233 443 3439 507 potest,

174 517 404 581 bantur;
451 514 546 585 qui
574 528 699 569 cum
743 514 1088 570 Christianos
1122 530 1182 570 se
1226 515 1755 585 simulassent,d:e-
1862 528 1920 573 ut
1968 518 2103 573 illud
2159 522 2440 590 potuerint
2480 519 2679 590 facere,
2726 539 2827 580 nec
2884 533 3066 579 tamen
3122 524 3437 583 faciendum

173 622 395 663 monum
432 614 613 662 tamen
638 607 813 661 cultui
852 622 910 661 se
936 607 1189 677 privatim
1227 610 1656 679 mancipahant,
1696 621 1757 667 ut
1854 614 2187 681 putaverint,
2221 614 2530 671 rationibus
2572 617 2642 671 ab
2672 615 2794 687 ipso
2814 616 3025 687 lgnatio
3056 619 3284 677 redditis
3309 636 3438 688 per-

171 710 285 780 ipse
312 716 550 763 testatur
583 706 681 761 lib.
705 722 767 772 ιι,
799 723 920 776 cap.
952 708 1042 761 15.
1085 706 1329 762 Fuerunt
1356 708 1522 779 igitur
1553 726 1752 780 quam-
1858 704 2010 772 moti,
2053 715 2146 760 aut
2179 706 2343 760 etiam
2395 706 2577 762 ablata
2629 709 2940 777 occasione,
2971 718 3026 765 et
3084 710 3435 768 inimicorum

171 801 388 871 plurimi
420 809 581 854 atate
614 800 808 871 lgnatii
838 800 1165 865 Simoniani,
1205 802 1301 871 qui
1334 802 1569 857 nefanda
1597 819 1751 874 quze-
1854 794 2043 853 furore
2090 798 2373 867 prmvcnti,
2432 815 2558 855 cum
2618 800 2862 872 lgnatius
2918 822 2940 855 ι
2990 803 3297 860 subductus
3351 814 3437 861 est

171 897 287 951 dam
327 894 597 964 mysteria
646 894 1035 955 celebrabant,
1063 894 1455 950 eucharistiam
1491 895 1747 963 minime,
1852 904 1977 944 cum
2027 889 2380 946 festinatione
2426 892 2483 947 in
2534 894 3019 965 amphitheatrum,
3050 916 3068 950 ι
3104 908 3164 953 ut
3208 899 3263 954 in
3313 900 3435 971 ejus

171 989 257 1059 qui
294 987 581 1043 Simonem
636 987 853 1057 quidem
908 987 1196 1054 colebant,
1244 986 1338 1043 sed
1390 988 1494 1043 sub
1543 987 1749 1045 Christi
1851 980 2003 1037 Αοίίε
2047 982 2303 1054 Ιθεῑιηιιε-
2354 982 2495 1040 Fieri
2529 986 2764 1057 denique
2814 999 3014 1059 Ροίθδῐν
3050 1001 3110 1047 υί
3143 993 3279 1049 illud
3314 996 3436 1051 em"

170 1079 387 1133 nomine
415 1096 429 1132 :
461 1077 674 1131 Πλάνου
703 1078 801 1148 μὲν
829 1077 981 1140 ὄντος
1007 1076 1193 1142 αὐτοῦ,
1231 1078 1443 1149 μορφὴν
1469 1078 1524 1131 δὲ
1552 1078 1658 1150 ὀνόε

1945 1089 1980 1129 ’Θ
2007 1090 2117 1129 non
2142 1076 2419 1145 potuerint
2443 1077 2561 1133 sine
2582 1074 2707 1134 vita:
2728 1082 2967 1150 plurium
2986 1083 3433 1143 Christianorum

169 1188 254 1234 τος
290 1168 533 1241 Χριστοῦ
586 1168 980 1240 ἒνδυσαμὲνου,
1028 1187 1046 1219 ι
1086 1169 1179 1238 qui
1229 1168 1444 1223 tametsi
1482 1169 1657 1239 impos

1948 1166 2121 1230 'iculo,
2155 1175 2249 1221 aut
2278 1169 2441 1224 etiam
2477 1170 2595 1225 sine
2618 1184 2859 1241 peccato.
2895 1176 2963 1229 At
2987 1191 3096 1230 non
3130 1188 3318 1247 peccat
3340 1182 3436 1251 qui

169 1270 325 1328 esset,
363 1263 608 1332 speciem
638 1270 818 1316 tamen
850 1261 1091 1316 nominis
1116 1259 1320 1316 Christi
1371 1263 1690 1332 assumpsit,
1720 1282 1738 1316 ι
1852 1259 1907 1314 id
1953 1260 2083 1315 boni
2133 1276 2242 1314 non
2299 1261 2449 1327 facit,
2484 1278 2595 1332 quo
2647 1266 2827 1335 majus
2858 1266 3081 1338 aliquod
3123 1270 3324 1326 bonum
3362 1271 3437 1328 fa-

172 1368 227 1411 ut
254 1366 487 1412 testatur
535 1354 896 1426 Epiphanius.
921 1352 1055 1420 Quae
1078 1369 1203 1409 cum
1240 1354 1313 1408 ita
1344 1354 1486 1419 sint,
1522 1364 1746 1425 apparet
1847 1366 1971 1407 cere
2026 1352 2233 1421 possit,
2289 1362 2384 1407 aut
2431 1355 2575 1425 quod
2633 1355 2835 1423 facere,
2872 1361 2992 1415 sine
3041 1371 3265 1431 peccato
3323 1379 3435 1420 non

173 1448 517 1504 Simonianos
564 1446 668 1502 sub
720 1444 946 1501 Claudio
991 1444 1216 1498 minime
1259 1443 1559 1499 exstinctos
1589 1458 1741 1510 esse,
1846 1444 2040 1513 possit.
2082 1462 2101 1495 ι
2132 1443 2250 1499 Non
2279 1455 2486 1515 quaero,
2534 1446 2733 1517 inquit,
2764 1466 2887 1520 qua‘
2932 1454 3221 1526 qualisque
3273 1454 3437 1512 fuerit

174 1540 382 1610 Traiani
433 1547 490 1593 ει
527 1538 818 1608 Ignarianae
847 1536 1123 1607 passionis
1162 1536 1503 1606 temporibus
1545 1552 1742 1605 quam-
1844 1534 1935 1589 illa
1966 1551 2089 1605 quae
2120 1534 2385 1592 Romanis
2413 1554 2444 1592 a
2478 1547 2667 1594 nostro
2702 1540 2961 1598 tribuitur
3002 1555 3263 1614 potestas.
3299 1567 3319 1601 ι
3368 1548 3437 1604 At

172 1632 426 1701 plurimos
454 1630 766 1694 exstitisse,
818 1627 1063 1698 adeoque
1111 1626 1179 1681 de
1210 1626 1319 1681 illis
1366 1641 1529 1697 posse
1569 1627 1742 1697 accipi
1845 1627 2073 1681 omnino
2090 1628 2466 1697 quaerendum,
2489 1629 2600 1683 imo
2622 1632 2969 1689 statuendum
2988 1638 3301 1708 eratqualis
3317 1640 3436 1694 haec

172 1738 281 1794 qua:
306 1739 333 1777 a
357 1722 628 1790 scriptore
654 1719 1007 1790 epistolarnm
1032 1719 1099 1774 de
1124 1718 1452 1790 quihusdam
1485 1718 1571 1773 sui
1598 1726 1739 1774 tem-
1770 1795 1806 1801 _
1843 1729 2085 1789 potestas
2126 1721 2306 1788 fuerit,
2340 1723 2660 1794 priusquam
2698 1728 3083 1796 pronuntiaret
3110 1732 3435 1801 gravissime

172 1814 306 1884 poris
336 1811 616 1866 haereticis
647 1810 791 1865 dicta
825 1817 974 1865 sunt.
1770 1795 1812 1851 Β
1839 1828 1936 1868 eos
1978 1821 2319 1883 peccaturos,
2351 1816 2396 1870 si
2434 1817 2523 1870 illa
2562 1818 2641 1872 uti
2682 1795 2739 1873 in
2770 1819 2876 1876 hac
2913 1836 3078 1877 causa
3106 1795 3347 1893 nollent;
3381 1834 3437 1884 et

234 1905 304 1960 De
350 1903 631 1959 Marcione
681 1918 803 1973 quae
852 1901 1093 1969 disserit,
1129 1901 1225 1972 qui
1281 1901 1488 1957 Christi
1536 1917 1738 1972 corpus
1840 1914 2022 1959 utrum
2048 1905 2350 1971 talisesset,
2369 1909 2614 1978 quaeillis
2636 1911 2787 1966 nullo
2805 1914 3197 1985 modosubripi
3225 1928 3430 1988 posset.

172 1999 565 2068 phantasticum
608 1996 815 2062 docuit,
848 2004 902 2050 et
947 2003 1131 2050 tamen
1161 1995 1557 2050 eucharistiam
1596 1995 1738 2050 cele-
1911 1994 2015 2051 Sed
2076 1998 2164 2052 ille
2212 1999 2328 2055 haec
2377 2002 2539 2057 toties
2598 2002 2933 2074 affirmavit,
2986 2018 3041 2064 et
3090 2018 3273 2066 tamen
3326 2012 3431 2068 fal—

172 2090 351 2157 hravit,
376 2090 445 2145 ad
475 2099 693 2146 aetatem
727 2088 921 2159 lgnatii
952 2104 1063 2142 non
1091 2095 1373 2157 spectant;
1400 2102 1577 2157 neque
1605 2087 1738 2158 quid
1840 2102 1962 2143 sum
2020 2099 2123 2145 est.
2185 2088 2343 2157 Quod
2402 2092 2703 2150 afﬁrmasse
2747 2096 2988 2167 dicitur,
3047 2101 3248 2158 falsum
3307 2120 3432 2163 esse

180 2185 374 2240 Docctze
420 2200 488 2238 eo
542 2199 657 2238 aevo
716 2181 967 2247 fecerint,
1003 2180 1322 2235 ostendunt.
1358 2178 1437 2233 llli
1477 2179 1625 2234 enim
1670 2178 1738 2235 de
1838 2182 2084 2235 nondum
2143 2183 2432 2251 probatum
2489 2194 2602 2253 est,
2646 2204 2823 2258 neque
2878 2192 3100 2261 probari
3150 2196 3265 2251 ullo
3312 2214 3431 2256 mo-

174 2286 330 2333 morte
360 2276 571 2331 Christi
608 2274 780 2329 multa
809 2274 1135 2342 docuerunt,
1159 2288 1282 2342 qua:
1308 2270 1553 2327 Marcion
1584 2273 1736 2327 nullo
1835 2273 1905 2327 do
1945 2284 2155 2344 potest;
2191 2291 2262 2330 an
2309 2278 2469 2333 toties
2521 2279 2575 2334 id
2627 2280 2829 2337 dixerit
2860 2286 3146 2356 "scriptor,
3192 2288 3305 2358 jam
3346 2290 3429 2346 vi-

174 2370 320 2424 modo
374 2370 663 2424 sustinuit.
688 2367 755 2422 Et
808 2365 1180 2421 Tertullianus
1235 2372 1466 2420 testatur
1505 2381 1572 2420 eo
1617 2366 1736 2435 ipso
1837 2366 2097 2422 dendum.
2128 2366 2263 2422 Nam
2321 2370 2499 2439 primo
2544 2374 2637 2443 qui
2681 2374 2820 2429 dixit
2851 2392 2931 2443 se,
2972 2396 2991 2430 ι
3029 2380 3076 2434 si
3109 2380 3186 2435 illi
3236 2384 3427 2439 volue-

170 2462 298 2529 loco,
325 2463 415 2533 qui
449 2462 796 2532 producitur,
848 2459 1184 2514 Marcionem
1228 2467 1574 2513 sacramenta
1602 2473 1733 2527 pro-
1836 2459 1967 2527 rint,
1996 2468 2050 2514 et
2102 2461 2148 2516 si
2209 2461 2285 2516 illi
2316 2478 2427 2517 non
2463 2464 2813 2534 impedirent,
2844 2487 2863 2520 ι
2908 2472 3262 2541 moriturum,
3314 2492 3425 2531 non

174 2557 273 2625 pria
313 2556 595 2612 habuisse.
634 2555 874 2625 lgnatius
904 2563 1089 2607 autem
1129 2553 1196 2607 de
1242 2550 1499 2607 Ecclesia}
1545 2567 1734 2606 sacra-
1836 2552 2018 2606 statim
2050 2552 2208 2617 dixit,
2250 2572 2268 2604 ‹
2308 2562 2539 2610 mortem
2571 2557 2712 2626 ejus,
2746 2558 2791 2613 si
2828 2560 3048 2625 vellent,
3082 2563 3287 2618 nullam
3333 2564 3423 2621 fu-

172 2660 333 2704 meuto
374 2650 491 2705 sine
541 2650 705 2704 dubio
735 2646 1120 2717 intelligendus
1163 2655 1267 2711 est,
1296 2660 1326 2699 a
1356 2660 1466 2715 quo
1496 2654 1550 2699 et
1583 2642 1731 2699 Mar-
1834 2651 2034 2698 turam.
2071 2662 2088 2695 ι
2116 2643 2339 2701 Diversa
2388 2646 2505 2702 haec
2532 2648 2694 2717 plane
2740 2660 2888 2707 sunt.
2917 2651 3077 2710 Novit
3109 2654 3169 2712 S.
3210 2668 3421 2732 martyr

174 2744 278 2798 cion
303 2744 587 2799 abstinuit.
621 2742 863 2812 Denique
890 2756 1013 2796 cum
1046 2749 1428 2811 argumentum
1465 2740 1535 2794 ab
1558 2739 1730 2794 inter-
1833 2738 2059 2808 gentiles
2107 2753 2300 2795 omnes
2350 2739 2630 2797 Romanos
2678 2746 3035 2815 cupidissime
3075 2749 3424 2820 imperatoris

174 2836 391 2903 polatore
420 2836 559 2907 petit
594 2834 647 2905 (a
677 2850 786 2904 quo
818 2848 1099 2902 nunquam
1143 2833 1358 2887 videtur
1387 2830 1493 2887 nisi
1522 2830 1733 2887 doctior
1833 2831 2113 2887 decretum
2170 2842 2529 2890 exsecuturos
2573 2845 2627 2891 et
2679 2837 2853 2906 ipsius
2900 2850 3077 2897 morte
3124 2844 3423 2903 delectatos

178 2930 440 2998 recedere),
484 2928 581 2998 qui
623 2928 738 2981 haec
787 2926 953 2981 verba
985 2925 1241 2980 omisisse
1287 2925 1556 2990 videatur,
1585 2923 1730 2992 quod
1832 2921 1968 2978 fore.
2002 2923 2121 2980 Nisi
2180 2926 2348 2997 igitur
2383 2925 2637 2983 “Romani
2692 2930 2879 2988 fideles
2927 2933 3342 3007 intercederent,
3370 2947 3424 2995 et

177 3022 334 3076 minus
360 3038 483 3076 vera
508 3028 759 3091 putaret;
789 3019 989 3089 primo,
1030 3018 1414 3073 auctoritatem
1457 3016 1519 3071 B.
1553 3015 1731 3072 ‘l‘heo-
1831 3018 2155 3088 martyrium
2202 3018 2323 3087 ejus
2359 3018 2546 3091 aliquo
2578 3023 2743 3078 modo
2772 3024 3038 3095 impedire
3060 3040 3419 3099 conarentur,

177 3114 324 3168 doreti
353 3113 729 3185 interpolatori
768 3113 1122 3183 Opponimus,
1154 3112 1247 3182 qui
1278 3112 1392 3166 haec
1421 3111 1539 3178 ipsa
1561 3110 1726 3166 verba
1755 3150 1797 3209 C
1832 3109 2141 3164 certissima
2184 3111 2232 3165 ei
2278 3125 2431 3167 mors
2464 3120 2525 3167 ut
2553 3122 2607 3169 et
2641 3117 3055 3186 exoptatissima
3078 3135 3177 3189 pro
3199 3121 3422 3179 Christo

177 3213 403 3278 tanquam
442 3223 581 3278 pura
626 3215 755 3276 puta
799 3205 1076 3275 lgnatiana
1107 3214 1163 3259 et
1190 3205 1478 3260 verissima
1510 3205 1724 3260 exscri-
1760 3198 1797 3209 ”
1832 3198 1954 3256 fuit.
1980 3200 2098 3257 Non
2145 3210 2323 3257 tamen
2364 3202 2489 3259 inde
2516 3207 2765 3276 sequitur
2786 3208 2994 3265 dixisse
3020 3227 3169 3276 eum,
3207 3214 3416 3270 nullam

178 3300 283 3368 psit,
310 3300 579 3375 haereticis
623 3299 710 3356 sui
759 3298 1021 3368 temporis
1059 3298 1281 3368 obiecit,
1316 3312 1494 3367 neque
1518 3298 1724 3353 veritus
1831 3292 1949 3347 fore
1997 3302 2252 3359 mortem,
2280 3295 2327 3349 Si
2357 3293 2658 3353 Christiani
2693 3300 2987 3368 voluerint,
3016 3311 3112 3358 aut
3154 3304 3419 3375 impedire

177 3366 246 3449 est
268 3411 327 3450 ne
352 3366 442 3451 illa
466 3394 635 3451 verba
666 3400 943 3448 auctorem
969 3390 1327 3461 epistolarum
1360 3390 1527 3444 alium
1558 3405 1723 3459 quam
1828 3395 2164 3441 conarentur
2194 3406 2206 3440 :
2239 3388 2344 3443 hoc
2369 3388 2516 3443 enim
2550 3404 2619 3444 an
2650 3389 2867 3448 efficere
2890 3408 3137 3463 possent,
3168 3396 3417 3454 dubitare

178 3484 408 3557 [gnatium
487 3486 809 3556 episcOpum
873 3482 1272 3536 Antiochenqu
1330 3487 1385 3534 et
1427 3492 1723 3550 martyrem
1827 3476 1993 3531 etiam
2026 3477 2117 3532 ille
2152 3477 2247 3547 qui
2281 3477 2397 3532 haec
2426 3476 2642 3534 dixerat
2668 3482 2867 3550 potuit.
2896 3481 3059 3539 Novit
3087 3485 3333 3544 infideles
3362 3498 3417 3545 et

178 3581 450 3647 proderent.
485 3578 766 3645 Secundo,
796 3575 1328 3645 interpolatorgipsc,
1366 3573 1461 3643 qui
1493 3588 1593 3644 pro
1619 3588 1718 3629 sua
1826 3569 2071 3639 potuisse
2109 3577 2163 3623 et
2218 3569 2459 3626 voluisse
2513 3586 2639 3626 eum
2674 3572 3029 3638 interficere;
3064 3587 3217 3632 certo
3247 3579 3416 3651 igitur

183 3670 386 3737 libidine,
433 3682 777 3741 quaecunque
830 3667 1006 3720 voluit
1053 3664 1312 3720 omittere
1354 3665 1552 3719 solitus
1614 3672 1720 3732 est,
1826 3660 1933 3716 hoc
1983 3659 2228 3716 futurum
2271 3671 2416 3727 erat,
2457 3663 2563 3718 nisi
2595 3664 2795 3734 aliquis
2824 3666 3129 3736 impediret.
3160 3668 3323 3727 Novit
3353 3689 3414 3729 se

181 3765 302 3818 nullo
333 3766 485 3819 modo
525 3779 590 3818 ea
617 3762 782 3817 verba
814 3759 1086 3825 omisisse,
1120 3757 1265 3828 quod
1292 3772 1421 3813 vera
1456 3771 1578 3813 esse
1607 3772 1720 3812 non
1822 3768 1854 3808 a
1889 3752 1998 3809 Deo
2034 3753 2099 3808 ad
2144 3754 2465 3826 martyrium
2507 3766 2762 3812 vocatum
2813 3774 2971 3825 esse;
3020 3761 3284 3832 impedire
3315 3780 3413 3819 vo-

181 3865 379 3924 putaret,
407 3855 683 3927 putandus
711 3863 816 3917 est,
847 3860 906 3907 ut
949 3867 1014 3905 ex
1076 3850 1160 3905 his
1207 3866 1329 3921 qua:
1359 3866 1549 3905 eorum
1596 3850 1719 3905 loco
1822 3845 1991 3902 luisse
2041 3861 2206 3902 nemo
2250 3847 2533 3902 hominum
2568 3857 2767 3918 praeter
2821 3849 3169 3909 Christianos
3218 3853 3412 3911 Romae

181 3951 323 4017 posita
352 3960 473 4005 sunt
497 3957 760 4020 apparet:
791 3946 882 4000 τὸν
918 3943 1149 4015 σταυρὸν
1182 3943 1622 4013 ἐπαισχύνονται,
1656 3961 1669 3993 η

1921 3939 2159 3995 ιειίιυιοε
2196 3939 2503 3995 credendus
2542 3939 2665 3995 fuit.
2704 3940 2762 3995 Si
2795 3941 2962 4013 igitur
2989 3943 3067 3998 illi
3091 3944 3233 4000 idem
3261 3948 3409 4018 quod

182 4042 317 4106 πάθος
356 4042 693 4115 χλευάζωσι,
729 4039 826 4110 τὴν
875 4037 1171 4090 ἀνάστασιν
1202 4033 1546 4106 κωμῳδοῦσι.
1581 4035 1661 4101 Qu

1939 4030 2157 4097 vellent,
2186 4039 2281 4086 aut
2312 4046 2421 4086 non
2454 4031 2806 4101 impedirent,
2835 4034 3143 4091 certissima
3178 4040 3407 4111 martyri

180 4135 295 4188 enim
316 4150 400 4191 eos
429 4133 775 4190 eucharistize
800 4136 1148 4186 sacramento
1174 4143 1305 4182 usos
1337 4126 1506 4183 fuisse
1536 4137 1707 4197 putet,
1820 4138 1969 4179 mors
2014 4122 2138 4190 fuit,
2166 4124 2282 4179 sive
2313 4124 2391 4178 illi
2422 4138 2611 4179 revera
2636 4124 2900 4195 impedire
2929 4127 3259 4195 potuissent,
3291 4132 3408 4187 sive

181 4224 252 4292 qui
290 4244 307 4277 ‹
351 4225 548 4281 Christi
609 4238 827 4280 crucem
873 4220 1224 4287 erubescunt,
1271 4219 1365 4289 qui
1398 4218 1719 4288 passionem
1821 4232 1956 4272 non.
2010 4216 2167 4273 Multi
2216 4218 2361 4273 enim
2419 4217 2721 4275 Christiani
2765 4219 3115 4277 eonfessores
3151 4239 3182 4278 a
3230 4232 3408 4279 morte

180 4318 274 4385 ejus
295 4319 548 4385 derident,
572 4319 667 4390 qui
702 4315 1158 4372 resurrectionem
1190 4313 1347 4368 ludos
1369 4311 1599 4380 faciunt,
1617 4314 1711 4383 qui
1819 4310 2060 4366 liberare
2093 4310 2274 4366 conati
2308 4321 2457 4377 sunt,
2490 4311 2586 4381 qui
2612 4311 2666 4365 id
2694 4310 2912 4391 efficere
2936 4328 3044 4368 non
3087 4325 3401 4383 potuerunt.

182 4408 408 4467 infidelem
455 4410 800 4467 inimicitiam
847 4423 974 4463 cum
1010 4405 1243 4462 invicem
1278 4406 1499 4461 habent.
1535 4425 1553 4458 ι
1584 4405 1670 4462 Hac

1932 4400 2229 4472 Peregrino
2283 4399 2561 4456 Lucianus
2594 4416 2609 4456 :
2667 4401 2830 4454 Ἐπεὶ
2875 4400 2931 4454 δὲ
2969 4398 3063 4455 οὖν
3096 4402 3321 4469 ἐδέδετο,
3350 4406 3401 4459 οἱ

182 4516 288 4557 sane
309 4504 389 4559 ille
428 4506 628 4576 posuit,
656 4501 805 4574 quod
848 4499 993 4555 idem
1018 4499 1104 4553 his
1136 4498 1315 4554 verbis
1344 4498 1527 4553 doceri
1550 4508 1670 4569 puta

1913 4494 2134 4549 ιστιανοὶ
2178 4492 2464 4565 συμφορὰν
2501 4492 2816 4564 ποιούμενοι
2847 4491 2910 4545 τὸ
2942 4494 3174 4564 πρᾶγμα
3222 4495 3401 4549 πάντα

183 4602 246 4649 ret
264 4596 391 4666 quod
417 4599 483 4655 ab
509 4596 716 4670 Ignatio
744 4595 953 4651 dictum
975 4593 1043 4647 de
1073 4593 1140 4647 iis
1161 4600 1265 4653 est.
1292 4593 1384 4661 qui
1407 4592 1476 4647 ab
1498 4592 1671 4663 agapit

1910 4604 2025 4642 νουν
2053 4585 2357 4659 ἐξαρπάσαι
2383 4584 2710 4656 πειρώμενοι
2735 4584 2901 4638 αὐτόν
2919 4601 2933 4615 ο
2967 4580 3068 4638 εἴτ’
3102 4585 3224 4638 ἐπεὶ
3240 4586 3398 4641 τοῦτο

183 4686 237 4739 ab
260 4690 587 4759 eucharistia,
631 4690 702 4746 ab
744 4688 1117 4745 oblationibus
1144 4686 1510 4753 abstinebant,
1542 4696 1595 4743 et
1639 4704 1666 4743 a

1905 4680 2231 4750 ἁδύνατον,ἧ
2263 4696 2326 4748 γε
2363 4678 2494 4749 ἄλλη
2523 4677 2787 4750 θεραπεία
2808 4679 2955 4731 πᾶσα
2983 4679 3044 4732 οὺ
3079 4678 3393 4754 παρέργως,

184 4776 380 4839 Ecclesia
409 4786 461 4839 in
490 4785 689 4841 diaboli
715 4793 894 4841 castra
931 4779 1360 4836 transvolabant.

1904 4772 1944 4826 ,α
1980 4772 2079 4826 σὺν
2111 4771 2314 4842 σπουδῇ
2345 4770 2572 4839 ἐγίνετο.
2615 4788 2634 4821 ι
2682 4769 2980 4841 Postquam
3020 4772 3238 4829 vinctus
3287 4783 3392 4840 est,

238 4870 515 4933 Secundum
564 4877 729 4948 hujus
755 4875 952 4946 capitis
996 4882 1378 4944 argumentum
1417 4874 1704 4944 epistolam
1807 4860 2112 4918 Christiani
2143 4876 2299 4916 suam
2336 4859 2714 4915 infelicitatem
2740 4869 3022 4930 putantes,
3055 4864 3241 4919 omnia
3274 4879 3396 4918 mo-

183 4964 235 5017 ad
268 4964 519 5026 Romanos
570 4977 802 5040 spectat,
857 4982 969 5038 qua
1021 4966 1287 5036 εει-ξριυηι
1336 4966 1611 5038 signiﬁcat
1648 4968 1705 5022 in
1805 4953 2005 5009 vehant
2040 4952 2197 5008 illum
2234 4952 2447 5022 eripere
2475 4952 2680 5008 conati.
2715 4952 2839 5008 Mox
2870 4953 2965 5009 ubi
2995 4954 3099 5010 hoc
3136 4956 3394 5025 impossi-

183 5066 333 5112 eorum
393 5069 654 5131 potestate
706 5060 877 5116 fuisse
924 5059 1106 5129 ipsum
1147 5057 1414 5127 supplicio
1447 5058 1671 5114 liberare

1901 5066 1915 5105 ξ
1963 5047 2094 5112 fuit,
2127 5048 2234 5103 alia
2284 5047 2464 5103 omnis
2512 5063 2647 5103 cura
2691 5062 2805 5103 non
2849 5048 3244 5119 perfunctorie,
3292 5048 3389 5105 sed

183 5139 408 5205 Fortasse.
434 5152 514 5206 An
565 5151 732 5221 igitur
783 5150 912 5205 inde
965 5148 1214 5218 sequitur
1269 5146 1537 5219 lgnatium
1579 5164 1701 5204 eam
1804 5143 1993 5199 sedulo
2028 5140 2274 5195 adhibita
2314 5148 2418 5195 est.
2456 5158 2475 5191 ι

184 5237 416 5303 epistolam
467 5260 574 5299 non
626 5242 955 5312 scripsisse?
1012 5239 1273 5295 Profecto
1334 5256 1445 5295 non
1521 5241 1672 5311 capio

1896 5235 1990 5289 )uo
2018 5233 2188 5306 igitur
2209 5233 2329 5288 loca
2351 5247 2474 5302 qua:
2502 5231 2761 5302 produxit
2783 5231 2867 5287 vir
2882 5230 3259 5298 doctissimus,
3274 5246 3384 5288 non

190 5326 359 5393 'Quod
399 5334 443 5390 si
484 5337 557 5391 ita
609 5344 713 5403 est,
742 5335 939 5405 inquit,
966 5333 1213 5403 sequitur
1268 5331 1549 5389 Romanos
1576 5349 1701 5404 gra-
1805 5326 1859 5382 id
1892 5327 2144 5383 efficiunt
2189 5325 2337 5395 quod
2384 5325 2475 5379 ille
2510 5323 2709 5391 voluit;
2754 5324 2849 5379 sed
2888 5322 3082 5378 tertius
3112 5321 3189 5377 illi
3230 5321 3385 5379 vide-

186 5416 362 5479 vissime
396 5441 642 5496 peccasse
672 5445 687 5483 :
720 5442 846 5483 eum
875 5427 1017 5482 enim
1050 5441 1161 5480 non
1202 5425 1559 5480 liberarunt»
1588 5424 1700 5480 lmo
1802 5419 1964 5476 batur
1992 5434 2262 5486 asserere,
2295 5417 2349 5473 id
2377 5418 2511 5488 ipsis
2542 5416 2699 5471 facile
2732 5414 2924 5471 fuisse.
2962 5432 2982 5467 ι
3016 5413 3181 5469 Vobis
3208 5414 3382 5485 enim,

186 5521 286 5566 vero
320 5531 414 5571 non
467 5520 733 5591 sequitur.
763 5517 910 5573 Fieri
967 5519 1117 5573 enim
1154 5524 1334 5588 potest
1363 5525 1424 5572 ut
1452 5516 1696 5571 Romani
1801 5513 2000 5585 inquit,
2052 5513 2215 5568 facile
2259 5514 2343 5568 eSt
2393 5511 2448 5566 id
2495 5509 2644 5580 quod
2672 5508 2836 5566 vultis
2862 5507 3089 5564 facere:
3129 5525 3149 5561 ι
3185 5507 3381 5565 facilli-

187 5596 426 5663 Christiani
479 5612 608 5667 illud
657 5609 868 5667 efficere
891 5625 1000 5665 non
1035 5610 1337 5679 potuerint,
1366 5608 1513 5679 quod
1538 5607 1697 5679 Igna-
1800 5622 1951 5660 mum
2002 5606 2172 5675 igitur
2220 5601 2554 5658 existimavit
2585 5599 2831 5671 epistola:
2858 5599 3089 5672 scriptor
3116 5597 3380 5655 Romanis

188 5692 270 5751 tius
294 5706 473 5768 putavit
509 5723 603 5764 eos
638 5706 816 5763 facere
846 5704 1124 5775 potuisse;
1156 5704 1479 5776 gravissime
1506 5714 1690 5758 autem
1799 5698 2052 5755 fidelibus
2076 5696 2267 5761 fuisse,
2301 5693 2568 5765 lgnatium
2594 5709 2624 5748 a
2652 5691 2923 5748 sententia
2952 5692 3298 5763 imperatoris
3323 5699 3381 5747 et

188 5798 271 5841 non
304 5798 584 5870 peccabant,
611 5800 706 5871 qui
756 5798 890 5856 illud
947 5813 1057 5853 non
1123 5795 1390 5865 fecerunt,
1436 5796 1583 5866 quod
1630 5796 1686 5850 in
1797 5801 1975 5849 morte
2019 5790 2275 5847 liberare.
2328 5786 2396 5841 At
2428 5786 2483 5841 in
2516 5785 2626 5841 illis
2681 5783 2865 5841 verbis
2904 5782 2972 5841 de
3018 5793 3195 5841 morte
3238 5782 3376 5839 nihil
