3768 6360
346 263 439 320 591

1271 262 1332 319 5.
1365 260 1715 320 IGNATIUS.
1750 285 1821 301 -~
1859 253 2393 315 PROLEGOMENA.

3483 240 3589 304 39!

346 384 557 442 dictum
593 392 709 453 est,
749 396 928 465 neque
968 396 1034 439 ea
1075 389 1220 438 recte
1257 381 1484 453 intelligi
1515 382 1635 437 sine
1677 394 1915 450 sequen-
1941 383 1994 443 Α
2019 375 2290 448 suspicari
2347 386 2458 429 non
2512 378 2724 445 posset,
2751 377 2806 426 et
2852 365 3059 465 exAtali
3096 362 3473 465 suppositione
3502 372 3593 419 avt

347 475 497 532 tibus
541 483 808 546 possunt;
841 490 993 544 quae,
1036 473 1083 529 si
1130 488 1263 529 sana
1316 473 1449 537 sint,
1480 480 1539 527 ut
1573 472 1716 542 apud
1748 470 1920 526 Meta-

349 564 609 637 phrasten
638 573 856 621 exstant
903 564 980 625 (in
1020 564 1207 621 codice
1250 563 1396 618 enim
1434 561 1803 618 Laurentiano
1831 577 1918 629 ea,

348 657 499 730 quod
533 656 827 713 dolendum
874 664 987 722 est,
1029 670 1139 711 non
1177 654 1470 714 habentur)
1508 655 1795 710 ostendere
1839 654 1921 709 vi-

348 751 548 809 dentur
591 761 868 807 auctorem
898 750 1142 821 epistolae
1168 758 1389 820 putasse
1420 747 1698 803 Romanos
1731 747 1921 804 fideles

348 843 590 912 potuisse
615 857 740 898 eum
764 857 806 897 -a
837 842 1104 913 supplicio
1131 840 1365 895 liberare
1395 856 1409 893 :
1438 848 1489 893 et
1523 854 1692 915 quare
1724 837 1775 892 id
1802 837 1893 895 exi

348 933 573 990 stimare
593 948 705 988 non
738 934 978 1004 potuerit
1001 932 1263 1004 lgnatius,
1298 931 1503 986 nullam
1536 930 1669 986 satis
1698 945 1917 1002 gravem

348 1041 572 1081 causam
618 1026 795 1081 video.
839 1025 1061 1096 Aliquot
1098 1026 1242 1082 enim
1267 1023 1454 1080 Romae
1476 1039 1688 1095 magnae
1730 1033 1921 1080 aucto-

347 1116 525 1172 ritatis
562 1117 731 1185 viros,
761 1125 815 1172 et
863 1118 915 1171 in
963 1118 1080 1187 ipsa
1110 1118 1275 1171 etiam
1309 1117 1431 1171 aula
1467 1117 1763 1173 nonnullos
1790 1125 1921 1173 tune

345 1210 880 1267 Christianissimum
910 1209 995 1263 vel
1038 1216 1221 1278 aperte
1252 1207 1554 1277 professos,
1585 1206 1668 1261 vel
1708 1214 1919 1262 secreto

346 1304 631 1373 amplexos
666 1302 839 1358 fuisse
887 1301 1245 1356 dubitandum
1271 1315 1378 1355 non
1404 1308 1518 1366 est;
1549 1298 1664 1369 qui,
1698 1314 1824 1353 cum
1850 1298 1919 1353 ab

349 1391 491 1450 Urbe
526 1394 826 1464 imperator
856 1393 1090 1461 abesset,
1124 1392 1255 1447 illud
1287 1401 1436 1447 certe
1465 1406 1575 1446 non
1607 1406 1750 1461 aegre
1778 1390 1920 1445 obti-

342 1501 475 1541 nere
503 1487 749 1557 potuisse
782 1487 1007 1557 putandi
1036 1495 1186 1553 sunt,
1212 1493 1274 1540 ut
1303 1484 1349 1540 si
1380 1499 1490 1539 non
1523 1483 1913 1550 remitteretur,

344 1578 535 1634 saltem
590 1578 898 1634 differretur
970 1577 1251 1634 sententiae
1296 1578 1365 1632 ab
1411 1578 1739 1648 imperatore
1802 1576 1917 1646 jam

343 1670 567 1726 absente
614 1672 738 1726 latae
785 1671 1088 1727 exsecutio.
1130 1669 1236 1725 Sed
1274 1686 1399 1726 cum
1458 1671 1513 1725 in
1564 1670 1747 1725 verbis
1786 1672 1918 1741 ipsis

342 1762 646 1831 reperiatur
701 1762 884 1833 aliqua
934 1761 1321 1833 discrepantia,
1350 1777 1461 1818 non
1506 1763 1610 1818 erit
1646 1773 1741 1817 aut
1781 1761 1916 1817 mihi

342 1853 658 1919 molestum,
706 1864 801 1910 aut
841 1856 1119 1925 cuiquam,
1153 1856 1233 1911 uti
1288 1871 1481 1926 spero,
1532 1856 1829 1928 ingratum,
1868 1856 1917 1913 si

342 1946 670 2000 sententiam
730 1957 969 2002 nostram
1014 1948 1080 2003 de
1131 1947 1363 2003 lectione
1389 1948 1715 2019 jampridem
1746 1948 1914 2004 dubia

342 2037 706 2108 interponam.
728 2037 903 2094 Verba
931 2040 1010 2095 sic
1035 2056 1093 2095 se
1127 2041 1351 2095 habent.
1390 2042 1548 2113 Ὑμῖν
1569 2042 1677 2115 γὰρ
1699 2044 1921 2117 εὐχερές

340 2131 491 2186 ἑατιν
522 2132 551 2185 ὃ
583 2132 762 2186 θέλετε
808 2133 1030 2204 ποιῆσαι
1054 2150 1067 2163 ·
1105 2135 1227 2205 ἐμοὶ
1257 2133 1313 2186 δὲ
1353 2134 1609 2189 δύσκολόν
1652 2138 1769 2191 ἐστι
1824 2137 1918 2191 τοῦ

339 2222 474 2278 Θεοῦ
516 2226 812 2295 ἐπιτυχεῖν,
848 2224 942 2279 ἐὰν
976 2226 1133 2297 ὑμεῖς
1176 2226 1436 2298 φείσησθέ
1470 2245 1593 2298 μου.
1628 2226 1703 2283 lla
1751 2228 1921 2284 Meta-

339 2318 613 2388 phrastes.
657 2318 844 2373 Codex
885 2317 1264 2390 Augustanus,
1301 2320 1375 2390 μὴ
1401 2320 1661 2392 φείσησθέ
1706 2339 1829 2393 μου,
1866 2334 1920 2378 et

338 2419 497 2464 vetus
524 2409 796 2479 interpres
831 2427 850 2461 α
889 2425 999 2464 non
1037 2410 1262 2479 parcitis
1290 2411 1448 2466 mihi.
1476 2431 1497 2464 ι
1526 2410 1626 2468 llic
1650 2415 1918 2482 particula

342 2500 592 2570 negativa
648 2500 703 2555 in
732 2500 1118 2572 Metaphraste,
1143 2503 1331 2557 codice
1373 2500 1811 2574 Nydpruceiano,
1865 2516 1921 2563 et

341 2591 577 2665 Vulgata
606 2594 899 2665 interprete
936 2595 1091 2650 deest
1125 2613 1138 2650 :
1173 2596 1226 2649 in
1261 2596 1451 2655 codice
1491 2597 1836 2669 Augustano,
1866 2610 1919 2659 et

338 2693 524 2740 vetere
557 2684 851 2755 interprete
876 2688 1216 2757 agnoscitur.
1254 2687 1313 2743 Si
1343 2689 1512 2760 igitur
1551 2690 1821 2761 judicium
1850 2694 1919 2750 de

339 2776 574 2833 lectione
604 2775 746 2833 ferre
772 2778 953 2847 liceat,
981 2788 1111 2850 puto
1145 2781 1465 2851 particulam
1490 2786 1793 2855 negativam
1823 2786 1919 2842 ad-

339 2869 485 2925 mitti
523 2869 741 2938 debere,
779 2872 875 2927 sed
912 2887 1020 2926 non
1057 2888 1125 2927 eo
1160 2890 1271 2945 quo
1300 2875 1521 2945 ponitur
1551 2876 1692 2941 loco,
1729 2894 1917 2936 verum

340 2970 470 3017 ante
495 2961 722 3017 verbum
753 2963 1053 3034 ἐπιτυχεῖν,
1084 2971 1140 3018 ut
1164 2964 1395 3035 legatur,
1429 2966 1551 3039 ἐμοὶ
1583 2967 1639 3021 δὲ
1663 2967 1919 3023 δύσκολόν

340 3052 459 3106 ἔστι
515 3051 609 3106 τοῦ
653 3052 788 3107 Θεοῦ
835 3053 910 3127 μὴ
961 3056 1257 3127 ἐπιτυχεῖν,
1288 3058 1393 3125 vel,
1432 3059 1579 3128 quod
1620 3060 1765 3115 idem
1808 3070 1915 3129 est,
1945 3095 1987 3153 ο

341 3142 651 3215 ἀποτυχεῖν.
685 3141 842 3210 Quod
894 3145 943 3200 si
990 3146 1079 3201 cui
1122 3147 1357 3216 placeat,
1386 3149 1680 3205 verborum
1721 3166 1919 3207 sensus

339 3234 436 3291 hic
465 3236 608 3292 erit:
647 3254 666 3289 ι
704 3236 835 3292 Mihi
866 3246 1050 3294 autem
1080 3239 1278 3296 durum
1304 3253 1358 3297 et
1388 3242 1679 3298 molestum
1702 3253 1784 3299 est
1810 3242 1921 3299 Deo

340 3341 453 3382 non
508 3328 691 3399 potiri.
730 3347 750 3382 ι
789 3329 868 3385 ita
910 3330 1168 3386 δύσκολον
1218 3332 1571 3405 interpretor,
1606 3350 1721 3391 non
1764 3344 1823 3391 ut
1850 3338 1923 3393 sit

340 3419 576 3475 arduum
605 3429 661 3477 et
690 3421 927 3491 difﬁcile,
960 3424 1057 3481 sed
1099 3425 1392 3482 molestum
1424 3435 1478 3482 et
1506 3441 1703 3497 grave,
1733 3428 1917 3501 ἀηδές,

342 3511 458 3567 sive
496 3530 515 3564 ‹
553 3513 780 3570 minime
803 3514 1026 3586 placens
1060 3535 1076 3572 :
1116 3537 1136 3571 ι
1161 3519 1305 3576 unde
1328 3518 1714 3589 δυσκολαίνειν,
1747 3539 1766 3573 ι
1801 3535 1922 3576 mo-

342 3602 476 3660 leste
524 3604 688 3675 ferre,
718 3623 828 3663 non
869 3609 1008 3666 bene
1063 3626 1442 3683 concoquere;
1481 3633 1500 3667 ›
1536 3630 1660 3685 quae
1710 3614 1921 3685 signiﬁ-

260 3686 268 3697 ’
341 3696 486 3753 catio
502 3700 602 3769 ipsi
619 3710 799 3772 etymo
819 3703 1056 3759 maxime
1068 3706 1345 3775 congruit.
1360 3705 1698 3779 Hesychius:
1718 3709 1921 3761 Δυσκο-

340 3789 531 3858 λαίνει,
561 3792 835 3866 δυσφορεῖ,
860 3796 1005 3866 quod
1030 3807 1113 3853 est
1144 3816 1163 3849 ι
1194 3814 1337 3871 aegre
1360 3800 1443 3855 vel
1466 3813 1689 3871 gravate
1716 3799 1820 3856 fert
1847 3820 1860 3856 :
1894 3819 1913 3854 ι

342 3883 487 3939 unde
531 3885 707 3940 eidem
739 3885 1010 3959 Hesychio
1045 3889 1325 3961 δύσλοφον,
1357 3901 1443 3948 est
1476 3892 1732 3947 δύσκολον
1766 3912 1786 3946 ι
1820 3892 1921 3949 dif-

341 3974 551 4031 ficulter
578 3976 883 4034 ferendum.
925 4000 944 4033 ι
976 3979 1132 4037 Unde
1164 3992 1322 4055 poeta
1355 3994 1545 4041 vetus:

458 4069 554 4136 Ὠς
585 4069 892 4125 δύσκολον
919 4071 986 4126 τὸ
1013 4073 1201 4144 γῆρας
1231 4075 1564 4145 ἀνθρώποις
1595 4078 1733 4149 ἔφυ.

417 4160 682 4217 Senectus
737 4165 909 4232 enim,
936 4174 998 4221 ut
1052 4168 1148 4233 ait,
1186 4185 1204 4219 ι
1239 4184 1380 4224 onus
1414 4168 1578 4225 JEtna
1612 4172 1855 4243 gravius.
1891 4190 1913 4226 ι

342 4252 464 4309 Jam
520 4254 569 4310 si
618 4256 724 4312 hoc
772 4272 936 4313 sensu
993 4259 1293 4330 accipiatur
1335 4261 1611 4329 δύσκολον,
1642 4265 1917 4320 contrario

345 4346 723 4418 accipiendum
792 4349 899 4404 erit
943 4350 1200 4422 εὐχερές,
1265 4360 1325 4407 ut
1388 4355 1533 4425 apud
1587 4354 1917 4427 Hesychium

2022 467 2357 538 suspicione,
2388 479 2459 521 ne
2509 478 2573 518 ea
2615 469 2885 533 potestate
2929 459 2984 514 in
3030 457 3152 527 ipso
3196 453 3508 519 liberando,
3543 462 3593 508 et

2020 560 2281 632 martyrio
2328 557 2475 629 quod
2526 568 2873 625 summopere
2922 549 3217 613 ambiebat,
3247 556 3303 602 et
3338 546 3411 601 ad
3445 551 3596 615 quod

2020 652 2117 707 Dei
2147 651 2401 707 voluntas
2423 648 2559 704 adeo
2590 654 2778 717 aperte
2812 642 3064 708 vocabat,
3089 638 3438 711 impediendo
3481 650 3596 690 ute-

2020 752 2230 810 rentur,
2254 741 2427 796 libere
2470 752 2719 794 monere.
2752 734 2931 802 Quare
2968 743 3034 788 ut
3068 733 3178 787 Deo
3207 730 3449 786 maxime
3480 729 3596 798 νιος-

2022 851 2146 893 cere
2190 835 2445 890 studeant
2484 847 2579 888 eos
2612 832 2887 895 hortatur;
2921 835 2977 883 et
3006 841 3037 881 a
3081 824 3192 880 Deo
3220 839 3345 879 esse
3394 831 3453 876 ut
3484 823 3599 889 ipse

2019 945 2121 1001 pro
2145 927 2366 983 nomine
2393 925 2597 981 Christi
2614 924 2727 991 jam
2758 921 3079 993 martyrium
3113 917 3344 981 subiret,
3381 914 3449 969 iis
3476 913 3598 983 pla-

2021 1038 2153 1079 num
2195 1020 2345 1077 facit.
2375 1040 2393 1073 ι
2430 1018 2536 1087 Qui
2564 1018 2719 1085 vivit,
2762 1015 2961 1087 inquit,
2994 1021 3049 1069 et
3100 1012 3344 1081 loquitur
3398 1009 3456 1063 in
3485 1023 3593 1073 me,

2022 1116 2171 1170 intus
2199 1114 2330 1168 mihi
2355 1113 2486 1168 dicit
2505 1132 2518 1167 :
2537 1109 2687 1166 Vade
2709 1109 2776 1164 ad
2803 1107 3044 1163 Patrem.
3078 1123 3097 1157 ι
3125 1102 3313 1173 Neque
3343 1100 3599 1156 dubitare

2022 1224 2082 1264 se
2129 1189 2369 1264 ostendit
2412 1205 2545 1275 quin
2587 1202 2843 1259 Christus
2880 1200 2950 1255 iis
2979 1198 3151 1253 etiam
3182 1197 3324 1250 hanc
3371 1192 3471 1247 Dei
3504 1205 3600 1246 vo-

2022 1303 2289 1357 luntatem
2351 1298 2656 1370 patefacere
2726 1293 2988 1360 voluerit;
3030 1305 3172 1361 quos
3213 1288 3437 1344 interim
3480 1300 3600 1341 ceto

2022 1396 2189 1450 tiores
2244 1392 2406 1460 facit,
2438 1392 2555 1448 hzec
2602 1406 2661 1446 se
2710 1405 2819 1444 non
2863 1385 3166 1443 secundum
3222 1396 3471 1446 carnem,
3504 1379 3599 1435 sed

2021 1495 2258 1543 mentem
2290 1484 2386 1541 Dei
2418 1482 2729 1554 scripsisse.
2752 1479 2902 1534 Nihil
2947 1478 3115 1549 igitur
3146 1475 3203 1530 in
3240 1472 3477 1545 epistola
3532 1470 3599 1525 ad

1974 1586 1975 1589 ‘
2021 1579 2300 1634 Romanos
2349 1578 2416 1633 de
2466 1590 2661 1631 eorum
2693 1579 2962 1645 potestate
3001 1569 3209 1625 dictum
3237 1575 3342 1634 est,
3374 1564 3529 1637 quod
3568 1578 3601 1619 ι

2023 1672 2081 1729 S.
2117 1671 2324 1744 lgnatio
2349 1669 2516 1726 scribi
2543 1683 2653 1722 non
2683 1666 2879 1737 potuit.

1948 1746 1991 1804 Β
2090 1767 2283 1837 Capite
2309 1766 2383 1820 2'5
2417 1761 2955 1834 interpolationibus,
2990 1768 3083 1814 aut
3114 1758 3320 1830 spuriis
3370 1753 3607 1831 perstri-q

2020 1860 2147 1924 etis,
2165 1858 2390 1913 unicum
2409 1863 2788 1927 argumentum
2813 1852 3079 1908 adversus
3099 1860 3386 1907 auctorem
3418 1849 3600 1920 ipsum

2021 1951 2273 2018 euditur;
2305 1951 2450 2020 quod
2479 1950 2548 2004 ab
2576 1964 2641 2005 ea
2673 1963 2732 2004 re
2763 1947 2984 2020 petitur,
3014 1960 3178 2016 quam
3208 1958 3320 1998 non
3355 1957 3390 1996 a
3424 1941 3601 2012 gravi-

2019 2053 2132 2099 tate
2179 2042 2438 2114 martyris
2489 2042 2782 2097 ahhorrere
2830 2038 3053 2104 fatetur,
3082 2036 3176 2093 sed
3225 2052 3256 2090 a
3295 2033 3513 2105 judicio
3550 2038 3602 2088 et

2020 2136 2313 2206 sapientia,
2345 2151 2524 2207 neque
2544 2134 2612 2189 ab
2634 2134 2742 2189 illis
2769 2133 2989 2203 quidem
3038 2130 3293 2195 multum,
3324 2127 3426 2183 sed
3467 2141 3603 2181 nonc

2020 2229 2180 2283 nihil.
2222 2226 2348 2283 Haec
2384 2237 2565 2283 autem
2593 2226 2785 2297 judicii
2812 2234 2867 2281 et
2907 2223 3189 2294 sapientiae
3232 2217 3490 2274 defectus
3539 2230 3602 2271 ex

2020 2319 2315 2393 prudentia
2359 2317 2768 2389 interpolatoris
2818 2316 3087 2386 detegitur
3136 2311 3599 2383 perspiciturque.

2021 2409 2123 2483 Ita,
2153 2413 2384 2477 scilicet,
2418 2410 2618 2467 Daltaeo
2645 2419 2837 2465 auctor
2865 2407 3110 2478 epistolae
3135 2407 3376 2475 ineptus,
3397 2403 3603 2471 impru-

2026 2510 2163 2567 dens
2223 2505 2451 2572 seiolus,
2485 2504 2540 2558 in
2581 2518 2693 2574 quo
2730 2503 2866 2556 nihil
2897 2501 3003 2556 tale
3035 2499 3274 2570 reperire
3302 2505 3604 2569 potuerunt

2022 2595 2398 2666 antiquissimi
2448 2595 2675 2658 Patres;
2730 2593 3086 2664 interpolator
3146 2600 3329 2646 autem
3384 2601 3601 2653 acutus,

2022 2690 2288 2761 prudens,
2342 2697 2415 2756 et,
2448 2688 2596 2759 quod
2657 2689 2857 2743 mirum
2902 2700 3009 2754 est,
3032 2686 3198 2742 etiam
3231 2683 3423 2750 fortis,
3451 2682 3602 2752 cujus

2022 2780 2255 2851 ineptias
2300 2793 2493 2834 omnes
2521 2778 2729 2835 vident.
2762 2776 2868 2832 Sed
2905 2776 3036 2848 quid
3069 2774 3286 2830 tandem
3318 2772 3461 2827 illud
3500 2784 3600 2840 est,

2022 2872 2169 2944 quod
2217 2871 2354 2927 adeo
2407 2884 2438 2923 a
2463 2869 2675 2940 judicio
2704 2881 2756 2924 et
2785 2868 3052 2939 sapientia
3099 2868 3157 2923 S.
3189 2866 3459 2939 martyris
3508 2866 3603 2922 ab-

2024 2964 2243 3019 horret?
2282 2961 2418 3017 lllud
2466 2977 2663 3032 nempe
2713 2961 2862 3031 quod
2922 2960 3243 3032 polliceatur
3282 2973 3344 3014 se
3400 2972 3602 3013 secun-

2023 3057 2153 3112 dum
2185 3057 2430 3112 libellum
2462 3055 2529 3110 ad
2563 3054 2827 3125 Ephesios
2856 3054 3177 3108 missurum.
3206 3049 3323 3105 Hoc
3356 3052 3604 3121 pruden-

2022 3150 2131 3215 tiae.
2181 3150 2289 3205 hoc
2325 3148 2611 3220 sapientiae
2659 3146 2716 3201 S.
2751 3145 2947 3218 lgnatii
2999 3143 3185 3202 ofticit.
3208 3141 3345 3199 Nam
3377 3144 3438 3198 in
3468 3142 3604 3199 assi-

2020 3242 2127 3299 dua
2152 3241 2506 3298 meditatione
2529 3240 2742 3306 mortis,
2778 3250 2830 3295 et
2859 3239 3003 3294 inter
3023 3237 3411 3307 leopardorum
3441 3251 3605 3292 vexa-

2019 3328 2198 3391 tiones
2222 3335 2328 3390 hoc
2352 3333 2621 3405 polliceri,
2645 3333 2875 3389 stultum
2907 3343 3074 3388 esset.

2089 3425 2418 3498 PriuSquam
2466 3428 2585 3483 haec
2646 3441 2879 3481 censura
2923 3425 3265 3492 admittatur,
3311 3423 3604 3479 videamus

2019 3520 2150 3593 quid
2180 3520 2469 3592 promittit,
2495 3529 2548 3575 et
2568 3519 2867 3590 quomodo.
2886 3518 3043 3585 Quod
3068 3517 3340 3588 promittit
3359 3526 3449 3572 est
3488 3515 3602 3570 δεὺο

2025 3630 2183 3686 τερον
2213 3612 2491 3685 βιϐλίδιον,
2523 3630 2543 3665 ι
2580 3613 2855 3668 secundus
2881 3612 3118 3677 libellus,
3150 3630 3171 3663 ι
3197 3611 3313 3666 sive
3338 3611 3597 3681 epistola,

2022 3706 2299 3779 βιϐλίδιον,
2329 3708 2547 3778 quidem
2575 3706 2809 3777 quodvis
2837 3705 3162 3776 scriptulum
3191 3703 3423 3772 Graecis,
3450 3713 3507 3759 ut
3535 3718 3601 3758 ex

2018 3798 2311 3854 Plutarcho
2349 3806 2583 3864 constat,
2618 3796 2759 3867 apud
2804 3812 2966 3867 quem
2992 3796 3046 3852 in
3089 3795 3213 3849 Vita
3242 3794 3485 3850 Cimonis
3508 3795 3603 3850 de-

2020 3892 2337 3948 scribuntur
2361 3889 2517 3945 Chii:
2547 3888 2868 3954 Τοξεύοντες
2900 3890 3040 3959 ὑπὲρ
3077 3887 3146 3942 τὰ
3175 3887 3330 3960 τείχη
3367 3886 3601 3958 βιϐλίδια

2019 3983 2391 4056 προσκείμενα
2438 3983 2549 4049 τοῖς
2604 3981 2825 4047 ὀϊστοῖς,
2868 3999 2887 4033 ι
2931 3980 3204 4035 libellulos
3252 3979 3471 4049 sagittis
3504 3994 3604 4032 an-

2019 4088 2191 4129 nexos
2236 4088 2399 4142 super
2432 4086 2621 4128 muros
2662 4075 2965 4127 mittentes.
2996 4090 3014 4124 ι
3042 4070 3215 4127 Vocat
3241 4080 3427 4125 autem
3456 4070 3599 4125 hanc

2017 4165 2305 4235 epistolam
2355 4178 2519 4233 quam
2565 4174 2696 4218 tunc
2746 4162 2982 4233 scripsit,
3036 4161 3276 4216 libellum
3330 4161 3595 4231 primum,

2018 4255 2166 4326 quod
2219 4264 2365 4310 esset
2435 4255 2647 4310 caeteris
2696 4270 2834 4325 quas
2882 4255 3099 4326 scripsit
3134 4255 3295 4325 paulo
3330 4256 3601 4325 prolixior

2019 4345 2103 4415 (ut
2130 4341 2494 4414 Hieronymus
2531 4342 2862 4414 Augustino,
2897 4345 3057 4414 epist.
3086 4344 3185 4400 89:
3211 4363 3230 4397 ‹
3264 4343 3402 4401 Tres
3433 4348 3599 4403 simul

328 4438 608 4525 εὐχερής,
664 4438 912 4509 εὔκολος,
976 4452 1031 4497 et
1079 4442 1498 4517 εὐπερίστατον,
1551 4444 1800 4513 εὔκολον,
1861 4457 1908 4503 ul

2060 4435 2307 4505 pistolas,
2360 4435 2470 4490 imo
2509 4435 2741 4505 libellos,
2784 4452 2882 4507 per
2913 4437 3205 4492 diaconum
3256 4436 3596 4509 Cyprianum

343 4531 488 4589 idem
519 4536 591 4589 sit
625 4535 772 4606 quod
806 4537 1031 4610 ἀϐαρὲς,
1058 4556 1077 4592 ι
1115 4538 1233 4595 leve
1262 4547 1317 4595 et
1353 4540 1653 4611 placidum,
1682 4561 1701 4595 ι
1738 4552 1797 4597 ut
1842 4544 1915 4599 sit

345 4625 542 4681 horum
559 4628 850 4685 verborum
874 4630 1302 4698 sensus,rVobis
1326 4634 1548 4705 quidem
1574 4635 1628 4689 id
1651 4636 1795 4707 quod
1821 4652 1915 4692 cu-

346 4718 476 4789 pitis
515 4719 723 4776 ellieere
754 4723 1025 4792 placidum
1054 4738 1110 4781 et
1140 4737 1490 4798 promptum;
1540 4730 1676 4785 mihi
1726 4739 1917 4788 autem

346 4808 461 4864 Deo
479 4824 589 4864 non
618 4814 780 4881 potiri
811 4815 1030 4885 durum,
1057 4834 1222 4889 grave
1269 4829 1324 4875 et
1353 4822 1642 4878 molestum
1675 4822 1836 4879 foret.
1886 4840 1909 4877 ι

418 4896 540 4953 Non
592 4900 758 4971 igitur
819 4920 1041 4975 apparet
1087 4918 1367 4966 auctorem
1414 4914 1657 4982 epistola:
1710 4914 1917 4971 dixisse

349 4985 633 5047 Romanos
678 4991 864 5048 fideles
910 4995 1068 5053 facile
1115 5000 1361 5069 potuisse
1390 4999 1659 5071 lgnatium
1687 5018 1716 5056 a
1742 5013 1918 5060 morte

348 5084 605 5151 liberare,
631 5093 724 5140 aut
751 5102 871 5141 eam
902 5088 1129 5156 nullam,
1153 5092 1199 5146 si
1226 5092 1303 5146 illi
1331 5094 1551 5160 vellent,
1567 5093 1706 5149 fore.
1731 5093 1919 5166 Neque

350 5179 647 5237 verisimile
689 5189 775 5237 est
813 5182 1137 5253 scriptorem
1170 5185 1221 5241 id
1250 5186 1513 5255 voluisse,
1546 5190 1691 5259 quod
1724 5204 1818 5244 eos
1849 5189 1919 5244 ad

350 5280 642 5342 martyrem
672 5271 1016 5343 liberandum
1043 5274 1277 5330 invitare
1310 5285 1363 5330 et
1379 5279 1617 5333 excitare
1649 5278 1917 5347 videatur,

352 5376 477 5416 cum
510 5364 615 5419 hoc
643 5365 902 5420 omnibus
931 5381 1055 5437 qua:
1083 5366 1139 5420 in
1178 5382 1241 5420 ea
1286 5368 1517 5439 epistola
1546 5369 1683 5423 adeo
1723 5369 1922 5439 premit

351 5463 406 5509 et
454 5457 799 5527 persequitur
821 5498 836 5524 ,
880 5459 1219 5515 contrarium
1248 5461 1345 5516 sit.
1376 5461 1486 5515 Aut
1522 5462 1568 5516 si
1597 5477 1718 5517 eam
1765 5474 1922 5535 pote-

353 5553 549 5600 statem
582 5548 816 5617 scriptor
847 5550 1109 5617 innuerit,
1152 5567 1432 5623 nunquam
1478 5554 1750 5609 constabit
1780 5554 1924 5613 hanc

352 5634 682 5691 Christianis
704 5636 892 5696 Roma
914 5640 1227 5697 constitutis
1255 5642 1390 5697 adeo
1412 5657 1522 5698 non
1552 5644 1919 5715 competiisse,

353 5736 413 5785 ut
443 5727 502 5783 S.
532 5724 769 5799 lgnatius
796 5745 915 5787 eam
964 5734 1146 5792 animo
1189 5735 1476 5807 concipere
1506 5744 1560 5793 et
1588 5752 1773 5796 veram
1800 5753 1925 5797 esse

2014 4541 2121 4585 tute
2165 4528 2497 4600 dignationis
2546 4530 2769 4599 accepi;
2805 4549 2824 4582 ›
2854 4538 2910 4585 et
2962 4531 3123 4601 epist.
3152 4532 3234 4587 2:
3272 4550 3292 4584 ι
3325 4531 3598 4588 Libellum

2014 4624 2163 4679 hunc
2217 4623 2401 4678 libello
2450 4623 2568 4694 ejus
2620 4624 2903 4694 copulato,
2950 4642 2969 4677 ι
3006 4624 3075 4680 de
3132 4625 3346 4681 duabus
3396 4626 3597 4697 primis

2015 4714 2308 4785 epistolis),
2333 4715 2605 4785 promittit
2645 4730 2704 4769 se
2729 4715 3030 4770 secundum
3063 4716 3227 4770 etiam
3266 4716 3592 4771 missurum.

2017 4806 2305 4874 Quomodo
2356 4815 2539 4862 autem
2581 4808 2892 4878 promittit?
2922 4824 3028 4864 non
3074 4808 3346 4875 absolute,
3370 4811 3468 4865 sed
3496 4810 3598 4865 sub

2019 4902 2334 4958 conditione
2382 4918 2493 4957 non
2544 4918 2675 4959 una.
2710 4900 2919 4971 Primo,
2949 4904 2994 4959 si
3025 4903 3170 4958 Deus
3202 4904 3465 4973 voluerit,
3504 4905 3599 4960 ἐὰν

2020 4995 2230 5069 Θέλημα
2282 4991 2343 5070 ᾗ,
2390 4997 2652 5063 secundo,
2701 4996 2748 5053 si
2801 4996 3066 5067 intelligat
3118 4996 3389 5067 Ephesios
3434 5000 3509 5055 ita
3540 5017 3597 5056 se

2017 5090 2246 5151 habere.
2282 5098 2342 5144 ut
2395 5089 2464 5143 ad
2524 5090 2676 5159 ipsos
2727 5105 2791 5145 ea
2843 5106 2966 5161 qua:
2994 5092 3288 5148 meditatus
3328 5104 3471 5161 erat,
3501 5110 3596 5165 par

2019 5194 2165 5240 esset
2207 5181 2468 5238 scribere.
2504 5181 2623 5238 Non
2664 5183 2781 5238 haec
2808 5185 3167 5239 temeritatem
3200 5194 3296 5240 aut
3332 5187 3596 5258 insipien-

2020 5275 2177 5339 tiam,
2229 5274 2322 5329 sed
2371 5275 2629 5344 pietatem
2681 5284 2736 5329 et
2788 5275 3132 5345 prudentiam
3177 5278 3417 5348 sapiunt,
3457 5280 3504 5333 si
3544 5288 3597 5333 et

2022 5367 2332 5433 materiam,
2351 5377 2405 5422 et
2431 5368 2654 5423 modum
2688 5367 3101 5437 pollicitationis
3125 5371 3466 5426 consideres.
3492 5369 3593 5426 Sed

2022 5458 2287 5525 conditio,
2346 5460 2583 5530 inquies,
2633 5474 2688 5517 et
2744 5462 2961 5518 affectio
2992 5463 3249 5535 martyris
3292 5463 3593 5536 impediunt

2025 5567 2135 5625 quo
2163 5552 2350 5609 minus
2377 5554 2541 5609 etiam
2568 5556 2669 5610 sub
2693 5556 2801 5612 illis
2830 5556 3239 5612 conditionibus
3270 5558 3591 5628 promittat;

2032 5665 2050 5699 ι
2088 5646 2309 5702 assidua
2342 5648 2550 5704 scilicet
2570 5650 2853 5705 meditatio
2887 5651 3103 5718 mortis,
3129 5660 3185 5706 et
3207 5650 3591 5722 leopardorum

2026 5739 2362 5798 vexationes.
2381 5761 2399 5795 ι
2428 5738 2545 5798 lmo
2571 5757 2698 5802 vero
2711 5744 2861 5799 nullo
2887 5742 3069 5802 modo.
3088 5741 3217 5799 Erat
3243 5744 3392 5800 enim
3417 5744 3474 5799 in
3502 5741 3590 5798 illo
