3800 6208
147 206 253 263 393⁷
795 205 844 261 Ι.
902 204 1267 263 PEARSONII
1305 204 1636 263 VINDICIE
1676 205 2098 264 IGNATIANIE.
2139 206 2413 264 —PARS
2452 206 2516 263 II.

3284 214 3391 271 394

145 336 311 387 sancto
354 334 603 399 martyre
653 343 783 385 cum
824 329 944 385 zelo
978 327 1069 385 Dei
1099 340 1154 385 et
1186 345 1319 386 cura
1349 330 1708 385 ecclesiarum
1740 336 1787 392 Α
1815 327 2149 399 martyribus
2185 328 2431 393 incertis,
2460 344 2527 384 nc
2550 330 3006 385 consuetudinem
3034 341 3302 400 quaerant,
3322 347 3393 388 ne

146 422 408 492 conjuncta
441 422 649 477 mortis
695 424 1011 490 meditatio;
1046 439 1223 494 neque
1252 424 1487 479 aliorum
1520 425 1707 480 minus

143 530 279 589 quam
309 529 465 569 suam
492 513 738 570 salutem
771 515 1066 586 spectabat.
1101 515 1303 570 Eadem
1330 518 1517 585 itaque
1538 532 1705 572 causa

141 621 243 676 qua!
267 613 323 659 ut
360 606 601 674 primam
634 607 927 676 epistolam
959 608 1025 661 ad
1058 607 1325 677 Ephesios
1355 610 1617 673 mitteret,
1648 617 1707 663 ut

140 699 403 755 secundam
454 698 717 768 insuper,
751 702 1110 770 promitteret,
1137 701 1183 755 si
1208 715 1347 770 opus
1372 710 1540 767 esset,
1572 716 1704 755 san-

138 801 263 843 ctum
310 790 489 844 virum
532 792 919 859 permovebat.
956 792 1063 847 Sed
1115 793 1257 847 inter
1314 792 1703 863 leopardorum

134 884 425 938 vexationes
472 883 583 940 hoc
645 887 929 956 sapienter
978 888 1298 957 promittere
1344 902 1452 941 non
1500 887 1699 957 potuit.

139 973 341 1039 Quidni?
366 990 434 1029 an
474 977 576 1045 qui
616 994 793 1033 unam
825 978 938 1048 jam
980 978 1278 1048 scripserat
1305 978 1597 1048 epistolam
1646 984 1703 1035 in

136 1070 355 1125 manibus
400 1071 680 1137 militum,
718 1087 858 1142 quos
905 1072 1190 1143 leopardos
1245 1082 1433 1138 vocat,
1464 1072 1691 1128 alteram

138 1161 347 1216 scribere
376 1177 489 1216 non
514 1164 746 1232 potuit?

196 1254 255 1309 Ut
283 1256 391 1311 hzee
423 1256 682 1326 objectio
708 1258 868 1327 plene
892 1266 945 1312 et
968 1256 1257 1328 perspicue
1277 1257 1541 1321 solvatur,
1566 1259 1702 1315 satis

135 1349 218 1402 erit
240 1350 546 1411 observare,
577 1352 910 1405 vexationes
942 1351 1196 1415 militum,
1230 1350 1467 1420 quorum
1513 1362 1704 1406 custo-

135 1442 216 1495 die
254 1440 603 1497 confessores
652 1442 1033 1506 tradebantur,
1072 1460 1103 1496 a
1130 1442 1464 1498 Christianis
1506 1444 1703 1499 redimi

135 1534 293 1589 solitas
337 1549 486 1589 esse.
539 1534 611 1590 Et
657 1535 883 1605 quidem
915 1536 967 1589 in
997 1536 1141 1589 hunc
1167 1534 1349 1601 linem,
1382 1551 1493 1605 quo
1524 1536 1703 1593 laxius

133 1626 531 1692 custodirentur,
593 1634 653 1681 et
708 1627 964 1682 liberiore
1017 1628 1328 1681 fruerentur
1371 1643 1613 1693 carcere,
1669 1645 1699 1683 a

135 1715 347 1771 ﬁdelibus
399 1734 540 1787 epes
612 1720 1012 1789 erogabantur,
1064 1730 1178 1774 tum
1235 1729 1297 1774 ut
1351 1720 1698 1777 confessores

133 1807 255 1877 ipsos
292 1810 524 1874 alerent,
563 1821 689 1866 tum
727 1822 792 1867 ut
834 1813 1122 1867 custodum
1156 1812 1497 1881 iniquitatem
1534 1814 1698 1884 largi-

132 1898 336 1953 tionibus
362 1900 715 1970 mitigarent.
746 1902 1182 1971 Antiquissimus
1208 1903 1698 1972 locupletissimus—

132 2008 217 2063 que
242 1992 427 2046 harum
457 2009 659 2047 rerum
694 1995 855 2047 testis
885 2002 968 2048 est
990 1993 1133 2048 inter
1152 1993 1403 2049 ethnicos
1420 1992 1696 2052 Lucianus

131 2084 173 2138 in
198 2084 413 2154 epistola
444 2085 516 2140 de
548 2093 742 2139 morte
773 2083 1073 2156 Peregrini.
1103 2083 1397 2155 Postquam
1429 2086 1576 2141 enim
1609 2086 1697 2140 ille

130 2175 173 2229 in
190 2193 446 2231 carcerem
471 2178 776 2248 coniectus
805 2186 909 2242 est,
958 2178 1139 2233 statim
1172 2179 1348 2233 viduae
1382 2186 1437 2232 et
1465 2178 1696 2247 orphani

128 2266 180 2319 ad
219 2266 351 2321 fores
393 2268 651 2322 careeris
685 2267 1070 2333 convolabant,
1104 2268 1153 2320 οἱ
1186 2268 1230 2321 δ’
1264 2270 1322 2321 ὲν
1342 2267 1483 2321 τέλει
1517 2268 1695 2322 αὐτῶν

128 2358 201 2408 καὶ
227 2357 621 2412 συνεκάθευδον
641 2357 797 2412 ἔνδον
818 2357 932 2427 μετ’
961 2357 1126 2411 αὐτοῦ
1147 2357 1553 2429 διαφθείροντες
1569 2358 1694 2424 τοὺς

126 2445 539 2517 δεσμοφύλακας-ο
596 2445 721 2501 εἶτα
772 2448 958 2501 δεῖπνα
1007 2448 1225 2502 ποικίλα
1281 2448 1692 2520 εἰσεκομίζετο,

126 2540 200 2592 καὶ
225 2540 357 2609 λόγοι
383 2543 522 2614 ἱεροὶ
547 2542 745 2595 αὐτῶν
779 2541 1045 2609 ἐλέγοντο.
1072 2560 1091 2593 ‹
1130 2539 1480 2611 Magistratus
1511 2550 1692 2596 autem

126 2645 283 2687 eorum
315 2634 469 2705 (puta
498 2632 694 2690 sacris
726 2633 1015 2687 ordinibus
1045 2634 1270 2699 initiati,
1302 2634 1393 2703 qui
1436 2636 1693 2707 ἄρχοντες

126 2730 219 2775 tum
241 2723 596 2792 dicebantur)
615 2725 789 2779 etiam
816 2724 962 2779 intus
985 2740 1107 2778 cum
1137 2739 1203 2779 eo
1221 2724 1690 2791 condormiebant,

125 2816 411 2872 custodibus
455 2816 756 2885 corruptis
788 2834 801 2868 :
832 2815 960 2870 dein
990 2831 1159 2871 caena:
1182 2816 1347 2871 variae
1377 2816 1692 2873 introduce-

127 2904 310 2969 bantur,
336 2918 389 2961 et
413 2908 571 2963 sacri
599 2923 799 2961 eorum
830 2923 1111 2963 sermones
1132 2908 1475 2963 dicebantur.
1508 2928 1527 2961 ›
1555 2907 1693 2964 Ecce

124 2999 496 3055 vetutissimum
565 2998 838 3054 Ecclesiae
894 3015 1102 3054 morem
1163 3000 1251 3054 hic
1302 2999 1569 3055 habemus
1622 3001 1691 3055 ab

128 3091 310 3147 ctbnico
337 3093 733 3163 descriptum;
761 3091 854 3145 ubi
892 3092 945 3145 in
971 3107 1191 3147 carcere
1227 3107 1415 3162 agape
1446 3093 1689 3148 celebra—

127 3178 309 3245 bantur,
336 3183 520 3238 vidua:
551 3192 611 3235 et
636 3182 878 3250 orphani
908 3182 1216 3247 alebantur,
1236 3182 1375 3236 ritus
1392 3180 1690 3241 Christiani

121 3286 147 3325 ι
190 3274 498 3331 cnsmdibus
561 3273 843 3342 redempti
880 3281 1028 3327 sunt.
1065 3274 1175 3327 Καὶ
1211 3274 1319 3345 μὴν
1352 3274 1447 3327 καὶ
1480 3273 1586 3328 τῶν
1632 3276 1690 3327 ἐν

131 3363 254 3439 Ἀσίᾳ
303 3368 521 3422 πόλεων
558 3367 715 3420 ἐστιν
748 3358 822 3419 ὧν
858 3361 987 3437 ἧκόν
1024 3384 1186 3430 τινες,
1218 3368 1324 3420 τῶν
1350 3366 1687 3438 Χριστιανῶν

121 3457 409 3511 στελλόντων
444 3458 565 3512 ἀπὸ
598 3455 698 3510 τοῦ
737 3455 939 3517 κοινοῦ,
960 3455 1319 3527 βοηθήσοντες
1336 3458 1436 3527 ,καὶ
1469 3457 1688 3525 ξυναγο-

121 3548 365 3618 ρεύσοντες
399 3551 499 3604 καὶ
544 3547 1077 3620 παραμυθησόμενοι
1113 3549 1204 3602 τὸν
1230 3550 1417 3621 ἄνδρα.
1448 3568 1469 3603 ι
1500 3549 1684 3619 Aliqui

118 3642 249 3696 etiam
295 3660 359 3698 ex
415 3642 768 3714 quibusdam
819 3641 961 3696 Asiae
1000 3642 1314 3699 civitatibus
1340 3650 1628 3707 venerunt,
1656 3657 1688 3697 ε

118 3742 361 3795 communi
415 3738 786 3795 mittentibus
837 3737 1184 3803 Christianis,
1217 3740 1313 3806 qui
1357 3740 1477 3794 viro
1524 3754 1685 3810 opem

118 3829 287 3887 ferrent
343 3834 652 3903 ipsumque
695 3829 1049 3885 defenderent
1102 3841 1157 3885 et
1185 3832 1625 3887 consolarentur.
1660 3852 1678 3885 ι

117 3918 167 3975 Et
194 3925 285 3979 hoc
323 3927 493 3980 etiam
551 3924 726 3978 docet
762 3921 965 3977 factum
994 3937 1119 3978 esse
1146 3938 1213 3978 ex
1244 3940 1395 3978 more
1428 3924 1685 3981 Ecclesiae

113 4012 424 4071 Christianae.
462 4017 793 4087 Ἀμήχανον
826 4014 882 4068 δέ
912 4032 964 4067 τι
996 4013 1057 4068 τὸ
1089 4014 1251 4085 τάχος
1285 4017 1684 4071 ἐπιδείκνυνται

114 4105 293 4160 ἐπειδάν
324 4128 376 4162 τι
410 4108 669 4162 τοιοῦτον
702 4106 930 4177 γένηται
967 4105 1244 4176 δημόσιον,
1274 4111 1334 4161 ὲν
1359 4108 1550 4180 βραχεῖ
1572 4109 1682 4181 γὰρ

111 4198 352 4267 ἀφειδοῦσι
396 4203 656 4255 πάντων.
718 4219 738 4249 ‹
768 4198 1138 4254 Incredibilem
1173 4212 1355 4256 autem
1386 4204 1678 4272 quamdam

113 4291 408 4347 celeritatem
441 4292 781 4353 ostendunt,
818 4291 861 4345 si
895 4290 1025 4360 quid
1062 4292 1166 4346 tale
1208 4293 1488 4362 publicum
1542 4308 1678 4348 con-

1809 420 2006 475 taedeat
2038 418 2180 485 vitae,
2235 436 2304 474 ne
2354 434 2497 474 nova
2530 419 2877 475 abstinentiae
2908 420 3199 492 disciplina
3231 438 3391 479 scan-

1807 512 2139 577 dalizentur,
2183 528 2346 581 quam
2396 528 2497 567 nec
2552 513 2643 567 ille
2696 512 2991 578 Pristinus,
3044 524 3247 581 vester,
3280 531 3391 571 non

1805 604 2167 659 Christianus
2219 613 2449 674 martyr,
2480 606 2736 675 attigerat
2775 624 2789 659 :
2837 622 3000 676 quem
3033 616 3087 661 et
3131 592 3391 663 facultate

1806 694 2075 750 custodia:
2095 695 2279 750 liberae
2294 695 2614 765 aliquandiu
2640 695 2865 763 fartum,
2880 698 3140 754 omnibus
3157 699 3389 765 balneis,

1804 785 1965 855 quasi
2009 786 2332 854 baptismate
2374 786 2722 855 melioribus,
2767 798 2821 843 et
2865 789 3119 845 omnibus
3159 789 3391 844 luxuria:

1804 878 2137 943 secessibus,
2166 878 2323 947 quasi
2345 876 2604 934 Ecclesiae
2629 880 3107 947 secretioribus,et
3128 883 3391 938 omnibcs

1803 971 1928 1026 vitae.
1975 970 2139 1026 istius
2232 971 2524 1038 illecebris,
2563 973 2720 1042 quasi
2768 983 2985 1029 aeternae
3027 975 3389 1046 dignioribus,

1806 1059 1915 1114 hoc
1967 1070 2101 1129 puto
2151 1059 2452 1131 obligatum
2494 1078 2562 1117 ne
2593 1062 2732 1117 mori
2760 1064 2938 1119 vellet.
2971 1084 2987 1116 ι
3020 1066 3170 1119 Idem
3207 1074 3388 1121 tamen

1805 1149 2172 1209 Tertullianus
2226 1154 2308 1206 Ad
2342 1165 2597 1223 martyres
2630 1171 2750 1226 cap.
2786 1157 2838 1221 1,
2875 1157 2942 1213 de
2973 1158 3164 1213 eadem
3204 1158 3389 1215 Eccle-

1806 1245 1903 1299 siae
1932 1247 2329 1302 consuetudine
2352 1248 2595 1303 sedatius
2637 1249 2881 1319 loquitur
2916 1270 2929 1304 :
2974 1270 2993 1303 ι
3034 1251 3178 1307 Inter
3203 1254 3388 1309 carnis

1804 1335 2084 1403 alimenta,
2137 1337 2405 1393 benedicti
2440 1348 2710 1410 martyres
2764 1341 3053 1411 designati,
3081 1360 3203 1415 quae
3232 1346 3388 1403 vobis

1803 1436 1857 1482 et
1905 1428 2126 1482 domina
2181 1441 2357 1484 mater
2405 1428 2669 1494 Ecclesia,
2710 1438 2763 1485 et
2818 1433 3018 1505 singuli
3068 1434 3387 1497 fratres.de

1808 1518 2007 1587 opibus
2061 1519 2176 1573 suis
2223 1520 2461 1589 propriis
2512 1521 2565 1575 in
2608 1537 2884 1578 carcerem
2939 1525 3385 1596 subministrant,

1804 1611 1982 1679 capite
2034 1610 2241 1681 aliquid
2292 1622 2347 1666 et
2396 1628 2426 1666 a
2472 1613 2632 1668 nobis
2656 1615 2801 1683 quod
2834 1615 2999 1671 faciat
3031 1619 3096 1672 ad
3132 1620 3385 1689 spiritum

1734 1691 1774 1745 Β
1803 1716 2026 1771 quoque
2055 1702 2423 1757 educandum.
2458 1722 2477 1753 ι
2516 1703 2582 1759 Et
2615 1720 2736 1773 cap.
2770 1706 2805 1759 2
2839 1726 2851 1761 :
2891 1726 2910 1759 ι
2947 1709 3124 1779 Ipsam
3165 1711 3386 1768 interim

1801 1795 2283 1848 conversationem
2336 1795 2520 1850 saeculi
2558 1804 2612 1850 et
2643 1801 2879 1854 carceris
2908 1816 3312 1872 comparemus,
3341 1808 3386 1863 si

1801 1899 1909 1938 non
1973 1886 2094 1953 plus
2151 1886 2206 1940 in
2240 1892 2460 1943 carcere
2517 1890 2746 1957 spiritus
2774 1894 3032 1963 acquirit,
3058 1912 3221 1965 quam
3255 1914 3387 1954 caro

1798 1977 1999 2031 amittit
2033 1997 2045 2031 :
2078 1977 2190 2033 imo
2240 1988 2293 2033 et
2333 1995 2455 2049 qum
2498 1980 2645 2049 justa
2675 1994 2822 2051 sunt,
2855 2001 2987 2041 caro
3022 2004 3131 2043 non
3161 1992 3383 2061 amittit,

1798 2084 1897 2139 per
1943 2085 2132 2125 curam
2168 2070 2448 2139 Eeclesim,
2483 2088 2691 2144 agapen
2724 2074 2977 2134 fratrum.
3018 2098 3037 2131 ι
3069 2080 3162 2135 Ila:
3192 2081 3385 2137 Eccle-

1799 2160 1896 2216 sia:
1924 2172 1977 2215 et
2011 2162 2253 2215 fidelium
2278 2150 2431 2232 'opes
2480 2155 2728 2221 diaconis
2760 2170 3255 2240 concredebantur,
3286 2176 3380 2245 qui

1797 2253 2137 2311 confessorrs
2166 2265 2220 2310 et
2248 2257 2480 2311 consilio
2512 2258 2783 2327 juvarent,
2815 2270 2868 2315 et
2896 2263 3044 2317 victu
3095 2274 3377 2322 sustenta—

1798 2358 1941 2408 rent.
1977 2358 2031 2402 et
2073 2364 2104 2403 a
2145 2350 2433 2404 custodum
2488 2350 2774 2420 iniquitate
2815 2353 2943 2409 dato
3001 2358 3179 2424 pretio
3231 2360 3381 2415 redi-

1796 2446 2024 2492 merent.
2067 2436 2386 2494 Tertulliani
2434 2456 2550 2495 aevo
2597 2441 2654 2496 S.
2703 2442 2973 2513 Perpetua
3019 2448 3073 2501 in
3116 2449 3375 2518 passione

1796 2544 1895 2583 sua
1929 2548 1942 2583 :
1977 2548 1996 2581 ι
2033 2529 2109 2583 lbi
2155 2539 2284 2585 tunc
2318 2528 2549 2599 Tertius
2606 2542 2662 2589 et
2717 2533 3053 2607 Pomponius
3107 2540 3380 2599 benedicti

1796 2621 2050 2685 diaconi,
2110 2622 2205 2691 qui
2267 2622 2425 2677 nobis
2493 2624 2909 2697 ministrabant,
2973 2634 3381 2689 constituerunt

1792 2714 2023 2785 praemio
2053 2722 2111 2767 ut
2143 2714 2331 2783 paucis
2365 2714 2517 2773 horis
2556 2720 2744 2776 emissi
2786 2721 2839 2775 in
2870 2722 3155 2778 meliorem
3194 2725 3378 2781 locum

1792 2803 2037 2859 carceris
2094 2802 2567 2874 refrigeraremus.
2619 2828 2637 2861 ι
2700 2809 2775 2866 De
2835 2814 3210 2870 vetustissima
3273 2816 3380 2870 hac

1797 2898 2199 2955 consuetudine
2224 2898 2281 2953 S.
2310 2899 2621 2971 Cyprianus
2645 2904 2874 2974 epistola
2907 2906 2967 2959 Il
3002 2924 3015 2961 :
3050 2924 3069 2957 ι
3100 2904 3167 2961 Et
3195 2908 3377 2963 credi-

1793 2994 1984 3049 deram
2031 2994 2253 3063 quidem
2308 2995 2659 3067 presbyteros
2703 3007 2759 3051 et
2809 2997 3071 3054 diaconos
3124 3002 3219 3069 qui
3262 3000 3375 3056 illic

1794 3095 2090 3157 praesentes
2116 3094 2265 3153 sunt,
2297 3102 2519 3142 monere
2544 3102 2644 3142 vos
2670 3097 2725 3143 et
2758 3088 3027 3145 instruere
3055 3091 3375 3161 plenissime

1800 3178 1948 3233 circa
1976 3176 2255 3248 Evangelii
2289 3178 2487 3248 legem,
2519 3178 2662 3233 sicut
2706 3181 2759 3234 in
2789 3183 3121 3251 praeteritum
3160 3199 3376 3255 semper

1791 3271 1897 3325 sub
1943 3270 2387 3325 antecessoribus
2443 3270 2651 3327 nostris
2685 3272 2891 3327 factum
2925 3284 3028 3341 est,
3061 3285 3121 3330 ut
3154 3276 3375 3333 diaconi

1792 3365 1858 3418 ad
1886 3377 2159 3418 carcerein
2184 3375 2553 3421 commeantes
2580 3376 2883 3437 martyrum
2928 3367 3199 3423 desideria
3241 3385 3375 3424 eon-

1791 3454 1931 3509 siliis
1961 3456 2076 3509 suis
2099 3464 2154 3509 ct
2179 3452 2585 3525 Scripturarum
2612 3457 2897 3528 praeceptis
2925 3460 3317 3528 gubernarent.
3346 3482 3366 3515 ι

1791 3543 1964 3609 Idem,
1999 3545 2229 3613 epistola
2264 3546 2298 3600 5
2331 3565 2345 3599 :
2386 3566 2404 3598 ι
2443 3548 2719 3615 Quantum
2769 3550 2834 3603 ad
2886 3559 3141 3621 sumptus
3170 3568 3373 3625 sugge-

1789 3638 1989 3692 rendos
2016 3638 2131 3694 sive
2153 3639 2264 3695 illis
2287 3641 2381 3710 qui
2413 3641 2650 3710 gloriosa
2684 3656 2813 3696 voce
2837 3640 3007 3697 Deum
3040 3643 3277 3702 con-fessi
3312 3650 3369 3719 in

1786 3743 2009 3784 carcere
2061 3739 2190 3785 sunt
2238 3731 2545 3798 constituti,
2596 3733 2710 3787 sive
2741 3733 2807 3789 iis
2849 3734 2942 3804 qui
2996 3751 3267 3806 pauperes
3315 3749 3371 3794 et

1788 3823 2093 3893 indigentes
2126 3824 2381 3881 laborant
2428 3836 2483 3881 et
2534 3835 2717 3881 tamen
2758 3829 2812 3883 in
2852 3826 3086 3887 Domino
3110 3846 3370 3901 perseve-

1787 3922 2105 3985 rantzpeto
2166 3916 2305 3970 nihil
2359 3917 2523 3983 desit,
2570 3934 2695 3972 eum
2750 3934 2965 3974 summa
3022 3922 3204 3976 omnis
3244 3938 3370 3993 qua:

1788 4006 2007 4062 redacta
2055 4016 2174 4074 est,
2217 4008 2328 4063 illic
2365 4010 2436 4064 sit
2478 4010 2617 4079 apud
2651 4010 2883 4066 clericos
2915 4012 3208 4068 distributa
3239 4030 3369 4084 pro-

1783 4105 1906 4165 pter
1960 4098 2232 4168 ejusmodi
2286 4115 2469 4155 casns.
2538 4121 2556 4150 ι
2617 4101 2675 4157 S.
2731 4102 3025 4174 Dionysius
3075 4105 3368 4176 episcopus

1785 4190 2210 4257 Alexandrinus,
2241 4192 2383 4261 apud
2412 4190 2729 4257 Eusebium,
2767 4194 2862 4248 lib.
2892 4210 2987 4260 vn,
3016 4211 3137 4265 cap.
3172 4196 3262 4261 II,
3299 4198 3367 4252 de

1784 4281 2021 4338 Eusebio
2069 4283 2303 4337 diacono
2357 4300 2370 4337 :
2421 4283 2703 4349 Εὐσέϐιος,
2741 4286 2799 4337 ὃν
2856 4284 2916 4350 ἐξ
2971 4287 3197 4357 ἀρχῆςό
3233 4288 3366 4353 Θεὸς

111 4380 270 4451 tingat.
319 4383 474 4438 Illico
507 4382 663 4437 enim
700 4380 837 4433 nulli
871 4382 946 4436 rei
980 4392 1227 4451 parcunt.
1287 4402 1304 4433 ι
1342 4384 1450 4436 Καὶ
1482 4383 1545 4453 δὴ
1577 4386 1671 4437 καὶ

1792 4373 2168 4443 ινεδυνὰμωσε,
2198 4374 2292 4427 καὶ
2330 4376 2707 4444 παρεσκεύασε
2750 4375 2847 4439 τὰς
2896 4378 3199 4449 ὑπηρεσίας
3253 4380 3361 4433 τῶν

110 4469 171 4538 τῷ
196 4472 501 4545 Περεγρίνῳ
528 4470 718 4525 πολλὰ
750 4471 871 4523 τότε
902 4467 1003 4543 ἧκε
1036 4474 1293 4543 χρήματα
1328 4477 1459 4548 παρ’
1492 4474 1672 4527 αὐτῶν

109 4561 180 4613 ἐπὶ
204 4566 467 4635 προφάσει
501 4565 616 4618 τῶν
667 4562 907 4632 δεσμῶν,
935 4565 1025 4615 καὶ
1068 4564 1327 4634 πρόσοδον
1367 4566 1429 4618 οὑ
1472 4565 1673 4637 μικρὰν

108 4654 274 4727 ταὺτην
296 4660 623 4728 ἐποιήσατο.
657 4674 677 4706 ι
729 4653 963 4708 Proinde
999 4654 1295 4726 Pcregrino
1334 4666 1463 4711 tunc
1490 4658 1676 4712 multae

108 4750 319 4812 pecunia:
355 4750 759 4809 mittebantur,
788 4756 842 4800 et
887 4763 993 4800 non
1041 4748 1298 4817 exiguum
1346 4760 1671 4819 proventum

110 4836 230 4893 hunc
275 4840 579 4895 literifeeit.
636 4858 657 4890 ι
723 4837 960 4908 Insignis
1017 4838 1312 4893 admodum
1366 4840 1456 4895 hic
1519 4841 1675 4896 locus

107 4921 302 4984 aniani
348 4941 459 4995 est,
489 4929 852 4993 ebaritatem,
882 4944 1071 4983 curam
1124 4931 1479 5000 studiumque
1513 4931 1674 4985 Chri-

108 5020 370 5079 stianorum
429 5032 687 5077 veterum
725 5036 853 5089 erga
901 5020 1244 5076 confessorcs
1285 5024 1543 5092 graphice
1579 5023 1673 5077 de-

105 5109 323 5179 pingcns,
359 5114 412 5166 in
470 5128 533 5166 re
584 5110 901 5173 notissima,
938 5126 1057 5179 qua:
1110 5112 1215 5165 sub
1257 5112 1419 5167 finem
1457 5113 1672 5182 imperii

99 5201 310 5269 Adriani,
336 5207 390 5259 in
434 5206 623 5276 prima
673 5202 839 5271 hujus
880 5204 1192 5272 philosophi
1226 5205 1667 5274 peregrinatione

97 5296 311 5367 contigit.
351 5300 459 5353 Sed
522 5295 880 5351 Christianos
911 5296 1056 5365 ipsos
1085 5296 1151 5350 de
1183 5312 1238 5350 re
1268 5297 1456 5350 eadem
1488 5297 1663 5353 disse-

98 5397 250 5441 rentes
276 5392 597 5445 audiamus.
635 5385 1008 5443 Tertullianus
1030 5388 1141 5457 jam
1182 5389 1417 5443 adultior
1445 5388 1661 5443 Monta-

98 5474 213 5532 nista
236 5480 402 5539 factus
422 5484 525 5538 lib.
564 5481 647 5534 De
674 5479 899 5547 jejuniis
930 5482 1312 5535 catholicorum
1338 5483 1663 5537 cltaritatcm

100 5580 197 5633 Ipso
246 5572 485 5630 Luciano
560 5572 829 5627 acerbius
884 5583 939 5627 et
991 5574 1319 5631 invidiosius
1378 5576 1599 5646 sugillat
1644 5593 1657 5628 :

106 5674 119 5705 ι
145 5660 289 5718 i’iane
321 5680 567 5724 vestrum
600 5673 691 5719 est
714 5665 768 5718 in
795 5667 1108 5726 carceribus
1138 5668 1369 5745 popinas
1396 5666 1662 5725 exhibere

308 5763 388 5823 PA
402 5781 595 5825 mox“
640 5760 765 5823 Gn.
810 5766 884 5829 V.

1778 4468 1837 4519 ὲν
1875 4467 1991 4528 ταῖς
2014 4465 2281 4533 φυλακαῖς
2317 4464 2624 4535 γενομένων
2654 4466 2960 4534 ἐναγωνίως
2984 4468 3357 4540 ἀποπληροῦν.

1787 4576 1805 4607 ι
1844 4556 2138 4623 Eusebius,
2170 4572 2332 4626 quem
2373 4556 2518 4611 Deus
2540 4557 2655 4625 jam
2684 4558 2809 4611 inde
2840 4558 2909 4612 ab
2942 4560 3102 4615 initio
3126 4561 3359 4617 robora-

1780 4667 1877 4720 vit,
1910 4654 2235 4722 impulitque
2262 4662 2321 4706 ut
2353 4652 2763 4707 confessoribus
2797 4653 2850 4707 in
2885 4655 3133 4710 custodia
3165 4656 3363 4726 positis

1783 4745 2095 4799 ministeria
2134 4756 2356 4799 strenue
2388 4745 2688 4800 exhiberet.
2728 4764 2745 4797 ι
2773 4746 2980 4801 Auctor
3009 4746 3364 4804 Constitutio-

1774 4852 1899 4889 num
1924 4835 2358 4903 apostolicarum,
2377 4836 2472 4891 lib.
2493 4853 2545 4898 v,
2563 4850 2684 4906 cap.
2712 4838 2763 4903 l,
2800 4837 2867 4892 de
2891 4838 3205 4895 confessore
3231 4857 3245 4893 :
3270 4842 3362 4913 Μὴ

1776 4928 2039 5002 παρίδητε
2072 4928 2254 4993 αὑτὸν,
2286 4928 2399 4980 ἀλλ’
2429 4932 2492 4982 ὲκ
2534 4929 2627 4982 τοῦ
2671 4931 2841 4984 κόπου
2879 4932 2972 4984 καλ⁹
3010 4931 3102 4985 τοῦ
3138 4934 3360 5004 ἱδρῶτος

1777 5021 1929 5092 ὑμῶν
1979 5020 2232 5092 πέμψατε
2292 5020 2441 5091 αὐτῷ
2494 5023 2574 5085 είς
2618 5021 2911 5094 διατροφὴν
2942 5024 3106 5077 αὐτοῦ
3152 5025 3244 5077 καὶ
3278 5026 3358 5088 είς

1776 5115 2124 5186 μισθοδοσίαν
2179 5115 2284 5169 τῶν
2331 5115 2719 5187 στρατιωτῶν,
2772 5118 2856 5169 ἵνα
2902 5116 3209 5188 ὲλαφρυνθῇ
3263 5119 3356 5170 καὶ

1774 5208 2092 5278 ἐπιμελείας
2136 5208 2296 5280 τύχῃ,
2324 5209 2392 5261 ἵν’
2414 5208 2535 5260 ὅσον
2570 5211 2629 5261 τὸ
2652 5210 2737 5277 ἐφ’
2771 5210 2896 5278 ὑμῖν
2927 5209 3001 5277 μὴ
3034 5207 3281 5277 θλίόηται
3327 5212 3355 5261 ὁ

1777 5300 2048 5371 μακάριος
2090 5299 2317 5369 ἀδελφὸς
2349 5300 2524 5368 ὑμῶν.
2560 5323 2574 5349 ι
2608 5298 2683 5352 Ne
2713 5315 2837 5352 eum
2875 5297 3187 5366 negligatis;
3220 5302 3353 5367 quin

1771 5392 1952 5461 potius
1995 5392 2192 5446 mittite
2222 5391 2273 5444 ei
2322 5406 2388 5444 ex
2440 5391 2625 5443 labore
2656 5400 2710 5443 et
2738 5390 2939 5443 sudore
2964 5397 3144 5442 vestro
3171 5389 3236 5443 ad
3270 5391 3355 5443 vi-

1771 5492 1943 5546 ctum,
1980 5493 2033 5537 et
2059 5483 2124 5536 ad
2156 5482 2463 5536 mercedem
2498 5481 2766 5534 militibus
2801 5480 3140 5545 solvendam,
3184 5498 3241 5534 ut
3271 5484 3350 5534 al-

1770 5576 2001 5631 levietur
2028 5584 2081 5629 et
2108 5584 2366 5641 curetur;
2396 5586 2453 5627 ut
2477 5583 2740 5641 quantum
2767 5573 2819 5625 in
2843 5572 2998 5627 vobis
3029 5583 3132 5639 est,
3157 5574 3352 5628 beatus

1770 5666 1937 5724 frater
1988 5676 2166 5724 vester
2220 5682 2331 5723 non
2376 5674 2676 5737 prematur.
2711 5683 2729 5717 ι
2780 5662 2966 5720 Victor
2998 5664 3240 5723 Vitensis
3283 5667 3352 5721 de

3038 5763 3109 5823 13
