3768 6300
401 263 508 321 395

1459 256 1515 310 S.
1546 253 1892 315 IGNATIUS.
1924 290 1994 301 —-
2032 250 2569 316 PROLEGOMENA.

3554 246 3665 306 396

399 377 931 450 Carthaginensibus
984 376 1038 433 in
1084 376 1461 447 persecutione
1493 374 1827 432 Africanam
1872 376 1975 432 Sed
2010 383 2053 439 Α
2084 386 2261 432 menta
2313 375 2542 439 dividit;
2595 387 2829 442 quorum
2892 372 3000 427 duo
3068 370 3521 442 interpolationes
3574 379 3671 423 aut

400 471 633 541 populus
662 481 975 526 memoratte
1021 470 1171 525 urbis
1201 469 1256 523 in
1284 469 1516 523 Domino
1547 484 1760 540 semper
1784 469 1978 535 fidelis,

399 566 527 621 dato
550 581 791 621 .munere
829 561 1173 629 carcerariis,
1202 560 1291 616 die
1320 575 1383 615 ac
1411 569 1567 615 nocte
1592 559 1799 614 Christi
1835 576 1983 615 mar-

400 668 548 731 tyres
582 657 982 727 frequentabat.
1023 674 1043 706 ι

470 749 595 805 Ηιεο
639 764 762 804 cum
796 747 979 811 fuerit
1029 746 1399 801 vetustissima
1446 745 1701 802 Ecclesia:
1744 760 1982 800 consue-

399 842 550 906 tudo,
587 840 727 895 idem
771 840 937 894 etiam
989 838 1043 892 in
1087 836 1280 909 lgnatii
1328 838 1566 893 vinculis
1616 836 1820 891 factum
1851 850 1984 890 con—

398 943 524 991 stat.
553 933 687 988 Nam
716 933 773 989 S.
807 931 1238 1005 Chrysostomus
1268 932 1321 985 in
1356 930 1617 1001 Panegyri
1646 930 1760 985 haec
1793 930 1982 984 obser-

393 1040 529 1085 vat:
576 1030 639 1083 Αἱ
687 1027 795 1101 γὰρ
842 1028 984 1083 κατὰ
1030 1027 1128 1096 τὴν
1184 1024 1302 1078 ὁδὸν
1364 1024 1545 1088 πόλεις
1594 1024 1982 1095 συντρέχουσαι

396 1121 657 1176 πάντοθεν
715 1116 937 1192 ἤλειφον
973 1120 1063 1172 τὸν
1108 1114 1378 1189 ἀθλητὴν,
1440 1118 1533 1171 καὶ
1582 1117 1722 1171 κατὰ
1777 1113 1985 1169 πολλῶν

395 1214 699 1285 ἐξέπεμπον
732 1212 839 1266 τῶν
870 1208 1117 1280 ἐφοδίων,
1153 1210 1336 1280 εὐχαῖς
1372 1208 1465 1263 καὶ
1492 1205 1811 1280 πρεσϐείαις
1838 1208 1985 1279 αὐτῷ

396 1303 915 1374 συναγωνιζόμεναι.
958 1320 976 1352 ι
1015 1298 1279 1355 Civitates
1325 1299 1471 1354 enim
1520 1300 1575 1353 in
1619 1299 1809 1353 itinere
1849 1313 1983 1353 con-

395 1404 679 1450 currentes
704 1395 965 1449 athletam
997 1392 1332 1456 animabant,
1361 1399 1417 1446 et
1449 1406 1575 1445 cum
1620 1391 1844 1460 copioso
1869 1390 1985 1443 via—

396 1488 506 1543 tico
538 1486 905 1552 dimittebant,
938 1483 1280 1539 orationibus
1323 1491 1377 1537 et
1419 1484 1683 1539 comitatu
1729 1483 1805 1537 illi
1849 1497 1983 1539 con-

397 1590 686 1635 certantes.
728 1597 746 1630 ι
788 1577 1015 1648 Semper
1041 1577 1186 1631 enim
1219 1576 1467 1646 agnoscit
1512 1591 1632 1631 eam
1676 1590 1839 1645 quam
1887 1576 1987 1630 ha-

397 1676 517 1730 buit
554 1676 620 1728 ah
652 1673 902 1729 ecclesiis
943 1673 1275 1734 ἀνάπαυσιν,
1312 1670 1474 1740 idque
1521 1669 1632 1724 fere
1672 1684 1768 1739 per
1801 1669 1985 1724 diaco-

2084 470 2561 539 spuriaspectant,
2593 468 2701 523 duo
2729 469 2781 521 in
2810 475 3059 520 nostrum
3105 463 3373 533 lgnatium
3417 462 3671 532 dirigun-

2084 567 2191 613 tur.
2236 558 2416 613 Pr‘ima
2470 558 2750 614 modestiae
2803 557 3027 611 violatio
3070 565 3182 621 est,
3229 556 3376 625 quod
3423 574 3441 607 ι
3476 569 3671 624 super-

2083 653 2385 707 caalestium
2439 653 2724 708 scientiam
2778 651 2879 706 sibi
2929 651 3191 705 vindicat.
3247 668 3267 702 ι
3315 648 3488 716 Quasi
3541 664 3674 703 vero

2083 742 2396 797 Christiano
2424 742 2560 809 viro,
2590 750 2645 797 et
2678 742 2898 811 quidem
2922 742 3203 812 episcopo,
3227 751 3281 796 et
3305 742 3373 796 ab
3405 742 3674 813 apostolis

2084 835 2279 889 edocto
2322 834 2467 888 nulla
2514 833 2987 903 supercoelestium
3036 833 3263 888 scientia
3315 843 3671 903 competeret.

2085 926 2165 979 An
2193 924 2259 979 τὰ
2298 926 2595 995 ἐπουράνια
2646 924 2803 978 toties
2852 924 2921 978 ab
2975 924 3237 993 Apostolo
3276 933 3675 987 memorantur,

2086 1028 2145 1071 ut
2176 1019 2243 1072 de
2284 1017 2392 1071 illis
2422 1017 2558 1071 nihil
2601 1017 2742 1071 scire
2764 1059 2778 1083 ,
2814 1016 2950 1070 nihil
2989 1016 3229 1071 scribere
3257 1026 3487 1085 possent
3519 1014 3681 1069 Chri-

2086 1110 2281 1165 stiani?
2312 1109 2443 1163 Mira
2478 1110 2591 1164 haec
2636 1110 2769 1163 mihi
2809 1109 3080 1173 videntur,
3111 1116 3165 1163 et
3208 1117 3391 1161 tamen
3436 1106 3508 1160 ob
3538 1107 3683 1160 hanc

2088 1217 2250 1256 unam
2280 1202 2603 1256 sententiam
2641 1219 2659 1252 ι
2703 1216 2734 1255 a
2771 1202 3035 1256 modestia
3074 1202 3163 1256 hic
3208 1200 3451 1269 scriptor
3474 1197 3681 1268 duplici

2088 1292 2309 1347 nomine
2335 1292 2584 1347 discedit.
2618 1310 2642 1343 τ
2678 1290 2931 1359 Primo,-¢
2970 1292 3072 1347 sibi
3104 1306 3165 1346 ea
3198 1292 3385 1346 tribuit
3428 1305 3564 1359 quze
3580 1304 3681 1343 ne-

2087 1383 2220 1437 mini
2247 1382 2450 1436 homini
2469 1382 2682 1437 mortali
2704 1397 2965 1438 coneessa
2996 1392 3138 1437 sunt.
3170 1401 3189 1433 ›
3220 1381 3391 1452 Nego,
3418 1396 3678 1451 pernego.

2088 1473 2229 1529 Dicit
2270 1490 2329 1530 se
2370 1474 2539 1527 πολλὰ
2573 1477 2791 1547 φρονεῖν
2833 1476 2890 1527 ἐν
2928 1474 3070 1544 Θεῷ,
3112 1492 3130 1525 ι
3168 1473 3337 1528 multa
3383 1487 3585 1545 sapere
3629 1473 3684 1524 in

2091 1568 2220 1623 Deo.
2255 1587 2272 1619 ι
2310 1568 2389 1620 An
2427 1567 2533 1622 hoc
2582 1567 2714 1621 nulli
2761 1567 3076 1621 mortalium
3111 1581 3439 1621 concessum
3466 1565 3588 1620 est?
3616 1581 3682 1618 an

2090 1661 2270 1731 potius
2297 1660 2365 1713 ab
2394 1660 2651 1713 omnibus
2682 1658 3014 1713 Christianis
3052 1658 3381 1727 requisitum
3426 1671 3539 1709 non
3569 1656 3685 1709 est?

399 1782 501 1821 nos
526 1782 539 1818 :
572 1777 628 1821 ut
655 1765 723 1820 ad
753 1763 1063 1836 Smyrnmos
1092 1781 1106 1816 :
1133 1761 1290 1814 Κατά
1320 1760 1497 1814 πάντα
1523 1778 1588 1831 με
1618 1759 1887 1815 ἀνεπαύσσ

2196 1751 2605 1821 sapientiamin
2638 1750 2748 1805 Deo
2777 1762 2830 1805 et
2855 1751 3074 1821 quidem
3103 1751 3329 1805 multam
3352 1765 3562 1803 omnes
3589 1765 3684 1802 vo-

396 1861 541 1916 etde
568 1860 779 1915 Burrho
806 1878 818 1913 :
852 1858 1009 1912 Κατά
1045 1858 1223 1912 πάντα
1260 1871 1324 1927 με
1351 1855 1625 1908 ἀνέπαυσε
1645 1872 1658 1884 ·
1706 1855 1771 1908 ad
1803 1853 1982 1924 Ephe-

396 1954 511 2008 sios
536 1953 600 2007 de
637 1952 810 2007 Croco
841 1967 853 2002 :
888 1951 1046 2003 Κοιτά
1079 1948 1258 2003 πάντα
1294 1964 1366 2018 με
1408 1947 1730 2009 ἀνέπαυσεν,
1778 1946 1852 2008 ὡς
1892 1945 1985 1998 καὶ

394 2044 554 2098 αὑτὸν
576 2047 603 2098 ὁ
632 2042 821 2114 Πατὴρ
858 2039 1033 2114 Ἰησοῦ
1064 2038 1305 2113 Χριστοῦ
1339 2038 1619 2109 ἀναψύξει.
1647 2036 1771 2092 11ωο
1803 2048 1983 2091 autem

393 2136 717 2198 ἀνάπαυσις,
754 2135 868 2189 sive
905 2132 1187 2202 ἀνάφυξις,
1240 2131 1345 2188 fuit
1394 2132 1488 2185 illa
1534 2130 1876 2202 refrigeratio
1920 2130 1987 2183 de

395 2241 501 2295 qua
535 2235 747 2280 veteres
776 2224 1101 2295 loquuntur.
1156 2222 1424 2279 Omnibus
1467 2222 1632 2293 igitur
1665 2222 1841 2276 modis
1870 2222 1988 2276 dia-

396 2317 519 2373 coni
565 2316 773 2385 aliique
822 2315 890 2370 ab
926 2314 1174 2371 ecclesiis
1226 2315 1381 2369 missi
1436 2311 1649 2387 lgnatio
1687 2312 1743 2367 in
1793 2313 1988 2367 itinere

397 2405 828 2471 ministrabant;
863 2404 1108 2473 adeoque
1152 2418 1277 2458 eum
1329 2420 1360 2458 a
1408 2403 1792 2459 vexationibus
1841 2402 1990 2456 mili-

390 2510 535 2564 tum,
567 2506 833 2567 quantum
874 2497 929 2550 in
981 2498 1118 2567 ipsis
1167 2506 1306 2565 erat,
1341 2496 1580 2568 prmmiis
1626 2496 1986 2551 redimebant.

398 2590 535 2647 Hinc
581 2600 763 2646 autem
820 2598 967 2645 recte
1016 2589 1336 2661 intelligitur
1385 2588 1533 2660 quod
1581 2588 1647 2643 de
1700 2588 1986 2661 militibus,

397 2700 537 2758 quos
571 2683 856 2753 leopardos
899 2691 1078 2747 vocat,
1125 2683 1335 2747 scribit,
1373 2682 1421 2734 οἳ
1466 2682 1560 2735 καὶ
1594 2680 1991 2753 εὐεργετούμε-

394 2795 475 2833 νοι
509 2776 726 2849 χείρους
759 2775 1021 2845 γίνονται,
1062 2795 1079 2826 ι
1128 2776 1222 2846 qui
1268 2783 1321 2829 et
1366 2773 1642 2828 beneliciis
1691 2773 1867 2828 affecti
1900 2788 1991 2842 pe-

390 2870 543 2940 jores
577 2870 748 2934 liunt;
789 2886 807 2920 ι
840 2868 1068 2933 scilicet,
1097 2882 1206 2937 quo
1250 2866 1370 2935 plus
1407 2865 1651 2935 pecuniae
1680 2880 1711 2920 a
1742 2864 1991 2919 ﬁdelibus

398 2961 711 3030 acciperent
736 2974 842 3029 pro
875 2958 1207 3013 relaxatione
1251 2957 1573 3021 vexationis,
1613 2971 1677 3011 eo
1712 2956 1894 3012 acrius
1924 2973 1990 3011 ex

396 3052 684 3108 intervallo
718 3050 775 3104 S.
812 3057 1104 3121 martyrem
1134 3050 1424 3113 vexabant,
1455 3063 1566 3118 quo
1593 3048 1853 3119 majorem
1886 3063 1981 3118 pe-
2007 3090 2049 3147 Ο

394 3145 574 3202 cunize
612 3143 727 3197 vim
772 3151 1182 3211 extorquerent,
1220 3149 1274 3195 et
1316 3140 1659 3197 Christianos
1703 3142 1979 3211 copiosius

396 3241 770 3304 emungerent.
804 3231 991 3298 Quare
1033 3247 1159 3287 cum
1198 3232 1356 3287 toties
1392 3231 1598 3303 lgnatio
1641 3233 1983 3304 contingeret

396 3325 759 3397 refrigeratio,
792 3333 848 3380 et
873 3325 941 3379 ab
972 3325 1257 3395 iniquitate
1287 3325 1522 3379 militum
1556 3325 1874 3394 redemptio,
1905 3332 1977 3386 et,

395 3426 457 3473 ut
509 3418 751 3487 loquitur
797 3414 1189 3481 Tertullianns,
1230 3435 1248 3466 ι
1288 3415 1519 3470 fachltas
1567 3416 1747 3471 liberte
1798 3425 1982 3470 custo-

396 3507 519 3575 diae,
558 3526 577 3560 ι
614 3508 771 3563 facile
827 3507 1005 3577 potuit
1048 3508 1168 3561 illas
1216 3521 1354 3575 quas
1406 3507 1670 3561 habemus
1721 3507 1981 3577 epistolas

394 3616 643 3666 exarare,
669 3617 903 3672 quarum
928 3601 1124 3670 aliqua:
1153 3615 1260 3655 non
1285 3601 1516 3654 multum
1548 3602 1793 3671 longiore
1814 3618 1978 3671 quam

395 3694 563 3747 unius
608 3694 757 3746 Ιποτω
796 3693 972 3761 spatio
1009 3691 1173 3747 scribi
1221 3702 1544 3760 potuerunt;
1585 3709 1761 3762 neque
1803 3708 1869 3747 ex
1914 3693 1981 3746 iis

388 3772 507 3855 iulia
541 3794 649 3838 tam
692 3784 902 3853 prolixa
952 3793 1054 3850 est,
1112 3794 1172 3837 ut
1221 3784 1405 3852 plures
1448 3800 1612 3854 quam
1666 3793 1776 3839 tres
1818 3785 1982 3840 horas

397 3875 656 3946 postulet.
684 3875 844 3929 Certe
879 3894 896 3925 ι
932 3875 1180 3944 quamvis
1218 3875 1395 3945 longae
1434 3875 1679 3944 epistolae
1725 3892 1833 3929 una
1872 3891 1981 3929 nox

399 3968 617 4033 suﬂicit,
658 3986 676 4017 ι
721 3966 899 4037 inquit
935 3964 1298 4037 Hieronymus
1333 3967 1399 4020 ad
1431 3966 1825 4021 Chromatium.
1869 3967 1982 4022 Cur

401 4061 586 4129 igitur,
637 4058 728 4129 qui
783 4058 853 4112 ad
908 4057 1173 4128 Ephesios
1227 4060 1366 4114 hanc
1411 4060 1698 4128 epistolam
1741 4061 1981 4130 scripsit,

390 4142 509 4205 non
540 4158 594 4204 et
616 4149 799 4215 aliam,
820 4150 865 4204 si
895 4164 1034 4218 opus
1051 4158 1216 4214 esset,
1232 4150 1500 4205 scribendi
1520 4150 1865 4205 occasionem
1887 4166 1983 4221 op-

397 4242 896 4313 portunitatemque
921 4241 1165 4309 polliceri
1204 4242 1307 4296 sibi
1352 4253 1554 4311 posset,
1602 4258 1824 4297 causam
1863 4242 1983 4297 nul-

397 4336 505 4390 lam
535 4334 713 4388 video.
748 4332 904 4388 Unde
938 4322 1046 4387 tota
1080 4333 1169 4387 illa
1204 4334 1567 4404 imprudentia
1595 4344 1647 4389 et
1676 4335 1980 4404 insipientia

2089 1855 2322 1915 cantur;
2356 1846 2445 1901 ille
2474 1847 2798 1917 praesertim,
2832 1862 2993 1917 quem
3032 1844 3089 1900 S.
3126 1846 3564 1916 Cbrysostomus
3592 1844 3684 1894 ἀν-

2085 1941 2343 2012 τίρροπον
2376 1940 2581 2012 Πέτρου
2617 1940 2931 1994 διδάσκαλον
2966 1938 3238 2009 appellare
3281 1951 3393 1991 non
3434 1946 3682 1990 veretur.

2086 2030 2225 2085 Dicit
2256 2046 2313 2085 se
2342 2047 2403 2085 ea
2437 2032 2677 2089 scribere
2705 2046 2887 2101 posse,
2919 2046 3042 2100 quae
3078 2028 3392 2083 Trallenses
3438 2042 3551 2083 non
3593 2043 3686 2081 ea-

2087 2130 2293 2192 perent.
2346 2124 2428 2176 An
2479 2124 2583 2179 hoc
2640 2123 2776 2176 nulli
2831 2120 3144 2177 mortalium
3195 2135 3531 2175 concessum
3575 2128 3688 2180 est?

2086 2214 2339 2270 Nondum
2384 2224 2536 2270 tanta
2584 2216 2743 2270 nobis
2792 2224 2925 2270 tunc
2982 2214 3257 2284 temporis
3309 2212 3686 2267 Trallensium

2090 2309 2314 2365 scientia
2356 2308 2526 2365 fuisse
2555 2318 2799 2379 apparet.
2832 2307 2969 2363 Cum
3003 2308 3072 2363 ad
3123 2308 3446 2379 Smyrnteos
3495 2322 3689 2376 snper-

2088 2402 2417 2467 coelestium,
2443 2410 2497 2457 et
2524 2401 2821 2457 visibilium
2856 2400 3322 2470 invisibiliumque
3346 2401 3686 2454 mentionem

2092 2495 2337 2560 fecisset,
2392 2497 2574 2550 statim
2620 2494 2770 2549 addit
2812 2514 2825 2549 :
2865 2513 2884 2547 ι
2915 2493 3020 2561 Qui
3067 2494 3232 2564 capit,
3286 2494 3492 2563 capiat.
3531 2512 3553 2545 ι
3585 2492 3687 2547 Po-

2091 2600 2328 2651 stremo,
2386 2588 2499 2642 htec
2554 2587 2851 2661 ἐπουράνια
2904 2586 3108 2643 clarius
3159 2586 3381 2651 definit,
3438 2588 3575 2640 dum
3633 2601 3687 2638 se

2089 2681 2187 2745 τὰς
2237 2680 2554 2743 τοποθεσίας
2596 2679 2695 2744 τὰς
2744 2680 3060 2750 ἀγγελικάς,
3110 2681 3205 2733 καὶ
3245 2678 3347 2742 τὰς
3399 2680 3689 2742 συστάσεις

2090 2774 2189 2837 τὰς
2221 2773 2546 2845 ἁρχοντικάς
2583 2773 2881 2843 intelligere
2930 2788 3091 2842 posse
3136 2773 3288 2827 dicit.
3338 2770 3455 2827 Nec
3501 2782 3685 2827 tamen

2097 2884 2115 2916 ι
2159 2874 2304 2935 patet
2348 2866 2463 2921 haec
2508 2865 2825 2935 hujusmodi
2883 2880 3026 2931 esse,
3066 2880 3189 2934 quae
3232 2865 3371 2919 nulli
3427 2866 3689 2920 mortales

2092 2960 2286 3014 sciant.
2327 2977 2345 3009 ι
2372 2956 2482 3013 Nos
2515 2957 2655 3012 forte
2686 2972 2793 3012 non
2827 2967 2971 3013 recte
3008 2957 3362 3027 intelligimus
3401 2958 3537 3026 quid
3574 2958 3689 3025 epi—

2094 3051 2245 3107 stolae
2286 3049 2520 3120 scriptor
2551 3065 2647 3119 per
2678 3050 2781 3105 ista
2834 3051 2999 3105 verba
3047 3050 3306 3116 voluerit,
3339 3058 3399 3105 at
3437 3065 3567 3104 eum
3600 3050 3689 3103 illa

2083 3159 2192 3198 non
2226 3142 2559 3198 intellexisse
2605 3158 2728 3213 quae
2770 3141 2856 3196 his
2905 3142 3087 3196 verbis
3139 3142 3459 3213 signiﬁcare
3487 3141 3686 3201 voluit.

2083 3248 2247 3289 nemo
2290 3244 2437 3289 certe
2477 3234 2792 3289 mortalium
2832 3233 3002 3287 novit.
3051 3232 3153 3288 Per
3189 3232 3522 3297 τοποθεσίας
3562 3232 3687 3286 Dal-

2084 3328 2215 3381 heus
2246 3325 2540 3396 significari
2578 3334 2751 3394 putat,
2792 3343 2811 3374 ι
2855 3324 2971 3379 loca
3025 3324 3078 3378 in
3112 3325 3317 3395 quibus
3350 3326 3440 3379 vel
3485 3326 3687 3395 singuli

2084 3418 2282 3487 angeli,
2308 3418 2389 3472 vel
2413 3418 2730 3489 angelorum
2756 3417 2975 3471 ordines
3005 3432 3033 3470 a
3059 3416 3166 3471 Deo
3196 3418 3251 3471 in
3287 3418 3391 3472 hoc
3425 3418 3688 3472 universo

2085 3509 2248 3578 positi
2292 3518 2438 3564 sunt.
2489 3529 2506 3560 ι
2540 3509 2644 3564 Sed
2693 3509 2760 3563 de
2804 3509 2905 3563 hac
2952 3508 3403 3578 interpretatione
3447 3509 3686 3563 dubitari

2084 3617 2194 3655 non
2239 3602 2515 3655 immerito
2563 3610 2760 3670 potest.
2819 3599 3080 3665 Quamvis
3119 3598 3265 3653 enim
3318 3615 3445 3653 eam
3497 3616 3684 3654 vocem

2082 3694 2229 3748 velut
2255 3694 2555 3762 elegantem
2596 3686 3223 3761 Cicero’usurpaverit;
3273 3691 3422 3760 apud
3464 3690 3687 3746 Graecos

2085 3798 2290 3850 tamen,
2322 3794 2382 3839 ut
2419 3786 2631 3856 opinor,
2664 3799 2792 3838 raro
2829 3793 3037 3846 exstat;
3082 3792 3137 3837 et
3181 3784 3325 3853 apud
3353 3784 3682 3839 Ciceronem

2084 3896 2147 3935 ea
2175 3862 2571 3949 significatione
2602 3878 2858 3943 sumitur,
2891 3892 3013 3946 qua:
3054 3876 3263 3947 angelis
3312 3891 3427 3930 non
3460 3893 3685 3947 compe-

2085 3972 2169 4028 tit.
2202 3970 2377 4035 Τόπος
2412 3971 2465 4025 in
2509 3972 2617 4025 hoc
2651 3971 2770 4040 ipso
2798 3969 3063 4039 scriptore
3085 3984 3183 4038 pro
3207 3967 3388 4023 olIicio
3416 3978 3473 4024 et
3501 3970 3683 4040 digni-

2084 4071 2194 4119 tate
2231 4064 2487 4125 sumitur,
2533 4070 2593 4116 ut
2630 4061 2698 4115 ad
2746 4059 3077 4131 Smyrmeos,
3109 4061 3271 4124 τόπος
3323 4063 3538 4131 μηδένα
3586 4081 3686 4131 φυ-

2085 4155 2301 4210 σιούτω.
2332 4152 2498 4209 Vetns
2540 4154 2811 4222 interpres
2849 4171 2863 4206 :
2909 4170 2928 4204 ι
2965 4151 3237 4218 Qualitate
3286 4154 3477 4209 nullus
3531 4154 3685 4209 inﬂe~

2083 4256 2207 4313 tur,
2244 4266 2261 4297 ο
2294 4255 2355 4300 ιιι
2388 4255 2531 4300 recte
2582 4244 2869 4314 legendam
2904 4244 3116 4299 monuit
3167 4243 3389 4299 lsaacus
3418 4245 3682 4312 Vossius;

2085 4355 2210 4393 nam
2244 4337 2499 4393 Usserius
2536 4352 2646 4392 non
2686 4346 2832 4392 recte
2863 4355 2884 4388 ι
2922 4338 3157 4407 qualiter
3193 4355 3212 4387 ι
3245 4352 3312 4392 ex
3361 4354 3478 4394 ms.
3527 4350 3682 4394 tran-

388 4421 453 4480 in
484 4427 590 4481 alio
616 4426 799 4481 libello
834 4426 1199 4496 promittendo
1249 4443 1474 4496 prorsus
1525 4429 1820 4483 evanescit.
1853 4428 1876 4481 ι

2198 4430 2324 4500 psit.
2360 4428 2715 4499 lnterpolator
2747 4445 2761 4481 :
2793 4429 2969 4491 Τόπος
3005 4431 3097 4482 καὶ
3132 4430 3348 4500 ἀξίωμα
3379 4432 3478 4484 καὶ
3514 4432 3680 4484 πλοῦ.

395 4536 463 4576 eo
498 4520 773 4575 lubentius
804 4520 908 4574 hoc
936 4519 1055 4575 loco
1085 4522 1531 4585 commemoravi,
1562 4530 1615 4576 et
1643 4522 1817 4577 fusius
1847 4536 1975 4593 pro-

392 4614 616 4667 secutus
645 4602 787 4676 sum,
821 4613 1060 4667 utsimul
1083 4611 1346 4667 Blondelli
1388 4613 1674 4683 qurestioni
1746 4627 1976 4681 respon-

389 4698 605 4759 'derem.
635 4723 655 4756 ι
692 4704 811 4770 Quo
844 4705 1003 4775 palpo
1031 4705 1322 4759 belluinam
1351 4705 1728 4775 leopardorum
1765 4705 1970 4759 rabiem

391 4780 589 4851 'sedare
614 4794 797 4848 datum
828 4802 930 4859 est,
960 4804 1017 4849 ut
1052 4794 1291 4849 vinctum
1337 4812 1496 4849 suum
1543 4810 1650 4849 non
1691 4797 1853 4850 modo
1896 4794 1972 4863 pii

394 4887 562 4940 unius
609 4892 704 4937 aut
746 4884 967 4939 alterius
1013 4884 1222 4940 solatiis
1270 4885 1396 4949 frui,
1437 4887 1530 4941 sed
1576 4887 1715 4940 idem
1762 4888 1972 4941 vicinas

396 4976 637 5045 undique
665 4975 946 5041 ecclesias,
975 4974 1122 5030 nullo
1170 4976 1403 5029 incendii
1433 4976 1776 5031 Christianos
1840 4979 1972 5032 orbe

394 5079 511 5123 toto
565 5068 906 5137 depascentis
960 5079 1104 5121 metu
1153 5070 1430 5139 aggregari
1490 5069 1815 5124 sinerent?»
1850 5070 1971 5126 llaec

394 5161 541 5215 enim
580 5159 767 5213 eadem
801 5173 961 5227 opera
1003 5158 1295 5214 (liniantur.
1334 5160 1435 5226 Qui
1465 5162 1610 5215 enim
1661 5171 1846 5217 nostra
1897 5164 1972 5217 le-

395 5250 550 5321 gerit,
580 5260 633 5304 et
677 5249 898 5318 palpum
941 5250 1123 5303 statim
1155 5250 1375 5316 videbit,
1416 5262 1469 5307 et
1516 5262 1594 5306 tot
1629 5252 1968 5310 Christiano-

395 5358 517 5395 rum
550 5357 878 5396 concursum
913 5340 1115 5397 factum
1144 5358 1262 5397 esse
1292 5360 1397 5397 non
1428 5345 1731 5401 mirabitur.
1770 5324 1775 5331 ’

463 5432 649 5503 Capite
676 5435 747 5487 24
774 5450 836 5489 ea
861 5435 1123 5503 congerit,
1156 5450 1276 5504 qua:
1320 5435 1370 5487 in
1403 5436 1645 5504 epistolis
1675 5447 1969 5493 occurrunt

392 5540 503 5579 non
555 5526 689 5581 satis
736 5541 860 5579 cum
909 5526 1164 5597 martyris
1217 5528 1482 5582 modestia
1538 5540 1899 5586 consentanea
1950 5550 1963 5585 :

378 5632 514 5687 quae
546 5624 724 5673 tamen
757 5616 954 5672 fatetur
988 5633 1109 5673 esse
1148 5619 1328 5673 minus
1358 5620 1496 5675 elata
1528 5636 1690 5691 quam
1732 5638 1796 5678 ea
1845 5640 1967 5693 quae

368 5707 644 5779 esuperius
692 5708 1020 5767 audivimus.
1052 5708 1177 5765 Haec
1207 5721 1386 5767 autem
1439 5713 1492 5767 in
1535 5725 1773 5785 quatuor
1801 5731 1959 5786 argu-

2076 4536 2167 4583 τος
2196 4519 2397 4591 μηδένα
2422 4518 2713 4587 φυσιούτω.
2750 4519 2829 4571 Ad
2858 4518 3219 4590 Polycarpum
3257 4540 3271 4575 :
3310 4522 3553 4576 Ἐκδίκει
3589 4542 3679 4576 σου

2071 4612 2164 4666 τὸν
2187 4612 2369 4674 τόπον,
2405 4630 2422 4663 ι
2455 4612 2667 4665 vindica
2700 4612 2878 4665 locum
2912 4622 3087 4677 tuum,
3129 4633 3147 4665 ι
3176 4614 3280 4669 hoc
3324 4624 3412 4670 est
3434 4617 3677 4670 oﬂieium

2072 4711 2127 4759 et
2162 4703 2481 4773 dignitatem
2526 4719 2689 4772 quam
2745 4712 2804 4761 ut
2858 4705 3147 4776 episcopus
3195 4706 3436 4761 obtines.
3500 4707 3675 4774 Quem

2074 4792 2254 4849 locum
2286 4794 2406 4849 sine
2435 4793 2602 4849 dubio
2651 4793 2915 4863 Origenes
2960 4796 3015 4849 in
3062 4797 3244 4851 animo
3296 4799 3517 4864 habuit,
3551 4818 3674 4855 cum

2072 4886 2127 4940 in
2178 4886 2587 4941 Commentariis
2631 4887 2700 4939 ad
2742 4886 3061 4942 Matt/neum
3108 4890 3377 4958 scripsit:
3432 4891 3590 4943 Ἐπεὶ
3623 4892 3674 4943 δὲ

2070 4983 2164 5036 τὸν
2215 4985 2378 5038 τόπον
2424 4983 2524 5052 τῆς
2566 4985 2873 5055 ἐπισκοπῆς
2926 4986 3266 5049 ἐκδικοῦντες
3316 4987 3569 5058 χρῶνται
3602 4989 3675 5058 τῷ

2074 5076 2240 5148 ῥητῷ.
2277 5077 2341 5131 Ει
2368 5077 2659 5131 τοποθεσια
2689 5092 2753 5131 eo
2795 5094 2960 5134 sensu
2993 5089 3209 5150 surrupta
3246 5080 3314 5133 ad
3344 5083 3670 5149 angelorqu

2071 5169 2291 5225 ordines
2323 5172 2525 5225 rectius
2556 5170 2789 5227 fortasse
2830 5172 3090 5242 applicari
3122 5182 3336 5243 potest;
3386 5176 3545 5229 varia
3577 5192 3672 5230 au-

2072 5269 2177 5315 tem
2205 5278 2393 5318 eorum
2435 5262 2607 5318 ofﬁcia
2655 5264 3056 5335 dignitatesque
3097 5268 3463 5321 vetustissimi
3508 5267 3672 5323 Chri-

2069 5353 2233 5407 stiani
2289 5356 2677 5423 agnoscebant.
2742 5356 3037 5421 Συστάσεις
3090 5359 3419 5429 ἀρχοντικάς
3490 5364 3669 5418 reddit

2069 5460 2289 5500 rursum
2325 5444 2559 5501 Dallaaus
2590 5465 2608 5498 ι
2643 5447 3050 5517 principatuum
3096 5450 3363 5519 quasdam
3400 5454 3667 5509 stationes

2068 5545 2232 5605 atque
2258 5538 2426 5601 acies,
2464 5556 2483 5589 ι
2516 5554 2641 5593 cum
2672 5539 2930 5603 σύστασις
2962 5557 3135 5611 neque
3158 5545 3455 5599 stationem
3482 5560 3665 5616 neque

2067 5630 2240 5683 aciem
2281 5628 2567 5700 signiticet.
2617 5629 2693 5684 De
2737 5630 2824 5685 his
2860 5630 3039 5687 fusius
3086 5633 3385 5704 aliquando
3430 5634 3663 5691 fortasse

2066 5734 2311 5788 agemus.
2361 5720 2580 5777 Interim
2622 5722 2816 5793 fateor,
2847 5723 2915 5782 de
2962 5726 3281 5795 angelorum
3321 5738 3540 5797 natura,
3575 5729 3659 5783 of-
