3768 6324
134 329 221 385 397

922 324 974 381 Ι.
1015 323 1381 382 PEARSONII
1423 324 1744 381 VlNDlCltE
1796 324 2219 382 lCNATlANE.
2257 358 2317 368 —
2363 325 2547 382 PARS
2584 324 2649 379 ll.

3262 322 3367 377 398

133 448 283 514 ficiis,
325 447 677 517 dignitatibus
727 447 1124 513 ordinibusque
1168 448 1401 503 diversis
1452 448 1592 502 scire
1630 462 1689 501 se
1718 453 1758 506 A
1790 448 1953 517 igitur
1982 447 2185 516 aliquid
2214 447 2507 503 meditatus
2530 455 2666 513 erat,
2691 456 2750 500 ut
2783 445 3041 515 quoniam
3075 443 3191 513 jam
3227 458 3364 499 con-

131 542 293 611 aliqua
323 541 643 612 scriptorem
674 542 917 611 epistolae
957 540 1227 596 afﬁrmare
1271 555 1395 610 quae
1438 538 1684 593 Trallen-

130 645 207 687 ses
230 646 416 701 capere
456 647 564 685 non
609 632 853 701 potuisse
893 630 1139 701 putavit;
1170 640 1225 685 et
1261 630 1367 685 hoc
1401 630 1581 700 potius
1615 630 1682 684 ad

130 724 287 779 locum
341 722 398 778 S.
450 721 604 778 Pauli
662 722 730 776 ab
792 721 1016 779 Usserio
1074 722 1373 777 indicatum
1432 732 1641 792 spectat

127 831 271 885 quam
296 816 359 870 ad
401 815 552 869 illum
599 831 629 871 a
670 816 891 882 Dallzeo,
916 815 1007 870 ubi
1045 831 1154 869 non
1187 815 1255 869 de
1302 815 1551 881 scientia,
1586 831 1645 869 se

128 909 184 965 de
205 908 449 979 religioso
471 911 619 965 cultu
647 912 961 981 angelorum
984 911 1185 981 agitur.
1211 909 1392 976 Quare
1424 908 1527 962 hoc
1553 924 1668 963 sen-

127 1000 192 1055 tio
222 1001 273 1055 S.
298 999 503 1071 Ignatio
530 1001 698 1070 probe
730 1000 1041 1066 convenire,
1071 1010 1125 1056 et
1150 1001 1219 1055 ab
1244 1016 1309 1055 eo
1334 1015 1443 1054 non
1478 1000 1674 1053 immo-

127 1093 275 1157 deste,
303 1094 393 1148 sed
428 1110 557 1149 vere
587 1094 789 1150 dictum
818 1110 962 1161 esse,
1001 1105 1056 1151 et
1096 1096 1164 1151 ad
1197 1111 1259 1151 ea
1289 1111 1411 1166 quae
1439 1111 1675 1165 sequun~

127 1192 206 1260 tur
228 1193 362 1239 recte
397 1187 801 1242 accommodari
845 1202 1026 1257 posse.
1074 1187 1311 1243 lrenaeus
1345 1188 1677 1243 charismata

125 1277 170 1330 in
190 1277 448 1346 primitiva
473 1277 718 1334 Ecclesia
742 1294 1181 1337 commemorans
1205 1281 1451 1336 meminit
1478 1279 1587 1333 τῶν
1610 1279 1678 1335 τὰ

135 1368 379 1441 μυστήρια
412 1368 506 1422 τοῦ
532 1365 667 1420 Θεοῦ
694 1365 1151 1435 ὲκδιηγουμένων,
1182 1383 1199 1415 ι
1222 1379 1411 1419 eorum
1451 1364 1543 1433 qui
1587 1378 1671 1418 ar-

133 1478 245 1517 cana
266 1461 349 1515 Dei
372 1460 629 1515 mvsteria
648 1457 1010 1526 exponebant.
1027 1476 1044 1508 ι
1072 1455 1142 1511 Ut
1166 1455 1406 1526 lgnatius
1430 1456 1495 1510 ad
1513 1454 1672 1517 Po’lv-

129 1556 321 1611 carptim
366 1562 379 1597 :
416 1545 508 1598 ’Τα
554 1545 610 1599 δὲ
656 1546 863 1619 ἀόρατα
919 1543 1058 1599 αἴτει
1103 1544 1190 1599 ἵνα
1239 1563 1320 1599 σοι
1368 1548 1673 1623 φανερωθῇ,

127 1634 250 1699 ὅπως
305 1637 527 1706 μηδενὸς
571 1636 753 1710 λείπῃ,
804 1639 899 1692 καὶ
944 1638 1144 1701 παντὸς
1194 1639 1525 1711 χαρίσματος
1576 1659 1672 1695 πε-

1783 540 2073 593 demnatus
2100 549 2267 607 esset,
2290 539 2585 610 apostolica
2615 538 2849 609 quadam
2891 538 3219 591 auctoritate
3247 544 3366 591 ute-

1782 640 1952 686 retur.
1992 632 2099 686 Sed
2131 648 2199 687 ex
2229 647 2416 687 amore
2452 647 2577 703 erga
2610 632 2779 701 ipsos,
2825 641 2879 686 et
2923 648 2991 686 ex
3020 648 3134 686 sua:
3174 631 3366 687 condi-

1781 722 1947 777 tionis
1992 738 2154 777 sensu
2200 723 2279 779 eis
2330 724 2522 794 parcit.
2584 722 2760 777 Πολλὰ
2810 723 3015 795 φρονῶ,
3067 723 3264 792 inquit,
3304 725 3361 778 s-

1780 814 1921 887 Θεῷ,
1958 834 1976 867 ι
2012 816 2183 870 multa
2221 818 2375 885 sapio
2402 816 2457 870 in
2482 816 2613 881 Deo,
2648 835 2667 868 ι
2695 816 3096 887 quamplurima
3128 816 3197 871 ab
3234 830 3367 885 apo»

1778 909 1933 963 stolis
1954 908 2089 978 ipsis
2105 909 2311 977 accepi,
2334 924 2456 979 quae
2486 924 2580 964 vos
2602 910 2771 963 latent
2796 926 2810 975 ;
2838 924 3055 979 possem
3078 924 3144 963 ex
3171 922 3364 962 eorum

1778 1002 2103 1056 auctoritate
2155 1002 2309 1057 vobis
2352 1003 2665 1072 praecipere,
2707 1001 2820 1055 ἀλλ’
2864 1001 3097 1073 ἐμαυτὸν
3153 1000 3364 1072 μετρῶ.

1786 1111 1804 1144 ι
1839 1094 1936 1148 sed
1968 1095 2238 1165 meipsum
2269 1110 2548 1150 mensuro.
2595 1115 2612 1147 ι
2645 1093 2771 1150 Haec
2821 1095 2931 1149 duo
2974 1095 3137 1164 paulo
3183 1093 3363 1150 fusius

1777 1187 2164 1257 persequitur;
2196 1189 2319 1243 dein
2370 1204 2467 1244 eos
2507 1190 2777 1256 hortatur,
2826 1204 2934 1243 non
2970 1204 3071 1243 suo
3116 1189 3360 1257 nomine,

1779 1280 1871 1357 sed
1905 1296 2000 1350 per
2029 1297 2270 1337 amorem
2311 1282 2536 1350 Christi,
2568 1292 2627 1337 ut
2670 1283 2738 1337 ab
2791 1283 3062 1337 haereticis
3106 1290 3357 1337 caveant.

1778 1371 2021 1439 Quorum
2053 1375 2100 1430 si
2129 1375 2312 1445 priora
2335 1376 2479 1429 haud
2503 1376 2780 1445 vulgarem
2811 1374 2867 1429 in
2893 1374 3169 1445 mysteriis
3194 1373 3360 1429 Chri-

1775 1468 1968 1523 stianae
2022 1470 2302 1540 religionis
2366 1470 2652 1525 scientiam
2708 1468 2992 1531 indicant,
3052 1468 3357 1537 posteriora

1764 1567 1920 1625 certe
1963 1562 2256 1630 singularis
2302 1560 2579 1617 modestia
2627 1562 2897 1631 Specimen
2939 1562 3196 1622 exhibeat
3246 1568 3360 1624 0b-

1776 1642 1939 1713 jectio
1978 1654 2160 1701 autem
2199 1649 2311 1714 illa,
2344 1667 2466 1720 qua:
2502 1652 2617 1709 haec
2651 1673 2669 1706 ι
2693 1655 2831 1710 satis
2864 1655 3133 1712 invidiose
3164 1682 3185 1714 ο
3209 1657 3357 1712 dicta

128 1727 369 1802 ρισσεύῃς.
408 1747 425 1780 ι
465 1728 763 1784 lnvisibilia
791 1740 974 1785 autem
1019 1740 1170 1800 petas
1214 1740 1274 1785 ut
1313 1730 1408 1784 tibi
1444 1731 1676 1787 manife~
1709 1776 1751 1834 Β
1777 1737 2129 1807 pronuntiat,
2181 1740 2319 1794 adeo
2359 1742 2679 1812 scriptorem
2706 1761 2815 1801 non
2844 1746 2990 1810 ferit,
3027 1757 3086 1802 ut
3116 1748 3353 1818 seipsam

128 1829 325 1882 stentur,
354 1830 410 1874 ut
444 1823 599 1876 nullo
624 1822 864 1887 deﬁcias,
890 1832 945 1878 et
967 1823 1114 1878 omni
1148 1823 1477 1880 charismate
1502 1825 1677 1879 abun-

126 1913 221 1968 des.
257 1932 273 1964 ι
308 1911 363 1968 S.
394 1912 831 1986 Chrysostomus
857 1917 1055 1972 asserit
1082 1915 1137 1971 S.
1171 1916 1438 1987 lgnatium
1479 1932 1678 1973 arcana

125 2004 339 2073 quadam
382 2006 450 2060 ab
510 2007 773 2076 apostolis
830 2009 1108 2079 accepisse
1145 2026 1160 2064 :
1202 2010 1523 2078 Συνεγένετο
1565 2014 1677 2073 τοῖς

127 2095 406 2161 ἀποστόλοις
467 2098 744 2168 γνησίως,
819 2100 911 2154 καὶ
973 2100 1358 2171 πνευματικῶν
1420 2101 1678 2171 ναμάτων

128 2186 425 2241 ἀπέλαυσεν·
460 2191 644 2244 ὁποῖον
676 2185 767 2244 οὖν
797 2187 932 2245 εἶναι
957 2193 1102 2256 εἰκὸς
1146 2193 1237 2246 τὸν
1283 2194 1674 2264 συντραφέντα,

128 2279 203 2332 καὶ
231 2282 491 2351 πανταχοῦ
529 2283 943 2354 συγγενόμενον,
971 2285 1064 2337 καὶ
1091 2284 1271 2356 ῥητῶν
1309 2285 1401 2338 καὶ
1434 2285 1677 2358 ἀπορρή-

128 2387 215 2424 των
253 2373 425 2436 αὐτοῖς
474 2375 906 2445 κοινωνήσαντας
932 2394 950 2427 ι
972 2373 1107 2430 Cum
1128 2377 1395 2444 apostolis
1443 2378 1676 2448 genuine

127 2473 440 2519 conversatus
473 2465 635 2534 aquis
658 2464 1036 2535 spiritualibus
1072 2466 1280 2537 rigatus
1313 2475 1416 2523 est.
1445 2468 1671 2535 Qualem

127 2552 298 2611 idcirco
332 2573 451 2611 eum
487 2558 660 2613 fuisse
702 2573 803 2627 par
826 2567 928 2627 est,
960 2559 1051 2629 qui
1100 2575 1223 2613 cum
1260 2560 1366 2615 illis
1410 2562 1671 2628 nutritus,

124 2654 168 2699 et
190 2647 367 2717 ubique
395 2658 774 2716 conversatus,
808 2658 860 2705 et
900 2651 968 2705 de
1007 2651 1250 2706 dicendis
1279 2661 1331 2706 et
1361 2653 1426 2707 de
1455 2655 1672 2709 arcanis

126 2741 467 2810 partieipavit?
488 2763 508 2794 ι
534 2739 637 2796 Ubi
666 2743 734 2796 de
778 2742 995 2798 arcanis
1038 2753 1222 2799 autem
1270 2744 1531 2814 loquitur,
1562 2761 1670 2801 non

125 2830 280 2886 dubito
303 2834 426 2902 quin
458 2836 607 2888 hunc
639 2833 846 2901 locum,
875 2847 929 2890 et
972 2836 1101 2891 huic
1136 2837 1344 2892 similes
1378 2839 1430 2891 in
1461 2840 1668 2908 episto-

125 2921 179 2975 lis
206 2926 501 2993 respexerit.
550 2925 819 2983 Praeterea
867 2928 921 2981 in
965 2928 1251 2999 Excerptis
1283 2928 1578 2986 Clementis
1606 2933 1668 2986 ἐκ

124 3011 203 3081 τῆς
216 3014 516 3088 ἀνατολικῆς
545 3017 950 3090 διδασκαλίας,,ι
973 3035 1038 3073 ex
1066 3021 1316 3075 orientali
1339 3020 1608 3088 doctrina,
1640 3041 1660 3074 ι

1778 1826 2007 1897 jugulet.
2061 1846 2079 1878 ι
2119 1828 2255 1883 Cum
2311 1830 2636 1901 proﬁtetur,
2680 1836 2895 1906 inquit,
2945 1838 3079 1900 ista,
3120 1854 3355 1908 quorum

1779 1916 1883 1970 sibi
1916 1916 2200 1971 scientiam
2234 1932 2472 1989 arrogat,
2508 1921 2642 1975 adeo
2675 1936 2795 1977 esse
2828 1924 3064 1991 excelsa,
3100 1927 3236 1980 adeo
3269 1942 3363 1981 su-

1778 2025 1875 2080 pra
1909 2012 2220 2066 mortalium
2253 2014 2416 2067 etiam
2448 2013 2688 2069 ﬁdelium
2736 2025 2953 2085 captum
2989 2016 3264 2084 sublimia,
3302 2029 3362 2075 ut

1777 2118 1841 2158 ea
1874 2117 1905 2157 a
1939 2102 2230 2160 Trallianis
2263 2106 2378 2161 suis
2412 2107 2529 2176 capi
2564 2122 2725 2176 posse
2756 2108 3025 2178 desperet.
3061 2108 3233 2181 Cujus
3266 2128 3360 2166 ra~

1777 2196 1979 2252 tionem
2015 2198 2172 2253 affert
2203 2214 2313 2253 non
2347 2200 2641 2255 admodum
2676 2201 2994 2268 ofﬁciosam,
3033 2203 3175 2258 hanc
3213 2205 3359 2260 scili-

1777 2298 1882 2353 cet,
1917 2291 2062 2360 quod
2096 2292 2185 2345 isti
2219 2293 2329 2348 sint
2380 2295 2582 2365 νήπιοι,
2624 2315 2642 2346 ι
2682 2296 2930 2364 parvuli,
2964 2297 3141 2366 pueri,
3178 2299 3360 2355 infan-

1781 2390 1880 2437 tes.
1930 2381 2049 2437 Non
2102 2385 2258 2439 video
2291 2387 2567 2455 quomodo
2614 2404 2865 2459 magnam
2915 2391 3021 2445 sibi
3074 2394 3360 2453 scientiam

1776 2483 2015 2545 arrogat,
2051 2477 2144 2545 qui
2180 2492 2239 2532 se
2276 2493 2442 2548 supra
2475 2494 2674 2550 pueros
2708 2496 2898 2551 sapere
2930 2483 3081 2539 dicit.
3116 2484 3237 2541 Non
3274 2489 3358 2543 in-

1777 2567 1957 2638 telligo
1988 2570 2265 2638 qu'omodo
2299 2572 2424 2641 quis
2458 2574 2548 2627 illa
2584 2574 2719 2629 adeo
2750 2576 2965 2631 excelsa
2998 2593 3141 2643 esse,
3176 2591 3231 2635 et
3263 2597 3359 2637 su-

1774 2674 1868 2728 pra
1902 2662 2146 2715 omnium
2187 2665 2504 2718 mortalium
2551 2676 2771 2736 captum
2818 2670 3075 2725 sublimia
3121 2683 3355 2741 asserat,

1774 2766 1895 2820 quae
1943 2760 2151 2807 tantum
2198 2756 2267 2809 ab
2310 2756 2613 2815 infantibus
2668 2760 2788 2829 capi
2828 2777 2937 2815 non
2970 2778 3133 2831 posse
3164 2766 3358 2822 existi-

1775 2856 1904 2898 mat.
1941 2843 2061 2899 Non
2104 2848 2261 2916 capio
2318 2864 2491 2918 quare
2525 2851 2677 2920 pueri
2720 2871 2737 2904 ι
2759 2852 2869 2909 Deo
2891 2855 3038 2925 digni
3065 2879 3084 2909 ο
3112 2858 3217 2913 dici
3242 2876 3354 2915 non

1772 2936 2005 3002 possint,
2041 2946 2136 2990 aut
2166 2954 2184 2987 ι
2218 2948 2452 2993 mentem
2487 2940 2819 3013 inculpatam
2853 2954 2906 2999 et
2933 2946 3353 3016 inseparabilem

1773 3026 1827 3079 in
1864 3028 2123 3096 patientia
2166 3047 2185 3080 ι
2226 3046 2335 3084 non
2371 3032 2626 3088 habeant.

125 3118 220 3172 qua:
246 3121 366 3162 sane
392 3108 446 3161 S.
480 3107 691 3174 Ignatio
715 3110 992 3181 incognita
1021 3126 1143 3165 esse
1164 3127 1271 3165 non
1304 3114 1497 3181 potuit,
1526 3130 1661 3167 non-
1691 3128 1737 3189 (ζ
1840 3117 1949 3173 Sed
1983 3135 2083 3174 nec
2115 3121 2249 3176 satis
2284 3124 2565 3180 modestus
2598 3130 2923 3185 censoribus
2958 3135 3182 3203 nuperis
3213 3140 3353 3192 scri-

130 3195 245 3249 nulla
286 3197 348 3251 de
387 3201 708 3270 angelorum
756 3202 925 3256 variis
975 3202 1162 3256 olliciis
1205 3211 1259 3256 et
1302 3203 1656 3270 dignitatibus

127 3285 412 3346 referuntur.
463 3290 653 3360 Neque
688 3307 820 3345 vero
858 3293 1002 3361 quod
1032 3308 1093 3347 ea
1127 3293 1326 3347 dixerit
1352 3293 1661 3350 Trallianos

128 3383 505 3449 strangulatum,
538 3384 676 3439 adeo
707 3385 822 3440 haec
857 3385 1112 3439 sublimia
1138 3401 1260 3441 esse
1292 3386 1513 3441 iudicat.
1546 3387 1661 3443 Hoc

126 3469 239 3522 enim
261 3472 320 3527 ad
341 3489 429 3530 eos
447 3484 707 3545 tanquam
732 3476 968 3533 infantes
991 3478 1195 3533 dictum
1227 3488 1330 3545 est,
1356 3481 1451 3549 qui
1482 3482 1659 3535 solido

126 3558 222 3613 cibo
242 3561 383 3619 facile
418 3568 869 3637 strangulantur;
899 3570 1048 3640 quod
1087 3570 1409 3624 tralatitium
1456 3582 1559 3627 est.
1592 3571 1661 3626 Ut

129 3647 444 3714 'l'crtullianus
491 3659 653 3729 epist.
706 3660 811 3723 64,
856 3660 924 3715 de
975 3658 1322 3731 Origenianis
1372 3662 1654 3733 loquitur:

133 3743 236 3798 σΕι
257 3763 354 3817 quo
381 3751 572 3806 volunt
614 3751 860 3821 intelligi,
898 3768 998 3806 nos
1038 3753 1130 3822 qui
1182 3754 1413 3809 necdum
1461 3755 1655 3812 initiati

128 3848 300 3903 sumus,
327 3841 519 3897 debere
551 3844 739 3899 audire
763 3845 1126 3911 mendacium,
1159 3862 1225 3900 ne
1255 3848 1464 3916 parvuli
1493 3858 1669 3921 atque

129 3930 348 3987 lactentes
394 3936 673 3990 solidioris
716 3936 823 3990 cibi
876 3933 1458 4002 edulio'isuﬁ‘ocemur,
1500 3959 1518 3991 ι
1555 3934 1665 3995 Ιιόό

128 4030 191 4075 est
215 4026 760 4098 στραγγαλωθὼμεθα.
800 4028 867 4097 Et
899 4029 1133 4086 Dallaeus
1182 4032 1296 4100 ipse
1339 4031 1516 4100 capite
1562 4031 1653 4096 29,
1706 4018 1707 4021 ‘

126 4110 226 4167 dum
258 4118 361 4173 haec
397 4119 588 4189 lgnatii
626 4121 792 4175 verba
822 4123 1032 4188 recitat,
1063 4114 1317 4177 observat
1351 4140 1370 4173 ι
1423 4122 1478 4177 in
1519 4123 1665 4193 ipsis

126 4216 273 4271 aperte
295 4224 541 4281 expressa
582 4212 800 4280 Paulini
830 4230 1025 4270 sensus
1050 4203 1301 4285 vestigia.
1337 4232 1356 4266 ι
1660 4210 1663 4213 ’

182 4298 269 4353 Sed
293 4305 463 4360 ethoc
494 4306 679 4375 plane,
714 4306 911 4374 inquit.
946 4326 964 4357 ι
995 4294 1437 4377 intempestivum
1465 4328 1483 4361 ι
1511 4318 1647 4363 erat.

126 4387 213 4445 lmo
234 4410 351 4451 vero
377 4406 428 4452 et
457 4398 587 4452 huic
615 4398 736 4453 loco
758 4413 811 4453 et
838 4400 1067 4469 tempori
1106 4388 1343 4455 maxime
1373 4402 1645 4471 congruit.

1761 3218 1887 3279 ptor
1942 3212 2184 3279 videtur,
2242 3214 2373 3269 dum
2426 3215 2748 3289 Polycarpo,
2790 3240 2809 3273 ‹
2852 3234 3111 3295 tanquam
3168 3232 3350 3299 tyroui

1760 3301 2017 3371 magister
2057 3322 2075 3354 ι
2115 3305 2338 3371 scribit,
2374 3308 2527 3360 αἰτοῦ
2560 3310 2774 3364 σύνεσιν
2815 3313 3034 3369 πλείονα
3075 3314 3143 3389 ἦς
3182 3318 3351 3393 ἔχεις,

1767 3413 1785 3445 ι
1827 3403 1951 3464 pete
2001 3395 2347 3464 prudentiam
2402 3402 2720 3470 ampliorem
2767 3420 2831 3459 ea
2877 3422 3042 3476 quam
3088 3410 3275 3466 habes.
3320 3432 3341 3464 ι

1760 3481 1804 3539 0
1852 3487 2172 3556 praeclarum
2219 3489 2577 3547 immodestia:
2619 3495 2929 3562 specimen!
2986 3498 3169 3556 Monet
3217 3518 3343 3557 eum

1759 3588 1820 3634 ut
1848 3580 2122 3650 juniorem
2159 3585 2364 3651 senior,
2402 3594 2461 3639 ut
2509 3588 2734 3642 charum
2770 3592 3002 3657 amicus,
3040 3602 3101 3647 ut
3132 3596 3346 3665 episco-

1758 3689 1887 3742 pum
1929 3674 2235 3742 confessor,
2271 3688 2325 3731 et
2371 3679 2623 3733 hortatur
2669 3682 2736 3735 ad
2787 3683 3121 3741 incrementa
3176 3689 3343 3757 spiri-

1758 3766 1987 3820 tualium
2023 3767 2295 3823 donorum
2319 3771 2669 3839 aequirenda,
2704 3784 2757 3829 et
2785 3791 2814 3828 a
2850 3775 2961 3831 Deo
2995 3780 3177 3835 omnis
3210 3781 3341 3845 boni

1758 3856 1907 3931 fonte
1958 3861 2210 3927 petenda.
2260 3859 2526 3917 Monitum
2567 3864 2727 3934 plane
2773 3867 2878 3922 huc
2924 3886 3032 3924 non
3073 3871 3341 3929 immode-

1757 3958 1927 4015 stum,
1957 3950 2049 4005 sed
2086 3951 2237 4021 pium
2274 3954 2526 4023 inprimis
2569 3965 2625 4010 et
2658 3956 2850 4025 ﬁdele;
2902 3962 3159 4032 quodque
3191 3974 3341 4021 vete-

1754 4056 1843 4096 res
1891 4044 1986 4112 qui
2032 4044 2148 4101 loca
2189 4047 2499 4100 communia
2548 4056 2870 4116 tractarunt,
2916 4052 3017 4108 sibi
3052 4054 3339 4125 diligenter

1754 4135 2172 4189 exscribendum
2208 4138 2491 4204 putabant.
2519 4137 2705 4209 Neque
2739 4157 2867 4197 vero
2901 4143 3036 4199 levis
3068 4148 3334 4215 suspicio,

1755 4227 1870 4281 haec
1922 4216 2094 4283 fuisse
2144 4227 2424 4298 signantcr
2455 4233 2620 4299 dicta,
2665 4242 2720 4287 et
2762 4234 2966 4304 aliquid
3020 4235 3110 4293 hic
3156 4239 3335 4306 innui,

1752 4319 1897 4390 quod
1932 4320 2090 4373 valde
2122 4330 2311 4376 notatu
2345 4322 2578 4394 [dignum
2630 4335 2737 4380 est.
2774 4325 2910 4379 Nam
2944 4338 2998 4382 et
3046 4330 3101 4382 in
3136 4328 3332 4386 lnscri-

1752 4411 1934 4479 ptione
1986 4409 2271 4481 Polycarpi
2333 4414 2521 4467 scribit
2564 4431 2577 4465 :
2655 4416 2965 4487 Ἐπισκόπῳ
3009 4418 3335 4491 Ἐκκλησίας

128 4480 246 4547 Quod
271 4496 324 4541 ut
348 4505 449 4543 non
480 4490 689 4544 videret
717 4490 969 4557 Dallaaus,
1003 4490 1167 4558 fmda,
1195 4502 1254 4547 ut
1277 4493 1491 4563 opinor,
1523 4509 1648 4548 sen-

1819 4502 2092 4573 ιυρναίων,
2133 4502 2332 4573 μᾶλλον
2357 4505 2785 4577 ὲπεσκοπημένῳ
2816 4509 2920 4560 ὑπὸ
2952 4510 3086 4563 Θεοῦ
3120 4513 3334 4587 Πατρὸς

129 4576 269 4631 tentias
308 4583 656 4650 praecedentis
704 4584 1034 4652 corruptela,
1083 4584 1171 4639 cui
1218 4593 1324 4638 tam
1365 4585 1650 4640 infeliciter

128 4669 342 4726 medelam
377 4674 633 4730 adhibere
661 4688 890 4730 conatus
920 4685 1004 4729 est
1033 4674 1360 4741 Salmasius,
1390 4676 1444 4729 in
1485 4692 1649 4730 causa

130 4753 221 4811 fuit.
246 4760 339 4817 Ista
366 4765 470 4819 duo
497 4767 759 4821 vocabula
794 4767 984 4820 ἑαυτὸν
1008 4768 1256 4840 πότερον,
1283 4768 1352 4822 ab
1372 4768 1465 4823 illo
1488 4768 1650 4823 toties

127 4862 277 4907 vexata
304 4866 353 4910 et
378 4859 560 4928 pejora
589 4858 753 4925 facta,
790 4858 1047 4913 facillime
1088 4859 1143 4913 in
1181 4876 1363 4913 unum
1382 4876 1448 4914 ex
1482 4859 1651 4913 inter-

129 4942 323 5005 polatore
356 4951 800 5019 compinguntur,
836 4960 896 5004 ut
930 4950 1156 5003 minima
1189 4952 1490 5005 mutatione
1530 4969 1652 5003 συν-

128 5031 368 5107 τονώτερον
408 5039 638 5109 legatur.
674 5039 790 5106 Qua
816 5056 949 5095 voce
979 5042 1252 5107 restituta,
1283 5041 1496 5112 reliqua
1542 5043 1648 5095 mi-

130 5116 242 5175 nimo
282 5129 480 5197 negotio
524 5141 807 5185 sanantur.
858 5131 947 5186 Sic
974 5132 1137 5202 igitur
1182 5133 1303 5201 lego
1338 5152 1350 5187 :
1397 5133 1648 5202 Ἀγαπῶν

129 5208 236 5277 ὑμᾶς
282 5220 546 5291 φείδομαι·
614 5222 1006 5295 συντονώτερον
1065 5224 1361 5295 δυνάμενος
1417 5226 1648 5297 γράφειν

130 5303 224 5371 περὶ
249 5309 418 5364 τούτου
466 5315 546 5377 εἰς
576 5314 737 5368 τοῦτο
758 5315 943 5386 ᾠήθην
979 5316 1065 5368 ἵνα
1097 5314 1172 5369 ὣν
1206 5316 1532 5388 κατάκριτος
1573 5317 1650 5380 ὡς

129 5391 367 5479 ᾇώπολος
398 5405 522 5475 ὑμῖν
553 5407 950 5479 διατάσσωμαι.
980 5407 1263 5479 Signiﬁcat
1293 5424 1352 5464 se
1380 5410 1432 5462 in
1464 5410 1648 5463 animo

131 5478 335 5545 habuisse
368 5495 569 5564 aliquid
604 5498 671 5551 ad
705 5513 799 5553 eos
824 5478 923 5568 pro
972 5478 1229 5568 episeopo
1282 5514 1382 5553 suo
1424 5497 1649 5569 Polybio

130 5576 337 5647 scribere,
367 5602 522 5655 quem
554 5592 813 5661 majorem
841 5591 1008 5646 etiam
1045 5592 1188 5661 apud
1213 5591 1462 5645 ethnicos
1493 5606 1647 5645 reve-

131 5668 313 5726 tentiam
337 5678 591 5749 obtinere,
629 5699 794 5754 quam
824 5682 969 5755 apud
992 5684 1164 5755 ipsos,
1196 5682 1432 5753 indicat;
1464 5683 1645 5739 acrius

180 5757 346 5836 "Cap.
376 5785 431 5838 ιι,
461 5788 514 5829 v.
544 5774 631 5831 19.
1640 5790 1643 5793 ‘

1754 4592 1845 4645 καὶ
1879 4593 2088 4663 Κυρίου
2136 4593 2312 4664 Ἰησοῦ
2345 4596 2601 4664 Χριστοῦ.
2643 4614 2661 4646 ι
2705 4596 2971 4668 Episcopo
3019 4600 3333 4674 Smyrnam-

1753 4699 1897 4750 rum,
1927 4684 2101 4754 magis
2135 4694 2313 4739 autem
2347 4686 2565 4740 visitato
2611 4703 2640 4741 a
2682 4686 2791 4742 Deo
2824 4687 2980 4746 Patre
3012 4701 3066 4748 et
3098 4693 3334 4751 Domino

1750 4775 1878 4830 Jcsu
1909 4776 2149 4831 Christo.
2194 4796 2212 4828 ι
2244 4778 2477 4832 Innuere
2509 4787 2691 4832 autem
2728 4780 2943 4836 videtur
2976 4784 3159 4840 locum
3191 4786 3326 4858 Apr)-

1751 4868 2033 4938 calypseos
2050 4868 2115 4933 ⁸³,
2134 4883 2243 4938 quo
2260 4868 2516 4923 scribitur
2532 4872 2600 4924 ad
2634 4874 2885 4941 angelum
2920 4874 3327 4949 Smyrnazorum

1752 4960 2042 5015 Ecclesia}:
2069 4980 2086 5011 ι
2111 4960 2246 5015 Νονί
2266 4978 2429 5032 opera
2446 4974 2558 5020 tua.
2586 4985 2604 5016 ι
2628 4966 2759 5033 Quae
2778 4968 2825 5022 si
2842 4970 3148 5027 observatio
3182 4984 3329 5029 recta

1752 5054 1843 5119 sit,
1878 5069 1988 5107 non
2036 5055 2395 5110 dubitandum
2430 5058 2553 5125 erit,
2617 5062 2749 5129 quin
2768 5062 2845 5115 illi
2892 5073 3097 5131 septem
3151 5065 3329 5134 angeli

1749 5146 2102 5201 ecclesiarum
2153 5148 2376 5202 totidem
2414 5147 2617 5204 fuerint
2649 5153 2868 5222 proprie
2899 5154 3031 5208 dicti
3060 5155 3326 5226 episcopi.

2339 5240 2568 5296 CAPUT
2607 5243 2722 5298 XII.

1750 5335 2074 5407 Argumenta
2108 5352 2139 5388 α
2171 5336 2400 5390 dictione
2430 5339 2593 5407 petita
2631 5338 2963 5407 refelluntur.
3008 5338 3142 5392 Vera
3186 5343 3324 5395 vocis

1821 5351 1825 5360 ’
1863 5351 2074 5388 umenta
2108 5352 2139 5388 a
2171 5351 2400 5390 dictione
2465 5351 2593 5391 ctua
2631 5351 2963 5407 releuuntur.
3014 5351 3142 5392 Vera
3186 5351 3324 5395 vocis

1821 5351 2078 5476 ἕεορόρου
2121 5409 2263 5459 notio
2299 5354 2462 5474 aput],
2482 5411 2745 5477 antiquos.
2775 5408 2856 5459 Ea
2888 5424 2984 5461 vos:
3018 5408 3075 5463 S.
3110 5409 3325 5477 lgnatio

1819 5476 1945 5527 dum
1971 5478 2039 5548 in
2069 5477 2196 5529 vivis
2229 5488 2391 5540 esset,
2433 5478 2632 5548 tributa
2667 5488 2763 5530 est.
2805 5479 3080 5548 Sermones
3122 5476 3324 5548 Ignatii

1820 5561 1939 5619 cum
1967 5545 2202 5619 Traiano
2231 5548 2399 5599 habiti
2427 5547 2781 5619 explicantur.
2814 5547 3076 5617 Martyres
3110 5545 3325 5619 a'pagap

1815 5615 1921 5678 nis,
1954 5616 2360 5681 κακοδαίμονες,
2405 5618 2611 5681 miseri,
2653 5634 2741 5671 seu
2774 5615 3017 5673 infelices
3039 5615 3321 5677 nominati.

1824 5682 2035 5739 Fabula
2070 5689 2133 5741 de
2164 5682 2223 5741 S.
2260 5686 2470 5757 Ignatio
2500 5704 2660 5756 puero
2702 5689 2753 5741 in
2786 5690 2926 5743 ulnis
2954 5690 3153 5744 (Ilii-isti
3182 5706 3322 5748 accc-
