3800 6208
397 308 501 364 399

1457 310 1513 367 S.
1557 310 1898 368 lCNATlUS.
1941 343 2008 352 —-
2040 310 2555 368 PROLEGOMENA

3536 313 3640 367 ὅθί)

464 438 555 504 pte
587 444 681 504 nec
719 429 876 485 titulo
912 428 1089 504 longe”
1100 433 1381 504 posterior.
1428 433 1811 504 Alia‘traditio
1836 473 1850 496 ,
1880 433 1956 486 illi

2067 432 2274 502 ἀνδρῶν
2302 431 2626 504 εἰρημένοις.
2666 431 2919 490 Oratione
2953 426 3021 486 57
3050 432 3178 497 εὫς
3207 442 3291 498 τις
3323 429 3434 487 τῶν
3461 431 3642 504 μικρῷ

469 500 663 572 fabula:
692 517 884 565 cornva,
912 501 1167 572 veteribus
1201 503 1491 572 incognita.
1545 501 1763 556 Fabula:
1796 504 1963 572 ipsius

462 571 780 641 dnastasius
834 581 881 624 et
932 571 1337 640 Metaphrastes’
1375 573 1534 641 primi
1596 571 1960 628 meminerunt.

470 638 672 712 [gnatii
709 642 1029 712 patriarchae
1076 638 1652 712 constantinopolitani
1700 653 1854 697 atate
1880 643 1964 712 fa-

467 709 605 784 bula:
638 721 780 764 nata:
805 711 1066 784 videntur.
1109 710 1306 766 Noster
1349 709 1596 784 lgitatius
1637 709 1962 783 presbyteros

474 781 660 844 ἱερέας
688 797 788 834 non
816 781 1068 850 appellat.

461 895 640 962 Atque
669 893 784 950 haec
808 894 1028 964 quidem
1057 895 1320 950 hactenus
1350 894 1419 948 de
1452 895 1615 949 rebus
1655 895 1810 964 ipsis,
1842 910 1964 964 quae

392 985 670 1056 epistolas,
703 1000 840 1056 quas
881 983 1254 1052 defendimus,
1301 984 1359 1040 S.
1397 985 1604 1054 lgnatio
1633 986 1887 1056 episcopo
1912 995 1965 1040 et

391 1076 616 1148 martyri
657 1076 834 1132 aliena
874 1093 1040 1131 manu
1089 1078 1314 1133 minime
1356 1077 1602 1132 subditas
1633 1075 1802 1133 fuisse
1838 1094 1962 1148 per-

391 1169 642 1224 suadent.
675 1167 808 1235 Qua:
826 1178 1132 1239 sequuntur
1178 1189 1195 1221 ι
1228 1169 1529 1225 oralionem
1552 1212 1567 1236 ,
1608 1179 1661 1223 et
1690 1170 1853 1225 verba
1895 1186 1961 1226 ex

391 1260 595 1330 quibus
627 1261 802 1316 oratio
827 1270 1077 1316 contexta
1105 1271 1208 1325 est,
1256 1281 1274 1313 ι
1305 1270 1570 1332 δῃοοιοηι.
1605 1261 1680 1316 De
1717 1261 1962 1317 oratione

394 1351 448 1405 in
481 1367 675 1421 genere
704 1351 976 1423 disputat,
1008 1353 1100 1408 sed
1140 1353 1276 1408 nihil
1309 1354 1457 1408 aliud
1487 1355 1715 1420 asserit,
1760 1369 1922 1424 quam
1943 1395 1959 1421 ,

388 1444 648 1512 epistolas
677 1443 962 1499 duodecim
986 1463 1003 1496 ι
1044 1461 1152 1500 non
1180 1462 1300 1501 esse
1331 1447 1492 1502 unius
1512 1447 1756 1516 ejusdem
1776 1456 1963 1502 aucto-

387 1550 487 1602 rts,
523 1554 541 1586 ι
578 1537 722 1605 quod
745 1536 792 1590 ei
823 1536 1180 1594 libentissime
1208 1539 1579 1593 concedimus.
1606 1539 1742 1600 Cum
1777 1548 1960 1596 autem

385 1627 631 1681 omnium
663 1628 1022 1696 epistolarum
1057 1629 1332 1699 ingenium
1367 1639 1420 1685 et
1448 1630 1620 1684 ideam
1655 1631 1844 1687 eritice
1875 1647 1962 1687 re-

387 1727 704 1786 prmsentat,
738 1719 1150 1787 antiquissimas
1177 1720 1319 1786 illas,
1341 1719 1577 1776 Eusebio
1603 1723 1766 1788 visas,
1786 1725 1960 1778 maxi-

387 1823 474 1861 me
494 1811 766 1878 exagitat;
799 1826 989 1864 earum
1015 1812 1213 1882 stylum
1251 1813 1404 1868 miris
1429 1815 1609 1870 modis
1638 1815 1867 1870 infamat
1891 1832 1956 1871 ac

385 1899 660 1970 deturpat,
693 1902 840 1958 illius
864 1905 1145 1959 sententia:
1173 1906 1230 1960 S.
1262 1904 1574 1980 Hieronymi
1606 1908 1830 1964 minime
1844 1925 1960 1965 me-

384 2012 534 2050 mor:
575 2017 592 2049 ι
645 1997 770 2052 Scio
805 2000 945 2053 inter
976 1999 1320 2057 Christianos
1352 2003 1644 2058 verborum
1680 2004 1809 2059 vitia
1848 2019 1958 2058 non

383 2090 558 2144 solere
587 2091 928 2160 reprehendi.
961 2111 978 2142 ›

455 2180 640 2236 Prima
675 2182 936 2238 dictionis
981 2183 1133 2239 labes
1158 2199 1323 2254 quam
1351 2185 1607 2241 observat
1645 2197 1729 2242 est
1755 2202 1960 2258 cogno-

379 2285 627 2330 mentum
670 2275 929 2348 θεοφόρου
953 2276 1143 2347 lgnatii
1178 2277 1388 2332 nomini
1421 2294 1632 2348 semper
1660 2280 1956 2349 adjectum.

382 2366 451 2420 At
480 2376 624 2420 certe
651 2366 698 2422 si
727 2382 832 2421 vox
872 2367 1130 2439 θεοφόρος
1163 2380 1585 2438 cegnomentum
1619 2371 1718 2434 sit,
1759 2372 1957 2442 stylum

380 2457 468 2511 vel
510 2457 804 2513 dictionem
842 2459 1067 2512 minime
1114 2459 1292 2527 lmdit;
1348 2476 1526 2530 neque
1572 2463 1862 2533 quisquam
1893 2480 1958 2520 eo

381 2548 574 2604 rudius
609 2559 703 2604 aut
746 2551 1008 2605 incultius
1054 2551 1296 2606 scribere
1327 2552 1435 2607 dici
1470 2563 1688 2623 potest,
1725 2557 1870 2626 quod
1899 2573 1958 2612 se

381 2641 466 2696 vel
492 2657 601 2697 uno
628 2641 714 2696 vel
749 2643 1002 2712 pluribus
1034 2643 1348 2700 nominibus
1389 2647 1604 2715 prohat.
1651 2645 1753 2704 Sed
1791 2669 1808 2700 ι
1853 2650 1958 2706 hoc

378 2731 574 2803 lgnatii
611 2747 810 2787 nomen
865 2731 1201 2803 Neap/torus
1251 2746 1306 2788 et
1357 2736 1499 2805 apud
1557 2738 1958 2794 vetustissimos

382 2838 576 2879 omnes
605 2833 690 2878 est
714 2824 1043 2890 inauditum,
1072 2834 1125 2880 et
1153 2824 1310 2896 plane
1335 2826 1671 2891 fabulosum,
1703 2839 1756 2884 et
1785 2846 1849 2884 ex
1876 2829 1957 2884 fa-

380 2917 508 2971 bula
536 2926 738 2971 ortum.
761 2915 904 2988 Ergo
931 2917 1190 2986 epistolas
1215 2919 1440 2974 alterius
1469 2921 1807 2991 alicujusdiu
1838 2931 1958 2992 post

379 3005 646 3078 lgnatium
675 3007 845 3062 fuisse
874 3023 1098 3064 necesse
1124 3017 1228 3064 est.
1271 3028 1291 3062 ι
1320 3008 1435 3064 lloc
1471 3011 1635 3081 igitur
1666 3028 1956 3081 argumen-

2067 523 2300 594 πρόσθεν
2331 523 2606 596 θεοφόρων
2637 523 3048 594 ἐφιλοσόφησεν.
3083 523 3362 579 Palladius
3395 523 3452 577 in
3495 523 3613 578 Prae

2065 609 2267 666 fatione
2289 612 2572 669 Lausiaea‘.
2599 615 2839 670 historiae
2866 633 2878 668 :
2912 613 3069 687 Παρὰ
3092 614 3370 686 θεοφόρων
3394 613 3644 685 ἀθλητῶν

2065 701 2156 756 τοῦ
2191 703 2429 775 Χριστοῦ
2463 705 2563 777 τὴν
2609 705 2860 778 οὐράνιον
2896 706 3100 760 τούτων
3131 705 3275 778 ζωὴν
3315 705 3635 778 ἐκμεμάθη-

2065 813 2153 849 κα.
2190 797 2427 862 Quintus
2459 797 2517 854 S.
2549 798 2735 871 Cyrilli
2761 799 3253 856 anathematismus
3303 801 3374 855 ab
3406 802 3639 856 Anasta-

2065 889 2148 943 sio
2181 905 2410 945 versus:
2443 908 2462 942 ‹
2498 890 2555 946 Si
2596 891 2720 961 quis
2753 893 2914 947 audet
2946 893 3126 947 dicere
3146 890 3430 946 Christum
3464 892 3643 947 homi-

2064 999 2186 1038 nem
2237 984 2522 1059 ἄνθρωπον
2577 985 2869 1059 θεοφόρον,
2941 987 2993 1041 id
3047 995 3132 1042 est
3190 986 3474 1041 hominem
3533 985 3643 1041 Deo

2064 1085 2304 1130 utentem
2352 1092 2411 1132 se
2459 1087 2826 1148 asportantem
2858 1072 2992 1149 [lege
3027 1077 3140 1133 sive
3162 1077 3539 1150 portantem],
3590 1089 3642 1133 et

2063 1181 2171 1221 non
2211 1166 2381 1223 Deum
2409 1185 2530 1224 esse
2573 1172 2838 1225 veraciter
2881 1169 3118 1236 dixerit,
3162 1171 3454 1224 anathmua
3492 1170 3584 1224 sit.
3616 1188 3638 1224 ι

2063 1258 2128 1312 Et
2157 1268 2334 1315 tamen
2380 1259 2441 1315 Β.
2491 1259 2866 1316 Theodoretus
2888 1303 2902 1329 ,
2931 1263 3022 1316 τὸν
3051 1261 3306 1335 θεοφόρον
3345 1261 3403 1316 δὲ
3435 1261 3640 1334 ἅνθρω-

2063 1365 2162 1402 πον
2193 1349 2268 1413 ὡς
2310 1350 2523 1414 πολλοῖς
2566 1352 2674 1407 τῶν
2719 1353 2889 1421 ἁγίων
2934 1353 3194 1426 Πατέρων
3241 1353 3536 1424 εἰρημένον
3582 1353 3640 1406 οὐ

2062 1440 2494 1512 παραιτούμεθα·
2529 1463 2549 1496 ι
2589 1441 2862 1498 Deiferum
2893 1445 3191 1508 hominem,
3220 1441 3364 1496 sicut
3395 1457 3424 1495 a
3454 1443 3643 1495 multis

2061 1533 2266 1588 sanctis
2291 1532 2544 1589 Patribus
2571 1535 2749 1589 dictus
2776 1543 2891 1600 est,
2932 1549 3040 1588 non
3070 1535 3374 1603 rejieimus.
3415 1553 3434 1586 ι
3464 1534 3641 1605 Cyril-

2061 1621 2147 1678 lus
2169 1632 2348 1678 autem
2381 1643 2392 1678 :
2425 1625 2609 1695 Φαμὲν
2638 1625 2747 1698 γὰρ
2781 1627 2938 1696 ἡμεῖς
2971 1625 3032 1678 τὸ
3064 1623 3136 1696 μὴ
3171 1625 3371 1696 χρῆναι
3403 1625 3544 1698 πρός
3570 1643 3644 1678 τι-

2061 1733 2149 1780 νος
2182 1715 2436 1790 θεοφόρον
2458 1717 2740 1789 ἄνθρωπον
2771 1716 3128 1788 ὀνομάζεσθαι
3159 1715 3249 1770 τὸν
3284 1719 3326 1769 Χ
3336 1717 3641 1788 ριστὸν,ῖνα

2066 1811 2139 1880 μὴ
2159 1809 2277 1863 καθ’
2301 1809 2395 1862 ἕνα
2407 1810 2512 1863 τῶν
2526 1810 2695 1880 ἁγίων
2708 1813 2896 1864 νοοῖτο.
2920 1829 2937 1861 ι
2963 1809 3202 1866 Dicimus
3227 1810 3374 1863 enim
3399 1827 3502 1865 nos
3534 1826 3641 1864 non

2062 1902 2258 1958 debere
2281 1903 2348 1957 ab
2367 1903 2550 1972 aliquo
2571 1902 2844 1958 Deiferum
2879 1903 3156 1956 hominem
3187 1903 3465 1957 nominari
3491 1904 3643 1957 Chri-

2063 2004 2230 2061 stum,
2269 2005 2424 2050 utne
2470 1995 2610 2050 sicut
2661 2011 2805 2051 unus
2848 2006 3165 2051 sanctorum
3216 1997 3574 2066 intelligatur.
3616 2018 3637 2052 ι

2060 2087 2322 2160 Eulogius
2357 2089 2500 2158 apud
2533 2086 2787 2143 Photium
2813 2089 2879 2142 de
2911 2087 2968 2143 S.
3014 2089 3218 2160 Cyrillo
3254 2106 3266 2141 :
3307 2091 3367 2143 '0
3399 2091 3447 2144 δ’
3481 2091 3642 2156 αὐτὸς

2061 2179 2316 2252 θεοφόρος
2346 2179 2484 2252 ἀνὴρ
2507 2181 2608 2234 κᾶν
2633 2180 2709 2251 τῷ
2732 2181 2969 2252 δευτέρῳ
2998 2181 3432 2254 ὰναθεματισμῷ
3464 2183 3533 2237 τὰ
3557 2184 3644 2237 αὑ·

2059 2270 2127 2324 τὰ
2163 2271 2278 2342 βοᾷ.
2311 2270 2562 2338 Photius,
2597 2274 2825 2342 epistola
2855 2275 3030 2344 prima
3068 2275 3135 2329 de
3153 2276 3344 2345 quinta
3383 2277 3639 2348 synodo:

2060 2363 2228 2416 Πέντε
2273 2363 2330 2416 δὲ
2375 2365 2468 2418 καὶ
2509 2365 2776 2436 ἑξήκοντα
2807 2367 2902 2419 καὶ
2939 2367 3132 2420 ἑκατὸν
3162 2366 3441 2438 θεοφόρων
3477 2371 3644 2423 πατέ-

2060 2470 2169 2525 ρων
2200 2454 2474 2526 παρουσίᾳ
2506 2455 2599 2507 καὶ
2641 2454 2909 2527 συνδρομῇ
2945 2455 3294 2528 ἐκρατύνετο.
3333 2455 3409 2512 De
3447 2468 3640 2513 sexta:

2073 2544 2470 2618 Ἐὁδομήκοντα
2507 2547 2563 2601 δὲ
2608 2548 2698 2602 καὶ
2741 2548 2932 2602 ἑκατὸν
2969 2549 3249 2621 θεοφόροις
3289 2550 3522 2620 ἀνδράσι
3553 2550 3642 2604 τὸν

2059 2637 2245 2705 ἀγῶνα
2299 2639 2658 2712 ὑποδυομένη.
2711 2639 2786 2696 De
2839 2641 3115 2710 septima:
3174 2642 3296 2695 Τῶν
3354 2644 3643 2715 μακαρίων
3729 2706 3740 2710 ἡ

2057 2732 2280 2785 ἐκείνων
2315 2732 2406 2785 καὶ
2431 2732 2592 2803 ἱερῶν
2623 2732 2829 2806 ἀνδρῶν
2859 2735 2891 2804 ἠ
2926 2733 3184 2808 θεοφόρος
3218 2735 3312 2788 καὶ
3346 2735 3481 2804 ἁγία
3510 2755 3633 2790 πανο

2057 2825 2269 2896 ήγυρις.
2315 2824 2814 2894 Frequentissimus
2871 2827 3037 2896 igitur
3086 2827 3254 2898 hujus
3302 2830 3556 2884 vocabuli
3584 2830 3639 2884 in

2056 2930 2302 2974 veterum
2335 2921 2553 2990 scriptis
2603 2937 2736 2976 usus
2781 2921 3080 2990 reperitur,
3133 2923 3294 2992 cujus
3346 2924 3640 2992 explicatio

2059 3011 2114 3065 iu
2140 3012 2376 3068 Scholiis
2405 3013 2626 3067 Maximi
2651 3014 2717 3067 ad
2751 3015 2928 3068 locum
2947 3012 3187 3084 Dionysii
3212 3015 3442 3069 citatum
3463 3015 3642 3073 fusius

379 3108 495 3154 tum
537 3116 638 3156 suo
681 3101 802 3156 loco
830 3101 1099 3155 dimotum
1142 3113 1246 3167 est,
1274 3111 1328 3157 et
1365 3103 1430 3157 ad
1461 3119 1522 3158 ea
1548 3104 1801 3172 pertinet,
1833 3122 1956 3175 qua}

2067 3103 2291 3156 traditur
2319 3121 2331 3157 :
2363 3104 2676 3175 Σημείωσαι
2711 3105 2792 3158 ὅτι
2835 3103 2925 3156 καὶ
2971 3103 3030 3157 τὸ
3069 3103 3176 3156 τῶν
3211 3105 3383 3173 ἁγίων
3435 3105 3642 3178 θρόνων

380 3199 688 3262 temporum
722 3191 880 3246 [idem
909 3192 1134 3262 pulsare
1165 3193 1476 3249 videantur.
1524 3195 1629 3248 Sed
1677 3195 1826 3250 salva
1866 3212 1954 3252 res

375 3292 504 3350 est;
547 3292 602 3338 et
640 3283 814 3352 magis
856 3292 1004 3339 certa
1049 3283 1215 3354 hujus
1257 3285 1608 3355 cegnominis
1653 3287 1956 3356 antiquitas

375 3391 544 3446 quam
571 3384 630 3429 ut
654 3375 891 3431 recentis
921 3374 1121 3429 fabulae
1144 3385 1404 3445 praetextu
1433 3375 1740 3446 rejiciatur,
1781 3377 1954 3447 magis

377 3467 656 3536 explorata
687 3468 938 3522 vocabuli
971 3467 1122 3522 nmio
1145 3467 1199 3520 in
1236 3477 1482 3522 veterum
1515 3467 1754 3537 scriptis,
1787 3483 1953 3538 quam

377 3571 440 3616 ut
467 3561 834 3631 posteriorum
863 3559 1083 3630 ineptiis
1107 3559 1380 3614 cludatur.

445 3653 715 3725 Θεοφόρος
750 3669 853 3708 vox
889 3662 970 3708 est
1004 3653 1245 3722 antiquis
1287 3652 1544 3708 Ecclesia
1593 3652 1954 3722 scriptoribus

376 3747 614 3801 maxime
653 3745 976 3810 familiaris;
1017 3753 1077 3797 ut
1116 3745 1246 3799 huic
1292 3743 1395 3813 ipsi
1429 3743 1687 3813 scriptori
1732 3741 1953 3812 Ephesii

377 3837 709 3912 θεοφόροι,ει
733 3838 986 3909 ναοφόροι
1020 3837 1294 3891 dicuntur.
1332 3836 1406 3890 Ita
1437 3837 1690 3892 Clemens
1720 3837 1955 3890 Alexan-

377 3930 569 3984 drinus
601 3930 654 3983 in
680 3928 961 3997 Excerptis
987 3929 1201 3990 asserit,
1217 3928 1472 3999 θεοφόρον
1489 3927 1729 3996 γίνεσθαι
1760 3927 1849 3982 τὸν
1869 3927 1953 3981 άν-

378 4020 596 4093 θρωπον
624 4021 906 4092 προσεχῶς
927 4018 1317 4091 ἐνεργούμενον
1353 4019 1457 4071 ὑπὸ
1483 4019 1582 4072 τοῦ
1612 4017 1838 4090 Κυρίου,
1863 4021 1956 4073 καὶ

378 4111 628 4185 καθάπερ
664 4109 822 4182 σῶμα
864 4109 1028 4164 αὐτοῦ
1075 4111 1376 4180 γινόμενον.
1412 4109 1477 4164 Ει
1513 4109 1770 4164 Slromat.
1794 4150 1808 4176 ,
1855 4110 1951 4165 lib.

376 4221 451 4259 vn
475 4223 486 4258 ε
515 4207 586 4258 Ἦ
608 4205 709 4257 οὐκ
737 4202 1115 4274 οἵδατε,φησὶν
1135 4204 1164 4255 ὁ
1203 4201 1543 4264 Ἀπόστολος,
1570 4201 1651 4254 ὅτι
1685 4203 1810 4265 ναός
1829 4201 1951 4255 ὲστε

376 4297 470 4354 τοῦ
503 4297 668 4363 Θεοῦ;
702 4297 854 4362 Θεῖος
886 4295 994 4369 ἄρα
1024 4299 1054 4352 ὁ
1079 4295 1380 4366 γνωστικὸς
1415 4295 1506 4348 καὶ
1537 4294 1637 4365 ἤδη
1667 4295 1819 4362 ἅγιος
1846 4293 1958 4348 θεο-

377 4391 560 4463 φορῶν
607 4394 700 4446 καὶ
733 4389 1176 4463 θεοφορούμενος.
1212 4389 1357 4444 ldem
1391 4389 1535 4442 enim
1567 4396 1652 4442 est
1691 4387 1952 4456 templum

2055 3196 2238 3266 τάγμα
2269 3195 2525 3267 θεοφόρον
2560 3191 2730 3260 εἶπεν,
2766 3195 2841 3257 ὡς
2876 3195 3038 3266 φέρον
3071 3195 3487 3266 ἀναπαυόμενον
3519 3214 3642 3268 νοη-

2053 3289 2161 3350 τῶς
2193 3287 2282 3340 τὸν
2325 3286 2476 3340 Θεόν.
2505 3288 2646 3358 Ὅρα
2679 3282 2770 3340 οὖν
2804 3285 2987 3358 ἐπειδὴ
3022 3287 3115 3339 καὶ
3147 3289 3174 3339 ὁ
3225 3289 3496 3359 μακάριος
3532 3289 3639 3341 Βα-

2055 3377 2248 3442 σίλειος
2295 3379 2323 3430 ὁ
2369 3379 2744 3450 Καππαδόκης
2800 3378 2895 3450 τὴν
2956 3380 3212 3451 θεοφόρον
3263 3376 3386 3433 εἷπε
3441 3383 3639 3452 σάρκα,

2055 3467 2354 3539 σκοπητέον
2387 3468 2504 3531 πῶς
2544 3467 2778 3540 εἴρηται.
2814 3468 2950 3520 Ἀλλ’
2983 3471 3015 3540 ἡ
3052 3471 3151 3538 μὲν
3185 3469 3322 3541 σάρξ
3359 3471 3526 3524 αὑτοῦ
3547 3470 3640 3524 τοῦ

2052 3560 2260 3630 Κυρίου
2294 3560 2413 3613 κατ’
2444 3559 2628 3613 οὐσίαν
2662 3562 2753 3614 καὶ
2787 3561 2905 3614 καθ’
2941 3562 3237 3615 ὑπόστασιν
3262 3565 3472 3635 ἥνωται
3493 3565 3640 3636 αὐτῷ

2052 3651 2129 3723 τῷ
2161 3651 2279 3722 Θεῷ
2322 3653 2512 3722 Λόγῳ’
2563 3652 2644 3704 διὸ
2686 3653 2776 3705 καὶ
2811 3657 3170 3725 σαρκοφορεῖν
3203 3655 3371 3719 αὐτὸς
3418 3656 3639 3725 λέγεται

2053 3741 2204 3814 παρὰ
2236 3741 2344 3795 τῶν
2377 3743 2657 3815 Πατέρων,
2689 3744 2781 3796 καὶ
2818 3743 2994 3815 σάρκα
3027 3744 3375 3799 ἐνδύσασθαι.
3417 3748 3484 3800 Τί
3517 3747 3643 3801 ἄτο-

2053 3852 2153 3889 πον
2184 3831 2276 3888 οὖν
2310 3836 2358 3888 εί
2406 3835 2498 3888 καὶ
2543 3837 2577 3907 ἡ
2618 3837 2753 3908 σὰρξ
2783 3836 2945 3890 αὑτοῦ
2979 3835 3196 3905 λέγεται
3231 3837 3518 3911 θεοφόρος,
3563 3841 3641 3904 ὠς

2054 3924 2292 3997 φέρουσα
2324 3925 2413 3978 τὸν
2446 3925 2578 3979 Θεὸν
2608 3928 2777 3996 Λόγον
2807 3927 2925 3981 καθ’
2945 3926 3135 3980 ἕνωσιν
3165 3928 3512 3995 ἀδιάστατον,
3540 3933 3638 3984 αὑ-

2052 4016 2145 4071 τοῦ
2199 4016 2333 4089 σὰρξ
2379 4019 2472 4072 καὶ
2516 4019 2780 4090 λεγομένη
2814 4020 2907 4072 καὶ
2950 4020 3268 4091 ὑπάρχουσα
3303 4023 3510 4093 κυρίως
3544 4024 3641 4076 καὶ

2053 4107 2194 4162 κατὰ
2227 4108 2501 4180 ἀλήθειαν.
2533 4103 2691 4162 Οὗτοι
2723 4109 2779 4161 δὲ
2813 4109 2954 4161 κατὰ
2980 4110 3138 4180 χάριν
3173 4108 3394 4180 ἔχοντες
3425 4112 3482 4163 ἐν
3506 4113 3639 4165 ἑαυι

2053 4204 2165 4264 τοῖς
2197 4201 2287 4254 τὸν
2313 4201 2445 4254 Θεὸν
2477 4202 2700 4273 ἀρρήτῳ
2726 4218 2783 4254 τε
2813 4200 2954 4270 λόγῳ
2983 4202 3075 4254 καὶ
3105 4202 3412 4273 άνεννοήτῳ
3431 4203 3641 4274 διανοίᾳ

2055 4293 2299 4366 θεοφόροι
2352 4294 2446 4346 καὶ
2493 4293 2644 4346 αὐτοὶ
2696 4293 2785 4346 διὰ
2834 4292 2994 4346 τοῦτο
3024 4291 3289 4362 λέγονται.
3331 4314 3349 4346 ι
3394 4294 3639 4352 Observa

2055 4399 2179 4438 eum
2217 4392 2531 4439 sanctorum
2575 4385 2897 4439 throuorum
2937 4385 3185 4440 ordinem
3231 4385 3494 4459 θεοφόρον
3537 4404 3638 4441 uo-

377 4483 472 4538 Dei
505 4499 659 4551 esse,
694 4493 747 4538 et
779 4483 1035 4555 θεοφόρον
1067 4497 1188 4538 esse
1209 4522 1224 4546 ,
1259 4481 1344 4537 vel
1376 4481 1671 4552 Θεοφορεῐν.
1719 4479 1953 4534 Sanctus
1985 4486 2028 4540 D
2058 4477 2290 4543 minare,
2318 4477 2484 4531 veluti
2529 4478 2778 4547 ferentem
2823 4477 3263 4532 intellectualiter
3301 4480 3636 4537 residentem

377 4575 695 4648 Dionysius,
727 4574 966 4629 Caelestis
988 4574 1298 4629 hieran/tia:
1338 4588 1459 4642 cap.
1494 4572 1545 4634 7,
1572 4573 1728 4627 docet
1753 4587 1953 4626 nomen

376 4669 557 4723 throni
606 4669 750 4724 inter
792 4668 1012 4724 ordines
1057 4670 1337 4740 angelicos
1379 4670 1639 4725 denotare
1669 4669 1728 4723 τὸ
1762 4669 1952 4740 θεοφό-

378 4778 489 4832 ρον.
527 4761 584 4816 S.
612 4761 848 4816 Basilius
880 4760 954 4814 De
979 4759 1185 4832 Spiritu
1217 4761 1300 4829 S.,
1325 4778 1445 4832 cap.
1477 4764 1510 4818 5
1539 4780 1551 4815 :
1604 4763 1698 4816 Ἐκ
1737 4762 1830 4817 τοῦ
1859 4763 1954 4815 άν-

375 4851 646 4923 θρωπείου
681 4852 1000 4927 φυράματος
1029 4855 1062 4924 ἡ
1097 4851 1353 4926 θεοφόρος
1387 4853 1524 4926 σὰρξ
1553 4854 1828 4925 συνεπάγη
1851 4894 1866 4918 ,
1901 4864 1955 4908 ct

374 4945 601 5000 homilia
645 4946 703 5000 in
747 4943 1100 4998 Nativilatem
1128 4959 1146 4999 τ
1179 4945 1325 4998 Ἔδει
1368 4945 1428 4998 τὸ
1459 4945 1682 5017 Πνεῦμα
1716 4945 1810 4998 καὶ
1856 4944 1953 5016 τὴν

373 5035 600 5109 δύναμιν
625 5038 719 5092 τοῦ
749 5037 1001 5108 Ὑψίστου
1018 5037 1112 5108 τὴν
1141 5035 1398 5108 θεοφόρον
1432 5037 1648 5107 εκείνην
1679 5037 1953 5107 συστήσα-

377 5124 498 5178 σθαι
529 5127 730 5198 σάρκα.
765 5125 844 5180 Ac
886 5139 1081 5179 rursus
1121 5125 1347 5178 homilia
1395 5125 1448 5178 in
1495 5127 1766 5195 psalmum
1804 5141 1894 5178 ιιι
1929 5143 1942 5178 :

386 5214 670 5287 ’Υπόδημα
699 5215 755 5268 δὲ
799 5215 901 5285 τῆς
935 5213 1185 5282 θεότητος
1219 5216 1252 5285 ἡ
1286 5214 1539 5286 θεοφόρος
1585 5215 1752 5286 σὰρξ,
1787 5213 1854 5266 δι’
1885 5209 1954 5284 ἧς

377 5305 545 5379 ἐπέϐη
579 5311 690 5370 τοῖς
713 5305 1038 5378 ἀνθρώποις.
1089 5305 1384 5376 Gregorius
1425 5304 1802 5360 Nazianzenus
1838 5306 1953 5374 epi-

378 5395 512 5450 stola
551 5399 620 5450 ad
651 5397 962 5452 Cledonium
1005 5397 1039 5450 2
1065 5439 1079 5463 ,
1113 5397 1180 5451 de
1221 5397 1627 5467 Apollinaristis
1667 5414 1680 5448 :
1721 5397 1793 5448 Τὸ
1841 5396 1954 5449 δεῖν

379 5491 701 5557 προσκυνεῖν
739 5491 812 5561 μὴ
837 5489 1121 5561 ἄνθρωπον
1155 5488 1411 5559 θεοφόρον
1435 5528 1448 5551 ,
1483 5487 1619 5541 ἀλλὰ
1658 5487 1791 5540 Θεὸν
1823 5505 1953 5557 σαρ-

379 5579 628 5646 κοφόρον·
666 5590 718 5630 et
744 5597 756 5630 :
781 5580 870 5645 Μὴ
899 5579 1075 5648 σάρκα
1103 5578 1382 5651 θεοφόρον,
1414 5577 1548 5630 ἀλλὰ
1573 5578 1705 5630 Θεὸν
1742 5576 1949 5647 ἀνθρω-

284 5671 285 5674 “
379 5669 638 5740 πυφόρον.
678 5666 936 5724 Oratione
981 5672 1139 5724 tertia
1172 5690 1186 5725 :
1217 5670 1472 5725 Βούλεταίι
1508 5669 1615 5741 γὰρ
1645 5671 1774 5739 ἡμῖν
1806 5667 1835 5718 ὁ
1865 5666 1954 5720 λό-

378 5773 472 5826 γος
521 5759 596 5830 μὴ
647 5759 846 5825 ἐξεῖναι
890 5765 1185 5816 διαπιστεῖν
1229 5764 1340 5827 τοῖς
1391 5760 1493 5818 ὸτὸ
1525 5760 1631 5815 τῶν
1679 5759 1950 5829 θεοφόρων

2058 4568 2250 4623 Deum.
2285 4566 2466 4634 Quare
2494 4585 2617 4623 cum
2657 4569 2820 4623 etiarn
2851 4567 2908 4621 B.
2939 4566 3168 4624 Basilius
3194 4568 3497 4639 Cappadox
3528 4571 3640 4624 θεο-

2053 4659 2218 4730 φόρον
2248 4674 2472 4714 earnem
2519 4659 2678 4725 dixit,
2702 4658 3158 4714 considerandum
3191 4663 3474 4729 quomodo
3502 4663 3636 4718 illud

2051 4751 2256 4806 dictum
2307 4752 2398 4808 sit.
2451 4752 2595 4807 Caro
2623 4761 2803 4807 autem
2837 4752 3010 4822 ipsius
3060 4750 3276 4806 Domini
3327 4755 3635 4810 secundum

2052 4845 2417 4899 substantiam
2460 4855 2514 4899 et
2557 4845 2858 4900 secundum
2904 4845 3324 4900 subsistentiam
3353 4847 3513 4902 unita
3555 4858 3637 4903 est

2053 4936 2156 5005 ipsi
2192 4936 2302 4992 Deo
2325 4935 2537 4994 Verbo:
2569 4945 2904 5008 quapropter
2929 4945 2984 4992 et
3014 4941 3400 5010 σαρκοφορεῖν,
3421 4957 3637 4995 carnem

2053 5030 2190 5098 ferre
2231 5031 2347 5100 ipse
2392 5031 2592 5086 dicitur
2634 5047 2664 5086 a
2707 5030 2980 5098 Patribus,
3030 5039 3083 5086 et
3123 5047 3338 5086 carnem
3391 5034 3632 5088 induere.

2051 5119 2184 5186 ρυω
2223 5121 2388 5190 igitur
2413 5121 2759 5186 absurditas,
2797 5121 2843 5176 si
2874 5125 3038 5177 etiam
3077 5137 3208 5176 caro
3253 5123 3377 5192 ejus
3413 5125 3636 5179 dicatur

2051 5211 2326 5283 Θεοφορος,
2359 5217 2620 5281 tauquam
2648 5213 2817 5281 ferens
2848 5212 3016 5266 Deum
3053 5212 3288 5267 Verbum
3323 5217 3631 5270 secundum

2052 5305 2308 5358 unionem
2337 5303 2784 5373 inseparabilem;
2810 5320 2934 5358 eum
2962 5305 3134 5374 ipsius
3162 5320 3294 5360 caro
3331 5315 3380 5359 el
3412 5308 3634 5361 dicatur

2051 5406 2104 5450 et
2142 5395 2213 5449 sit
2254 5396 2473 5464 proprie
2509 5406 2563 5451 et
2615 5396 2916 5451 secundum
2966 5397 3248 5450 veritatem
3283 5398 3307 5450 ?
3347 5397 3412 5450 lli
3447 5410 3628 5452 autem

2051 5503 2147 5556 per
2169 5479 2398 5555 gratiam
2428 5488 2691 5543 habentes
2720 5488 2772 5541 in
2812 5489 3008 5558 seipsis
3035 5488 3227 5555 Deum,
3258 5489 3518 5544 incil‘ahili
3540 5505 3633 5546 ra—

2054 5578 2199 5631 tione
2247 5587 2299 5632 et
2341 5578 2675 5648 incogitabili
2714 5580 2985 5635 intellectu
3010 5623 3025 5647 ,
3055 5581 3218 5634 etiam
3250 5581 3353 5652 ipsi
3379 5582 3630 5652 θεοφόρα

2054 5678 2343 5738 prOpterea
2375 5669 2652 5723 dicuntur.
2670 5689 2687 5722 ι

2125 5757 2276 5815 lianc
2302 5774 2488 5817 veram
2527 5761 2775 5816 vocabuli
2811 5762 3086 5818 notionem
3115 5777 3240 5818 eum
3277 5773 3489 5818 veteres
3512 5770 3630 5817 ωηο
