3800 6208
193 279 276 333 λοι
970 277 1020 334 ι.
1054 275 1427 334 PEARSONII
1469 274 1794 334 V'INDICME
1835 280 2261 340 lGNATlANAE.
2301 316 2372 327 —
2411 286 2589 341 PARS
2627 286 2693 343 ll.

3326 289 3458 345 tua»

188 403 234 449 to
268 407 531 448 consensu
563 402 1107 466 agnoseant,.neque
1151 412 1218 450 an
1257 397 1400 452 idem
1432 395 1489 452 S.
1535 397 1743 470 lgnatio
1773 406 1815 463 Α
1847 399 1987 456 dixit
2019 422 2031 456 :
2069 402 2147 458 Tu
2197 404 2364 476 igitur
2404 405 2458 460 in
2507 407 2683 478 teipso
2733 406 3018 463 ChriStum
3043 442 3047 446 -
3070 407 3431 465 circumfers?

187 484 514 556 peculiariter
538 485 865 540 attributum
892 487 961 542 sit
986 488 1279 558 quisquam
1313 488 1559 556 dubitet;
1593 507 1742 561 quae-

185 578 304 631 ritur
331 585 539 632 tantum
573 593 701 648 qua
742 579 815 634 sit
848 579 1141 650 antiquitas
1175 580 1338 651 hujus
1375 583 1739 652 cognominis,

184 683 241 722 an
271 667 442 720 fabula
473 669 756 723 vetustius
781 681 1051 740 appareat,
1085 680 1138 726 et
1159 671 1370 744 lgnatio
1403 674 1528 728 vivo
1558 675 1740 744 impo-

183 761 325 814 situm
355 760 548 827 fuerit;
582 777 655 816 an
707 762 890 832 potius
921 762 1102 818 fabula
1134 765 1406 834 posterius
1436 773 1491 820 et
1540 781 1604 819 ex
1649 765 1740 820 illa

181 863 364 906 natum.
392 851 582 908 Primo
629 854 798 924 igitur
835 856 937 912 hoc
974 857 1108 911 mihi
1139 858 1362 913 concedi
1395 858 1614 928 postulo
1636 901 1650 924 ,
1683 867 1742 912 ut

180 953 286 998 ante
315 945 576 1014 scriptam
612 945 842 1002 Eusebii
867 949 1148 1005 historiam
1179 964 1377 1004 nomen
1413 950 1509 1003 τοῦ
1547 949 1740 1018 θεοφό-

178 1053 257 1106 pou
281 1034 483 1106 lgnatio
514 1037 848 1092 attributum
882 1040 983 1106 sit;
1017 1041 1062 1096 si
1087 1041 1231 1095 enim
1260 1050 1446 1111 postea
1471 1043 1735 1096 insertum

177 1136 334 1194 esset,
383 1129 752 1199 epistolarum
790 1147 927 1202 quas
965 1131 1308 1189 defendimus
1355 1135 1735 1190 auctoritatem

177 1220 395 1274 minuere
426 1236 538 1274 non
592 1232 816 1291 posset,
859 1239 982 1278 cum
1020 1225 1140 1280 illas
1168 1226 1385 1282 easdem
1437 1241 1560 1282 esse
1600 1242 1740 1296 quas

175 1313 289 1366 vidit
309 1310 602 1376 Eusebius,
637 1315 808 1369 etiam
836 1316 1132 1372 adversarii
1155 1329 1476 1390 agnoscant.
1509 1317 1624 1373 lino
1648 1334 1740 1372 no-

175 1418 278 1456 lllctl
312 1404 412 1459 hoc
444 1405 706 1473 epistolis
745 1422 987 1462 ceterum
1031 1407 1202 1464 fuisse
1241 1411 1372 1464 mihi
1422 1411 1640 1466 videtur
1670 1428 1737 1466 ex

173 1495 284 1563 ipsis
310 1496 556 1568 epistolis
591 1499 779 1570 colligi
821 1516 928 1555 non
959 1503 1136 1572 inepte
1168 1519 1347 1573 posse.
1376 1503 1468 1560 Sic
1497 1506 1643 1560 enim
1667 1508 1734 1564 ad

172 1588 451 1661 Smyrnaaos
482 1595 732 1663 scriptor
762 1595 1038 1664 loquizur:
1065 1597 1128 1650 Τί
1160 1598 1268 1670 γάρ
1305 1616 1371 1670 με
1401 1599 1601 1669 ὠφελεί
1629 1620 1732 1667 τις,

167 1686 204 1736 εἰ
233 1684 319 1754 ἐμὲ
351 1687 590 1750 ἐπαινεῖ,
628 1689 722 1741 τὸν
751 1687 808 1741 δὲ
828 1689 1030 1761 Κυριόν
1049 1707 1149 1760 μου
1175 1689 1486 1762 βλασφημεῖ
1521 1691 1594 1763 μὴ
1615 1696 1736 1764 ὁμο-

165 1775 310 1842 λογῶν
349 1778 511 1831 αὑτὸν
550 1780 931 1853 σαρκοφόρον;
987 1781 1043 1834 Ὀ
1075 1782 1130 1834 δὲ
1163 1780 1319 1835 τοῦτο
1355 1783 1427 1854 μὴ
1457 1783 1631 1852 λέγων
1653 1803 1734 1838 τε·

164 1867 296 1932 λείως
332 1869 859 1942 αὑτὸνάπήρνηται
903 1871 977 1936 ὡς
1018 1875 1374 1946 νεκροφόρος·
1413 1874 1480 1929 τὰ
1512 1875 1568 1929 δὲ
1620 1877 1734 1932 ὀνό-

157 1977 286 2031 μτα
304 1962 480 2016 αὐτῶν
500 1964 638 2017 ὄντα
657 1963 871 2018 ἄπιστα
892 1966 990 2018 οὐκ
1013 1965 1157 2030 ἕδοξέ
1178 1983 1267 2037 μοι
1289 1967 1514 2040 γράψαι.
1542 1987 1559 2017 ί
1593 1967 1732 2035 Quid

163 2051 284 2105 enim
312 2052 465 2123 juvat
490 2071 581 2109 me
619 2057 754 2124 quis
796 2057 842 2111 si
871 2072 956 2111 me
983 2057 1198 2121 laudat,
1225 2058 1513 2114 Dominum
1551 2071 1730 2115 autem

165 2159 315 2196 meum
346 2144 726 2215 blasphemal,
767 2163 878 2202 non
910 2150 1175 2204 confitens
1208 2164 1332 2204 eum
1369 2150 1733 2205 carniferum?

163 2233 246 2300 Qui
283 2247 459 2292 autem
504 2242 616 2294 hoc
670 2256 786 2294 non
827 2241 960 2295 dicit
993 2241 1170 2310 ipsum
1210 2243 1450 2312 perfecte
1497 2245 1732 2317 abnega-

161 2329 243 2391 vit,
279 2333 552 2388 exsistens
619 2333 897 2388 mortifer.
952 2332 1190 2398 Nomina
1247 2345 1428 2393 autem
1483 2338 1730 2408 ipsorum

159 2425 444 2481 exsistentia
468 2428 723 2483 inlidelia
748 2443 858 2482 non
890 2428 1068 2484 visum
1092 2438 1175 2484 est
1200 2431 1333 2484 mihi
1361 2431 1680 2487 inscribere.
1706 2451 1725 2482 ι

158 2519 269 2582 Quis
305 2522 448 2574 enim
502 2537 622 2575 non
680 2521 835 2576 videt
886 2521 1153 2590 lgnatium
1189 2522 1254 2576 ad
1303 2537 1499 2578 nomen
1545 2523 1732 2592 θεοφό-

157 2626 233 2683 ρω
259 2613 498 2682 epistolae
525 2615 825 2684 praefixum
857 2615 1129 2682 alludere,
1168 2617 1312 2686 quod
1353 2619 1576 2688 agnovit
1625 2621 1729 2676 sibi

155 2704 429 2772 uequidem
460 2721 494 2759 a
519 2705 756 2759 Doeetis
783 2714 1036 2772 negatum
1067 2705 1270 2762 fuisse?
1299 2705 1515 2763 Illorum
1546 2720 1728 2766 autem

158 2793 314 2851 laudes
352 2812 462 2851 non
511 2797 1052 2867 acceptabatLdum
1093 2814 1218 2852 eum
1266 2799 1526 2872 θεοφόρον
1561 2819 1729 2858 voca-

156 2897 280 2953 rent,
306 2899 582 2961 negarent
613 2898 807 2944 autem
850 2889 1131 2945 Christum
1172 2893 1544 2965 σαρκοφόρον,
1579 2904 1635 2950 et
1672 2911 1732 2951 se

154 2979 419 3047 probarent
444 2979 867 3052 νεκροφόρους·
902 2996 1078 3050 neque
1113 2997 1304 3037 eorum
1344 2984 1569 3039 nomina
1601 2988 1731 3040 reci-

155 3079 248 3125 tare
280 3073 519 3128 volebat.
581 3071 648 3126 Et
689 3072 746 3126 in
777 3072 1004 3140 epistola
1035 3073 1101 3128 ad
1147 3074 1456 3146 Magnesios
1489 3097 1504 3129 :
1543 3080 1730 3132 Κατα-
1758 3106 1802 3168 C

155 3159 335 3226 ξαοοεῖς
373 3163 485 3236 γὰρ
530 3163 816 3232 ὀνόματος
850 3163 1317 3235 θεοπρεπεστάτου
1355 3169 1413 3220 ὲν
1446 3161 1533 3232 οἷς,
1574 3187 1729 3241 περι-

153 3254 276 3324 ςὲρω
315 3255 545 3328 δεσμοῖς
593 3255 712 3327 ᾄδω
758 3256 857 3320 τὰς
907 3255 1250 3336 Ἰηξκκλησίας.
1301 3278 1318 3312 t
1369 3259 1730 3332 Dignilicatus

153 3346 270 3398 enim
309 3348 542 3402 nomine
589 3347 1101 3403 Deodeceutissimo
1144 3349 1197 3403 in
1237 3352 1440 3421 quibus
1485 3353 1728 3410 circum-

152 3432 245 3489 fero
268 3439 502 3492 vinculis
540 3447 716 3492 canto
746 3437 1041 3496 Eeclesias.
1084 3461 1110 3494 »-
1145 3441 1246 3497 Ubi
1281 3445 1384 3499 viri
1423 3445 1566 3501 docti
1597 3448 1731 3515 jun-

152 3537 261 3593 gunt
301 3530 430 3584 illud
473 3545 692 3583 nomen
741 3545 869 3584 cum
917 3532 974 3583 ἐν
1005 3526 1116 3598 οἷς,
1167 3541 1220 3588 et
1273 3543 1468 3604 putant
1495 3552 1615 3592 esse
1647 3539 1731 3592 vel

149 3616 544 3686 Christianum,
587 3621 756 3691 quasi
787 3618 1138 3679 Christianus
1188 3640 1296 3680 non
1331 3624 1527 3693 fuerit,
1569 3638 1729 3684 ante-

151 3726 287 3779 quam
317 3715 370 3769 in
401 3715 639 3771 vincula
672 3713 960 3784 conjectus
987 3723 1098 3779 est;
1120 3717 1204 3770 vel
1235 3716 1607 3775 confessorem
1635 3729 1729 3775 aut

151 3814 442 3877 martyrem,
476 3823 621 3863 cum
647 3806 990 3860 confessoris
1029 3822 1229 3862 nomen
1264 3809 1402 3863 adeo
1438 3811 1726 3880 antiquum

151 3907 248 3948 esse
275 3897 512 3953 minime
547 3896 847 3961 videatur;
882 3905 1174 3967 martyrem
1222 3907 1405 3951 autem
1445 3915 1730 3970 nunquam

149 3998 197 4038 se
230 3989 463 4057 appellat
518 3986 797 4058 lgnatius.
848 3985 913 4039 Et
961 3987 1188 4041 omnino
1237 3987 1326 4041 illa
1356 3989 1518 4043 verba
1561 3992 1617 4042 ὲν
1649 3987 1730 4055 οἷς

150 4079 400 4151 περιφέρω
413 4080 654 4150 δεσμοῖς
672 4079 861 4149 potius
882 4079 1236 4148 sequentibus
1252 4078 1362 4150 ᾅδω
1383 4079 1481 4144 τὰς
1511 4082 1733 4153 Ἐκκλη-

150 4167 249 4233 σίας
269 4171 634 4242 adjungenda
661 4169 944 4223 videntur.
979 4166 1137 4234 Quod
1164 4179 1218 4223 et
1246 4186 1312 4224 ex
1355 4171 1628 4249 sententia
1662 4173 1731 4226 ab

149 4259 454 4332 imperatore
491 4267 610 4320 lata
641 4264 848 4318 melius
879 4264 1057 4319 adhuc
1079 4263 1428 4333 intelligitur;
1456 4265 1560 4319 sub
1581 4266 1728 4320 enim

147 4352 234 4410 hoc
258 4359 484 4414 nomine
517 4357 830 4426 θεοφόρου,
865 4364 918 4409 et
953 4355 1021 4410 ad
1061 4355 1182 4425 ejus
1208 4355 1607 4424 expositionem
1637 4370 1729 4410 re-

147 4446 322 4506 latione
355 4452 576 4516 habita,
603 4450 659 4503 in
685 4448 914 4502 vincula
942 4448 1225 4517 conjectus
1256 4455 1360 4513 est,
1390 4446 1470 4502 uti
1500 4447 1556 4501 in
1577 4448 1730 4502 Actis
1762 4481 1806 4537 Β

149 4539 394 4611 legimus:
439 4563 458 4595 σ
500 4541 795 4612 Trajanus
826 4540 1212 4614 sententiavit:
1242 4537 1510 4611 lgnatium
1535 4539 1729 4610 prisci-

147 4635 304 4700 pimus
333 4638 392 4692 in
427 4637 624 4706 seipso
657 4634 943 4694 dicentem
979 4632 1337 4688 circumferre
1371 4632 1732 4699 crucifixum,

147 4725 362 4783 vinctum
387 4745 419 4784 a
449 4729 736 4784 militibus
759 4725 885 4781 duci
901 4725 956 4780 in
975 4741 1229 4797 magnam
1261 4723 1515 4780 Romam.
1539 4744 1558 4776 ι
1581 4725 1732 4780 Adeo

148 4833 236 4872 non
263 4822 383 4877 sine
411 4835 718 4877 sarcasmo
762 4818 1061 4887 imperator
1103 4817 1372 4889 lgnatium
1401 4817 1734 4873 condemna-

149 4914 228 4968 vit.
263 4915 366 4971 Sed
396 4919 682 4974 habemus
719 4921 891 4968 testes
930 4911 1152 4968 Eusebii
1192 4912 1530 4982 temporibus
1570 4913 1734 4982 longe

147 5008 488 5079 antiquiores.
525 5005 935 5063 Vetustissima
965 5005 1109 5060 enim
1139 5005 1273 5061 Acta
1304 5005 1421 5060 haec
1441 5005 1642 5059 diserte
1665 5004 1744 5058 de-

153 5094 200 5150 S.
237 5098 444 5171 lgnatio
489 5115 692 5157 coram
749 5094 990 5165 Trajano
1053 5096 1384 5165 imperatore
1432 5095 1734 5151 constituto

148 5200 376 5247 narrant.
415 5213 434 5244 ι
469 5191 764 5261 Trajanus
787 5185 960 5241 dixit:
987 5185 1127 5252 Quis
1148 5202 1210 5242 es
1239 5195 1320 5254 tu,
1359 5185 1731 5251 cacodzemon,

149 5283 228 5349 qui
261 5295 445 5342 nostra
496 5289 792 5356 praecepta
839 5278 1067 5334 festinas
1115 5279 1452 5350 transgredi;
1506 5286 1562 5333 et
1610 5277 1734 5332 aliis

147 5378 426 5441 persuades
476 5388 540 5434 ut
579 5375 736 5430 male
771 5372 1032 5442 pereant?
1069 5369 1310 5441 lgnatius
1349 5370 1486 5425 dixit
1516 5387 1531 5424 :
1563 5367 1734 5422 Nemo

153 5465 522 5538 Theophornm
553 5467 1010 5525 cacodmmonem
1045 5472 1220 5519 vocat.
1243 5483 1261 5515 ι
1283 5462 1526 5518 Rursus:
1549 5481 1568 5512 ‹
1601 5459 1735 5515 Tra-

146 5560 295 5627 janus
338 5563 470 5619 dixit
515 5582 527 5617 :
586 5562 660 5616 Et
711 5557 842 5628 quis
889 5565 973 5610 est
1033 5555 1439 5626 Theophorus?
1494 5552 1734 5624 lgnatius

147 5651 314 5709 dixit:
357 5656 454 5722 Qui
500 5655 806 5712 Christum
853 5651 1016 5706 habet
1062 5651 1118 5706 in
1169 5657 1407 5720 pectore.
1464 5646 1733 5726 Trajanus

209 5770 256 5804 ’⁸⁸
289 5770 338 5826 ιι
364 5773 482 5831 Cor.
519 5789 605 5840 v1,
638 5767 748 5826 16-

1845 491 2091 562 lgnatius
2118 495 2257 550 dixit
2294 513 2306 549 :
2351 496 2626 569 Scriptum
2667 509 2752 554 est
2775 499 2923 554 enim
2959 518 2973 554 :
3008 496 3332 555 Inhabitabo
3369 499 3451 554 in-

1843 583 1977 652 ipsis
2013 594 2063 638 et
2098 586 2439 642 inambulabo
2461 589 2527 644 “.
2563 608 2581 642 ι
2625 588 2730 655 Qui
2773 589 2928 646 locus
2964 590 3244 660 prophetae
3286 602 3318 644 Ἀ
3361 587 3423 648 .8.

1843 675 2050 747 Cyrillo
2093 680 2162 734 ad
2201 680 2294 733 τοῦ
2341 680 2597 754 θεοφόρου
2641 684 3062 753 explicationem
3106 683 3422 739 adhibetur.

1844 766 1942 824 llis
1969 770 2150 825 verbis
2175 780 2228 825 et
2257 787 2386 827 vera
2423 774 2724 844 antiquitas
2752 775 3025 840 nominis,
3067 784 3120 830 et
3150 791 3279 836 vera
3318 790 3422 835 uo-

1846 863 1922 917 tio
1961 865 2248 919 asseritur.
2278 865 2384 921 Sed
2413 865 2648 924 Dallreus
2672 868 2932 924 Actorum
2959 879 3236 925 auctorem
3269 887 3288 920 ι
3327 869 3423 924 diu

1844 966 1969 1026 post
2004 955 2198 1027 lgnatii
2232 968 2476 1030 tempora
2509 980 2529 1014 ›
2566 961 2772 1018 vixisse
2795 970 2970 1032 putat,
3003 980 3022 1014 ι
3065 963 3212 1033 quod
3237 973 3290 1018 et
3312 962 3422 1018 alia

1841 1045 2199 1114 confirmant,
2239 1049 2440 1120 inquit,
2471 1061 2522 1106 et
2546 1051 2689 1106 inter
2720 1062 2913 1108 caetera
2947 1068 3251 1119 sermones,
3281 1069 3421 1123 quos

1841 1154 1968 1192 cum
2007 1138 2246 1210 Trajano
2288 1157 2318 1195 a
2363 1152 2606 1214 martyre
2646 1145 2862 1200 habitos
2909 1145 3042 1200 Acta
3089 1145 3196 1200 ista
3227 1154 3422 1215 praeter

1841 1247 2060 1286 omnem
2085 1235 2198 1288 veri
2229 1251 2293 1290 ac
2319 1237 2503 1291 decori
2527 1237 2764 1306 speciem
2791 1237 3018 1308 lingunt.
3035 1259 3054 1291 ι
3071 1239 3239 1296 Miror
3264 1240 3423 1310 equi-

1840 1324 1962 1378 dem
1989 1340 2112 1380 eum
2143 1327 2258 1382 lucc
2289 1326 2477 1399 lgnatii
2524 1329 2658 1383 Acta
2715 1345 2998 1399 nunquam
3039 1330 3106 1386 de
3148 1330 3421 1385 industria

1838 1415 2144 1486 refutasse;
2177 1420 2482 1490 praesertim
2515 1436 2641 1476 cum
2683 1437 2745 1475 ea
2781 1430 2892 1475 tam
2935 1422 3147 1477 illustre
3179 1421 3422 1490 epistolae

1840 1510 1904 1563 ad
1936 1509 2214 1567 Romanos
2253 1513 2630 1568 testimonium
2663 1514 2961 1583 praebeant,
2991 1529 3158 1584 quam
3196 1514 3285 1568 ille
3309 1523 3421 1568 tam

1839 1601 2124 1659 fastidiose
2150 1606 2350 1676 rejicit.
2379 1605 2642 1672 Quaenam
2669 1606 2760 1660 illa
2793 1607 2900 1661 alia
2925 1607 3036 1662 sint
3062 1607 3280 1674 nescio,
3307 1621 3423 1662 ser—

1841 1709 2033 1750 mones
2068 1707 2212 1752 certe
2250 1714 2427 1768 neque
2458 1699 2568 1753 veri
2600 1714 2776 1767 neque
2810 1698 2994 1754 decori
3023 1698 3265 1754 rationes
3307 1706 3431 1753 tur-

1769 1749 1810 1807 B
1840 1787 1991 1841 bant.
2020 1786 2137 1842 Una
2171 1749 2380 1844 tantum
2413 1806 2516 1844 vox
2546 1806 2576 1844 a
2624 1749 2862 1860 Trlajano
2893 1799 3156 1860 usurpata
3195 1789 3421 1860 reliquis

1836 1879 2096 1934 omnibus
2123 1882 2470 1936 occasionem
2503 1881 2763 1950 praebuit;
2801 1898 2967 1952 quam
3019 1897 3183 1937 nemo
3222 1881 3422 1938 dixerit

1837 1969 2154 2039 imperatori
2184 1971 2408 2026 minime
2436 1972 2764 2038 convenire,
2795 1973 2890 2043 qui
2930 1988 3051 2028 eam
3080 1982 3227 2028 recte
3259 1972 3428 2028 intel-

1836 2061 2046 2116 lexerit.
2088 2061 2284 2116 Mirum
2318 2061 2552 2118 fortasse
2577 2063 2742 2119 alicui
2785 2065 3080 2130 videbitur,
3117 2063 3418 2135 Trajanum

1836 2152 1915 2206 sic
1958 2151 2226 2223 lgnatium
2265 2154 2625 2222 compellasse
2657 2173 2669 2208 :
2721 2173 2739 2206 ι
2791 2154 2926 2221 Quis
2961 2165 3018 2210 tu
3050 2171 3140 2223 es,
3179 2155 3424 2210 cacodae-

1834 2242 2026 2296 mou?»
2049 2242 2154 2299 Sed
2173 2241 2429 2311 quinovit
2453 2243 2581 2312 quid
2622 2244 2692 2297 sit
2718 2243 3084 2314 κακοδαίμων,
3109 2252 3163 2299 et
3185 2258 3422 2314 quomo-

1834 2335 1904 2388 do
1935 2334 2573 2405 Christianosinjudicio
2591 2337 2924 2406 compellare
2957 2337 3210 2392 solebant
3236 2336 3415 2392 ethni-

1834 2425 1916 2492 ci,
1950 2423 2108 2482 facile
2149 2428 2346 2482 sentiet
2383 2437 2437 2482 et
2485 2443 2674 2483 verum
2718 2429 2822 2484 hoc
2859 2439 2913 2484 et
2956 2431 3218 2485 decorum
3265 2443 3412 2486 esse.

1836 2514 1925 2570 Sic
1939 2516 2165 2572 Latinus
2192 2518 2459 2588 interpres
2485 2518 2539 2572 in
2563 2518 2828 2575 Passione
2847 2520 3174 2577 Andronici:
3207 2518 3421 2575 «Maxi-

1833 2624 1955 2664 mus
1981 2609 2122 2664 dixit
2150 2628 2163 2664 :
2196 2609 2335 2675 Quid
2360 2610 2473 2680 jam
2511 2610 2678 2666 habes
2717 2610 2923 2679 facere,
2951 2612 3093 2668 male
3117 2613 3356 2680 daemon,
3391 2631 3411 2666 ι

1833 2717 1957 2756 cum
1991 2717 2191 2771 praeses
2227 2703 2318 2758 ille
2347 2703 2484 2757 nihil
2518 2703 2666 2757 aliud
2701 2704 2910 2760 dixisse
2939 2706 3220 2772 videatur,
3249 2722 3416 2775 quam

1833 2793 2178 2864 κακόδαιμον.
2208 2791 2306 2848 Est
2334 2805 2514 2850 autem
2545 2794 2892 2866 κακοδαίμων
2915 2797 3052 2850 nihil
3075 2796 3222 2852 aliud
3250 2813 3418 2868 quam

1833 2883 2018 2938 infelix
2063 2886 2247 2938 homo.
2297 2883 2477 2941 Gloss.
2527 2884 2642 2940 Vet.
2682 2884 3035 2958 κακοδαίμων
3071 2903 3092 2939 ι
3129 2887 3416 2942 calamito-

1833 2991 1948 3030 sus.
1985 2993 2004 3025 ι
2050 2973 2117 3028 Ut
2150 2973 2250 3028 Dio
2279 2973 2712 3046 Chrysostomus
2740 2976 2835 3047 qui
2866 2977 3002 3032 vixit
3038 2977 3143 3031 sub
3183 2977 3418 3048 imperio

1835 3067 2061 3138 Trajani
2099 3068 2501 3123 Alexandrinos
2546 3068 2846 3138 alloquitur
2889 3069 3144 3124 oratione-
3179 3069 3249 3124 52
3292 3092 3308 3128 :
3349 3069 3417 3125 Τί

1835 3157 1924 3214 οὖν
1957 3161 2114 3214 τοῦτο
2143 3161 2414 3232 λαμπρὸν,
2449 3154 2494 3214 ὧ
2531 3159 2956 3231 κακοδαίμονες;
3015 3179 3034 3212 ι
3073 3158 3212 3226 Quid
3251 3161 3418 3233 igitur

1835 3253 1938 3308 hoc
1962 3252 2211 3323 praeclari
2239 3262 2342 3319 est,
2379 3267 2412 3306 ο
2440 3251 2724 3308 infelices?
2767 3272 2784 3305 ι
2825 3251 2932 3309 Eos
2963 3262 3146 3306 autem
3172 3253 3246 3308 ita
3274 3268 3419 3308 com-

1832 3347 2028 3416 pellat,
2061 3354 2282 3415 propter
2322 3345 2447 3402 illos
2485 3346 2579 3416 qui
2613 3342 2780 3400 vitam
2819 3360 2973 3399 suam
3019 3354 3216 3415 praeter
3242 3345 3413 3400 ratio-

1832 3452 1957 3490 nem
1997 3437 2370 3506 projecerunt.
2402 3439 2538 3490 Φασὶ
2582 3435 2714 3506 γοῦν
2751 3437 2850 3508 ἤδη
2882 3437 3033 3500 τινὰς
3072 3437 3180 3491 τῶν
3201 3437 3416 3490 ἀπολω-

1829 3529 1995 3581 λότων
2029 3528 2116 3582 διὰ
2149 3527 2246 3600 τὴν
2280 3527 2534 3600 τοιαύτην
2569 3532 2838 3601 πρόφασιν
2870 3529 3299 3594 νεανιεύσασθαι,
3338 3530 3414 3602 μὲ

1831 3621 2300 3693 παραιτουμένους
2320 3621 2410 3676 τὸν
2444 3621 2695 3687 θάνατον,
2718 3620 2852 3675 ἀλλὰ
2883 3621 3410 3698 προσλιπαροῦντας,

1830 3711 1976 3775 ὅπως
2009 3710 2314 3764 ἀκούσωσιν
2348 3711 2625 3766 ὲπιπλέον.
2669 3730 2689 3762 ι
2730 3712 2899 3768 Aiunt
2927 3713 3090 3784 igitur
3115 3713 3228 3784 jam
3255 3728 3416 3785 quos-

1831 3803 1956 3856 dam
1983 3817 2178 3858 eorum
2206 3803 2302 3873 qui
2323 3805 2605 3875 perierunt
2633 3819 2700 3873 es
2749 3805 2842 3859 tali
2871 3820 3039 3860 causa
3070 3805 3320 3861 animose
3354 3819 3415 3860 se

1832 3895 2100 3967 gessisse,
2141 3911 2250 3951 non
2283 3897 2640 3967 deprecantes
2678 3906 2911 3953 mortem
2934 3937 2950 3963 ,
2983 3898 3077 3952 sed
3103 3897 3414 3968 supplican-

1834 3998 1935 4054 tes,
1968 3996 2026 4042 ut
2058 3988 2268 4046 diutius
2299 3989 2490 4045 audire
2523 3991 2732 4061 liceret.
2770 4009 2789 4041 ι
2826 3987 2939 4046 llos
2977 3989 3294 4060 δυστυχεῖς,
3321 4007 3414 4044 τα-

1831 4083 2174 4154 λαιπώρους,
2210 4083 2606 4155 κακοδαίμονας
2646 4083 2924 4155 appellat;
2967 4093 3022 4139 et
3070 4083 3414 4138 Christianos

1833 4175 1902 4228 ad
1943 4173 2204 4245 martyria
2229 4172 2557 4229 festinantes
2586 4173 2722 4229 tales
2756 4174 2983 4228 omnino
3019 4173 3318 4248 putabant,
3360 4179 3416 4226 et

1832 4262 2051 4316 miseros
2081 4277 2145 4316 ac
2175 4262 2410 4331 infelices
2435 4262 2686 4318 homines
2727 4271 2860 4318 tunc
2888 4264 3152 4334 temporis
3173 4263 3418 4334 plerum-

1833 4369 1942 4424 que
1987 4355 2278 4410 vocabant.
2313 4352 2386 4408 Ut
2422 4354 2619 4409 Arrius
2661 4355 2972 4411 Antoninus
3020 4355 3167 4424 apud
3201 4353 3417 4410 Tertul—

1833 4449 2042 4503 lianum
2077 4449 2132 4502 in
2155 4448 2285 4504 Asia
2312 4458 2578 4520 martyres
2608 4448 2877 4504 allocutus
2902 4456 3019 4503 est:
3044 4443 3115 4500 Ὦ
3148 4446 3332 4514 δειλοί,
3359 4449 3419 4505 id

1833 4550 1948 4608 est,
1992 4558 2012 4592 ι
2063 4557 2096 4596 o
2140 4541 2329 4595 miseri
2384 4550 2440 4595 et
2489 4538 2738 4595 infelices
2794 4540 3080 4595 homines!
3119 4558 3139 4592 ι
3189 4537 3417 4595 Homeri

1836 4626 2278 4710 Scholiastesutb
2309 4631 2500 4686 ἄθλιοι.
2538 4631 2844 4703 Hesychius
2876 4649 2888 4685 :
2921 4627 2996 4684 *Α
3014 4629 3197 4698 δειλοὶ,
3231 4624 3277 4685 ὧ
3309 4631 3418 4686 6st-

1833 4724 1937 4787 λοὶ,
1969 4723 2062 4776 καὶ
2095 4723 2506 4794 κακοδαίμονες.
2544 4723 2699 4780 Unde
2733 4725 2874 4780 idem
2905 4724 3280 4781 emendandus
3302 4733 3415 4781 sta-

1834 4817 1932 4870 tim
1965 4817 2035 4872 ab
2066 4817 2246 4885 initio,
2273 4817 2366 4872 καὶ
2397 4817 2458 4870 τὸ
2481 4834 2516 4870 α
2548 4817 2770 4890 ἄρθρον,
2811 4819 2886 4882 ὡς
2921 4821 3054 4889 παρ’
3095 4818 3340 4892 Ὁμήρῳ,
3373 4824 3410 4876 ἄ

1833 4909 2014 4982 δηλοῖ,
2041 4911 2352 4983 Legendum
2379 4911 2522 4964 enim
2556 4920 2658 4978 est,
2701 4921 2796 4966 καὶ
2837 4911 2899 4965 τὸ
2929 4929 2974 4964 ω
2997 4912 3198 4984 ἄρθρον
3243 4913 3421 4982 (nem-

1837 5018 1902 5072 pe
1940 5003 2132 5076 δηλοῖ),
2152 5004 2229 5068 ὡς
2265 5006 2395 5072 παρ’
2435 5005 2675 5076 Ὁμήρῳ,
2706 5000 2780 5057 τΛ
2802 5004 2983 5058 δειλοί.
3009 5004 3210 5075 Nuperi
3239 5005 3418 5059 edito-

1837 5111 1925 5150 res
1972 5107 2201 5153 monent
2249 5098 2339 5153 hic
2375 5088 2414 5150 οῖ
2463 5113 2570 5151 non
2602 5111 2723 5151 esse
2761 5095 2982 5170 ἄρθρον,
3040 5096 3136 5150 Sed
3194 5094 3420 5150 omnino

1835 5187 2012 5244 voluit
2058 5188 2364 5262 Hesychius
2407 5185 2443 5243 ἆ
2497 5187 2641 5259 apud
2692 5186 2986 5242 Homerum
3029 5200 3128 5255 pro
3190 5177 3236 5236 ὦ
3287 5185 3420 5240 arti-

1836 5281 1964 5336 culo
1999 5282 2238 5352 positum
2268 5296 2421 5348 esse;
2475 5282 2592 5351 ipse
2643 5281 2788 5334 enim
2837 5294 2938 5332 suo
3001 5278 3120 5331 loco
3153 5293 3166 5330 :
3205 5269 3274 5328 Ὠ
3318 5277 3420 5349 ἄρ-

1837 5372 1998 5444 θρον,
2053 5374 2320 5444 κλητικῆς
2383 5373 2662 5436 πτώσεως,
2700 5366 2810 5424 οἷον
2842 5365 2916 5424 Ὦ
2949 5369 3239 5438 ἄνθρωπε.
3276 5368 3420 5442 Lege

1839 5464 2008 5534 igitur
2061 5465 2156 5517 καὶ
2204 5465 2266 5516 τὸ
2320 5457 2385 5529 ὦ,
2442 5462 2909 5532 quemadmodum
2971 5461 3116 5529 apud
3189 5458 3418 5515 Suidam

1836 5555 2091 5626 legimus,
2125 5554 2306 5608 καὶτὸ
2339 5549 2404 5618 ὦ,
2451 5555 2716 5624 Ὄμηρος,
2765 5549 2800 5606 ἆ
2835 5552 3040 5624 δειλήτι
3082 5553 3290 5619 κακῶν,
3325 5554 3418 5608 ubi

1837 5648 2000 5706 etiam
2026 5647 2332 5716 legendum,
2353 5642 2426 5697 ’Ἃ
2449 5646 2646 5709 δειλοὶ,
2666 5644 2716 5699 τί
2734 5644 2917 5702 κακῶν
2935 5663 2952 5713 ;
2971 5647 3162 5717 Odyss.
3183 5645 3246 5709 Κ,
3275 5644 3371 5700 451
3401 5661 3413 5696 :
