3800 6208
383 298 490 354 403

1431 303 1487 357 S.
1527 303 1872 360 IGNATIUS.
1911 333 1978 343 —
2019 297 2556 357 PROLEGOMENA.

3527 291 3625 346 404

381 412 457 474 Ἀ
491 418 698 486 δειλοὶ,
734 421 871 475 πόσ⁹
907 422 1060 492 ἴμεν,
1096 440 1146 476 τι
1184 423 1383 478 κακῶν
1415 400 1665 494 ἱμείρετε
1694 426 1949 485 tantm;

2060 421 2151 490 qui
2181 419 2409 477 Joannis
2434 417 2668 490 theOIOgi
2692 431 2984 490 germanus
3015 413 3318 484 discipulus
3349 409 3475 475 luit,
3508 424 3628 463 san-

455 507 536 562 Ad
566 524 687 578 quae
735 508 954 565 Homeri
989 512 1175 578 verba,
1209 532 1227 564 ι
1272 529 1442 582 quare
1482 517 1596 568 haec
1641 514 1784 568 mala
1816 514 1952 568 adeo

384 599 740 655 desideratis?
775 619 795 652 ι
826 601 1080 656 allusisse
1121 604 1338 658 videtur
1380 605 1573 660 Arrius
1619 605 1950 660 Antoninus.

385 690 480 748 Sic
502 693 771 749 Maximus
800 710 1003 765 praeses
1051 695 1292 751 Probum
1339 699 1712 755 confessorem
1758 701 1954 756 allatus

380 796 499 840 eSt:
538 803 557 836 ι
596 785 895 855 chuiesce
926 803 956 841 a
996 790 1238 843 vanitate
1278 799 1371 845 tua
1404 809 1417 844 :
1458 806 1527 845 an
1571 807 1859 862 permanes
1898 794 1951 845 in

381 877 584 931 duritia
624 878 830 933 miser?
868 898 885 931 ι
916 889 969 935 et
1002 900 1013 934 :
1063 900 1081 933 ι
1116 883 1362 941 ,Atteude
1390 900 1590 950 corpus
1620 894 1771 939 tuum
1800 925 1816 951 ,
1851 885 1955 938 mi-

380 983 510 1032 ser;
549 987 569 1019 ι
603 977 656 1022 et
684 969 1093 1027 Andronicum:
1133 992 1153 1024 ι
1191 972 1310 1028 Non
1337 976 1507 1030 sentis
1533 984 1825 1040 tormenta,
1851 978 1953 1031 mi-

379 1060 502 1115 ser?
531 1079 550 1111 t
587 1071 640 1116 et
668 1061 974 1118 Tarachum
1009 1084 1022 1118 :
1058 1083 1076 1117 ι
1119 1064 1504 1136 Misererejam
1540 1068 1651 1133 tui,
1683 1069 1889 1132 miser;
1929 1088 1947 1121 ›

378 1162 543 1222 atque
581 1152 654 1206 ita
686 1155 907 1223 saepius.
940 1153 1060 1210 Non
1109 1157 1269 1211 aliter
1313 1157 1637 1214 Ammianus
1679 1159 1950 1215 Marcelli-

376 1261 483 1300 nus
515 1264 528 1299 :
568 1265 585 1297 (
616 1245 988 1319 Poterantque
1017 1250 1316 1305 miserandi
1353 1252 1600 1308 homines
1632 1254 1699 1307 ad
1736 1255 1953 1311 crudele

378 1342 708 1412 supplicium
741 1343 889 1399 ducti
927 1345 1372 1401 Christianorum
1406 1347 1723 1417 adjumeuto
1759 1347 1951 1404 defen-

376 1436 455 1497 di,
481 1437 535 1489 ni
570 1437 788 1509 Georgii
816 1438 943 1492 odio
973 1454 1165 1494 omnes
1213 1437 1506 1496 indiscrete
1546 1440 1889 1511 ﬂagrassent.
1928 1461 1947 1495 ι

377 1528 516 1584 Cum
554 1530 720 1599 igitur
757 1529 1028 1602 Trajanus
1078 1532 1146 1586 ad
1192 1533 1461 1603 lguatium
1511 1534 1615 1589 hac
1659 1537 1955 1606 compella-

376 1623 528 1678 tione
549 1639 684 1679 usus
719 1633 885 1691 esset,
918 1620 963 1678 ὦ
997 1626 1348 1698 κακόδαιμον,
1378 1628 1467 1682 ille
1491 1640 1705 1700 arrepta
1744 1632 1845 1687 hac
1867 1647 1953 1687 oc-

378 1716 621 1781 casione,
653 1717 895 1787 gentium
926 1717 1208 1789 δαίμονας,
1234 1729 1293 1774 ut
1319 1720 1568 1775 solebant
1589 1723 1949 1779 vetustissimi

378 1806 695 1876 Christiani,
726 1809 985 1879 exagitat.
1007 1809 1280 1866 Putabant
1302 1814 1447 1868 enim
1471 1813 1673 1868 ethnici
1703 1814 1951 1871 homines

376 1899 778 1970 κακοδαίμονας
811 1901 969 1955 malis
1002 1902 1176 1971 geniis
1207 1919 1304 1957 seu
1350 1904 1691 1962 daemonibus
1716 1906 1949 1961 inservi-

375 2006 456 2045 re.
491 1988 627 2044 Dion
667 1989 1117 2062 Chrysostomus,
1155 1995 1405 2050 oratione
1425 1996 1497 2050 9.5
1530 2016 1542 2051 :
1586 1997 1822 2070 Ἀνάγκη
1854 2016 1953 2051 κα-

374 2082 666 2154 κοδαίμονα
706 2086 934 2154 φάσκειν
966 2087 1128 2139 αὑτὸν
1163 2088 1316 2160 κακῷ
1348 2089 1561 2162 δαίμονι
1596 2093 1954 2163 συνεζευγμέ-

375 2186 465 2222 νον
506 2172 599 2223 καὶ
637 2172 987 2244 λατρεύοντα.
1020 2194 1039 2227 ι
1075 2174 1307 2235 Necesse
1336 2189 1422 2235 est
1472 2197 1596 2235 eum
1638 2182 1819 2237 dicere
1865 2183 1953 2236 in-

374 2259 589 2316 felicem
612 2304 626 2327 ,
692 2265 837 2319 malo
880 2268 1039 2336 genio
1070 2269 1424 2339 coniunctum
1464 2282 1518 2327 et
1548 2276 1895 2329 servientem.
1928 2295 1946 2326 ι

373 2349 535 2419 Nam,
602 2362 664 2409 ut
720 2357 978 2413 observat
1034 2361 1368 2429 Chalcidius,
1434 2382 1453 2415 ι
1506 2366 1662 2435 juxta
1717 2382 1952 2436 usurpa-

375 2454 489 2499 tam
547 2461 715 2516 penes
756 2447 973 2505 Graecos
1017 2451 1274 2521 loquendi
1343 2456 1794 2511 consuetudinem
1840 2467 1949 2513 tam

375 2536 553 2591 sancti
597 2546 725 2592 sunt
770 2538 1081 2609 daemones,
1132 2559 1297 2613 quam
1344 2547 1539 2615 polluti
1575 2557 1630 2602 et
1677 2548 1881 2604 infecti.
1928 2570 1948 2604 ›

374 2628 626 2684 Ostendit
651 2629 815 2700 igitur
837 2631 1078 2701 seipsum
1104 2651 1215 2690 non
1246 2638 1391 2693 malo
1406 2639 1564 2707 genio
1577 2640 1949 2710 conjunctum,

375 2718 471 2772 sed
500 2717 613 2772 Deo
640 2719 842 2789 potius,
876 2721 977 2775 vel”
993 2722 1060 2777 ab
1094 2724 1213 2793 ipsa
1266 2729 1627 2797 appellatione
1670 2730 1949 2804 θεοφόρου,

375 2825 500 2879 qua:
539 2810 642 2880 ipsi
676 2827 706 2865 a
739 2811 1069 2870 Christianis
1099 2818 1359 2873 attributa
1395 2829 1497 2874 est.
1528 2819 1624 2875 His
1650 2822 1952 2879 observatis

374 2902 575 2973 reliqui
611 2918 897 2959 sermones
928 2914 980 2960 et
1006 2909 1255 2977 personis
1302 2920 1356 2965 et
1402 2912 1479 2966 rei
1511 2913 1627 2982 ipsi,
1648 2914 1783 2971 satis
1812 2930 1951 2969 con-

376 2994 623 3050 scntanei
656 3003 805 3050 sunt.
844 2994 1121 3053 Fruantur
1159 3001 1325 3070 igitur
1361 3018 1424 3057 ea
1458 3004 1794 3075 antiquitatis
1834 3007 1951 3076 cpi-

374 3087 543 3141 nione
576 3102 741 3156 quam
776 3087 845 3144 iis
883 3087 1137 3145 Usserius
1171 3093 1555 3163 antiquitatum
1591 3096 1836 3166 optimus
1860 3098 1951 3168 juo

372 3178 476 3233 de:
503 3179 835 3233 conciliavit.
869 3177 1057 3250 Neque
1090 3182 1204 3236 haec
1230 3198 1335 3237 vox
1376 3184 1545 3239 ullum
1592 3184 1661 3240 iis
1692 3186 1950 3240 novitatis

374 3272 590 3342 signum
625 3270 905 3342 imprimit.
935 3272 1191 3343 Epistola:
1219 3276 1349 3346 ipsa:
1382 3286 1504 3331 ante
1532 3275 1753 3332 Eusebii
1771 3278 1951 3333 Histo-

371 3365 511 3418 riam
539 3378 603 3419 ex
650 3364 1091 3421 adversariorum
1119 3368 1485 3434 confessione,
1515 3384 1583 3424 ex
1614 3378 1803 3445 nostra
1834 3370 1951 3425 dis-

371 3458 657 3528 putatione
689 3474 719 3512 a
750 3457 1051 3531 Polycarpo
1091 3461 1250 3516 editae
1291 3461 1417 3517 huic
1461 3464 1774 3533 antiquitati
1815 3464 1949 3520 satis

371 3550 760 3623 suffragantur.
791 3550 977 3622 Neque
1007 3553 1197 3608 dubito
1233 3555 1365 3624 quin
1401 3555 1466 3609 ad
1501 3556 1717 3611 titulum
1760 3572 1949 3626 respe-

370 3642 511 3697 xerit
542 3653 765 3698 sanctus
800 3643 1094 3716 Dionysius
1143 3660 1269 3701 cum
1327 3660 1452 3700 eum
1519 3648 1736 3702 vocavit
1793 3639 1947 3701 Θεῖον

383 3734 665 3805 Ἱγνάτιον.
711 3734 1016 3790 δὐοοίηυηι
1042 3735 1290 3806 epistolis
1329 3747 1440 3793 tres
1492 3738 1699 3793 nobiles
1730 3738 1950 3794 Graeciae

371 3826 687 3895 scriptores,
712 3824 1079 3895 Ephrzemius,
1102 3826 1293 3882 Jobius
1333 3838 1387 3883 et
1423 3828 1690 3883 Gobarus.
1735 3828 1951 3899 Ephrae-

344 3916 518 3985 ,mius
546 3917 866 3986 patriarcha
897 3919 1223 3986 Antiochiae,
1258 3919 1526 3991 etlgnatii
1559 3936 1625 3974 ex
1662 3920 1950 3973 intervallo

371 4019 659 4060 successor
711 4006 853 4061 inter
894 4005 1083 4063 Patres
1115 4010 1363 4064 meminit
1404 4010 1664 4078 Ἰγνατίου
1704 4010 1796 4064 τοῦ
1835 4009 1951 4063 θεο-

372 4097 570 4168 φόρου,
612 4106 750 4153 teste
787 4097 986 4155 Photio
1018 4101 1204 4157 codice
1249 4102 1377 4157 227.
1417 4100 1610 4157 Jobius
1643 4104 1949 4159 monachus

368 4189 514 4257 apud
558 4190 809 4244 eumdem
833 4230 848 4256 ,
884 4192 1071 4247 codice
1103 4193 1211 4248 222
1252 4212 1267 4248 :
1312 4194 1449 4264 Φησὶ
1490 4194 1599 4266 γὰρ
1630 4197 1658 4247 ὁ
1694 4195 1949 4267 θεοφόρος

382 4278 639 4347 Ἰγνάτιος
663 4280 787 4351 τρία
810 4281 992 4335 λαϐεῖν
1011 4283 1101 4336 τὸν
1132 4284 1370 4358 ἄρχοντα
1396 4285 1489 4338 τοῦ
1521 4285 1714 4350 αἰῶνος
1733 4288 1945 4342 τούτου.

369 4368 696 4439 Stephanus
727 4369 980 4428 Gobarus
1023 4374 1149 4429 cod.
1190 4374 1298 4428 252
1340 4394 1354 4429 :
1405 4376 1663 4445 Ἰγνάτιος
1704 4379 1887 4449 μέντοι
1919 4382 1948 4433 ὁ

365 4458 655 4529 Θεοτρόρος,
710 4464 804 4517 καὶ
858 4464 1092 4535 Κλήμης
1141 4468 1170 4519 ὁ
1214 4467 1596 4539 Στρωματεύς.
1651 4468 1732 4524 Ad
1786 4471 1945 4525 linem

367 4556 507 4607 sexti
542 4554 728 4610 saeculi
760 4554 1022 4616 Leontius
1050 4557 1368 4630 Byzantius,
1401 4560 1505 4615 sub
1542 4561 1699 4616 initio
1733 4564 1946 4634 septimi

366 4646 673 4704 Antiochus
698 4690 714 4717 ,
759 4663 819 4704 ut
848 4650 903 4705 in
931 4650 1285 4708 Testimoniis
1315 4653 1499 4708 videre
1529 4664 1615 4711 est
1639 4696 1654 4721 ,
1693 4656 1836 4711 idem
1871 4665 1950 4710 te-

368 4746 602 4794 stantur.
628 4739 831 4796 Eodem
864 4745 1066 4799 saeculo
1111 4754 1303 4800 auctor
1344 4746 1591 4803 Chronici
1635 4748 1946 4803 Alexandri-

371 4838 450 4902 m‘,
476 4831 637 4901 cujus
666 4835 1042 4890 testimonium
1079 4838 1403 4901 omisimus,
1438 4840 1699 4907 quoniam
1747 4840 1951 4909 episto-

366 4919 475 4974 lam
511 4921 905 4991 interpolatam'
946 4932 1151 4993 spectat
1186 4940 1199 4974 τ
1238 4925 1358 4978 Ὅτι
1405 4925 1460 4978 δὲ
1492 4929 1641 4996 τρεῖς
1669 4927 1950 4989 ἐνιαυτοὺς

368 5012 613 5085 κηρύξας
642 5015 703 5067 τὸ
723 5016 1052 5085 Εὐαγγέλιον
1074 5019 1102 5070 ὁ
1131 5016 1336 5087 Κύριος
1366 5019 1458 5070 ἐπὶ
1478 5019 1567 5071 τὸν
1595 5019 1840 5072 ἑκούσιον
1858 5020 1949 5072 καὶ

367 5103 631 5167 ζωοποιὸν
660 5102 791 5177 ἦλθε
817 5108 1070 5181 σταυρὸν,
1101 5108 1340 5161 διδάσκει
1358 5108 1448 5162 καὶ
1490 5110 1744 5177 Ἰγνάτιος
1768 5110 1796 5161 ὁ
1824 5110 1952 5163 Θεο-

362 5195 535 5268 φόρος
562 5199 662 5251 καίΔ
684 5199 896 5269 μάρτυς
915 5239 930 5264 ,
967 5201 996 5253 ὁ
1028 5199 1275 5254 Ἰωάννου
1315 5200 1411 5254 τοῦ
1452 5200 1701 5269 θεολόγου
1730 5203 1951 5273 γνήσιος

373 5287 623 5359 μαθητὴς
656 5290 930 5358 γεγονὼς,
970 5291 1072 5362 τῆς
1118 5291 1176 5346 δὲ
1202 5295 1261 5345 ὲν
1298 5292 1598 5363 Ἀντιοχείᾳ
1640 5293 1950 5365 ἁγιωτάτης

386 5377 712 5447 Ἐκκλησίας
740 5381 1039 5445 ἐπίσκοπος
1069 5381 1173 5435 ὑπὸ
1205 5382 1313 5435 τῶν
1334 5383 1646 5435 ἀποστόλων
1674 5400 1948 5437 καταστα-

360 5467 506 5529 θείς.
541 5487 560 5519 ι
599 5468 754 5535 Quod
790 5480 972 5526 autem
1008 5472 1303 5540 Dominus,
1336 5489 1460 5528 cum
1490 5489 1589 5543 per
1632 5482 1740 5529 tres
1776 5491 1950 5531 annos

375 5557 726 5628 Evangelium
760 5563 1131 5632 praedicasset,
1164 5565 1231 5621 ad
1260 5565 1622 5620 voluntariam
1651 5577 1702 5622 et
1730 5567 1946 5622 vitalem

374 5662 592 5705 crucem
630 5653 869 5718 venerit,
907 5655 1069 5709 docet
1100 5654 1345 5726 lgnatius
1388 5656 1567 5712 Deiler
1613 5666 1667 5713 ct
1718 5666 1943 5729 martyr,

446 5765 492 5797 ⁵⁵
533 5763 724 5819 Matth.
752 5782 907 5831 xvtu,
946 5767 980 5819 ’5

2057 512 2425 582 ctissimaeque
2477 510 2742 577 Ecclesiae
2797 508 3149 563 Antiochena:
3204 503 3505 573 episcopus
3562 500 3628 553 ab

2058 604 2322 672 apostolis
2372 601 2725 657 constitutus.
2764 617 2783 650 ι
2832 597 2986 653 Unde
3024 596 3188 666 paulo
3228 601 3357 664 post
3386 590 3627 647 ostendit

2055 711 2150 751 eos
2184 695 2278 765 qui
2317 694 2604 747 tradebant
2638 690 2915 745 Christum
2954 704 3048 758 per
3096 696 3333 757 quatuor
3366 698 3545 738 annos
3577 690 3627 735 et

2054 788 2263 857 aliquot
2292 786 2409 841 dies
2438 785 2791 854 praedicasse,
2823 780 3263 849 ἐναντιουμένους
3300 775 3381 847 τῷ
3414 774 3626 846 ῥηθέντι

2054 876 2308 946 Θεοφόρῳ
2347 875 2441 928 καὶ
2468 874 2721 945 μάρτυρι.
2758 870 3036 925 Successit
3081 870 3167 924 itis
3202 867 3481 922 Maximus
3508 881 3628 935 pru-

2056 970 2205 1023 ximo
2228 968 2449 1033 saaculo,
2485 968 2576 1036 qui
2602 967 2730 1020 huic
2759 965 2835 1019 rei
2862 965 3072 1018 illustre
3102 961 3483 1017 testimonium
3504 974 3629 1029 prae-

2054 1062 2146 1115 bet
2176 1080 2188 1114 :
2234 1062 2321 1124 Ὠς
2354 1059 2446 1114 καὶ
2481 1060 2540 1113 τὸ
2570 1058 2838 1129 Θεοφὸρος
2870 1056 3128 1119 πολλάκις
3160 1053 3308 1125 αὐτῷ
3337 1051 3628 1121 λεγόμενάν

2054 1171 2112 1207 τε
2152 1154 2246 1207 καὶ
2289 1151 2652 1224 γραφόμενον·
2708 1170 2726 1202 ‹
2776 1160 2837 1204 ut
2881 1150 3009 1204 illud
3058 1147 3385 1203 vocabulum
3433 1144 3628 1212 Θεοφά-

2056 1263 2148 1318 ρος
2178 1259 2317 1313 saepe
2340 1244 2408 1298 ab
2436 1259 2501 1298 eo
2528 1252 2583 1298 et
2612 1243 2817 1298 dictum
2844 1252 2897 1297 et
2926 1241 3217 1311 scriptum.
3250 1258 3268 1293 ι
3304 1238 3463 1293 Istud
3485 1238 3625 1292 enim

2054 1338 2317 1407 scriptum
2350 1336 2632 1406 epistolas,
2659 1334 2863 1389 dictum
2896 1344 3075 1388 autem
3119 1332 3252 1386 Acta
3293 1338 3539 1401 spectat;
3575 1338 3629 1384 et

2054 1430 2184 1484 illud
2238 1430 2455 1498 quidem
2501 1428 2854 1499 epistolarum
2907 1427 3133 1492 titulos,
3191 1426 3297 1481 hoc
3348 1440 3629 1480 sermones

2054 1538 2178 1578 cum
2229 1521 2465 1590 Trajano
2515 1521 2733 1576 habitos
2781 1519 3089 1575 confirmat.
3144 1516 3348 1572 Eadem
3399 1515 3631 1585 septimo

2055 1615 2258 1669 saeculo
2292 1614 2408 1668 haac
2440 1614 2584 1668 Acta
2609 1621 2856 1668 secutum
2892 1627 3013 1666 esse
3050 1610 3252 1665 Bedam
3287 1617 3543 1673 constat,
3572 1616 3630 1661 ut

2054 1715 2109 1760 et
2156 1714 2350 1761 octavo
2390 1704 2655 1760 Adonem.
2687 1703 2799 1759 Nec
2843 1713 3025 1758 tamen
3057 1702 3163 1755 ulla
3189 1701 3372 1756 adhuc
3406 1707 3631 1769 apparet

1983 1780 2025 1839 Β
2054 1798 2213 1852 istius
2245 1798 2473 1863 fabulae,
2508 1806 2604 1852 aut
2637 1797 2862 1852 alterius
2917 1794 3227 1865 Theophori
3271 1793 3630 1864 signiﬁcatio-

1976 3149 2019 3207 C

2053 1891 2161 1955 nis,
2186 1890 2269 1944 vel
2300 1890 2421 1943 vola
2454 1890 2539 1944 vel
2564 1890 2872 1958 vestigium.

2123 1979 2377 2036 Omnium
2412 1981 2800 2051 antiquissimi,
2828 1995 2966 2050 quos
2985 1993 3083 2051 pro
3110 1993 3210 2034 sua
3239 1976 3434 2032 fabula
3461 1977 3630 2033 addu~

2053 2074 2129 2127 cit
2164 2072 2420 2140 Dallaeus,
2472 2081 2600 2128 sunt
2648 2072 2972 2128 Anastasius
3023 2070 3525 2136 Bibliothecarius,
3575 2078 3630 2125 et

2054 2166 2275 2222 Simeon
2306 2165 2733 2236 Metaphrastes;
2758 2179 2988 2234 quorum
3015 2164 3286 2233 posterior
3326 2162 3483 2218 Vitas
3506 2179 3631 2217 san-

2052 2269 2264 2314 ctorum
2290 2275 2398 2313 nou
2430 2259 2533 2314 nisi
2551 2270 2672 2329 post
2690 2258 2905 2312 initium
2930 2256 3128 2311 decimi
3158 2256 3349 2312 sreculi
3368 2257 3627 2326 scripsit;

2052 2354 2204 2422 prior
2238 2361 2418 2407 autem
2440 2360 2694 2422 vergente
2716 2349 2781 2404 ad
2813 2350 2972 2404 linem
3005 2364 3151 2404 nono
3194 2358 3452 2404 octavam
3500 2365 3629 2419 syn-

2052 2444 2217 2497 udum
2258 2442 2447 2497 Latine
2473 2442 2662 2498 edidit.
2703 2439 2839 2496 Huic
2870 2452 3048 2496 autem
3090 2442 3236 2496 inter
3272 2444 3497 2496 notulas
3518 2442 3633 2496 lucc

2054 2536 2327 2605 aspersit:
2360 2554 2377 2587 ι
2413 2533 2665 2589 Tradunt
2708 2533 2904 2599 Graaci,
2955 2533 3100 2603 quod
3142 2534 3415 2603 parvulus
3466 2549 3628 2603 quem

2054 2628 2323 2684 Dominus
2356 2628 2678 2682 advocatum
2712 2627 2905 2680 statuit
2938 2627 2991 2680 iu
3020 2627 3199 2680 medio
3231 2626 3427 2683 dicens
3456 2646 3469 2681 :
3506 2626 3632 2681 Nisi

2053 2720 2285 2777 conversi
2323 2719 2531 2787 fueritis
2565 2728 2614 2772 et
2644 2719 2939 2788 eﬂiciamiui
2974 2719 3111 2771 sicut
3147 2717 3233 2771 hic
3268 2719 3529 2787 parvulus
3561 2718 3633 2786 ⁸⁸,

2052 2822 2180 2878 etc.,
2200 2811 2301 2867 iste
2325 2812 2568 2881 lguatius
2590 2810 2693 2865 fuit
2716 2820 2769 2865 et
2792 2811 2998 2865 idcirco
3022 2811 3168 2865 hunc
3196 2809 3480 2865 Deiferum
3499 2827 3632 2866 nun-

2053 2913 2274 2974 cupent.
2325 2902 2480 2957 Unde
2522 2919 2624 2958 nec
2667 2904 2892 2973 apostoli
2934 2903 3053 2957 ausi
3086 2903 3291 2957 fuerint
3320 2904 3370 2957 ei
3405 2917 3532 2958 cum
3564 2904 3631 2958 ad

2053 2994 2312 3051 Ecclesia.-
2338 2996 2690 3066 praasulatum
2721 3005 3132 3066 promoveretur
3164 2996 3407 3066 amplius
3435 3012 3634 3051 manus

2055 3089 2367 3160 imponere;
2418 3090 2701 3156 nimirum,
2748 3104 2909 3159 quem
2960 3103 3056 3143 ore
3087 3087 3182 3142 Dei
3238 3088 3531 3143 laudatum
3582 3098 3635 3143 et

2053 3181 2226 3252 ipsius
2255 3190 2399 3236 tactu
2419 3181 2812 3236 sanctilicatum
2832 3179 3199 3249 cognoverint.
3214 3198 3232 3230 ι
3254 3176 3362 3233 Sed
3381 3181 3632 3249 quinam,

2052 3272 2269 3335 amabo,
2301 3272 2354 3324 hi
2380 3270 2552 3325 Graaci
2575 3270 2746 3336 luere,
2770 3269 2862 3337 qui
2886 3270 3020 3323 tales
3046 3267 3262 3324 fabulas
3283 3269 3353 3323 de
3384 3268 3444 3324 S.
3477 3268 3634 3339 Igna-

2052 3365 2128 3418 tio
2147 3364 2519 3418 tradiderunt?
2543 3380 2650 3417 non
2669 3372 2875 3417 veteres
2901 3371 3069 3428 certe,
3085 3378 3193 3416 non
3216 3377 3414 3417 eorum
3434 3363 3647 3432 aliquis

2052 3456 2145 3528 qui
2189 3464 2315 3511 ante
2348 3456 2697 3510 Anastasium
2731 3456 2784 3509 in
2825 3454 3011 3510 Graeca
3052 3454 3301 3509 Ecclesia
3333 3456 3632 3525 scripsere.

2054 3548 2112 3604 S.
2154 3548 2583 3620 Chrysostomus
2631 3547 2893 3603 Ecclesiae
2941 3546 3299 3601 Antiochenae
3347 3547 3635 3618 presbyter

2052 3642 2291 3696 fabulam
2352 3649 2644 3710 utramque
2696 3648 2882 3709 aperte
2922 3636 3141 3701 refellit,
3174 3638 3304 3691 dum
3358 3636 3632 3708 lgnatium

2050 3734 2326 3787 Christum
2362 3748 2641 3803 nunquam
2668 3731 2870 3787 vidisse
2893 3732 3077 3795 tradit,
3115 3740 3169 3784 et
3191 3732 3482 3800 apostolos
3510 3746 3635 3785 eum

2051 3840 2146 3893 per
2174 3824 2577 3894 impositionem
2616 3837 2875 3877 manuum
2924 3822 2990 3876 ad
3012 3821 3262 3876 ordinem
3281 3822 3636 3893 episcopatus

2050 3916 2310 3970 extulisse
2322 3923 2525 3969 narrat.
2546 3915 2657 3967 Θαυ
2666 3911 2821 3985 μάξω
2832 3911 2920 3966 τὸν
2937 3912 3103 3983 ἄνδρα
3118 3911 3227 3981 ἐγὼ
3242 3912 3325 3965 ὅτι
3352 3912 3509 3984 παρὰ
3530 3911 3638 3966 τῶν

2052 4009 2220 4076 ἁγίων
2234 4008 2455 4060 ἐκείνων
2471 4007 2564 4079 τὴν
2577 4008 2746 4078 ἀρχὴν
2758 4006 2959 4077 ταύτην
2976 4005 3310 4077 ἐνεχειρίσοη
3321 4044 3335 4067 ,
3349 4008 3447 4058 καὶ
3460 4007 3516 4057 αἱ
3530 4004 3640 4059 τῶν

2056 4103 2339 4175 μακαρίων
2357 4101 2667 4155 ἀποστόλων
2684 4103 2866 4173 χεῖρες
2891 4100 2989 4169 τῆς
3016 4101 3167 4170 ἱερᾶς
3184 4098 3408 4170 ἐκείνης
3428 4099 3643 4169 ἥψαντο

2051 4192 2309 4263 κεφαλῆς.
2349 4210 2367 4243 ι
2400 4192 2587 4245 Virum
2620 4206 2720 4261 ego
2750 4190 3015 4253 admiror,
3047 4188 3195 4254 quod
3229 4204 3257 4242 a
3290 4190 3503 4245 sanctis
3528 4189 3642 4243 illis

2051 4285 2419 4355 principatum
2454 4282 2601 4335 hunc
2630 4281 2951 4344 obtinuerit,
2985 4289 3039 4334 et
3065 4280 3353 4334 beatorum
3409 4289 3643 4350 aposto~

2052 4377 2231 4429 lcrum
2271 4390 2473 4429 manus
2500 4389 2715 4429 sacrum
2753 4372 2886 4427 illud
2912 4381 3076 4442 caput
3117 4371 3419 4442 tetigerint.
3458 4391 3477 4424 ι
3507 4371 3643 4427 Post

2056 4464 2114 4519 S.
2146 4464 2597 4536 Cbrysostomum
2640 4462 2699 4517 Β.
2728 4461 3126 4528 Theodoretus,
3152 4462 3205 4516 in
3238 4462 3402 4533 Syria
3425 4464 3645 4532 episco-

2057 4573 2175 4626 pus,
2208 4558 2300 4627 qui
2334 4566 2411 4611 tot
2434 4557 2731 4612 conciones
2758 4554 3062 4608 Antiochiae
3092 4553 3552 4625 habuit,dialogo
3586 4555 3641 4608 l:

2068 4648 2331 4718 Ἀκήκοας
2352 4646 2408 4699 δὲ
2433 4646 2651 4709 πάντως
2687 4644 2948 4713 Ἰγνάτιον
2977 4644 3278 4709 ὲκεῖνον,ὃς
3297 4644 3389 4699 διὰ
3422 4646 3522 4717 τῆς
3544 4643 3645 4699 τοῦ

2058 4740 2290 4812 μεγάλου
2328 4738 2539 4809 Πέτρου
2566 4736 2750 4804 δεξιᾶς
2767 4738 2866 4809 τῆς
2901 4738 3314 4811 ἀρχιερωσύνης
3347 4739 3453 4811 τὴν
3480 4740 3647 4811 χάριν

2054 4832 2290 4896 ἐδέξατο.
2316 4850 2334 4882 ‹
2355 4831 2627 4885 Audivisti
2656 4845 2880 4899 prorsus
2913 4829 3180 4897 Ignatium
3212 4830 3394 4897 illum,
3424 4832 3518 4901 qui
3544 4847 3647 4901 per

2056 4924 2200 4978 Petri
2230 4925 2476 4980 devtram
2526 4925 2877 4994 pontificatus
2921 4925 3153 4995 gratiam
3198 4925 3436 4993 accepit,
3470 4944 3489 4977 ι
3528 4933 3642 4979 etc.

2053 5016 2184 5072 Post
2236 5017 2639 5072 Theodoretum
2686 5016 2837 5072 Felix
2885 5017 3179 5086 episcopus
3228 5015 3522 5072 Romanus
3574 5019 3645 5071 ad

2056 5110 2331 5164 Zenonem
2366 5111 2432 5165 de
2463 5109 2624 5166 Petro
2676 5110 2890 5180 Mongo-
2924 5126 2936 5161 :
2975 5129 2993 5160 ι
3025 5109 3128 5175 Qui
3181 5121 3393 5165 sancta:
3439 5112 3644 5165 Antio-

2053 5204 2240 5257 chense
2272 5202 2530 5257 Ecclesia:
2560 5203 2938 5273 indignissime
2972 5218 3029 5257 se
3074 5202 3326 5270 ingessit,
3356 5214 3647 5257 sanctam-

2054 5311 2161 5364 que
2192 5296 2373 5350 sedem
2398 5295 2748 5365 pontiﬁcatus
2770 5294 2962 5365 lgnatii
2996 5295 3258 5363 martyris
3289 5296 3514 5364 polluit,
3546 5297 3648 5366 qui

2052 5386 2197 5441 Petri
2229 5387 2419 5441 dextra
2443 5387 2732 5456 episcopus
2757 5386 3042 5441 ordinatus
3063 5384 3411 5457 est.»Neque
3433 5387 3649 5443 Graecis

2053 5494 2228 5549 neque
2256 5479 2465 5534 Latinis
2485 5479 2758 5535 ordinatio
2778 5479 2973 5552 lgnatii
2998 5481 3118 5534 sine
3148 5496 3421 5535 manuum
3457 5482 3645 5552 impo-

2052 5570 2249 5625 sitione
2276 5580 2371 5625 aut
2398 5581 2615 5641 quarto,
2655 5579 2750 5625 aut
2776 5572 2971 5642 quinto
3007 5572 3208 5627 saeculo
3232 5572 3497 5629 innotuit.
3520 5573 3646 5629 Non

2051 5662 2241 5718 dubito
2274 5662 2439 5732 igitur
2468 5662 2599 5733 quin
2626 5661 2799 5719 ϐιωρὶ
2833 5663 2908 5718 illi
2933 5663 3027 5733 qui
3056 5664 3173 5721 haec
3197 5666 3577 5736 tradiderunt,
3610 5668 3661 5723 ii.
