3800 6208
168 273 263 335 ωδ

943 278 994 329 J.
1022 273 1388 331 PEARSONII
1430 274 1754 332 VlNDlCUE
1787 273 2211 332 IGNA'I‘IANIE.
2243 306 2313 316 ——-
2337 273 2519 328 PARS
2557 272 2619 328 ll.

3311 278 3414 334 ωδ

166 392 367 457 fuerint,
391 392 727 462 quibuscum
758 394 1077 450 Anastasius
1103 395 1580 467 Constantinopoli
1612 414 1732 452 ver-
1759 408 1805 462 Α
1836 398 1960 452 bula
1993 397 2306 452 communia
2335 396 2390 450 in
2425 395 2642 466 propria
2676 395 2899 450 nomina
2925 409 3414 454 conversataccen-

165 495 299 540 satus
326 492 425 549 est,
456 500 586 538 cum
630 494 843 541 octavae
891 488 1098 558 synodo
1146 489 1260 559 ipse
1288 489 1598 545 interesset.
1634 489 1725 545 Lis

162 579 289 631 enim
316 587 443 632 tunc
468 580 743 648 temporis
765 590 883 635 erat
901 583 967 637 de
989 581 1203 652 lgnatio
1218 582 1724 653 Constantinopoli-

164 680 273 722 tano
294 670 626 739 patriarcha,
662 681 717 726 et
739 671 933 728 Photio
964 674 1224 732 Romanis
1256 677 1495 731 maxime
1526 677 1721 733 inviso.

161 759 387 829 Magnum
417 772 537 818 erat
572 763 747 835 hujus
777 766 965 837 lgnatii
1019 783 1240 835 nomen,
1271 777 1328 824 et
1370 778 1592 838 propter
1618 769 1724 824 loci

160 850 457 921 dignitatem
513 871 689 925 quam
743 858 1027 923 amiserat,
1063 868 1118 913 et
1164 870 1392 930 propter
1443 862 1638 915 exsilia
1671 869 1725 915 et

157 958 406 1000 erumnas
445 963 591 1015 quas
620 964 831 1018 passus
867 960 1005 1019 erat,
1058 954 1202 1007 unde
1248 968 1427 1009 novus
1456 954 1724 1026 Θεοφόρος

157 1035 431 1102 appellatus
486 1046 596 1094 est.
668 1038 901 1095 Michael
948 1040 1229 1113 Syncellus
1278 1043 1341 1097 in.
1413 1040 1717 1099 Encomio:

166 1124 213 1176 ὐ
228 1125 332 1189 νέος
357 1123 511 1192 οὗτος
536 1129 637 1182 καὶ
674 1131 849 1199 μέγας
877 1132 1142 1205 Θεοφόρος
1175 1134 1455 1202 Ἰγνάτιοςο
1479 1153 1497 1185 ‹
1537 1133 1723 1190 Novus

156 1219 230 1273 hic
264 1229 314 1273 et
338 1222 799 1291 magnusDeil‘er
830 1225 1087 1298 lgnatius.
1121 1246 1141 1278 ›
1183 1226 1538 1295 Chronologia
1564 1227 1722 1284 Nice-

156 1312 306 1380 phoro
358 1314 603 1385 ascripta
670 1317 729 1372 in
783 1334 887 1373 ms.
945 1318 1324 1375 Londinensi:
1390 1320 1652 1389 Ἰγνάτιος
1693 1323 1721 1374 ό

152 1402 252 1464 νέος
284 1402 554 1475 Θεοφορος
609 1407 674 1461 τὸ
732 1408 946 1479 πρῶτον
998 1409 1093 1480 ἔτη
1147 1417 1241 1476 ια’,
1298 1411 1474 1481 μῆνας
1513 1420 1579 1478 ε’,
1627 1414 1721 1467 καὶ

151 1492 408 1566 ἐξωρίσθη·
445 1516 463 1547 σ
487 1496 749 1566 lgnatius
780 1514 953 1555 novus
971 1500 1328 1571 Theophorus
1355 1504 1533 1573 primo
1549 1520 1722 1559 annos

151 1586 395 1650 undecim,
428 1604 663 1646 menses
693 1593 958 1663 quinque,
984 1604 1038 1649 et
1058 1595 1265 1665 ejectus
1292 1604 1428 1651 est.)
1461 1598 1543 1651 Ad
1574 1599 1722 1653 hunc

150 1680 519 1736 restituendum
566 1684 818 1739 maxime
865 1686 1105 1742 intentus
1131 1687 1237 1742 fuit
1274 1688 1571 1759 episcopus
1607 1689 1720 1745 Ro-

1827 500 1942 544 tum
1997 490 2216 545 soleant
2271 497 2510 543 mut-are.
2558 488 2614 540 '0
2663 487 2931 561 Θεοφόρος
2983 488 3085 545 fuit
3131 490 3409 561 epitheton

1827 582 1977 653 quod
2008 581 2363 650 peculiariter
2393 579 2621 634 adhaesit
2649 581 2857 635 nomini
2881 579 3098 651 lgnatii,
3129 595 3240 636 non
3262 581 3411 651 quod

1826 672 1999 741 ipsius
2026 671 2309 739 proprium
2336 685 2533 724 nomen
2552 678 2698 725 esset
2728 679 2822 725 aut
2844 672 3015 730 ﬁeret.
3037 672 3131 727 sed
3160 672 3308 742 quod
3333 673 3411 728 illi

1826 762 1932 816 hoc
1956 762 2233 831 epitheton
2283 762 2523 831 populus
2570 770 2888 816 constanter
2929 764 3211 818 tribueret.
3245 761 3317 818 Ut
3343 764 3412 821 de

1823 850 2062 906 Antonio
2108 850 2273 905 tradit
2322 848 2382 904 S.
2437 850 2773 905 Athanasius
2810 869 2822 905 :
2856 851 3063 914 Πάντες
3096 850 3200 923 μὴν
3237 848 3331 905 οὖν
3358 852 3411 905 0t

1823 942 1930 997 ἀπὸ
1963 941 2060 1012 τῆς
2093 939 2283 1012 κώμης
2322 940 2621 1009 φιλόκαλοι,
2661 942 2797 1013 πρὸς
2832 940 2926 1005 οὓς
2965 939 3076 1011 εἶχε
3114 941 3214 1013 τὴν
3245 944 3408 1014 συνή-

1825 1032 1977 1087 θειαν
2002 1032 2175 1096 οὕτως
2199 1032 2360 1085 αὐτὸν
2390 1031 2626 1103 ὁρῶντες
2655 1031 2883 1087 ἐκάλουν
2908 1031 3150 1102 θεοφιλῆ.
3176 1031 3409 1089 «Omnes

1823 1124 2008 1194 itaque
2031 1123 2179 1179 illius
2208 1124 2424 1178 vicinia:
2459 1139 2695 1192 quorum
2735 1122 3203 1178 isconsuetudine
3221 1123 3412 1179 uteba-

1825 1227 1931 1284 tur,
1956 1217 2176 1286 pulchri
2190 1224 2353 1286 atque
2372 1216 2584 1270 honesti
2602 1225 2850 1270 amantes
2872 1231 2999 1270 eum
3019 1215 3103 1270 his
3119 1215 3409 1285 praeditum

1824 1308 2072 1363 moribus
2094 1308 2439 1377 appellabant
2479 1306 2735 1378 Θεοφιλῆ.
2765 1326 2782 1357 ι
2807 1305 2911 1372 Qui
2957 1314 3146 1375 postea
3178 1304 3411 1361 Graeculi

1825 1409 2085 1469 tanquam
2114 1399 2394 1469 proprium
2414 1413 2613 1452 nomen
2633 1396 3264 1469 acceperuntﬁsdcpopov
3277 1399 3414 1453 scri-

1824 1500 2082 1560 pserunt;
2127 1491 2274 1560 quod
2305 1492 2530 1561 propria
2566 1490 2793 1545 nomina
2826 1490 3110 1546 retrahere
3146 1501 3413 1547 accentus

1825 1584 2056 1639 soleant.
2085 1583 2265 1637 Πολλὰ
2296 1583 2405 1654 γὰρ
2435 1582 2782 1653 εὑρίσκονται
2809 1581 3038 1648 ὀξύτονα
3078 1584 3239 1638 ἅτινα
3270 1585 3418 1653 γινό-

1829 1695 1965 1748 μενα
1988 1676 2151 1743 κύρια
2183 1676 2495 1748 βαρύνεται,
2527 1669 2658 1741 οἷον,
2682 1674 2896 1742 ξανθὸς,
2928 1674 3151 1740 Ξάνθος·
3183 1678 3413 1749 πυρρὸς,

150 1785 322 1825 manus
350 1772 734 1830 :Anastasius
766 1778 819 1831 in
847 1793 909 1833 ea
935 1779 1564 1851 re,Constantin0polim
1587 1783 1720 1837 mis-

1862 1770 2054 1841 [ύρρος
2079 1770 2337 1838 γλαυκὸς,
2371 1768 2632 1834 Γλαῦκος·
2662 1768 2877 1831 λευκὸς,
2911 1767 3143 1833 Λεῦκος.
3178 1767 3256 1824 Ita
3286 1768 3415 1841 Ety-

149 1874 249 1922 sus,
279 1861 581 1930 plurimum
612 1867 932 1935 desudavit,
959 1879 1013 1924 et
1046 1886 1171 1925 cum
1206 1870 1505 1943 lgnatianis
1537 1890 1722 1930 versa-

150 1963 239 2016 tus.
268 1956 358 2024 qui
391 1955 670 2013 Pbotium
715 1962 951 2031 dejicere
977 1965 1163 2019 conati
1209 1976 1357 2032 sunt,
1396 1968 1502 2024 has
1521 1970 1588 2024 ab
1612 1971 1720 2026 illis

148 2042 329 2101 tabulas
360 2049 574 2106 audivit
605 2054 893 2110 veteribus
919 2053 1123 2110 Grzecis
1153 2057 1369 2126 penitus
1392 2059 1717 2129 incognitas,

147 2137 464 2211 αΘεοερόρου
504 2144 734 2199 notioni
788 2146 858 2200 ab
897 2148 1139 2219 antiquis
1179 2150 1466 2205 celebratae
1496 2168 1721 2222 prorsus

147 2240 508 2298 repugnantes.
542 2232 635 2289 Ab
668 2234 763 2290 his
812 2237 1058 2292 eamdem
1100 2238 1341 2294 fabulam
1393 2243 1601 2312 accepit
1638 2242 1725 2298 Si-

147 2335 280 2374 meon
302 2321 741 2395 Metaphrastes,
773 2338 829 2383 et
860 2330 1001 2385 inter
1046 2333 1246 2387 multas
1275 2335 1513 2403 posteris
1541 2344 1721 2390 trans-

146 2412 291 2468 misit.
321 2414 445 2472 Haec
482 2419 533 2472 si
566 2435 706 2474 vera
736 2420 808 2474 sit
841 2420 1036 2477 fabulae
1063 2424 1313 2491 historia,
1350 2435 1409 2479 ut
1442 2428 1575 2481 mihi
1630 2428 1719 2481 vi-

145 2503 313 2560 detur:
348 2517 429 2561 tot
466 2511 704 2566 saeculis
750 2513 973 2568 nomine
1005 2515 1286 2587 Θεοφόρου
1317 2519 1589 2587 posterior
1636 2520 1723 2573 illa

144 2592 246 2661 fuit,
278 2607 333 2653 ut
354 2615 464 2655 non
489 2618 562 2656 ex
592 2603 692 2657 illa
718 2601 902 2658 fabula
929 2621 1124 2661 nomen
1152 2624 1357 2676 ortum,
1402 2612 1494 2665 sed
1523 2628 1587 2666 ex
1620 2627 1723 2666 no-

1824 1861 2097 1930 mologus.
2125 1859 2216 1914 Sic
2244 1859 2532 1931 ἀγαπητὸς
2568 1860 2626 1913 lit
2668 1857 2997 1927 ’Δγάπητος,
3030 1861 3279 1930 νικητὴς,
3318 1861 3417 1913 Νι-

1824 1953 2013 2023 κήτης,
2041 1951 2293 2023 ἀνθηρὸς,
2318 1950 2606 2022 Ἃνθηρος,
2637 1949 2928 2021 Ἀθηναῖοι,
2968 1949 3268 2021 Ἀθήναιος,
3290 1967 3413 2022 qua

1822 2060 1927 2098 vox
1959 2044 2106 2114 quod
2130 2052 2414 2097 accentum
2443 2058 2554 2096 non
2588 2042 2813 2096 haberet
2842 2042 2894 2095 in
2920 2039 3197 2096 Marmore
3230 2043 3410 2097 Arun-

1824 2136 2081 2201 delliano,
2096 2147 2209 2189 tam
2230 2135 2370 2189 male
2395 2149 2425 2187 a
2445 2133 2679 2187 Seldeno
2697 2142 2918 2202 accepta
2934 2141 3041 2187 est.
3056 2131 3414 2191 Nam.¢l>PON-

1826 2229 2072 2299 ΤΙΣΤΗΣ
2103 2225 2449 2281 ΑΘΗΝΑΙΟΣ
2478 2240 2585 2278 non
2615 2231 2700 2279 est
2725 2223 3077 2280 Phrontistes
3100 2213 3438 2280 Athenien-i

1826 2323 1935 2389 sis,
1962 2322 2055 2375 sed
2082 2319 2400 2382 Athenaeus,
2426 2317 2572 2386 quod
2605 2333 2802 2371 nomen
2835 2326 2921 2372 est
2967 2317 3095 2381 viri,
3124 2328 3188 2371 ut
3214 2334 3281 2373 ex
3310 2317 3407 2372 ad-

1821 2414 2026 2485 junctis
2050 2418 2284 2466 constat.
2315 2408 2391 2463 lta
2417 2418 2569 2463 vetus
2600 2407 2891 2474 Collectio,
2923 2407 3410 2479 Ἀθηναῖος,ΑιΙιο-

1828 2506 2054 2570 niensis,
2088 2503 2392 2573 Ἀθήναιος,
2425 2500 2957 2566 Athenaeusmomen
2975 2502 3279 2572 proprium.
3315 2501 3409 2557 Sic

1825 2598 2140 2670 ὀνησιφόρος
2159 2595 2218 2650 ﬁt
2240 2594 2609 2665 Ὁνησίφορος,
2633 2594 3000 2666 Χριστοφόρος
3016 2594 3408 2666 Χριστόφορος,

143 2689 269 2744 mine
298 2694 437 2747 male
471 2694 1125 2761 intellectoaGrazculis,
1156 2715 1386 2754 summm.
1417 2700 1643 2756 factioni
1671 2712 1729 2759 et
1827 2702 1881 2748 ρι
1933 2691 2178 2745 eamdem
2236 2687 2690 2757 Signiﬁcatione!“
2745 2687 2860 2741 Ιιιὲο
2910 2686 3128 2757 Propria
3180 2688 3406 2741 "nmina

141 2783 432 2837 exornando
488 2799 611 2839 suo
664 2786 996 2855 patriarcha:
1042 2789 1239 2845 deditis
1301 2790 1472 2845 emota
1503 2792 1725 2857 ,l‘abula

1828 2785 1996 2838 etiam
2021 2782 2124 2837 sub
2146 2788 2373 2835 accentu
2399 2780 2578 2833 alieno
2606 2779 2843 2833 retinere
2872 2787 3156 2848 putantur.
3186 2777 3263 2832 Ita
3292 2776 3407 2832 for-

142 2872 305 2926 merito
326 2887 652 2945 reputetur.
680 2876 1012 2947 Temporum
1028 2879 1193 2951 igitur
1216 2881 1355 2936 ratio
1381 2883 1486 2939 hoc
1508 2884 1721 2939 nomine

1862 2876 1993 2930 assis
2024 2889 2054 2927 a
2084 2873 2371 2943 φκρμακὸς
2402 2872 2718 2942 Φαρμᾶκος,
2748 2880 2807 2925 ιιι
2836 2870 2981 2940 apud
3016 2869 3406 2939 Harpocratio~

138 2963 333 3019 minime
356 2966 633 3022 violatur.

1830 2985 1951 3023 nem
1972 2967 2232 3038 Didymus
2253 2966 2492 3021 sensisse
2509 2966 2721 3020 videtur
2738 2965 2995 3035 εΔίδυμος
3020 2963 3075 3016 δὲ
3108 2979 3408 3033 προπερισ-

197 3054 315 3112 Nire
340 3058 512 3129 hujus
556 3059 891 3130 quaestionis
915 3071 1117 3118 statum
1165 3066 1420 3137 praponit
1447 3076 1503 3121 et
1526 3066 1580 3121 in
1603 3067 1721 3136 ejus

1862 3062 1939 3130 τᾷν
1979 3058 2119 3121 ἁξιοί
2150 3055 2406 3127 τοῦνομα.
2434 3055 2548 3109 ἀλλ’
2574 3058 2732 3127 qusi;
2761 3056 2865 3125 οὐχ
2892 3054 3126 3126 εὕρομεν
3144 3052 3288 3106 οὔπω
3306 3052 3407 3122 τὴν

142 3145 388 3203 solutione
442 3150 776 3220 triumphat
816 3149 1045 3207 Dallzrus
1082 3168 1095 3205 :
1139 3172 1157 3204 ι
1191 3152 1486 3221 Quaeritur,
1520 3156 1720 3225 inquit,

138 3252 190 3289 an
214 3248 263 3293 et
286 3256 390 3309 qua
437 3242 508 3297 de
560 3257 734 3296 causa
769 3240 1009 3313 lgnatius
1049 3254 1273 3302 vocatus
1314 3246 1387 3302 sit
1435 3246 1721 3318 Theopho-

137 3342 228 3381 rus.
263 3348 279 3380 ι
308 3330 466 3388 Certe
496 3347 681 3387 nemo
711 3349 954 3402 unquam
975 3336 1156 3393 adhuc
1186 3340 1439 3407 quaesivit
1465 3340 1718 3412 anlgna-

137 3421 223 3475 tius
249 3434 431 3480 noster
454 3427 657 3481 dictus
692 3426 767 3481 sit
798 3425 1162 3499 Theophorus
1187 3449 1209 3498 ',
1241 3448 1461 3488 causam
1489 3434 1603 3489 sive
1632 3448 1719 3486 ra-

135 3508 309 3564 tionem
340 3515 606 3569 nominis
633 3515 805 3571 aliam
838 3519 1071 3588 antiqui,
1102 3521 1265 3575 aliam
1299 3524 1563 3577 neoterici
1594 3524 1718 3578 red-

134 3599 390 3673 diderunt;
441 3617 506 3663 et
565 3607 784 3662 idcirco
816 3611 987 3678 quaeri
1036 3622 1233 3681 potest,
1284 3632 1313 3669 a
1363 3617 1566 3685 quibus
1592 3631 1717 3671 vera

134 3698 338 3753 nominis
366 3703 527 3757 ratio
567 3701 845 3771 explicata
870 3701 1065 3758 fuerit:
1089 3724 1107 3756 ι
1128 3706 1231 3773 Qui
1259 3708 1364 3763 hoc
1386 3724 1511 3763 cum
1540 3709 1713 3762 nomi-

134 3802 201 3853 ne,
224 3790 411 3862 inquit,
439 3795 674 3849 donant
704 3792 905 3862 Graeci,
931 3795 1186 3871 Θεόφορον
1217 3816 1344 3855 cum
1388 3802 1600 3856 tonoin
1632 3816 1720 3856 se-

134 3883 280 3936 cunda
306 3886 531 3955 syllaba
565 3884 828 3951 efferunt,
874 3896 1037 3956 atque
1070 3891 1144 3944 ita
1172 3907 1202 3944 a
1245 3908 1304 3948 se
1340 3894 1567 3964 suisque
1596 3894 1717 3949 ideo

132 3972 305 4029 dictum
337 3984 653 4043 testantur,
681 3979 833 4046 quod
862 3977 1117 4036 Christus
1143 3998 1268 4036 eum
1304 3984 1487 4041 adhuc
1512 4000 1716 4055 parvu-

131 4061 223 4120 lum
245 4083 403 4123 manu
430 4070 495 4124 in
532 4068 697 4124 ulnas
729 4080 1051 4139 susceptum
1098 4074 1332 4130 tulisset.
1369 4094 1387 4126 ι
1418 4074 1524 4132 Sed
1554 4093 1620 4130 an
1661 4078 1715 4131 bi

132 4152 275 4213 Graeci
299 4178 532 4228 omnes,
566 4162 664 4232 qui
692 4178 821 4217 cum
856 4164 958 4218 hoc
989 4166 1210 4221 nomine
1237 4169 1484 4223 donant‘?
1524 4169 1716 4223 Nonne

132 4261 296 4308 auctor
322 4255 705 4326 cpistolarum
732 4271 859 4310 eum
887 4257 1154 4329 Θεοφορον
1184 4276 1401 4329 semper
1430 4271 1593 4317 vocat
1624 4277 1716 4316 ac-

130 4358 266 4402 centu
313 4349 368 4404 in
401 4349 729 4419 penultima
761 4349 991 4418 posito?
1020 4350 1211 4407 Nonne
1243 4357 1436 4408 eodem
1484 4362 1711 4409 accentu

1825 3154 2039 3224 χρῆσιν.
2090 3148 2262 3205 ϐπ·ωοί
2291 3148 2533 3219 quidem,
2564 3158 2855 3218 postquam
2886 3154 3147 3201 accentus
3190 3144 3406 3199 inventi

1824 3254 1976 3309 sunt,
1998 3244 2102 3299 hoc
2132 3242 2431 3298 discrimen
2462 3240 2516 3295 in
2542 3241 2772 3297 vocibus
2799 3238 3403 3310 compositisobserva-

1822 3338 1983 3404 bant;
2013 3335 2105 3390 diu
2130 3344 2254 3391 ante
2285 3335 2576 3392 Homerus.
2602 3335 2843 3405 seipsum
2875 3331 3155 3403 explicare
3179 3341 3405 3387 coactus

1822 3444 1943 3485 esse
1979 3429 2214 3494 videtur,
2246 3428 2335 3481 Ίλ.
2364 3446 2421 3500 ρ,
2446 3430 2507 3483 5:

1928 3565 2323 3634 Πρωτοτόκος,
2355 3562 2561 3631 κούρη,
2597 3564 2668 3616 οὐ
2689 3559 2832 3627 πρὶν
2854 3558 3046 3613 εἰδυῖα
3074 3559 3293 3613 τόκοιο.

1894 3701 1996 3756 Ubi
2030 3710 2186 3757 vetus
2217 3700 2551 3755 Scholiaslcs
2576 3719 2588 3754 :
2617 3698 2991 3770 Πρωτοτόκος,
3039 3697 3274 3769 πρώτως
3318 3714 3405 3750 τε-

1819 3794 2029 3846 τοκυῖα·
2063 3791 2140 3863 τῷ
2172 3788 2265 3846 οὖν
2280 3791 2416 3862 τόνῳ
2455 3790 2855 3862 παροξυτόνως,
2888 3789 2954 3844 ἶν’
3030 3789 3405 3861 ἐνεργητικόν·

1823 3884 2313 3957 προπαροξυτόνως
2332 3884 2393 3937 δὲ
2414 3884 2563 3953 δηλοῖ
2588 3886 2617 3954 ἡ
2635 3884 2778 3949 λέξις
2808 3883 2908 3954 τὴν
2922 3880 3175 3954 ,πρώτως
3196 3881 3406 3954 τεχθεί-

1822 3994 1940 4030 σαν.
1976 3977 2301 4031 Ammonius
2341 3977 2409 4031 de
2443 3977 2716 4031 similibus
2738 3985 2803 4030 .et
2827 3974 3206 4030 dill‘crentibus
3242 3990 3407 4030 voca-

1819 4070 1964 4125 bulis
1982 4086 2107 4124 cum
2141 4085 2272 4124 cura
2293 4070 2685 4124 Bonaventurm
2706 4066 2957 4122 Vulcanii
2982 4068 3181 4132 editus,
3197 4067 3289 4121 sed
3303 4082 3407 4137 ope

1818 4164 2319 4232 manuscriptorum
2351 4163 2589 4216 maxime
2623 4160 2893 4230 indigens.
2936 4160 3283 4232 Ἀγρονόμος,
3308 4159 3406 4213 ἐὰν

1821 4252 1918 4322 μὲν
1948 4251 2355 4323 παροξύνωμεν,
2394 4250 2538 4303 ἔστιν
2573 4253 2600 4303 ὁ
2642 4252 2699 4303 ὲν
2731 4250 2921 4321 ἀγροῖς
2957 4251 3272 4320 νεμόμενος.
3323 4251 3407 4303 Τὰ

1818 4342 1927 4412 γὰρ
1941 4340 2463 4413 προπαροξυνόμενα
2478 4341 2758 4411 χαίρουσιν
2776 4339 3101 4393 ἀναλύεσθαι
3128 4340 3209 4402 εἰς
3234 4337 3403 4410 πάθη.

131 4434 372 4499 Maximus
398 4443 581 4497 [radit
607 4442 746 4496 illud
777 4444 1105 4497 vocabulum
1144 4462 1286 4514 saepe
1318 4447 1387 4501 ab
1418 4446 1628 4519 [gnam
1663 4456 1718 4502 ει
1748 4436 1792 4491 D
1828 4432 1969 4487 Vidit
1999 4435 2179 4488 locum
2216 4433 2469 4487 mutilum
2501 4448 2624 4487 esse
2648 4430 2981 4497 Vulcanius;
3016 4447 3179 4500 quem
3202 4447 3268 4485 ex
3293 4446 3402 4487 ms.

129 4530 306 4589 dictum
339 4545 393 4590 et
418 4535 745 4604 scriptum?
797 4534 987 4589 Nonne
1032 4535 1406 4606 Ephraamius,
1462 4540 1715 4595 Gobarus

130 4633 172 4676 et
202 4625 388 4684 Junius
442 4629 530 4684 ita
579 4628 875 4698 loquentes
903 4644 933 4682 a
964 4628 1160 4684 Photio
1209 4634 1717 4700 repraesentantur?

129 4710 297 4771 Nonne
325 4717 724 4775 vetustissima
756 4717 1181 4789 Actalgnatium
1210 4721 1391 4791 ipsum
1423 4723 1512 4777 sui
1544 4722 1717 4777 nomi-

130 4805 198 4860 nis
223 4824 449 4865 sensum
484 4811 565 4864 ita
585 4809 957 4878 cxpiicantem
986 4810 1374 4866 introducunt?
1405 4812 1597 4868 Nonne
1616 4829 1717 4867 an-

130 4896 399 4966 tiquissimi
432 4902 751 4971 scriptores
781 4899 952 4955 Graeci
977 4902 1233 4973 Θεοφόρον
1265 4918 1331 4957 eo
1374 4920 1540 4959 sensu
1580 4904 1713 4959 viris

130 4993 311 5049 sanctis
361 4993 543 5048 tribui
599 5007 751 5062 saepe
806 4992 1209 5049 observarunt?
1240 4992 1410 5050 Nemo
1445 5012 1711 5067 unquam,

129 5080 313 5151 opinor,
372 5084 649 5157 θεόφορον
707 5094 843 5137 tono
892 5086 950 5137 in
1006 5086 1248 5141 secunda
1294 5086 1499 5158 syllaba
1535 5088 1713 5157 posito

129 5173 326 5243 scripsit
348 5189 484 5232 ante
516 5177 1111 5244 tlecnnumsazculum,
1146 5178 1249 5233 hoc
1282 5187 1370 5233 est
1402 5195 1562 5233 nemo
1587 5190 1713 5234 ante

129 5260 343 5322 fabulam
363 5279 585 5325 natam.
615 5268 745 5339 Ipse
774 5271 1105 5325 Anastasius
1146 5270 1405 5339 Ἰγνάτιον
1432 5273 1709 5345 Θεοφόρον,

132 5371 147 5402 ι
174 5354 427 5424 lgnatium
478 5359 775 5417 Deiierum
812 5378 830 5409 ι
886 5360 1282 5429 interpretatur
1319 5377 1331 5411 :
1365 5370 1420 5415 et
1466 5361 1712 5429 lgnatius

127 5443 777 5524 Constantinopolitanus
805 5450 925 5514 νέοι,
976 5452 1249 5523 Θεοφὸρος
1288 5452 1717 5522 cognominabn»

129 5545 223 5592 tur.
274 5541 491 5601 Primus
541 5543 963 5611 Metapbrastes
991 5552 1278 5597 accentum
1334 5542 1613 5596 transtulit
1651 5552 1712 5597 ut

130 5625 353 5688 iatulam
385 5637 435 5691 in
483 5651 726 5693 scenam
784 5634 1091 5702 speciosius
1125 5635 1428 5700 induceret,
1475 5647 1711 5702 eumque

127 5726 302 5790 reliqui
326 5734 493 5790 secuti
534 5738 678 5788 sunt
734 5727 904 5797 hique
937 5726 1197 5783 illil‘acile
1228 5725 1349 5795 fuit,
1370 5741 1516 5785 cum
1542 5742 1707 5781 voca-

1818 4524 2005 4578 codice
2051 4524 2104 4577 in
2139 4522 2467 4577 bibliotheca
2496 4520 2662 4590 Regis
2691 4520 2865 4574 nostri
2910 4520 2990 4575 sic
3037 4520 3403 4589 supplendum

1818 4631 1940 4671 csse
1970 4629 2258 4669 monemus
2293 4634 2306 4668 :
2358 4612 2707 4686 Ἀγρονόμος,
2742 4611 2834 4665 ἐὰν
2859 4612 2954 4682 μὲν
2985 4610 3402 4684 παροξύνωμεν,

1818 4708 2036 4761 ἔσται,ὁ
2075 4709 2134 4760 ἐν
2172 4709 2361 4777 ἀγροῖς
2405 4705 2734 4775 νέμ.ωνο“ὲὰν
2779 4704 2836 4757 δὲ
2877 4704 3401 4777 προπαροξύνωμεν,

1818 4798 1968 4851 ἔσται
2009 4802 2037 4852 ό
2070 4801 2126 4851 ἐν
2158 4800 2347 4869 ἀγροῖς
2402 4796 2719 4869 νεμομένος.
2762 4795 2834 4852 Ut
2875 4807 3033 4853 vetus
3088 4796 3350 4852 Collectio
3385 4816 3400 4853 :

1831 4891 2178 4963 Ἀγρονόμος,
2222 4910 2240 4939 ι
2272 4890 2325 4942 in
2371 4904 2503 4958 agro
2535 4904 2790 4958 pascens,
2832 4908 2849 4939 ι
2893 4888 3241 4959 ’Λγρόνομος,
3279 4905 3297 4937 t
3346 4887 3400 4939 in

1817 4999 1949 5053 agro
1987 4991 2200 5053 pastus.
2228 5000 2246 5033 ι
2282 4981 2753 5046 Quemadmodum
2784 4990 2840 5036 et
2863 4980 2966 5035 ista
2995 4981 3160 5049 paulo
3186 4978 3402 5046 plenius

1816 5081 1871 5133 in
1906 5095 1970 5132 eo
2002 5093 2106 5132 ms.
2135 5077 2411 5146 leguntur,
2430 5091 2591 5147 quam
2625 5075 2680 5128 in
2707 5074 3043 5129 editionibus
3062 5091 3074 5126 :
3094 5070 3402 5142 Ταυρόκτο-

1815 5189 1925 5236 νος,
1966 5174 1994 5225 ὁ
2033 5172 2137 5224 ὑπὸ
2176 5169 2270 5224 τοῦ
2307 5168 2508 5241 ταύρου
2556 5166 2885 5239 ἀναιρεθεξςο
2940 5161 3296 5234 ταυροκτόνος
3342 5160 3402 5214 δὲ

1817 5262 2217 5335 παροξυτόνως,
2237 5265 2265 5315 ὁ
2297 5261 2496 5333 ταῦρον
2520 5259 2864 5320 ἀποκτείνας.
2923 5254 3049 5309 Haec
3071 5254 3210 5307 adeo
3235 5268 3400 5307 accu-

1814 5366 1932 5410 ratc
1981 5355 2355 5411 observabant
2376 5353 2571 5417 Graeci,
2617 5360 2676 5404 ut
2722 5364 2849 5403 cum
2904 5345 3395 5419 grammaticorum

1815 5464 1991 5504 canon
2024 5457 2191 5513 esset,
2216 5462 2382 5501 voces
2422 5441 2923 5514 hyperdissyllabas
2946 5438 2999 5491 in
3032 5455 3092 5500 ος
3120 5437 3175 5491 in
3200 5439 3397 5507 penul-

1815 5542 1953 5596 tima
1976 5548 2259 5595 accentum
2279 5538 2541 5591 habentes
2568 5542 2760 5586 tonum
2781 5530 3026 5600 rejicere,
3054 5545 3269 5599 semper
3294 5530 3398 5585 hac

1813 5631 2132 5701 exceptione
2158 5637 2460 5693 uterentur,
2489 5623 2657 5695 χωρὶς
2687 5624 2735 5676 εἰ
2773 5623 2847 5695 μὴ
2880 5622 3133 5676 σύνθετον
3163 5623 3397 5697 ὑπάρχει

1814 5721 2278 5794 ἓνεκαὲνεργείας
2309 5717 2688 5791 παροξύνεται,
2707 5725 2768 5771 ιιι
2789 5715 3163 5789 Etymologus,
3182 5715 3245 5773 Υ.
3281 5718 3397 5773 'Av-
