3768 6300
428 311 535 365 ιοτ

1494 309 1548 362 S.
1593 302 1946 361 IGNATIUS.
1983 336 2052 343 —
2094 301 2629 359 PROLECOMENA.

3594 297 3683 354 408

428 433 560 498 τίος,
583 440 638 485 et
658 430 1047 503 Κορυθαίολος.
1076 428 1199 485 Haec
1231 430 1298 485 de
1344 431 1668 485 nominibus
1694 429 1983 499 bujusmod

2178 437 2302 483 .stea
2324 427 2544 483 habitus
2576 426 2792 493 fuisset,
2839 425 2935 496 qui
2966 439 3030 479 eo
3053 422 3277 479 nomine
3302 421 3509 494 dignus
3536 436 3570 475 ι
3594 438 3684 477 ne-

428 524 719 593 adjcctivis
747 532 1007 593 perpetua
1045 522 1359 577 Graecorum
1407 523 1746 589 observatio,
1787 522 1879 576 ubi
1911 536 2008 590 pa-

428 620 696 683 roxytona
726 623 873 677 sunt,
908 614 1208 684 signiﬁcari
1230 614 1290 668 τὸ
1319 614 1695 686 ἐνεργητικόν,
1727 622 1785 668 ut
1813 614 2004 683 loqui-

430 714 522 760 tur
548 703 767 761 Homeri
797 703 1147 770 Seboliastes,
1166 707 1258 759 ubi
1282 716 1741 776 proparoxytona,
1759 704 2005 758 denotari

432 799 628 863 πάθος,
666 810 724 853 ut
755 800 1104 855 Ammonius.
1152 799 1210 853 1η
1253 801 1488 870 propriis
1519 800 1832 857 nominibus
1863 801 2005 854 idem

429 890 575 945 haud
605 891 950 958 observatur,
975 908 1096 962 quae
1123 903 1408 947 accentum
1441 902 1674 957 mutant,
1731 891 2008 961 signiﬁca-

427 974 575 1029 tione
607 992 716 1030 non
749 986 981 1032 mutata.
1019 978 1311 1048 Perperam
1370 980 1537 1050 igitur
1586 981 1812 1035 omnino
1865 982 2007 1035 hanc

425 1063 739 1137 Theophori
779 1071 1231 1141 signiﬁcationem
1274 1082 1328 1127 et
1371 1090 1435 1127 ex
1466 1089 1527 1127 ea
1565 1074 1807 1127 fabulam
1857 1089 2008 1128 com-

425 1161 596 1213 menti
627 1172 756 1214 sunt
789 1161 1021 1217 Cra-culi
1068 1166 1418 1233 posteriores.
1480 1164 1569 1220 Sic
1598 1168 1743 1219 enim
1780 1167 2009 1238 Χριστο-

425 1247 593 1319 φόρος
629 1265 734 1304 vox
763 1254 1038 1309 veteribus
1075 1255 1300 1321 usitata,
1331 1266 1388 1310 ut
1425 1256 1713 1328 Θεοφόρος.
1742 1256 1824 1311 Ab
1849 1256 2007 1327 lgna-

424 1339 505 1393 tio
536 1348 727 1396 nostro
754 1342 974 1413 Ephesii
1011 1347 1356 1415 appellantur
1378 1349 1763 1420 Χριστοφὸροι.
1790 1347 2008 1407 Phileas

428 1432 661 1501 scriptor
699 1437 957 1505 antiquus
989 1440 1130 1508 apud
1158 1439 1452 1495 Eusebium
1487 1442 1582 1496 lib.
1625 1458 1681 1505 x,
1723 1457 1772 1497 c.
1797 1441 1851 1507 8,
1884 1441 2009 1512 Epi—

428 1525 568 1578 stola
626 1528 692 1579 ad
749 1526 1085 1586 Tltmuitas:
1135 1534 1225 1587 Διὸ
1277 1534 1617 1605 ζηλώσαντες
1666 1536 1733 1591 τὰ
1791 1538 2009 1608 μείζονα

425 1618 742 1688 χαρίσματα
774 1622 822 1673 οἱ
871 1624 1231 1698 Χριστοφόροι
1271 1627 1565 1700 μάρτυρες.
1598 1649 1615 1681 ι
1641 1628 1877 1685 Proinde
1897 1646 2008 1685 meo

2109 521 2256 576 mine
2306 516 2692 590 r’epntabatur;
2750 534 2861 573 non
2918 518 3262 582 Thaumasii,
3324 518 3550 586 opinor,
3597 517 3683 570 sed

2108 612 2382 667 Ammonii
2424 628 2621 667 nomen
2656 612 2845 667 liberis
2868 612 2984 667 suis
3013 610 3409 680 imposuissent
3438 618 3685 678 parentes

2109 707 2431 763 Christiani.
2468 706 2606 761 Hinc
2642 707 2807 774 igitur
2828 714 2927 761 aut
2950 704 3309 775 epistolarum
3342 704 3683 773 scriptorem.

2108 811 2201 855 aut
2228 800 2635 871 lgnatianorum
2656 799 2917 854 Actorum
2938 807 3215 852 auctorem
3233 797 3328 851 diu
3349 804 3477 867 post
3502 792 3685 865 lgnatii

2108 899 2354 959 tempora
2389 889 2593 944 vixisse
2625 889 2775 942 nullo
2804 888 2966 942 modo
2995 886 3307 942 conﬁcitur.

2178 981 2297 1036 Jam
2350 991 2409 1036 ut
2456 981 2762 1036 institutam
2797 979 2865 1035 de
2915 979 3057 1046 λέξει
3095 978 3528 1048 disputationem
3574 992 3686 1046 per-

2108 1083 2277 1138 tcxat,
2304 1074 2574 1138 observat,
2611 1088 2708 1128 eos
2738 1088 2876 1143 quos
2899 1073 3252 1128 vetustissimi
3296 1072 3378 1126 vel
3404 1072 3686 1140 episcopos

2109 1164 2191 1218 vel
2222 1164 2569 1234 presbyteros
2591 1173 2806 1229 vocant,
2821 1163 2968 1217 hunc
2987 1162 3167 1233 ἱερέας
3191 1177 3286 1216 seu
3312 1165 3679 1216 «sacerdotes»

2109 1257 2404 1326 appellare.
2441 1256 2519 1310 Ex
2551 1258 2755 1326 spuriis
2794 1258 3026 1327 aliquot,
3057 1274 3127 1311 ex
3169 1259 3374 1311 nostris
3407 1272 3584 1310 unum
3615 1257 3685 1309 lo-

2109 1365 2235 1403 cum
2267 1349 2444 1415 aﬂ'ert,
2478 1366 2673 1419 nempe
2695 1351 2809 1405 haec
2836 1367 2903 1406 ex
2927 1350 3154 1420 epistola
3187 1352 3251 1404 ad
3270 1350 3685 1419 Philadelphen-

2110 1458 2198 1498 ses
2221 1443 2379 1498 verba
2412 1460 2426 1497 :
2460 1443 2629 1496 Καλοὶ
2659 1444 2752 1498 καὶ
2781 1446 2829 1496 οἱ
2852 1446 3035 1514 ἱερεῖς.
3072 1442 3219 1515 Nego
3245 1445 3347 1498 hoc
3368 1445 3496 1499 loco
3531 1446 3685 1513 ἱερεῖς

2110 1536 2196 1589 vel
2245 1535 2532 1606 episcopos
2560 1536 2645 1591 vel
2691 1537 3040 1607 presbyteros
3073 1536 3421 1606 signiﬁcare;
3477 1539 3687 1605 negavit

2111 1632 2237 1680 ante
2262 1640 2350 1680 me
2380 1624 2777 1681 Hammondus.
2811 1625 2971 1681 Walo
3012 1626 3339 1683 Messalinus
3363 1628 3561 1681 eadem
3602 1629 3689 1681 ob—

428 1707 913 1768 liora‘charismata
937 1728 1316 1774 consectantes
1340 1729 1604 1793 martyres
1618 1721 2007 1791 quiChristum
2047 1787 2076 1793 _
2107 1717 2346 1785 ,ἱθοῑίοηθ
2375 1733 2531 1783 usus.
2563 1717 2658 1773 56d
2706 1725 2832 1772 3M8
2874 1718 3052 1772 Visum
3079 1719 3325 1773 οοάῖοεῐη
3360 1717 3687 1773 Μθάίεευπι-

428 1803 729 1868 gestabant.
760 1824 777 1856 ι
804 1804 977 1872 Quam
1010 1809 1466 1880 signiﬁcationem
1484 1787 1783 1883 prop—rium
1810 1830 2009 1869 nomen
2043 1787 2083 1843 Β
2118 1807 2432 1864 Blondeilus
2475 1808 2568 1863 illo
2613 1808 2801 1864 codice
2850 1809 3095 1878 inspecto
3138 1810 3207 1864 ab
3247 1811 3351 1865 hac
3380 1810 3689 1880 objectione

428 1893 827 1968 Χριστοςρόρος,
862 1902 943 1955 vel
989 1903 1152 1957 etiam
1186 1905 1559 1977 Χριστόφορος
1597 1915 1820 1963 accentu
1889 1924 2012 1962 mu-

427 1992 564 2048 tato,
596 1989 862 2048 retinuit:
902 1993 1045 2047 unde
1073 2003 1128 2049 et
1156 2011 1295 2051 nova
1322 1996 1506 2052 fabula
1532 2008 1652 2054 orta
1681 2009 1786 2056 est.

498 2078 605 2133 Sed
633 2082 827 2149 quaerit
850 2082 1106 2151 Dallmus,
1141 2103 1313 2157 quare
1340 2090 1432 2144 alii
1460 2106 1489 2145 a
1518 2090 1849 2163 Theopboro
1873 2092 2011 2148 dicti

424 2182 533 2222 non
568 2182 696 2226 sunt
727 2172 1058 2245 Theophori,
1094 2186 1203 2233 uta
1230 2180 1633 2252 Cbrislopboro
1655 2193 1734 2238 tot
1755 2174 2007 2256 appellati

424 2269 554 2313 sunt
588 2262 993 2335 Christopbori,
1046 2284 1174 2323 cum
1218 2273 1444 2326 nomina
1478 2284 1785 2346 martyrum
1828 2278 2004 2330 nostri

426 2351 542 2404 suis
577 2350 811 2409 libenter
833 2357 1075 2413 donent?
1100 2358 1298 2415 Fateor
1327 2364 1579 2432 equidem
1610 2374 1825 2423 veteres
1846 2366 2007 2421 Chri-

424 2439 633 2496 stianos
680 2458 981 2518 martyrum
1020 2453 1246 2511 nomina
1302 2454 1536 2511 libenter
1588 2459 1704 2513 suis
1750 2460 2003 2516 donasse.

422 2526 690 2589 Observat
730 2537 791 2592 B.
846 2538 1222 2598 Theodoretus
1261 2560 1513 2601 sermone
1547 2548 1579 2601 8
1628 2571 1640 2604 :
1676 2549 1787 2615 Τὰς
1814 2552 1869 2605 δὲ
1900 2554 2007 2607 τῶν

424 2622 720 2694 μαρτύρων
754 2632 1127 2703 προσηγορίας
1154 2634 1351 2704 μᾶλλον
1384 2635 1563 2691 ῐσασιν
1602 2640 1848 2704 ἅπαντας
1876 2641 1909 2707 ἢ
1938 2644 2007 2697 τὰ

422 2713 533 2766 τῶν
564 2717 833 2784 φιλτάτων
860 2723 1134 2794 ὀνόματα·
1150 2727 1241 2780 καὶ
1268 2731 1382 2792 τοῖς
1413 2732 1568 2783 παισὶ
1594 2732 1650 2785 δὲ
1674 2732 1772 2797 τὰς
1806 2735 2007 2788 τούτων

423 2810 796 2881 προσηγορίας
824 2812 1124 2871 ἐπιτιθέναι
1148 2820 1561 2886 σπουδάζουσιν,
1587 2823 1888 2893 ἀσφάλειαν
1912 2826 2007 2878 αὐ-

382 2920 385 2921 ν
420 2901 533 2962 τοῖς
564 2900 656 2953 καὶ
688 2902 931 2977 φυλακὴν
963 2908 1211 2963 ἐντεῦθεν
1241 2911 1640 2983 μηχανώμενοι.
1667 2934 1684 2966 ι
1709 2914 2004 2986 Martyrum

420 3000 602 3047 autem
637 2997 861 3052 nomina
886 3001 1103 3059 notiora
1135 3013 1263 3057 sunt
1288 3006 1543 3061 omnibus
1572 3023 1738 3078 quam
1766 3007 2001 3065 familia-

421 3084 586 3141 rium.
619 3087 763 3155 Quin
782 3101 836 3146 et
852 3093 977 3150 ﬁliis
994 3094 1189 3150 horum
1215 3101 1433 3154 nomina
1459 3101 1736 3172 imponere
1760 3103 1977 3159 student

421 3183 771 3240 securitatem
804 3186 929 3242 inde
961 3188 1097 3259 ipsis
1128 3192 1469 3263 tutelamque
1519 3206 1924 3266 comparantes.
1973 3214 1991 3247 ι

422 3268 583 3327 Ratio
613 3283 794 3331 tamen
832 3278 997 3349 hujus
1027 3281 1367 3339 diversitatis
1409 3285 1717 3343 manifesta.
1746 3288 1999 3343 Christo-

417 3362 627 3430 pborus
656 3367 801 3422 enim
836 3372 1090 3442 martyris
1115 3374 1396 3443 proprium
1432 3392 1628 3431 nomen
1662 3375 1786 3444 fuit,
1819 3374 1997 3432 Theo-

416 3452 627 3517 pborus
650 3459 991 3529 neutiquam.
1018 3461 1112 3519 Ille
1127 3464 1220 3534 qui
1240 3481 1381 3535 sarpe
1398 3466 1683 3523 dicebatur
1704 3469 1994 3539 Θεοφόρος,

419 3547 701 3616 proprium
733 3566 930 3608 nomen
961 3564 1080 3609 erat
1139 3556 1414 3625 Ἰγνάτιος.
1472 3557 1587 3616 Hoc
1642 3570 1824 3615 autem
1874 3561 1997 3630 ejus

417 3653 615 3693 nomen
641 3642 861 3712 plurimi
892 3649 1071 3704 sortiti
1100 3659 1249 3705 sunt.
1286 3650 1405 3706 Non
1440 3652 1533 3706 diu
1574 3662 1701 3722 post
1734 3654 1855 3721 ejus
1892 3653 1995 3707 ob-

421 3728 555 3783 itum
580 3730 827 3801 lgnatius
853 3738 1077 3806 quidam
1102 3741 1281 3798 dictus
1308 3752 1409 3809 est,
1435 3742 1692 3808 Celerini,
1716 3744 1809 3813 qui
1839 3752 1997 3797 aetate

414 3820 675 3891 Cypriani
702 3826 985 3884 confessor
1021 3831 1143 3896 fuit,
1175 3834 1503 3899 avunculus,
1544 3842 1597 3887 et
1628 3835 1743 3903 ipse
1768 3844 1992 3904 martyr.

416 3906 895 3987 Posteaalgnatius
950 3924 1265 3991 patriarcha
1325 3924 1991 3993 Constantinopolitanus.

414 4003 661 4073 lgnatius
702 4009 991 4078 diaconus,
1029 4015 1122 4084 qui
1166 4015 1377 4070 Tarasii
1412 4026 1467 4071 et
1509 4015 1803 4085 Nicephori
1840 4014 1994 4071 Vitas

412 4098 655 4167 scripsit.
691 4098 934 4171 lgnatius
958 4105 1341 4177 Xanthopulus
1383 4125 1507 4163 cum
1538 4109 1791 4175 Callisto,
1822 4109 1917 4179 qui
1963 4124 1991 4162 a

416 4186 687 4258 Symeone
714 4190 1191 4255 Tbessalonicensi
1214 4199 1476 4272 Θεηγόροι
1505 4201 1599 4254 καὶ
1618 4200 1876 4272 Scorpde:
1902 4200 1994 4254 καὶ

410 4278 778 4357 Χριποφόροι
805 4288 899 4341 καὶ
923 4288 1097 4343 ἔνθεοι
1128 4292 1404 4347 dicuntur.
1431 4292 1587 4347 Alius
1617 4289 1878 4363 lgnatius,
1903 4292 1992 4347 cui

408 4371 694 4430 dedicatur
736 4392 876 4448 Opus
920 4382 1063 4450 Περὶ
1104 4382 1223 4437 τῶν·
1272 4385 1378 4439 τοῦ
1426 4385 1613 4455 λόγου
1668 4383 1995 4453 σχημάτων

1984 3146 1998 3171 ’
2030 3143 2071 3199 C

2109 1914 2339 1968 prorsus
2392 1900 2676 1966 abstinuit,
2711 1911 2771 1955 ut
2812 1910 2866 1956 et
2899 1900 3226 1957 Salmasius.
3282 1902 3457 1957 Miror
3512 1905 3689 1973 itaque

2109 1989 2368 2047 Dallaaum
2389 1992 2567 2048 adhuc
2584 1994 2761 2049 eidem
2791 1994 3077 2060 inhaerere,
3102 1994 3349 2064 nihilque
3375 1995 3579 2051 afferre
3600 2013 3689 2066 pro

2109 2084 2378 2139 sententia
2414 2099 2538 2144 sua.
2565 2095 2762 2155 praeter
2788 2086 2989 2139 nudam
3040 2087 3427 2142 assertionem.
3468 2108 3487 2140 ι
3516 2090 3687 2158 Appa-

2108 2184 2211 2243 ret,
2241 2176 2441 2247 inquit,
2474 2177 2655 2249 ἱερέας
2684 2178 2806 2232 loco
2848 2177 3069 2233 laudato
3112 2179 3219 2234 dici
3270 2194 3368 2235 eos
3418 2182 3516 2251 qui
3573 2192 3689 2236 sunt

2107 2270 2429 2341 presbyteri.
2463 2288 2482 2323 ι
2515 2271 2629 2325 lmo
2666 2285 2796 2325 vero
2826 2280 3056 2341 apparet
3094 2270 3277 2343 ἱερέας
3326 2288 3396 2327 eo
3420 2273 3549 2328 loco
3578 2290 3689 2342 pre-

2108 2360 2354 2431 sbyteros
2380 2376 2489 2416 non
2512 2362 2618 2417 diei
2649 2380 2663 2415 :
2691 2361 3058 2417 certissimum
3109 2363 3254 2417 enim
3313 2372 3400 2417 est
3452 2364 3689 2433 epistola

2109 2454 2431 2523 scriptorem
2467 2469 2535 2509 eo
2582 2454 2687 2509 loci
2726 2455 2793 2508 de
2834 2454 3105 2511 ministris
3133 2454 3417 2525 Evangelii
3468 2457 3688 2511 minime

2108 2544 2276 2615 loqui.
2316 2544 2566 2614 Disputat
2592 2545 2855 2599 adversus
2886 2542 3193 2611 Ebionitas,
3223 2545 3319 2614 qui
3345 2543 3689 2598 Christianos

2107 2638 2173 2691 ad
2201 2636 2473 2693 Mosaicas
2502 2638 2862 2692 caremonias
2905 2642 3257 2701 revocabant,
3302 2645 3357 2691 et
3415 2638 3491 2691 ab
3519 2636 3688 2691 Evan-

2108 2727 2249 2798 gelio
2297 2726 2364 2781 ad
2390 2728 2562 2797 legem
2609 2728 3003 2797 provocabant,
3046 2725 3419 2791 dicebantque
3452 2745 3469 2783 :
3499 2746 3519 2778 ι
3558 2726 3612 2781 Si
3639 2728 3688 2780 iu

2106 2821 2387 2875 veteribus
2417 2836 2524 2875 non
2559 2821 2802 2887 invenio,
2858 2820 2916 2875 in
2965 2818 3260 2889 Evangelio
3285 2834 3400 2873 non
3433 2820 3624 2875 credo.
3665 2838 3684 2870 ι

2107 2911 2444 2982 Argumento
2476 2913 2578 2967 hoc
2617 2913 2882 2968 adversus
2901 2925 2997 2967 eos
3026 2912 3197 2967 utitur
3228 2927 3242 2964 :
3283 2930 3303 2962 ι
3342 2910 3486 2966 Boni
3527 2921 3581 2966 et
3607 2926 3689 2966 sa-

2107 3006 2395 3073 cerdotes;
2438 3006 2635 3060 melius
2690 3013 2869 3060 autem
2923 3005 3174 3075 princeps
3205 3005 3567 3059 sacerdotum
3605 3004 3688 3059 cui

2108 3098 2312 3152 credita
2334 3108 2464 3154 sunt
2484 3097 2684 3154 Sancta
2712 3107 3045 3153 sanctorum.
3079 3115 3099 3149 ι
3122 3096 3198 3152 Ita
3233 3113 3297 3152 ex
3330 3097 3455 3166 lege
3500 3096 3689 3166 dispu-

2107 3201 2204 3247 tat.
2239 3190 2345 3245 Per
2375 3192 2675 3263 principem
2699 3201 2879 3245 autem
2897 3190 3241 3245 sacerdotum
3272 3189 3689 3260 intelligendum

2098 3299 2221 3340 esse
2272 3283 2551 3339 Christum
2605 3284 2803 3349 innuit,
2863 3298 2970 3337 non
3015 3291 3226 3335 tantum
3284 3280 3404 3334 lure
3461 3279 3687 3342 addens,

2106 3394 2124 3428 ι
2162 3377 2249 3431 cui
2301 3376 2402 3431 soli
2438 3375 2643 3431 credita
2693 3385 2821 3430 sunt
2859 3375 3074 3429 occulta
3110 3373 3226 3437 Dei,
3288 3393 3307 3425 ι
3357 3373 3459 3429 sed
3493 3382 3550 3427 et
3604 3373 3687 3426 illa

2096 3472 2284 3536 etiam,
2326 3488 2344 3521 ι
2393 3470 2485 3540 qui
2525 3472 2641 3539 ipse
2685 3477 2770 3523 est
2803 3469 2972 3537 janua
3020 3467 3215 3530 Patris,
3250 3481 3348 3536 per
3396 3481 3569 3535 quam
3612 3466 3688 3518 in-

2099 3562 2417 3633 grediuntur
2451 3562 2751 3626 Abraham,
2802 3560 2953 3615 lsaac
3000 3568 3055 3614 et
3085 3558 3274 3625 Jacob,
3319 3567 3371 3613 et
3406 3559 3689 3629 prophetae

2097 3666 2151 3710 et
2181 3654 2436 3725 apostoli,
2466 3663 2521 3709 et
2544 3653 2809 3713 Ecclesia.
2857 3673 2876 3705 ι
2932 3652 3157 3708 Summa
3207 3654 3524 3723 argumenti
3580 3654 3688 3708 haec

2096 3759 2214 3805 est:
2250 3748 2368 3804 Non
2401 3764 2522 3804 esse
2565 3749 2899 3803 redeundum
2931 3749 2998 3803 ab
3040 3746 3333 3816 Evangelia
3384 3748 3454 3801 ad
3492 3748 3685 3813 legem,

2098 3843 2192 3898 scd
2241 3858 2272 3897 a
2322 3843 2441 3913 lege
2490 3840 2918 3912 perveniendum
2976 3839 3042 3897 ad
3092 3838 3474 3909 Evangelium.
3540 3837 3685 3893 Licet

2096 3937 2240 3989 enim
2273 3935 2532 4004 praeclara
2560 3933 2718 3989 fuerit
2754 3933 2857 3989 sub
2908 3932 3027 4001 lege
3063 3931 3393 3986 ministratio
3436 3932 3687 3986 sacerdo-

2095 4037 2234 4095 tum,
2261 4043 2475 4098 semper
2500 4036 2681 4083 tamen
2705 4026 2773 4081 iis
2800 4025 2972 4096 major
2996 4037 3112 4079 erat
3136 4039 3385 4080 summus
3411 4023 3684 4089 Pontifex,

2096 4121 2189 4187 qui
2227 4120 2378 4175 solus
2412 4118 2632 4173 intravit
2664 4117 2717 4171 in
2766 4116 2965 4172 Sancta
3026 4123 3383 4171 sanctorum:
3437 4124 3560 4169 erat
3590 4130 3686 4168 an-

2098 4220 2205 4265 tem
2249 4210 2340 4263 ille
2378 4208 2583 4264 Christi
2634 4217 2814 4281 typus,
2845 4205 2939 4277 qui
2974 4220 3099 4259 vere
3133 4219 3384 4259 summus
3438 4203 3685 4274 pontifex

2094 4312 2197 4368 est,
2230 4316 2326 4371 per
2358 4314 2518 4371 quem
2548 4308 2605 4354 et
2627 4299 2721 4368 qui
2761 4307 2887 4357 ante
2923 4297 3126 4367 legem,
3164 4304 3225 4351 et
3253 4294 3350 4365 qui
3410 4295 3518 4349 sub
3546 4295 3682 4365 lege,

2095 4404 2149 4449 et
2185 4393 2278 4463 qui
2309 4393 2413 4448 sub
2456 4390 2771 4461 Evangelio,
2809 4390 3041 4446 salutem
3075 4387 3365 4443 consecutio
3388 4396 3543 4442 sunt.
3578 4390 3684 4459 Ap-

408 4459 553 4520 imer
592 4485 725 4525 mss.
788 4471 1122 4531 Barocianos
1176 4476 1230 4530 in
1281 4477 1611 4532 bibliotheca
1664 4474 1984 4531 Oxoniensi.
2019 4485 2065 4546 υ
2092 4459 2247 4551 paret
2280 4479 2485 4534 idcirco
2510 4459 2789 4534 auctorem
2821 4478 3068 4548 epistola:
3108 4479 3212 4534 sub
3242 4480 3471 4535 nomine
3493 4480 3684 4553 ἱερέων

410 4556 651 4626 lgnatius
675 4564 971 4621 modernus
997 4570 1307 4637 patriarcha
1330 4570 1710 4625 Antiochenus
1730 4586 1744 4635 ;
1767 4578 1818 4623 et
1843 4570 1992 4639 ejus-

412 4648 536 4703 dem
586 4657 858 4723 nominis,
903 4660 1007 4714 nisi
1061 4661 1243 4729 fallor,
1286 4663 1340 4717 in
1369 4662 1646 4718 Chronico
1674 4662 1988 4717 Cassinensi

410 4736 666 4798 lnnacius
689 4747 977 4818 episcopus
996 4752 1451 4812 Monorbinensis.
1485 4754 1557 4809 Ut
1580 4754 1749 4826 igitur
1773 4772 1802 4810 a
1828 4754 1991 4809 Chri-

412 4835 675 4903 stophoro
726 4848 805 4894 tot
849 4843 1251 4916 ChristOphori,
1290 4848 1365 4901 ita
1396 4849 1464 4903 ab
1493 4848 1699 4917 lgnatio
1724 4859 1987 4918 tanquam

407 4927 634 4996 proprio
665 4936 923 5003 martyris
946 4938 1164 4991 nomine
1188 4940 1343 4992 multi
1368 4940 1497 4993 dicti
1532 4950 1659 4995 sunt
1685 4941 1897 5011 lgnzitii.
1923 4939 1991 4994 Ut

407 5028 589 5073 autem
614 5023 683 5074 ab
706 5038 816 5077 uno
841 5036 1078 5098 martyre
1100 5029 1209 5084 duo
1236 5032 1457 5086 nomina
1486 5034 1627 5102 apud
1655 5033 1873 5087 Grzeeos
1895 5033 1962 5087 de

408 5111 741 5180 rivarentur,
780 5120 1059 5186 postulare
1083 5121 1488 5191 iniquissimum
1513 5135 1615 5179 est.
1634 5125 1987 5179 Ammonium

409 5203 740 5259 monachum
790 5211 1080 5278 quemdam
1116 5212 1185 5265 ab
1225 5213 1415 5269 Oreste
1460 5215 1719 5284 praefecto
1752 5216 1989 5270 Alexan-

406 5291 540 5349 driae
567 5296 619 5350 in
654 5303 943 5357 tormentis
969 5304 1298 5359 trucidatum
1325 5306 1382 5361 S.
1406 5307 1642 5379 Cyrillus
1675 5310 1727 5362 in
1756 5308 1987 5364 ecclesia

406 5393 639 5461 quadam
674 5394 974 5462 deponens,
1003 5396 1173 5467 ὄνομα
1198 5397 1383 5470 ἕτερον
1415 5399 1564 5470 αὑτῷ
1592 5399 1984 5466 ὲπιθεὶςβαυ-

408 5486 601 5555 μάσιον
642 5489 966 5555 ὲπεκάλεσε,
1013 5492 1106 5544 καὶ
1154 5493 1406 5565 μάρτυρα
1454 5494 1813 5565 χρηματίζειν
1860 5494 1983 5547 ἐκέ-

402 5576 581 5640 leuce,
619 5598 639 5630 ι
674 5582 819 5636 aliud
864 5600 1062 5639 nomen
1114 5587 1160 5640 ci
1206 5586 1491 5656 imponens
1518 5628 1533 5654 ,
1581 5587 1975 5643 Tbaumasium

402 5672 711 5739 appellavit,
745 5684 797 5729 et
827 5686 1122 5747 martyrem
1152 5680 1330 5733 vocari
1357 5680 1558 5747 jussit,
1590 5698 1606 5729 ι
1629 5688 1684 5735 ut
1705 5679 1869 5736 refert
1887 5681 1983 5737 So-

399 5775 601 5832 crates,
634 5766 727 5823 lib.
762 5782 860 5835 vit,
890 5785 937 5823 c.
968 5771 1052 5824 14.
1083 5771 1234 5837 Quod
1267 5772 1311 5845 si
1344 5773 1431 5827 ille
1461 5789 1557 5842 pro
1585 5790 1713 5830 vero
1741 5785 1979 5847 martyre

2095 4572 2405 4629 sacerdotes
2434 4571 2538 4627 sub
2590 4571 2709 4643 lege
2745 4571 3099 4635 intellexisse,
3137 4581 3196 4627 et-
3240 4572 3295 4635 in
3355 4572 3461 4628 bac
3497 4574 3683 4642 dispn-

2092 4663 2319 4728 talione,
2351 4662 2418 4717 de
2457 4663 2796 4733 presbyteris
2828 4672 2925 4724 aut
2970 4663 3101 4717 ullis
3129 4664 3402 4719 ministris
3442 4678 3679 4734 evange-

2092 4756 2214 4811 licis
2240 4770 2309 4809 ne
2342 4757 2612 4825 cogitasse
2639 4755 2886 4824 quidem.
2932 4752 3082 4817 Vidit
3133 4756 3248 4810 haec
3297 4760 3511 4815 omnia.
3565 4761 3679 4829 opi-

2091 4863 2214 4913 nor,
2239 4862 2367 4902 vera
2408 4861 2530 4901 esse
2562 4845 2827 4910 Dailznus;
2871 4861 2997 4899 nam
3030 4862 3153 4900 cum
3185 4850 3354 4916 paulo
3382 4860 3511 4919 post
3560 4852 3674 4906 loca

2091 4940 2327 4994 adducat
2359 4954 2425 4992 ex
2472 4939 2694 5008 spuriis,
2734 4940 2934 5008 quibus
2979 4942 3177 5008 probet
3215 4942 3535 5011 episcopum
3571 4946 3673 4998 dict

2089 5032 2371 5104 ἀρχιερέα,
2408 5032 2524 5085 haec
2565 5032 2753 5099 verba,
2800 5035 3052 5103 κρεῖσσον
3100 5035 3129 5086 ὁ
3178 5035 3493 5106 ἀρχιερεὺς,
3550 5053 3675 5105 pro-

2087 5125 2223 5179 dens
2257 5125 2452 5190 mittit;
2483 5125 2586 5179 hac
2626 5124 2840 5177 ratione
2888 5122 3090 5189 addita,
3120 5127 3264 5194 quod
3306 5145 3325 5172 ι
3364 5143 3429 5181 ea
3459 5130 3675 5183 tametsi

2086 5216 2154 5272 de
2175 5216 2435 5286 episcopo
2467 5216 2575 5271 dici
2605 5216 2913 5279 videantur,
2945 5216 3036 5269 alii
3072 5217 3139 5269 de
3180 5216 3404 5273 Christo
3443 5219 3672 5272 Domino

2086 5324 2198 5364 non
2253 5307 2491 5365 absurde
2544 5308 2989 5377 interpretentur.
3042 5328 3061 5361 ι
3122 5307 3237 5363 lmo
3279 5323 3417 5363 vero
3461 5311 3552 5363 alii
3606 5310 3669 5364 de

2084 5400 2304 5456 Christo
2341 5399 2572 5453 Domino
2609 5410 2663 5453 et
2703 5400 2963 5455 Pontiﬁce
2997 5415 3216 5454 summo
3258 5402 3561 5455 rectissime
3586 5401 3670 5454 in-

2084 5502 2484 5563 terpretantur;
2540 5508 2719 5563 neque
2762 5495 3053 5563 quisquam
3107 5494 3175 5549 de
3220 5494 3481 5563 episeOpo
3511 5509 3672 5562 evan.

2083 5584 2259 5654 gelico
2294 5584 2400 5639 nisi
2451 5582 2845 5640 absurdissime
2886 5587 3232 5656 interpretari
3288 5594 3486 5656 potest.
3532 5584 3669 5651 Quis

2081 5680 2225 5736 enim
2263 5694 2505 5749 unquam
2548 5679 2864 5748 episcopum
2902 5679 3139 5749 aliquem
3194 5678 3337 5731 inter
3387 5677 3664 5732 ministros

2080 5774 2424 5846 cvangelicos
2467 5773 2541 5830 ita
2563 5772 2776 5837 eﬂ'erret
2802 5814 2815 5841 ,
2869 5781 2926 5827 ut
2970 5788 3092 5828 cum
3131 5770 3339 5837 diceret
3377 5790 3397 5823 (
3427 5785 3545 5826 esse
3583 5770 3661 5843 ja-
