3768 6332
142 325 236 381 409

899 323 950 385 Ι.
991 323 1366 388 ΡΕΑΒΞΟΝΠ
1397 331 1734 389 νηωιουε
1759 330 2174 388 ΙϐΝΑΤΙΑΝΑΞ.
2216 361 2283 372 -
2318 329 2502 386 PARS
2535 329 2600 385 ιιι

3267 329 3370 384 410

143 459 290 499 uuam
345 443 539 508 Patris,
595 461 692 516 per
733 463 898 517 quam
965 449 1348 520 ingrediuntur
1394 452 1696 518 Abraham,
1727 467 1774 525 Α
1803 463 2010 518 aesque
2035 448 2261 505 secundi
2292 448 2481 503 saeculi
2507 446 2842 517 scriptores;
2867 445 3014 502 tertii
3035 447 3218 502 sacuti
3245 457 3368 502 tan-

142 544 188 588 et
211 532 370 602 Isaac,
398 544 452 590 et
482 534 670 602 Jacob,
701 547 755 592 et
794 539 1092 610 prophetat,
1144 551 1199 595 et
1223 543 1479 612 apostoli,
1509 553 1564 598 et
1595 543 1698 598 Ec-

141 627 321 682 clesia?
367 646 387 679 ι
435 627 743 683 Prmsertim
791 646 916 685 cum
964 632 1220 691 Christus
1279 637 1396 706 ipse
1448 638 1694 694 dixerit:

153 721 276 790 Ἐγώ
303 722 418 790 ειμι
453 723 491 789 ἡ
525 723 702 790 θύρα,
754 734 809 778 et
839 725 929 780 illa
964 741 1068 781 vox
1102 728 1170 783 de
1217 728 1438 786 Christo
1465 741 1691 802 aposto-

140 811 245 868 licis
266 813 595 882 temporibus
630 817 868 873 maxime
909 829 1172 890 usurpata
1231 823 1338 889 sit;
1393 824 1538 878 unde
1599 826 1690 880 illa

138 904 419 958 Judzeorum
460 905 524 960 ad
561 906 828 963 Iacobum
856 910 1065 978 justum
1110 932 1123 967 :
1170 914 1523 983 Ἀπάγγειλον
1556 919 1690 989 ἡμῖν

138 999 208 1062 τίς
242 1000 270 1068 ὴ
311 999 446 1069 θύρα
488 1001 581 1054 τοῦ
622 1002 796 1073 Ἰησοῦ
837 1004 932 1057 τοῦ
969 1007 1397 1079 σταυρωθέντοςο
1462 1028 1481 1062 t
1546 1009 1688 1068 Doce

138 1107 223 1144 nos
262 1092 400 1160 quod
449 1093 521 1148 sit
561 1096 765 1150 ostium
810 1096 940 1153 Iesu
996 1101 1282 1166 cruciﬁxi;
1338 1121 1358 1154 ι
1402 1111 1463 1156 ut
1520 1103 1687 1158 refert

138 1183 443 1256 llegwippus
478 1189 621 1258 apud
657 1188 954 1246 Eusebium
995 1193 1094 1248 lib.
1131 1211 1193 1261 ll,
1233 1211 1283 1251 c.
1321 1196 1410 1250 25.
1445 1195 1601 1262 Quod
1635 1198 1680 1253 si

135 1277 392 1349 ἀρχιερεύς
422 1281 497 1334 ibi
533 1296 642 1336 non
671 1281 742 1336 sit
767 1284 1077 1355 episcopus,
1110 1304 1285 1358 neque
1324 1291 1489 1361 ἱερεῖς
1521 1302 1683 1347 erunt

135 1373 408 1444 presbyteri
460 1393 473 1428 :
528 1374 654 1429 illos
695 1377 862 1448 igitur
913 1379 1092 1451 ἱερέας
1135 1396 1244 1436 non
1291 1384 1474 1440 minus
1515 1401 1679 1455 quam

134 1467 407 1534 pontificem
441 1468 765 1536 prudentius
791 1471 1024 1527 misisset
1054 1463 1136 1528 vir
1156 1474 1536 1540 doctissimus;
1565 1488 1678 1531 tum

134 1558 257 1625 quod
285 1574 366 1614 res
425 1559 542 1629 ipsa
579 1561 682 1618 hoc
723 1563 792 1616 ab
823 1578 889 1618 eo
919 1567 1236 1634 postulavit,
1267 1575 1380 1621 tum
1410 1584 1478 1623 ne
1515 1568 1680 1625 llam-

134 1649 364 1702 inondum
398 1651 716 1721 sugillandi,
765 1654 856 1708 ubi
891 1657 1040 1711 nulla
1077 1659 1306 1712 rationis
1348 1660 1430 1712 vel
1469 1655 1694 1730 species

132 1755 181 1794 se
204 1740 461 1809 offerebat,
497 1745 842 1802 occasionem
871 1749 1111 1819 arripere
1135 1751 1426 1806 videretur.

681 1899 912 1956 CAPUT
950 1903 1088 1960 Xlll.

132 2008 471 2094 Argumentum
502 2016 829 2094 patinarium
859 2019 1166 2076 discutitur.
1203 2021 1335 2091 Ejus
1362 2023 1675 2092 fundamen-

190 2092 283 2164 tum
305 2086 355 2135 in
381 2086 548 2164 ruinis
577 2088 1073 2164 presbyter-auarum
1103 2086 1335 2160 partium
1362 2086 1484 2163 poni
1509 2104 1678 2148 osten-

189 2153 336 2207 ditur.
369 2153 441 2208 De
468 2153 752 2232 distinctis
775 2163 1077 2215 nominibus
1103 2153 1165 2216 ἐι
1198 2153 1379 2232 ofﬁciis
1408 2165 1569 2217 trium
1597 2181 1676 2218 sa-

187 2237 373 2306 crorum
423 2227 672 2306 ordinum
710 2240 938 2298 quatuor
974 2227 1298 2306 assertiones
1340 2243 1670 2306 statuuntur.

187 2294 400 2376 Assertio
458 2296 540 2376 1ο.Δ
567 2294 732 2376 Alios
764 2303 1185 2376 quamplurimas
1234 2305 1454 2359 secundi
1492 2305 1675 2360 seaculi

187 2369 443 2444 scriptores
483 2369 625 2444 idem
669 2369 956 2426 discrimen
998 2375 1138 2428 inter
1174 2376 1430 2429 vocabula
1459 2377 1675 2444 episco-

187 2443 402 2516 patus_et
443 2439 855 2516 presbyteratus
899 2447 1220 2516 observasse,
1262 2446 1401 2516 quod
1435 2439 1672 2500 observat

187 2502 408 2583 lgnatitts
434 2502 634 2583 noster:
669 2510 822 2583 Quod
848 2514 1105 2583 probatur
1144 2502 1461 2574 testimoniis
1503 2517 1673 2570 Acto-

185 2593 287 2661 rum
337 2579 537 2661 lanatii
581 2593 630 2661 et
669 2579 1003 2661 ‘Polyc'arpi,
1044 2586 1392 2661 imperatoris
1419 2585 1668 2661 Adriani,

185 2647 403 2721 Dionysii
463 2647 868 2727 Corinthiorum
913 2647 1188 2726 episcopi,
1243 2647 1671 2727 Lugdunensium

186 2731 455 2806 mqrtqrum
474 2725 740 2806 ignoram-
763 2725 1120 2806 testimonium
1151 2745 1183 2806 _a
1204 2725 1473 2806 Blondelli
1492 2727 1671 2806 _clt_ro-

184 2789 408 2881 ttologjicis
434 2789 1191 2881 gbj'ectionibus‘vindicatuﬂ,
1223 2796 1523 2881 liegesippi,
1562 2796 1671 2881 Ροτ

184 2861 401 2989 geratis,
431 2861 763 2948 Serapionis,
807 2869 1070 2937 Anonymi
1111 2861 1252 2950 apud
1287 2861 1590 2934 Eusebium,
1619 2876 1671 2922 et

225 2949 431 2988 ortonam
460 2939 897 2989 anostolrcorum.
923 2940 1161 2989 Assertio
1200 2936 1285 2989 II.
1321 2938 1547 2989 Nullum
1583 2955 1667 2989 se»

225 2949 431 2988 anonum
460 2937 897 3004 apostolicorum.
923 2936 1161 2991 Assertio
1200 2936 1285 2993 II.
1321 2938 1547 2993 Nullum
1583 2955 1667 2993 se»

185 3006 559 3080 caudiswculi
607 3009 917 3080 scriptorem
962 3007 1195 3076 simplici
1248 3009 1569 3080 presbytero,
1612 3010 1668 3063 in

184 3077 382 3128 secundo
424 3078 714 3148 ministerii
759 3079 941 3132 ordine
973 3077 1283 3143 constituto,
1315 3077 1544 3148 episcopi
1574 3097 1667 3132 no-

183 3160 281 3220 men
316 3148 585 3220 tribuisse.
633 3147 806 3220 Ratio
857 3150 1163 3218 manifesta,
1222 3147 1384 3220 quare
1427 3147 1670 3220 Ig’natius
1699 3157 1742 3213 ε

183 3214 439 3270 discrimen
498 3218 640 3272 illud
683 3230 827 3273 caste
875 3214 1193 3274 observaret.
1233 3214 1487 3274 'Assertio
1536 3220 1660 3275 ΙΙΙ.

184 3282 384 3360 Nullum
427 3290 642 3342 omnino
683 3291 901 3344 secundi
940 3290 1120 3345 saeculi
1166 3292 1496 3360 scriptorem,
1544 3309 1663 3346 cum

181 3357 350 3431 gradus
366 3369 657 3431 enumerat,
673 3371 764 3414 aut
785 3377 904 3412 cum
923 3361 984 3414 de
997 3357 1354 3431 singularibus
1371 3363 1454 3414 sui
1471 3371 1666 3431 tempo-

182 3425 248 3501 ris
284 3429 537 3482 ministris
585 3428 840 3500 loquitur,
885 3425 1100 3484 nomcn'
1131 3430 1424 3500 presbyteri
1472 3433 1521 3484 ei
1573 3425 1663 3501 qui

181 3501 421 3617 Episcopus
465 3512 636 3564 esset,
693 3501 958 3584 tribuisse.
1007 3501 1150 3555 Loca
1174 3501 1398 3584 .Panite.
1446 3501 1662 3565 Irenwi,

221 3566 441 3617 lementis
486 3571 863 3617 Alexandrini-
903 3571 1205 3617 Pnlucarm-
1248 3572 1330 3617 Ρη
1360 3581 1409 3617 et
1456 3571 1662 3617 Hermas

221 3566 441 3642 lementis
486 3571 1207 3642 AlexandriniLPolycarpi,
1244 3566 1332 3625 Pii
1360 3581 1409 3627 et
1434 3571 1666 3642 illermre

183 3637 549 3715 examinantur.
574 3642 808 3715 Assertio
835 3637 938 3698 IV.
971 3637 1053 3696 Ea
1079 3637 1254 3706 wtate,
1285 3660 1388 3712 qua
1420 3641 1478 3697 S.
1505 3641 1666 3715 Igna-

184 3711 270 3758 tius
296 3711 562 3778 scripsisse
591 3713 808 3774 dicitur,
853 3722 955 3767 tres
1001 3731 1180 3767 sacros
1221 3711 1431 3766 ordines
1466 3711 1660 3766 distin-

182 3779 342 3858 ctosin
371 3779 607 3835 Ecclesia
633 3783 918 3858 (εειξειὲιίεεεἶ
947 3783 1100 3849 Quod
1121 3799 1238 3858 cum
1268 3783 1532 3858 aliorum,
1553 3794 1664 3836 tum

182 3854 320 3926 etiam
338 3866 513 3926 eorum
549 3854 806 3926 omnium,
827 3855 919 3926 qui
946 3854 1365 3926 communionem
1392 3855 1663 3908 nominum

184 3920 227 3994 in
250 3920 539 3994 apostolicis
568 3924 779 3994 scriptis
819 3920 1184 3989 observabant,
1215 3925 1523 3978 testimoniis
1546 3941 1664 3994 pro-

185 3984 333 4043 batur.
362 3990 557 4046 Dallwi
579 3984 748 4062 eﬂ'usa
771 3995 943 4047 oratio
968 3984 1374 4063 suﬁlaminatur.

183 4096 442 4160 Praemisso
468 4106 575 4160 levi
607 4116 883 4161 armatura
917 4107 983 4162 ad
1007 4107 1333 4178 palmarium
1365 4124 1658 4174 argumen-

132 4196 271 4248 tuma
310 4197 543 4255 dictione
582 4201 810 4269 petitum
853 4201 1195 4272 progreditur
1242 4219 1258 4256 :
1313 4202 1458 4272 quod
1501 4202 1661 4271 longe

133 4286 312 4341 maximi
343 4292 597 4346 momenti
623 4308 746 4347 esse
768 4302 942 4362 putat,
961 4304 1014 4348 et
1038 4294 1244 4351 idcirco
1259 4305 1372 4350 toto
1396 4298 1574 4367 capite
1591 4298 1660 4352 26

132 4376 301 4441 prolixo
343 4397 471 4438 sane
512 4393 569 4439 et
612 4383 889 4441 laborioso
951 4386 1058 4443 late
1113 4393 1480 4461 persequitur.
1521 4392 1658 4448 Cum

1799 551 1914 596 tum
1949 549 2003 595 et
2030 540 2375 610 sequentium
2419 540 2715 595 Christiani
2765 539 3058 594 discrimen
3105 539 3235 592 illud
3270 539 3370 595 ob-

1797 631 2108 686 servabant.
2141 627 2348 683 Auctor
2363 629 2533 700 igitur
2567 628 2917 698 epistolarum
2959 629 3118 684 tertio
3161 629 3243 683 vel
3281 645 3370 684 se-

1795 731 1998 792 quente
2034 722 2234 776 saeculo
2262 717 2502 790 scripsit.
2531 719 2648 774 Non
2672 721 2845 790 potuit
2878 721 3041 790 igitur
3064 736 3185 774 esse
3213 719 3369 790 lgna-

1793 813 1904 868 tius
1938 823 2167 884 martyr,
2215 812 2308 883 qui
2367 812 2485 882 ipso
2533 827 2670 881 pene
2716 811 2940 866 secundi
2991 811 3176 866 sazculi
3211 811 3367 866 initio

1788 918 1982 973 passus
2010 912 2114 958 est.

1862 995 1998 1050 lllud
2048 1005 2234 1049 autem
2268 993 2524 1063 inprimis
2561 993 2959 1050 observandum
2993 1002 3105 1056 est,
3149 994 3192 1048 si
3243 1008 3366 1062 qum

1790 1087 1871 1142 vis
1894 1087 2022 1140 huic
2047 1095 2372 1156 argumento
2408 1085 2589 1140 inesse
2625 1085 2891 1150 videatur,
2919 1101 3038 1139 eam
3065 1102 3280 1138 onmem
3310 1084 3364 1138 in

1787 1192 2013 1233 suarum
2047 1177 2284 1246 partium
2330 1177 2509 1231 ruinis
2539 1176 2609 1230 ab
2656 1190 2721 1230 eo
2758 1177 2989 1244 positam
3039 1191 3177 1231 esse.
3227 1175 3362 1230 Nam

1785 1270 1914 1324 dum
1968 1278 2248 1324 auctorem
2308 1268 2662 1338 epistolarum
2711 1257 2953 1323 seeundo
2997 1269 3199 1322 szeculo
3255 1285 3361 1322 non

1783 1362 2070 1432 scripsisSc
2097 1363 2232 1429 vult,
2267 1362 2411 1432 quod
2436 1377 2501 1414 eo
2533 1371 2643 1417 toto
2664 1361 2820 1415 aliter
2842 1361 3139 1415 Christiani
3171 1377 3364 1416 armies

1786 1454 1954 1509 locuti
2014 1455 2164 1522 sint;
2230 1453 2484 1508 Salmasii
2569 1463 2623 1507 et
2690 1452 2955 1506 Albcrtini
3036 1452 3371 1506 sententiam

1783 1547 2057 1609 convellit,
2092 1547 2185 1617 qui
2227 1563 2353 1602 eum
2388 1545 2567 1600 medio
2604 1545 2829 1600 secundi
2877 1545 3063 1600 saeculi
3119 1554 3363 1613 tempore

1778 1639 2039 1710 epistolas
2069 1639 2305 1693 edidisse
2328 1639 2654 1692 docuerunt.
2680 1636 2780 1690 Dat
2803 1637 2966 1690 etiam
2995 1635 3357 1700 Hammondo,

1779 1739 1891 1785 tres
1922 1730 2418 1799 subapostolornm
2449 1736 2712 1796 tempore,
2745 1729 2836 1796 qui
2866 1726 3087 1780 nomina
3119 1725 3357 1794 episcopi

1710 1816 1748 1870 Β
1778 1830 1833 1875 et
1883 1820 2187 1892 presbyteri
2237 1819 2546 1889 promiscue
2599 1835 2896 1889 usurpasse
2927 1818 3206 1884 dicuntur,
3247 1826 3360 1872 tres

1779 1912 2001 1965 ordines
2061 1927 2154 1966 seu
2208 1911 2408 1979 gradus
2469 1909 2520 1962 in
2571 1908 2812 1964 Ecclesia
2850 1909 3154 1972 exstitisse;
3212 1908 3358 1979 quod

1781 2001 2109 2065 Salmasius,
2153 2001 2490 2065 Blondellus,
2537 2000 2738 2068 aliique
2781 2000 2918 2054 adeo
2969 2015 3034 2054 ex
3087 1998 3357 2053 industria

1777 2103 1996 2164 negant,
2029 2102 2083 2146 et
2108 2107 2262 2147 suam
2297 2107 2362 2145 ex
2395 2091 2508 2160 ipsa
2543 2090 2865 2145 confusione
2897 2091 3179 2145 nominum
3232 2105 3358 2144 sen-

1777 2184 2001 2237 tentiam
2049 2181 2286 2235 maxime
2332 2181 2648 2235 defendunt.
2692 2179 2854 2235 Novit
2890 2192 3068 2235 autem
3101 2180 3363 2248 Dalltcus,

1774 2274 1882 2330 nisi
1931 2275 2034 2329 hoc
2074 2274 2252 2339 daret,
2290 2288 2357 2328 ex
2395 2273 2699 2328 imitatione
2745 2274 3027 2343 apostolici
3083 2274 3355 2328 sermonis

1774 2367 2039 2422 adversus
2062 2365 2254 2434 lgnatii
2277 2364 2536 2434 epistolas
2579 2366 2787 2419 nullum
2827 2374 3208 2433 argumentum
3239 2364 3354 2419 for-

1775 2459 1913 2513 mari
1964 2458 2230 2528 potuisse.
2280 2456 2337 2510 Si
2390 2458 2535 2512 enim
2583 2458 2693 2512 duo
2747 2465 2959 2512 tantum
3001 2458 3222 2513 ordines
3261 2466 3357 2513 aut

1773 2550 1973 2622 gradus
2004 2551 2058 2605 in
2094 2551 2400 2607 ministerio
2419 2550 2792 2605 ecclesiastico
2818 2549 3190 2619 apostolorum
3217 2559 3356 2604 tem-

1771 2656 1904 2711 pore
1944 2642 2305 2709 exstitissent,
2343 2642 2620 2712 quomodo
2657 2642 2779 2696 illos
2814 2641 3014 2696 imitari
3056 2650 3358 2712 potuerunt

1771 2733 1825 2788 in
1865 2731 2188 2788 confusione
2208 2734 2517 2801 nominum,
2555 2731 2650 2802 qui
2689 2743 2820 2787 tunc
2848 2733 3110 2802 temporis
3146 2733 3354 2788 scribe-

1771 2834 1914 2892 rent,
1946 2841 2070 2880 cum
2096 2834 2206 2882 tres
2245 2825 2359 2897 jam
2397 2825 2618 2880 tandem
2644 2824 2858 2879 essent?
2882 2822 2938 2878 Si
2965 2840 3106 2880 unus
3138 2833 3351 2879 tantum

1769 2917 1907 2973 ordo
1930 2918 2014 2973 vel
2045 2919 2246 2990 gradus
2269 2934 2434 2989 supra
2459 2918 2813 2973 diaconatum
2856 2917 2926 2972 ab
2963 2917 3228 2986 apostolis
3271 2917 3351 2972 in-

1771 3011 1996 3065 stitutus
2027 3019 2129 3076 est,
2163 3025 2324 3079 quem
2355 3025 2502 3064 nunc
2531 3011 2904 3079 episcopatum
2940 3024 3087 3063 nunc
3123 3009 3351 3081 presby-

1776 3111 2011 3157 teratum
2072 3101 2417 3171 appellabant
2480 3101 2583 3170 ipsi
2649 3101 2743 3171 qui
2801 3115 2928 3154 eum
2993 3099 3350 3156 instituebant

1773 3192 2038 3264 apostoli;
2069 3209 2137 3246 an
2166 3193 2240 3246 illi
2266 3193 2359 3262 qui
2398 3193 2640 3248 secundo
2665 3193 2866 3248 sacculo
2897 3193 3187 3262 scripsere,
3222 3209 3346 3248 cum

1762 3287 1874 3358 jam
1914 3287 2004 3342 ille
2039 3286 2173 3340 ordo
2200 3286 2253 3340 in
2289 3285 2431 3341 duos
2461 3286 2757 3340 distinctus
2797 3301 2919 3340 esse
2955 3286 3177 3351 dicitur,
3219 3302 3346 3340 cum

1767 3392 1880 3431 rem
1907 3379 2080 3447 ipsam
2112 3376 2356 3432 Ecclesia
2388 3386 2632 3432 mutasse
2660 3385 2903 3446 putatur,
2939 3378 2992 3430 in
3025 3377 3348 3433 confusione

1766 3471 2074 3534 nominum,
2111 3483 2347 3538 quorum
2380 3469 2598 3538 utrique
2630 3477 2744 3522 tum
2782 3484 2916 3523 suus
2954 3467 3089 3523 ordo
3115 3483 3344 3538 respuit-

1765 3559 1950 3627 debat,
1996 3561 2276 3630 apostolos
2315 3560 2517 3614 imitari
2553 3559 2897 3615 debuerunt?
2932 3558 3195 3614 Confusio
3247 3573 3349 3612 no-

1765 3653 1975 3708 minum
2019 3653 2319 3721 apostolica
2347 3694 2363 3718 ,
2415 3652 2716 3707 secundum
2759 3667 2948 3706 eorum
3008 3651 3346 3721 suppositio-

1766 3761 1914 3811 nem,
1946 3744 2001 3799 in
2033 3760 2098 3800 eo
2128 3745 2483 3812 consistebat,
2517 3744 2664 3814 quod
2699 3745 2862 3800 unico
2895 3745 3074 3798 ordini
3106 3744 3214 3797 duo
3243 3759 3350 3797 no-

1763 3838 1911 3893 mina
1939 3838 2309 3893 indill'erenter
2335 3847 2387 3892 et
2411 3839 2719 3908 promiscue
2741 3839 2796 3891 in
2824 3835 2973 3891 Novo
2997 3835 3351 3891 Testamento;

1763 3932 2156 3999 tribuerentur,
2183 3932 2322 3986 adeo
2353 3939 2413 3985 ut
2445 3931 2587 3985 idem
2611 3931 2775 3984 homo
2813 3929 2884 3983 ob
2919 3943 3089 3983 unum
3117 3936 3172 3982 et
3197 3928 3345 3984 idem-

1764 4023 2023 4090 ollicium,
2064 4025 2136 4079 ob
2165 4039 2335 4078 unum
2363 4031 2420 4076 et
2444 4023 2698 4076 eumdem
2725 4021 2974 4076 ordinem
3017 4029 3072 4074 et
3105 4019 3343 4089 dignita-

1764 4123 1898 4182 tem,
1952 4130 2099 4170 nunc
2137 4115 2457 4185 episc0pus,
2502 4129 2650 4168 nunc
2691 4113 2973 4184 presbyter
3030 4120 3338 4166 vocaretur.

1762 4206 1847 4261 An
1875 4206 2023 4264 licite
2063 4223 2179 4261 rem
2220 4208 2395 4276 ipsam
2425 4208 2493 4261 ab
2523 4206 2808 4276 apostolis,
2834 4214 2895 4259 ut
2925 4205 3144 4269 dicitur,
3183 4202 3342 4258 insti-

1766 4307 1938 4352 tutam
2004 4298 2285 4353 communi
2334 4298 2554 4352 decreto
2609 4295 2852 4350 Ecclesia
2899 4305 3111 4350 mutare
3156 4309 3341 4362 posse,

1762 4403 1874 4441 non
1902 4402 2065 4442 nemo
2096 4386 2329 4442 fortasse
2358 4387 2629 4456 ambigat;
2659 4402 2727 4439 an
2749 4401 2805 4441 re
2843 4392 3048 4438 mutata
3078 4385 3336 4438 vocabula

133 4465 281 4537 itaque
306 4473 354 4526 in
380 4474 480 4532 bac
503 4476 811 4546 objectione
839 4480 998 4549 quasi
1025 4481 1365 4552 triumphare
1388 4483 1659 4552 videatur,
1692 4511 1737 4566 ο
1765 4479 1923 4533 aliter
1959 4494 2227 4548 usurpare
2286 4477 2496 4543 liceret,
2546 4477 2785 4531 dubitari
2829 4490 2938 4529 non
2979 4484 3175 4544 potest.
3223 4474 3345 4528 lmo

133 4565 398 4621 accuratius
423 4569 584 4623 nobis
619 4570 1001 4640 perpendenda
1038 4583 1162 4641 est;
1197 4589 1304 4629 non
1337 4577 1480 4646 quod
1508 4577 1562 4630 in
1595 4593 1660 4632 ea

133 4651 195 4706 iis
218 4657 373 4726 major
401 4676 566 4730 quam
599 4662 654 4716 in
685 4662 904 4718 caeteris.
925 4665 997 4719 sit
1025 4665 1182 4734 (mihi
1222 4667 1368 4722 enim
1409 4670 1656 4726 omnium

133 4739 356 4806 levissima
383 4755 638 4826 videtur),
666 4757 760 4813 sed
791 4757 936 4826 quod
967 4773 1091 4812 cum
1135 4769 1280 4816 tanta
1307 4777 1525 4834 pompa,
1558 4780 1659 4821 nec

133 4838 290 4898 minori
332 4849 529 4903 astutia
568 4851 904 4919 proferatur.
945 4853 1036 4908 Vis
1070 4854 1214 4913 enim
1253 4857 1580 4926 argumenti,
1609 4858 1656 4913 si

134 4944 214 4996 qua
237 4936 315 5003 sit,
343 4938 576 4997 breviter
603 4944 657 4997 in
689 4944 836 5000 hunc
863 4946 1086 5000 modum
1113 4955 1224 5001 tota
1263 4947 1531 5004 declarari
1559 4967 1658 5019 po-

135 5030 228 5078 test.
279 5028 468 5089 Auctor
525 5037 880 5106 epistolarum
935 5039 1094 5094 aliter
1147 5050 1380 5110 usurpat
1431 5044 1656 5098 nomina

135 5118 384 5189 Presbyteri
415 5135 472 5181 et
506 5129 771 5199 episcopi,
803 5146 970 5200 quam
1003 5131 1236 5200 apostoli
1275 5141 1330 5187 et
1367 5135 1654 5204 apostolici

135 5207 208 5259 \iri
240 5223 285 5264 et
318 5229 498 5274 eorum
527 5221 816 5291 discipuli;
847 5223 960 5276 imo
983 5224 1172 5278 eodem
1207 5225 1370 5280 modo
1401 5236 1651 5297 usurpat,

136 5311 215 5362 quo
235 5308 357 5361 tertii
383 5312 562 5365 steculi
593 5322 649 5367 et
676 5315 1022 5383 sequentium
1053 5315 1373 5372 Christiani.
1399 5315 1532 5372 Nam
1567 5319 1654 5374 ille

138 5402 247 5448 iaste
270 5400 504 5459 observat
535 5407 814 5461 nominum
842 5408 1162 5475 discrimen,
1198 5425 1374 5479 neque
1407 5427 1650 5480 unquam

134 5482 253 5540 aliter
283 5490 526 5562 loquitur.
560 5496 630 5551 At
659 5498 856 5567 primo,
888 5500 1123 5568 apostoli
1154 5500 1267 5555 Inec
1297 5500 1406 5555 duo
1430 5502 1651 5556 nomina

137 5584 212 5637 Ρτο
235 5582 535 5644 promiscuis
575 5594 630 5640 ct
657 5585 905 5642 confusis
951 5588 1185 5653 habent;
1229 5588 1450 5642 eosdem
1505 5603 1653 5642 nunc

138 5665 390 5743 εβίδεοροε,
435 5696 580 5736 nunc
631 5680 975 5751 presbyteros
1023 5682 1390 5752 appellantes;
1438 5691 1492 5735 et
1535 5697 1652 5736 scr—

1764 4585 1890 4624 cum
1937 4569 2180 4640 primum
2228 4569 2308 4622 rei
2364 4569 2597 4622 mutatio
2635 4567 2777 4621 facta
2816 4575 2921 4632 est,
2965 4574 3021 4620 et
3049 4565 3336 4620 nominum

1762 4661 1926 4716 etiam
1983 4661 2339 4714 mutationem
2383 4657 2696 4714 necessario
2747 4656 2944 4712 factam
3002 4655 3174 4712 fuisse
3222 4658 3338 4712 vult

1766 4752 2070 4810 Salmasius
2097 4771 2112 4806 :
2151 4772 2168 4804 ι
2202 4753 2393 4806 Omnia
2421 4751 2546 4805 licet
2575 4751 2802 4804 advocet
2823 4765 2974 4804 arma
3000 4760 3053 4806 ct
3077 4760 3223 4807 artes
3245 4767 3337 4806 so-

1759 4847 2005 4917 phisticae
2056 4862 2173 4901 sua}
2204 4846 2483 4910 Petavius,
2535 4859 2816 4913 nunquam
2847 4844 3061 4911 elliciet,
3108 4854 3168 4900 ut
3211 4853 3337 4915 post

1758 4941 2134 5009 episcopatum
2165 4939 2322 5007 plene
2351 4953 2416 4991 ac
2445 4936 2604 5006 plane
2640 4936 2959 4990 distinctum
2992 4952 3021 4990 a
3053 4938 3333 5007 presbyte-

1758 5039 1905 5092 ratu,
1938 5028 2184 5098 episcopi
2230 5025 2416 5082 vocari
2458 5024 2822 5082 sustinuerint
2887 5025 3336 5096 presbyterorum

1757 5121 1997 5176 nomine.
2034 5138 2053 5171 ›

1832 5215 1936 5271 Sed
1971 5226 2030 5270 ut
2074 5221 2416 5286 argumento,
2458 5211 2620 5282 quale
2648 5211 2809 5282 quale
2849 5219 2952 5278 est,
2990 5216 3044 5264 et
3079 5207 3248 5262 solide
3279 5215 3334 5261 et

1754 5309 2040 5380 perspicue
2091 5306 2521 5378 respondeatur,
2569 5303 2964 5362 assertionibus
3001 5299 3331 5370 quibusdam
3420 5358 3422 5360 _

1756 5402 1971 5472 positis,
2014 5417 2129 5457 rem
2176 5411 2347 5457 totam
2406 5401 2805 5471 explicabimus
2852 5391 3323 5450 confirmabimus

1756 5511 1883 5566 que.
1907 5495 2094 5549 Primo
2121 5497 2290 5562 enim,
2325 5496 2372 5551 si
2412 5496 2606 5549 demus
2643 5502 2922 5546 auctorem
2971 5486 3333 5557 epistolarum

1755 5602 1972 5657 semper
1999 5587 2294 5642 discrimen
2326 5586 2456 5641 illud
2482 5584 2628 5652 quod
2659 5583 2840 5636 innuit
2865 5580 3122 5644 Dallazus,
3145 5581 3200 5638 in
3228 5597 3325 5635 vo-

1751 5682 1966 5737 cabulis
2014 5682 2362 5751 episcopatus
2407 5687 2460 5733 et
2487 5676 2808 5748 presbyterii
2844 5678 3188 5740 observasse,
3230 5689 3332 5727 πιθ-

139 5770 311 5820 mollem
346 5773 691 5840 apostolicum
736 5776 908 5833 secuti
945 5775 1227 5845 apostolici
1271 5790 1497 5848 omnes,
1527 5790 1649 5829 om-
1749 5788 1856 5847 que
1881 5772 2033 5827 aliter
2066 5786 2304 5841 unquam
2335 5769 2574 5825 locutum
2615 5783 2770 5833 esse;
2793 5766 3091 5823 asserimus
3121 5775 3333 5824 tairen.
