3768 6302
424 291 525 353 Ui

1461 288 1518 344 s.
1559 287 1908 346 IGNATIUS.
1948 318 2019 329 —
2058 260 2594 345 ractecoueux.

3593 292 3691 350 ΗΞ

420 411 563 468 alios
593 410 1031 481 quamplurimos
1067 411 1291 466 secundi
1322 413 1505 466 saeculi
1540 413 1836 483 scriptores
1864 413 2003 467 idem
2037 418 2079 473 Α
2111 409 2243 465 bant
2274 409 2386 466 Deo
2409 411 2727 481 episcopum
2763 411 3140 481 constituenti,
3176 412 3269 469 vel
3322 412 3550 469 diabolo
3574 429 3688 469 cre-

421 504 718 560 discrimen
756 505 897 559 inter
930 505 1195 559 vocabula
1224 505 1575 574 episcopatus
1606 515 1659 560 et
1681 506 2002 577 presbyterii

422 598 773 663 observasse,
806 597 952 667 quod
987 597 1243 651 observat
1286 596 1529 667 lgnatius
1573 609 1796 665 noster;
1838 600 2003 655 adeo—

422 705 530 759 que
562 689 759 744 falsum
801 705 923 745 csse
951 691 1097 760 quod
1135 692 1333 745 asserit
1374 690 1605 747 Dallaaus
1645 704 1701 748 et
1743 703 2000 765 tanquam

422 785 727 854 argumenti
769 784 1186 839 fundamentum
1217 786 1392 854 ponit,
1426 802 1619 843 omnes
1644 789 1869 843 secundi
1902 806 2004 845 εαξη

421 879 529 931 culi
554 879 850 948 scriptores
883 878 1193 947 promiscue
1219 894 1311 933 eas
1349 895 1512 935 voces
1545 895 1864 951 usurpasse.
1904 882 2002 939 Se-

420 971 598 1026 cunda
627 972 861 1026 assertio
892 972 962 1026 sit
999 990 1011 1025 :
1042 970 1260 1026 Nullum
1299 974 1526 1028 secundi
1560 977 1745 1031 saeculi
1775 978 2003 1048 scripto-

421 1079 531 1117 rem
567 1064 704 1118 adeo
736 1065 1049 1133 promiscue
1088 1067 1369 1123 vocabulis
1406 1069 1646 1139 episcopi
1687 1081 1741 1126 et
1772 1074 2001 1146 presby—

419 1155 518 1209 teri
580 1173 741 1211 usum
790 1173 913 1213 esse
948 1201 963 1226 ,
1028 1169 1090 1215 ut
1161 1158 1392 1229 simplici
1457 1165 1776 1236 presbytero
1815 1166 1868 1220 in
1909 1182 1999 1221 se-

418 1249 599 1304 cundo
632 1251 923 1305 ministerii
948 1253 1117 1322 gradu
1148 1255 1450 1310 constituto
1480 1272 1722 1327 unquam
1759 1259 1999 1331 episcopi

416 1343 636 1399 titulum
676 1347 957 1403 tribueret.
994 1348 1172 1404 Tertia
1208 1367 1223 1405 :
1269 1348 1489 1406 Nullum
1520 1353 1746 1407 omnino
1775 1354 2001 1409 secundi

417 1444 602 1497 saeculi
639 1446 989 1515 scriptorem,
1017 1463 1140 1502 cum
1177 1450 1380 1520 gradus
1412 1461 1715 1519 enumerat,
1754 1463 1847 1508 aut
1875 1470 1999 1508 cum

415 1533 485 1588 de
514 1536 885 1607 singularibus
915 1541 999 1595 sui
1027 1544 1289 1611 temporis
1322 1544 1592 1601 ministris
1620 1546 1882 1616 loquitur,
1910 1563 2002 1603 no-

415 1642 541 1681 men
596 1630 898 1700 presbyteri
952 1632 1001 1688 ei
1051 1634 1144 1703 qui
1194 1636 1487 1706 cpiscopus
1523 1649 1669 1694 esset
1714 1641 1996 1696 tribuisse.

414 1716 623 1785 Quarta
670 1725 902 1778 assertio
958 1735 1041 1780 est
1080 1746 1095 1782 :
1138 1726 1215 1783 Ea
1262 1740 1440 1797 aztate,
1481 1748 1589 1801 qua
1640 1731 1697 1786 S.
1756 1735 1999 1803 lgnatius
2032 1761 2073 1819 Β

415 1812 677 1880 epistolas
708 1817 994 1885 scripsisse
1020 1819 1241 1889 dicitur,
1293 1832 1402 1879 tres
1432 1840 1623 1881 sacros
1652 1826 1872 1882 ordines
1900 1844 1999 1882 seu

415 1908 625 1978 gradus
646 1910 935 1968 distinctos
965 1914 1020 1969 in
1055 1914 1299 1972 Ecclesia
1329 1916 1518 1974 fuisse.
1559 1918 1655 1975 His
1685 1930 1866 1977 autem
1893 1938 2004 1976 om-

414 2002 580 2058 nibus
612 2004 807 2073 positis
846 2018 901 2062 et
935 2011 1304 2080 comprobatis
1333 2013 1541 2068 nemini
1572 2014 1774 2069 mirum
1796 2015 2003 2071 videbi-

414 2104 522 2160 tur,
575 2098 621 2152 si
665 2100 909 2170 Ignatius
946 2112 1135 2159 noster
1164 2113 1274 2159 tam
1313 2106 1649 2177 frequenter,
1686 2118 1796 2163 tam
1827 2120 1997 2175 caste,

413 2191 639 2244 nomina
686 2202 741 2246 et
797 2192 972 2251 cilicia
1016 2198 1285 2269 episcopi,
1338 2202 1643 2273 presbyteri
1673 2206 1741 2272 fet
1782 2204 1999 2258 diaconi

412 2286 735 2359 distinguat.
772 2290 828 2346 Si
858 2294 1002 2347 enim
1038 2295 1129 2348 alii
1171 2300 1567 2368 quamplurimi
1615 2301 1860 2370 ejusdem
1894 2319 1998 2358 sa:-

413 2381 522 2434 culi
571 2383 868 2451 scriptores
920 2386 1061 2439 idem
1112 2389 1409 2445 discrimen
1463 2393 1851 2460 observabant,
1902 2411 2001 2450 cur

412 2484 523 2523 non
563 2480 618 2526 et
658 2474 944 2541 Ignatins?
996 2475 1053 2530 Si
1096 2480 1282 2536 nullus
1308 2484 1535 2538 omnino
1563 2486 1786 2540 secundi
1814 2489 1998 2543 saeculi

414 2562 650 2631 scriptor
690 2580 890 2621 nomen
925 2568 1164 2640 episcopi
1205 2574 1523 2644 presbytero
1563 2577 1834 2645 tribuerit,
1880 2596 1996 2635 me-

415 2653 520 2707 rito
551 2661 603 2708 et
660 2653 903 2725 lgnatius
956 2659 1108 2715 solos
1147 2662 1435 2732 episcopos
1479 2681 1545 2721 eo
1588 2668 1810 2723 nomine
1848 2685 2000 2724 com-

415 2745 671 2813 pellabat.
709 2745 767 2802 Si
797 2750 959 2819 pauci
1004 2751 1106 2817 illi,
1147 2755 1242 2823 qui
1285 2770 1485 2811 nomen
1537 2760 1841 2832 presbyteri
1883 2764 1999 2831 epi-

415 2856 582 2911 scopo
623 2844 921 2914 aliquando
971 2848 1193 2916 dabant,
1225 2852 1387 2907 aliter
1419 2870 1635 2925 semper
1657 2857 1824 2913 locuti
1862 2861 1995 2927 sint,

415 2949 540 2988 cum
575 2937 803 2991 materia
837 2942 1152 3010 scriptionis
1180 2943 1473 3014 lgnatianae
1503 2962 1857 3020 congrueret;
1893 2955 1999 3023 epi-

419 3030 689 3085 stularum
717 3032 1018 3104 antiquitas
1045 3054 1111 3092 ex
1150 3054 1212 3093 ea
1240 3056 1298 3095 re
1327 3041 1380 3094 in
1416 3042 1642 3097 dubium
1677 3046 1860 3099 vocari
1889 3062 1994 3099 non

416 3135 626 3195 potest;
694 3127 784 3183 ille
831 3132 977 3185 enim
1026 3133 1223 3189 modus
1283 3136 1538 3207 loquendi
1576 3155 1737 3210 quem
1777 3152 1999 3198 secutus

414 3232 527 3288 est,
575 3233 629 3277 et
677 3229 911 3296 tempori
974 3239 1028 3285 et
1075 3234 1351 3289 occasioni
1395 3244 1449 3291 et
1492 3235 1668 3306 ipsius
1719 3240 1999 3309 proposito

415 3312 654 3369 maxime
685 3318 1057 3375 conveniebat.

484 3403 671 3463 Prima
730 3411 896 3481 igitur
933 3415 1166 3471 assertio
1216 3417 1319 3473 sit:
1358 3417 1512 3475 Alios
1560 3424 2000 3495 quamplurimas

413 3502 640 3557 secundi
672 3506 857 3560 saeculi
898 3508 1192 3578 scriptores
1221 3510 1365 3567 idem
1396 3513 1694 3572 discrimen
1736 3518 1877 3574 inter
1909 3536 2000 3575 vo-

413 3594 609 3650 cabula
657 3596 1006 3667 episcopatus
1066 3609 1123 3657 et
1176 3604 1591 3676 presbyteratus
1648 3610 1994 3677 observasse,

413 3687 562 3755 quod
586 3688 840 3745 observat
875 3690 1116 3762 lgnatius
1149 3705 1371 3765 noster;
1402 3716 1542 3767 quos
1581 3718 1860 3773 nunquam
1895 3706 1996 3760 ali-

412 3788 496 3835 ter
526 3783 742 3838 loeutos
793 3802 915 3841 esse
960 3788 1293 3858 deprehendi
1360 3804 1557 3863 potest.
1609 3795 1994 3856 Vetustissima

416 3873 475 3928 S.
507 3877 702 3945 lgnatii
732 3878 866 3934 Acta
908 3900 921 3935 :
966 3901 985 3933 ί
1032 3883 1169 3938 Cum
1208 3887 1379 3942 multo
1412 3890 1613 3960 gaudio
1657 3894 1995 3956 descendens

414 3970 482 4025 de
512 3973 635 4026 navi
672 3973 966 4032 festinabat
1003 3977 1057 4032 S.
1088 3978 1449 4052 Polycarpum
1481 3986 1800 4056 episcopum
1826 4005 1995 4045 coau-

415 4063 649 4120 ditorem
702 4068 905 4125 videre.
960 4090 980 4124 ι
1036 4072 1101 4127 Et
1145 4077 1308 4145 paulo
1357 4088 1482 4148 post
1527 4098 1541 4136 :
1586 4100 1604 4135 ι
1646 4082 1997 4145 Honorabant

417 4156 565 4211 enim
597 4173 846 4215 sanctum
890 4178 986 4231 per
1043 4166 1356 4237 episc0pos,
1398 4173 1749 4244 presbyteros
1788 4188 1842 4232 et
1878 4179 1995 4235 dia-

416 4265 587 4307 conos
634 4253 778 4308 Asia:
819 4256 1067 4312 civitates
1100 4270 1154 4315 et
1179 4261 1455 4321 Ecclesize.
1495 4286 1513 4318 ι
1552 4266 1734 4325 ιιΕιοῑο
1767 4272 1993 4329 Adriani

415 4343 675 4401 distincta
710 4346 882 4404 fuisse
911 4358 973 4405 ut
1001 4353 1197 4421 ofﬁcia,
1233 4356 1303 4409 ita
1340 4368 1393 4413 et
1438 4362 1703 4417 vocabula
1751 4366 1991 4437 episcopi

413 4446 469 4493 et
506 4441 833 4512 presbyteri,
878 4449 1175 4505 ostendunt
1201 4452 1362 4507 verba
1397 4454 1745 4525 imperatoris
1788 4460 1843 4514 in
1875 4463 1992 4532 epi-

413 4533 553 4589 stola
584 4534 651 4587 ad
687 4536 1009 4595 Servianum
1061 4544 1349 4600 consulem
1405 4548 1606 4619 scripta
1648 4568 1661 4604 :
1710 4571 1728 4603 ‹
1771 4551 1851 4608 Illi
1896 4556 1989 4624 qui

416 4627 647 4696 Serapin
689 4631 897 4697 colunt,
949 4632 1246 4692 Christiani
1296 4648 1468 4707 sunt;
1546 4650 1601 4697 et
1642 4643 1823 4699 devoti
1866 4656 1995 4701 sunt

416 4716 605 4789 Serapi
636 4724 729 4793 qui
760 4741 819 4780 se
850 4728 1054 4785 Christi
1100 4733 1388 4805 episcopos
1416 4736 1624 4792 dicunt.
1660 4737 1830 4796 Nemo
1880 4742 1994 4798 illic

414 4811 882 4886 archisynagogus
910 4817 1247 4890 Judzeorum,
1281 4843 1444 4883 nemo
1469 4828 1790 4896 Samarites,
1829 4850 1992 4889 nemo

411 4901 856 4961 Christianorum
907 4914 1209 4984 presbyter,
1247 4934 1353 4972 non
1403 4922 1844 4991 mathematicus,
1880 4942 1991 4981 non

411 5010 671 5067 aruspex,
706 5015 815 5055 non
865 5003 1081 5073 aliptes.
1120 5026 1139 5059 ι
1177 5006 1328 5063 Unde
1359 5022 1547 5080 postea
1590 5013 1824 5070 Romani
1864 5033 1993 5088 pro-

411 5092 668 5147 consules
690 5102 744 5149 et
770 5098 1031 5163 praesides
1060 5100 1145 5157 his
1179 5102 1452 5160 distinctis
1483 5106 1656 5162 titulis
1687 5112 1990 5165 secundum

411 5182 669 5243 Ecclesiae
720 5192 1172 5246 consuetudinem
1226 5194 1279 5248 in
1324 5199 1821 5269 proscriptionibus
1871 5214 1992 5260 ute-

410 5276 630 5334 bantur.
666 5279 824 5338 Unde
857 5284 918 5339 S.
947 5284 1255 5356 Cyprianus
1279 5289 1439 5345 docet
1461 5308 1522 5347 se
1556 5291 1727 5350 fuisse
1756 5298 1991 5365 proseri-

411 5378 586 5438 ptum,
614 5376 871 5443 applicito
893 5387 946 5433 et
968 5379 1230 5448 adjuncto
1259 5383 1604 5453 episcopatus
1625 5388 1710 5441 sui
1742 5391 1988 5458 nomine,

408 5465 635 5531 epistola
690 5470 779 5525 55.
848 5471 1270 5543 Proscriptionis
1311 5478 1474 5532 verba
1520 5480 1713 5535 recitat
1755 5484 1985 5552 epistola

409 5555 515 5611 69:
564 5578 581 5610 ι
627 5562 684 5615 Si
715 5565 841 5633 quis
879 5576 1025 5623 tenet
1074 5569 1159 5624 vel
1200 5571 1444 5639 possidet
1481 5572 1548 5628 de
1594 5574 1751 5632 bonis
1784 5577 1985 5633 Caecilii

411 5648 669 5722 Cypriani
718 5657 958 5729 episcopi
996 5661 1461 5720 Christianorum.
1499 5685 1519 5718 ι
1558 5665 1711 5723 Unde
1748 5668 1837 5723 illa
1876 5670 1987 5725 col-

413 5743 532 5816 ligit
557 5745 799 5816 optimus
832 5754 1031 5821 prmsul
1066 5773 1080 5809 :
1120 5775 1138 5808 ι
1195 5754 1259 5812 Ut
1309 5758 1471 5814 etiam
1527 5760 1620 5823 qui
1663 5777 1771 5818 non
1808 5764 1991 5821 crede-

2106 504 2297 559 derent
2320 504 2636 575 episcopum
2686 506 3068 576 proscribenti.
3111 526 3130 560 ι
3163 506 3375 563 Pariter
3411 507 3557 563 Acta
3601 525 3690 562 an-

2104 596 2413 666 tiquissima
2454 595 2512 651 S.
2543 596 2844 669 Polycarpi,
2875 598 2989 653 sive
3035 597 3387 670 Smyrnensis
3435 598 3691 656 Ecclesia:

2103 689 2332 758 epistola
2365 709 2379 745 :
2426 689 2485 746 Ὀ
2520 688 2970 761 θαυμασιώτατος
3006 692 3214 763 μάρτυς
3244 692 3613 764 Πολύκαρπος
3638 696 3690 747 ἐν

2101 789 2215 849 τοῖς
2260 785 2382 839 καθ’
2429 786 2580 856 ἡμᾶς
2620 784 2833 856 χρόνοις
2871 784 3188 849 διδάσκαλος
3219 784 3586 849 ἁποστολαδς
3609 790 3691 839 καὶ

2103 876 2440 948 προφητικὸς
2470 877 2772 947 γινόμενος,
2811 876 3111 940 ὲπίσκοπός
3153 894 3213 931 τε
3239 878 3340 949 τῆς
3373 879 3437 931 ὲν
3471 878 3687 951 Σμύρνῃ

2103 965 2394 1038 καθολικῆς
2437 966 2785 1038 Ἑκκλησίας.
2825 986 2844 1019 ι
2884 965 3250 1023 Admirandus
3282 977 3498 1039 martyr
3538 969 3689 1039 Poly-

2102 1074 2304 1129 carpus
2328 1069 2517 1115 nostra
2550 1069 2709 1115 aetate
2737 1060 3071 1130 apostolicus
3108 1070 3163 1116 et
3200 1060 3569 1131 propheticus
3598 1063 3690 1118 do-

2104 1161 2241 1219 ctor,
2265 1161 2319 1207 et
2347 1152 2629 1208 catholicae
2657 1151 3009 1225 Smyrnensis
3036 1152 3296 1209 Ecclesiae
3313 1155 3634 1225 episcopus.
3668 1176 3683 1206 ι

2103 1240 2174 1295 Ut
2200 1242 2363 1313 igitur
2387 1242 2630 1313 lgnatius
2652 1242 3010 1313 Polycarpum
3035 1244 3331 1297 ἐπίσκοπον
3365 1246 3690 1316 Ἐκκλησίας

2101 1334 2419 1406 Σμυρναίων
2447 1335 2701 1405 appellat,
2737 1337 2810 1391 ita
2853 1346 2908 1391 et
2938 1335 3335 1409 Smyrnenses;
3386 1355 3574 1410 neque
3600 1358 3690 1394 un-

2101 1442 2265 1497 quam
2316 1442 2442 1482 eum
2503 1428 2883 1499 presbyterum
2934 1440 3151 1486 vocant.
3204 1433 3321 1487 Sub
3372 1434 3689 1503 pontiﬁcatu

2104 1520 2313 1575 Soteris
2347 1521 2589 1591 episc0pi
2649 1521 2882 1576 Romani
2930 1522 3227 1594 Dionysius
3272 1525 3688 1581 Corinthiorum

2100 1615 2386 1685 episcopus
2408 1615 2659 1671 Publium
2682 1625 2735 1672 et
2762 1616 3096 1682 Quadratum
3128 1617 3557 1676 Atheniensium
3586 1623 3693 1691 cpi.

2103 1721 2297 1775 scopos
2327 1708 2811 1773 commemoravit;
2863 1710 3104 1765 ostendit
3152 1713 3437 1782 quomodo
3492 1713 3687 1787 Diony-

2102 1799 2219 1854 sius
2262 1800 2583 1872 Areopagita
2636 1802 2854 1874 πρῶτος
2895 1806 2994 1877 τῆς
3057 1804 3353 1876 Ἀθηναίων
3402 1809 3694 1879 παροικίας

2100 1890 2195 1962 τὴν
2238 1893 2543 1963 ἐπισκοπὴν
2585 1894 2979 1968 ἐγκεχείριστο,
3021 1916 3039 1949 ι
3090 1899 3304 1968 primus
3342 1900 3693 1957 Atheniensis

2102 1979 2362 2038 Ecclesia:
2388 1984 2760 2055 episcopatum
2797 1990 3058 2060 suscepit.
3104 2010 3123 2042 ›
3155 1989 3422 2049 Scribens
3455 1994 3525 2048 ad
3560 1995 3692 2051 Gor-

2100 2076 2411 2146 tynensium
2480 2076 2779 2133 Ecelesiam
2829 2081 3092 2137 Φίλιππον
3152 2084 3457 2139 ἐπίσκοπον
3520 2088 3692 2141 αὐτῶν

2099 2167 2445 2238 ἀποδέχεται,
2483 2189 2501 2221 ι
2544 2169 2853 2242 Philippum
2887 2173 3203 2245 episcopum
3255 2192 3456 2232 eorum
3496 2181 3691 2249 pradi-

2099 2266 2206 2325 cat,
2247 2279 2265 2311 ι
2298 2269 2353 2314 οι
2386 2277 2507 2317 eam
2538 2279 2661 2333 quae
2697 2284 2715 2317 ι
2751 2266 2855 2320 sub
2878 2266 2998 2336 ipso
3036 2286 3056 2318 ι
3091 2278 3211 2323 erat
3234 2268 3584 2337 Ecclesiam;
3634 2277 3691 2329 ad

2097 2352 2521 2423 Amastrianos,
2589 2358 2915 2413 Ἐπίσκοπον
2969 2360 3148 2414 αὐτῶν
3198 2362 3432 2433 ὀνόματι
3470 2365 3693 2438 Πάλειαν

2101 2444 2483 2517 ὑποσημαίνει’
2522 2468 2540 2500 ‹
2588 2448 2917 2522 Episcopum
2949 2454 3194 2524 ipsorum
3228 2455 3483 2513 Palmam
3522 2462 3693 2515 nomi-

2098 2539 2267 2594 natim
2310 2532 2588 2611 appellat;
2627 2562 2646 2595 ι
2683 2544 2752 2598 ad
2785 2544 3050 2602 Gnossios
3089 2566 3103 2602 :
3157 2548 3392 2603 Ilivurov
3425 2551 3534 2620 τῆς
3570 2569 3695 2623 παρ-

2097 2631 2273 2695 οικίας
2326 2633 2621 2689 ἐπίσκοπον
2653 2638 2996 2708 παρακαλεῖ,
3046 2658 3064 2691 ι
3120 2639 3374 2711 Pinytum
3438 2642 3695 2701 Ecclesiae

2100 2725 2418 2796 episcopum
2450 2738 2675 2796 mouet;
2715 2748 2734 2781 ι
2770 2730 2859 2785 cui
2910 2732 3165 2787 rescribit
3206 2731 3443 2805 Pinytus
3490 2738 3694 2791 exhor-

2101 2825 2221 2872 tans
2257 2826 2315 2871 ut
2338 2818 2595 2876 solidiore
2619 2820 2744 2876 cibo
2776 2823 2868 2876 τὸν
2905 2824 2997 2877 ὑπ’
3032 2824 3188 2896 αὑτῴ
3214 2825 3367 2888 λαὸν,
3427 2847 3453 2880 ιη
3484 2830 3693 2899 plebem

2099 2910 2203 2964 sibi
2235 2911 2563 2983 subjectam,
2596 2933 2615 2966 ι
2666 2914 2812 2970 alere
2859 2917 3006 2971 velit.
3064 2916 3306 2987 Epistula
3332 2919 3584 2992 denique
3631 2925 3695 2978 ab

2099 3003 2289 3058 eodem
2336 3005 2402 3059 ad
2472 3004 2749 3063 Romanos
2794 3008 2919 3063 data
2962 3020 3065 3077 est,
3111 3012 3403 3085 ἐπισκᾶπῳ
3446 3015 3531 3086 τῷ
3580 3018 3690 3070 τότε

2027 3118 2068 3177 C
2104 3094 2317 3168 Σώτηρι
2349 3099 2764 3168 προσφωνοῦσα,
2809 3120 2826 3152 ι
2875 3099 3054 3157 Soteri
3095 3110 3228 3159 tunc
3267 3109 3546 3176 temporis
3588 3109 3694 3178 epi-

2103 3202 2268 3257 sc0po
2299 3200 2629 3259 nuncupata,
2676 3211 2695 3243 ι
2730 3191 2889 3262 cujus
2918 3194 3040 3249 haec
3066 3196 3232 3251 verba
3266 3215 3280 3251 :
3318 3199 3391 3250 Ὀ
3428 3200 3493 3252 οὐ
3542 3202 3694 3271 μόνον

2100 3278 2489 3352 διατετήρηκεν
2540 3285 2569 3336 ὁ
2613 3285 2879 3358 μακάριος
2923 3286 3077 3358 ὑμῶν
3120 3288 3427 3355 ἐπίσκοπος
3482 3293 3692 3365 Σώτηρ,

2100 3371 2237 3425 ἀλλὰ
2269 3374 2362 3427 καὶ
2401 3375 2732 3447 ἐπηύξησεν.
2779 3398 2799 3432 ι
2850 3380 3022 3446 Quem
3069 3397 3276 3438 morem
3332 3384 3542 3441 beatus
3586 3387 3695 3456 epi-

2101 3480 2300 3535 secpus
2349 3475 2530 3523 vester
2579 3469 2741 3526 Soter
2795 3486 2905 3527 non
2954 3475 3193 3529 servavit
3238 3477 3450 3540 solum,
3504 3494 3694 3535 verum

2100 3558 2261 3612 etiam
2290 3559 2535 3627 adauxit,
2571 3580 2590 3613 ι
2632 3569 2693 3617 ut
2736 3562 2904 3618 refert
2934 3562 3223 3632 Eusebius,
3268 3566 3363 3621 lib.
3399 3585 3478 3634 tv,
3516 3585 3571 3625 c.
3606 3570 3693 3624 ‘25.

2101 3648 2228 3706 Haec
2263 3658 2391 3706 tunc
2428 3651 2672 3725 Dionysii
2716 3654 2883 3711 dictio
2920 3655 3066 3711 fuit:
3098 3673 3272 3727 neque
3320 3676 3578 3730 unquam
3602 3661 3694 3714 ali-

2103 3751 2184 3796 ter
2235 3743 2451 3800 locutus
2476 3760 2596 3801 esse
2641 3746 3089 3816 deprehenditur.
3135 3747 3543 3819 Lugdunenses
3594 3750 3695 3804 fra-

2098 3841 2212 3888 tres
2257 3833 2360 3889 hoc
2402 3836 2567 3890 etiam
2628 3835 2923 3892 discrimen
2990 3846 3139 3893 caste
3187 3839 3511 3905 observant,
3570 3840 3691 3894 dum

2097 3923 2392 3980 Pothinum
2449 3927 2769 3998 episcopum
2821 3944 2980 3984 suum
3042 3930 3358 4000 appellant,
3424 3930 3692 3987 Irenaeum

2097 4033 2230 4072 vero
2257 4020 2655 4091 presbyterum,
2705 4036 2867 4092 quem
2910 4038 3105 4079 omnes
3134 4023 3366 4079 Pcthino
3396 4028 3692 4098 episcopa-

2098 4118 2213 4165 tum
2247 4110 2494 4182 Lugduni
2531 4113 2812 4169 obtinente
2851 4116 3050 4170 ibidem
3087 4117 3475 4188 presbyterum
3524 4120 3693 4176 fuisse

2096 4213 2421 4273 agnoscunt.
2454 4204 2529 4260 De
2562 4207 2731 4275 priori
2773 4208 2826 4261 in
2869 4210 3095 4279 epistola
3128 4212 3195 4266 ad
3228 4212 3371 4267 Asia:
3414 4212 3693 4287 Phrygiae-

2096 4309 2202 4364 que
2236 4293 2600 4350 Ecclesiasita
2625 4298 2927 4368 loquuntur
2965 4321 2977 4356 :
3022 4300 3081 4357 Ὁ
3099 4303 3154 4356 δὲ
3191 4305 3468 4375 μακάριος
3504 4308 3694 4360 Πόθει-

2095 4403 2184 4449 νος
2215 4388 2244 4439 ὁ
2290 4387 2389 4459 τὴν
2436 4386 2709 4443 διακονίαν
2756 4389 2853 4461 τῆς
2893 4394 3197 4464 ἐπισκοπῆς
3255 4396 3315 4447 ὲν
3367 4397 3695 4467 Λουγδούνῳ

2019 4467 2069 4526 1)
2097 4479 2546 4550 πεπιστευμένος,
2605 4499 2624 4533 ‹
2675 4480 2876 4537 Beatus
2923 4492 3105 4537 autem
3138 4483 3432 4551 Pothinus,
3462 4489 3557 4542 cui
3592 4490 3691 4543 mi-

2095 4570 2354 4624 nistratio
2374 4573 2724 4642 episcopatus
2756 4576 3070 4631 concredita
3094 4586 3197 4632 est.
3232 4596 3251 4629 ›
3285 4576 3361 4633 De
3386 4582 3691 4649 posteriori

2094 4658 2149 4712 in
2185 4660 2352 4715 altera
2382 4663 2449 4716 ad
2475 4661 2830 4718 Eleutherum
2862 4664 3126 4721 Romana:
3149 4666 3412 4723 Ecclesia:
3467 4672 3688 4741 episco-

2091 4766 2222 4821 pum
2265 4753 2390 4808 data
2438 4772 2452 4808 :
2508 4755 2572 4808 El
2601 4755 2709 4827 γὰρ
2754 4756 2974 4829 ᾔδειμεν
2995 4758 3159 4812 τόπον
3198 4761 3305 4813 τινὶ
3335 4761 3689 4833 δικαιοσύνην

2092 4845 2510 4915 περιποιεῖσθαι,
2527 4848 2603 4911 ὼς
2616 4849 2984 4922 πρεσϐύτερον
3001 4851 3346 4923 Ἐικλησίας,
3370 4855 3519 4928 ὅπερ
3544 4860 3687 4912 ἐστιν

2092 4937 2180 4989 ἐπ’
2212 4938 2378 5009 αὐτῷ,
2412 4941 2470 4992 ὲν
2500 4940 2735 5013 πρώτοις
2765 4940 2831 4996 ἂν
2862 4943 3232 5015 παρεθέμεθα.
3268 4964 3287 4997 ι
3318 4945 3480 5012 Quod
3509 4951 3561 5003 si
3594 4966 3686 5003 no-

2092 5027 2178 5083 bis
2204 5040 2542 5099 compertum
2570 5042 2715 5088 esset
2742 5033 2925 5089 locum
2957 5036 3217 5106 cuiquam
3246 5037 3501 5095 conferre
3520 5041 3685 5111 justi-

2091 5120 2244 5188 tiam,
2287 5138 2411 5177 eum
2470 5132 2730 5195 tanquam
2780 5129 3157 5201 presbyterum
3206 5130 3473 5189 Ecclesiae
3514 5137 3683 5199 (hunc

2090 5212 2237 5266 enim
2270 5215 2499 5284 gradum
2530 5218 2762 5287 obtinet)
2801 5220 2900 5275 tibi
2928 5222 3200 5292 imprimis
3230 5228 3685 5285 commendasse-

2093 5320 2240 5360 mus.
2274 5326 2292 5359 ι
2328 5307 2542 5365 Diserte
2572 5312 2738 5381 igitur
2772 5312 3117 5385 distinguunt
3155 5314 3458 5371 Pothinum
3491 5318 3656 5375 Bede

2090 5397 2187 5452 size
2216 5397 2598 5469 Lugdunensis
2631 5405 2974 5474 episcopum,
3000 5414 3054 5460 et
3084 5404 3351 5462 Irenaeum
3382 5419 3516 5467 tunc
3546 5423 3682 5469 tem-

2091 5491 2244 5560 poris
2295 5492 2539 5561 ejusdem
2582 5497 2841 5552 Ecclesia:
2886 5500 3300 5571 presbyterum;
3357 5505 3678 5576 episcopum

2088 5583 2253 5635 etiam
2310 5583 2661 5642 Eleutherum
2717 5598 2924 5659 patrem
2967 5601 3187 5659 vocant,
3242 5592 3515 5651 lrenzeum
3554 5607 3678 5653 tan-

2088 5677 2376 5732 tummodo
2424 5677 2672 5745 fratrem,
2725 5693 2779 5735 et
2823 5681 3059 5749 socium,
3105 5684 3191 5737 vel
3235 5686 3525 5759 collegam,
3585 5699 3681 5743 aut

2091 5778 2425 5827 consortem.
2487 5770 2551 5827 Et
2598 5774 2817 5845 quidem
2874 5774 3181 5848 Eusebius,
3228 5779 3343 5851 qui~
3387 5783 3683 5855 utriusque
