3768 6326
105 344 197 399 413

853 338 905 395 ³.
948 336 1321 395 PEARSOMI
1357 338 1683 395 VlNDlClJE
1726 336 2152 395 ιθΝΑΤΙΑΝΑΕ.
2194 369 2260 381 -
2292 340 2474 396 PARS
2510 339 2573 395 Il.

3231 338 3337 395 414

102 458 322 531 epistolae
377 465 641 527 excerpta
689 456 747 510 iu
807 454 1103 512 Historiam
1162 457 1543 527 transcripsit,
1599 470 1654 514 et
1681 464 1730 519 Α
1755 457 1822 514 ad
1844 476 1863 509 ‹
1894 456 2190 524 Ecclesias,
2219 477 2237 511 ι
2260 458 2354 514 sed
2379 459 2445 514 ad
2474 466 2800 530 «martyres,
2824 457 2918 528 qui
2941 457 3189 527 apudeos
3202 474 3337 514 con-

103 563 368 623 utramque
408 552 669 621 integram
720 547 883 620 Operi
926 551 1002 605 De
1046 551 1371 621 martyribus
1395 552 1649 617 inseruit,

104 655 267 716 aperte
306 651 533 699 testatur
568 642 832 697 lrenzeum
871 659 997 698 cum
1032 644 1137 699 ista
1183 644 1251 699 ad
1297 643 1651 699 Eleutherum

104 738 467 803 scriberentur,
522 737 898 807 presbyterum
942 735 1135 802 fuisse,
1173 736 1265 790 lib.
1307 752 1362 803 v,
1393 752 1443 792 c.
1480 737 1554 790 4:
1591 738 1655 790 Οἱ

102 832 138 884 δ’
168 830 305 882 αὐτοὶ
346 828 621 900 μάρτυρες
661 829 755 881 καὶ
790 827 883 881 τὸν
927 828 1235 900 Είρηναῖον,
1283 828 1655 900 πρεσϐύτερον

102 920 194 972 τότ’
230 919 354 973 ὄντα.
412 919 511 990 τῆς
552 920 610 971 ὲν
662 917 982 989 Λουγδούνῳ
1017 919 1325 990 παροικίας,
1377 920 1455 991 τῷ
1486 919 1657 991 δηλω-

104 1012 227 1063 θέντι
257 1009 391 1062 κατὰ
418 1009 639 1081 Ῥώμην
672 1010 955 1081 ὲπισκόπῳ
986 1011 1270 1064 συνίστων.
1300 1029 1317 1061 ι
1357 1010 1463 1066 Sed
1492 1010 1654 1066 iidem

102 1114 341 1175 martyres
376 1102 663 1167 Irenaeum,
700 1104 793 1173 qui
836 1113 969 1160 tunc
1007 1104 1273 1174 temporis
1312 1104 1495 1159 adhuc
1532 1119 1657 1174 pre-

108 1197 270 1267 sbyter
294 1195 678 1266 Lugdunensis
691 1205 809 1249 erat
828 1196 1103 1266 parmciaa,
1122 1195 1437 1265 supradicto
1469 1193 1658 1249 Romae

102 1290 330 1358 episcopo
357 1289 835 1346 commendarunt.
874 1308 894 1342 ι
943 1288 1087 1345 ldem
1126 1296 1359 1343 testatur
1389 1288 1658 1359 Hierony-

103 1396 207 1435 mus
231 1381 279 1433 in
306 1380 571 1450 Catalogo
618 1399 631 1435 :
672 1399 691 1432 ι
732 1379 971 1459 Irenaaus
1005 1377 1226 1434 Pothini
1263 1379 1525 1449 episcopi,
1562 1378 1656 1449 qui

104 1470 571 1542 Lugdunensemin
602 1471 778 1527 Gallia
819 1472 1041 1539 regebat
1071 1470 1396 1538 Ecclesiam,
1430 1471 1653 1541 presby-

103 1575 189 1630 ter,
210 1566 583 1633 amartyribus
606 1566 849 1635 ejusdem
878 1566 983 1620 loci
1006 1566 1076 1620 ob
1106 1564 1372 1635 quasdam
1402 1563 1659 1619 Ecclesiae

103 1659 399 1727 quaestiones
430 1659 643 1729 legatus
673 1658 903 1713 Romam
932 1658 1163 1722 missus,
1194 1656 1534 1712 honorificas
1563 1672 1658 1712 su-

103 1766 179 1819 per
205 1751 413 1805 nomine
450 1766 553 1805 suo
592 1750 658 1804 ad
689 1750 1041 1805 Eleutherum
1083 1750 1401 1820 episcopum
1453 1749 1659 1820 perfert

104 1843 298 1896 litteras.
330 1841 529 1897 Postea
570 1843 681 1913 jam
719 1841 951 1897 Pothino
978 1858 1148 1913 prope
1177 1844 1551 1914 nonagenario
1591 1843 1659 1897 ob
1691 1840 1732 1894 Β

104 1934 346 1988 Christum
375 1935 642 2005 martyrio
669 1943 933 1990 coronato
970 1934 1027 1989 in
1074 1935 1253 1989 locum
1295 1936 1416 2006 ejus
1458 1935 1657 1991 substi-

104 2028 262 2082 tuitur.
316 2047 336 2081 ι
391 2027 563 2084 Plane
636 2038 904 2102 martyres
962 2028 1355 2099 Lugdunenses
1395 2030 1655 2085 Irenaeum

105 2122 252 2177 adhuc
279 2123 687 2195 presbyterum,
713 2139 809 2193 per
838 2138 1001 2193 quem
1036 2124 1305 2177 miserunt
1344 2122 1653 2192 epistolam,

104 2213 361 2270 Eleuthero
390 2215 806 2277 commendant,
837 2214 1300 2284 quemadmodum
1336 2214 1499 2284 paulo
1533 2223 1657 2283 post

104 2306 373 2362 Alexander
424 2308 723 2377 epise0pus
775 2308 829 2361 in
878 2307 1113 2371 vinculis
1172 2307 1239 2361 ad
1283 2306 1657 2362 Antiochenos

105 2399 319 2454 scribens
337 2400 677 2455 Clementem
700 2400 1077 2471 presbyterum
1102 2399 1170 2453 iis
1189 2399 1610 2455 commendabat
1640 2416 1653 2453 :

105 2491 254 2545 Ταῦτα
291 2493 346 2546 δὲ
388 2494 543 2564 ὑμῖν,
586 2493 764 2566 κύριοί
810 2511 909 2564 μου
960 2492 1198 2562 ἀδελφοὶ,
1250 2492 1319 2547 τὰ
1354 2491 1657 2563 γράμματα

102 2583 359 2637 ἀπέστειλα
382 2584 470 2638 διὰ
493 2580 813 2656 Κλήμεντος
838 2583 935 2637 τοῦ
965 2583 1233 2655 μακαρίου
1259 2582 1654 2654 πρεσϐυτέρου,

104 2674 262 2745 ἀνδρὸς
289 2675 542 2748 ἐναρέτου
574 2674 665 2728 καὶ
699 2674 943 2744 δοκίμου.
987 2692 1005 2725 ‹
1040 2672 1149 2729 Has
1186 2673 1414 2737 litteras,
1449 2671 1655 2725 domini

104 2764 287 2834 fratres,
340 2784 436 2838 per
484 2769 705 2823 beatum
764 2767 1143 2837 presbyterum
1194 2766 1531 2821 Clementem
1588 2764 1657 2819 ad

105 2874 183 2914 vos
212 2859 344 2923 misi,
371 2861 551 2914 virum
587 2860 788 2914 virtute
830 2858 1120 2929 praeditum
1170 2866 1227 2913 et
1278 2858 1589 2930 probatum.
1631 2875 1651 2909 ι

106 2950 355 3019 Eusebius,
387 2950 483 3004 lib.
514 2965 592 3016 vl,
634 2964 683 3005 c.
720 2950 807 3004 ll.

159 3042 337 3098 Contra
364 3044 482 3099 haec
513 3042 736 3099 Eusebii
770 3050 824 3097 et
863 3040 1184 3113 Hieronymi
1220 3040 1528 3096 clarissima
1563 3048 1651 3094 te-

107 3137 326 3191 stimonia
356 3134 676 3193 Blondellus
722 3134 950 3198 statuit,
984 3134 1246 3189 Irenaeum
1291 3133 1500 3189 sedisse
1540 3131 1655 3202 jam

108 3227 151 3280 in
186 3227 517 3297 Lngdunensi
574 3227 832 3283 cathedra
894 3225 1113 3280 Pothini
1163 3224 1286 3280 loco
1327 3240 1359 3279 a
1396 3223 1656 3278 fratribus
1684 3223 1735 3249 ν’

107 3321 418 3377 constitutum
450 3330 505 3376 et
536 3320 755 3376 colobio
788 3320 1172 3389 episcoporum
1211 3316 1467 3371 vestitum
1486 3357 1501 3383 ,
1528 3330 1653 3370 cum

110 3426 133 3463 a
154 3411 497 3482 delegantibus
540 3429 559 3461 ι
585 3410 866 3481 presbyter
892 3428 910 3460 ι
932 3418 1241 3464 vocaretur.
1270 3406 1411 3461 Etut
1438 3406 1503 3459 ad
1524 3421 1656 3460 suas

109 3512 255 3570 partes
281 3506 391 3559 haec
422 3504 707 3595 traherent
739 3513 853 3557 tum
884 3501 972 3556 ille
1002 3510 1118 3555 tum
1153 3500 1459 3554 Salmasius
1484 3498 1655 3552 multa

110 3595 161 3648 de
184 3596 271 3651 hac
292 3614 349 3652 re
381 3590 679 3654 commenti
711 3604 859 3662 sunt,
892 3603 946 3649 et
975 3594 1213 3664 plurima
1245 3592 1298 3645 in
1335 3590 1574 3646 Eusebio
1603 3602 1658 3645 et

113 3684 394 3759 Hieronymo
425 3691 813 3752 observarunt,
834 3702 977 3757 quas,
1001 3693 1061 3739 ut
1096 3685 1269 3748 aiunt,
1295 3702 1314 3735 ι
1338 3682 1655 3753 castigatio-

112 3794 206 3833 nem
222 3791 541 3837 mereantur.
577 3802 595 3835 ι
615 3780 818 3845 Primo,
838 3779 1105 3835 Eusebius
1128 3787 1394 3849 martyres
1420 3777 1567 3845 ipsos
1589 3775 1655 3830 ad

112 3869 414 3930 Eleutherum
442 3874 731 3945 epistolam
777 3872 1100 3942 scripsisse,
1132 3887 1241 3941 qua
1273 3868 1658 3926 commendant

114 3964 331 4021 Irenaeum
348 3969 756 4040 presbyterum,
780 3964 1264 4021 narrat.Eusebius
1280 3972 1462 4019 autem
1481 3964 1654 4033 ipsam

113 4056 351 4123 epistolam
378 4059 533 4126 vidit,
563 4072 797 4128 eamque
831 4057 997 4112 etiam
1030 4056 1182 4127 operi
1209 4056 1285 4110 De
1320 4055 1655 4125 passionibus

114 4158 363 4217 martyrum
393 4165 424 4204 a
453 4165 513 4205 se
554 4150 867 4219 conscripto
903 4148 1167 4219 integram
1205 4148 1469 4212 inseruit,
1501 4148 1656 4203 ideo-

114 4254 196 4305 que
218 4256 244 4294 a
268 4243 459 4310 quibus
489 4253 544 4297 et
568 4243 789 4312 quando
813 4242 1124 4312 conscripta
1146 4251 1252 4310 est,
1276 4241 1529 4310 ignorare
1547 4256 1657 4296 non

114 4334 272 4397 potuit.
301 4333 438 4390 ldem
476 4344 715 4391 testatur
743 4344 800 4391 et
832 4334 1219 4406 Hieronymus,
1251 4333 1341 4403 qui
1384 4334 1520 4388 vidit
1549 4333 1657 4388 Eu-

116 4422 222 4478 sebii
261 4425 330 4481 De
368 4430 699 4499 martyribus
742 4427 1018 4497 opuscula.
1060 4425 1270 4497 Negant
1301 4426 1354 4479 hi
1386 4441 1416 4480 a
1448 4435 1656 4497 marty-

1755 548 2015 605 summati
2047 557 2197 616 sunt,
2221 568 2241 602 ι
2272 558 2457 620 aperte
2500 548 2845 605 referendum
2876 558 2991 618 est;
3028 551 3336 620 exprimere

1754 640 1898 693 enim
1933 639 2107 693 voluit
2132 639 2188 693 id
2217 640 2365 709 quod
2395 641 2690 709 scripserat
2714 639 3003 707 Eusebius,
3026 641 3154 693 otes
3184 641 3337 694 αὐτοὶ

1760 729 2052 802 μάρτυρες.
2081 729 2333 786 Secundo
2360 730 2579 787 Eusebii
2604 741 2659 787 et
2679 730 2991 803 Hieronymi
3012 732 3337 787 sententiam

1755 823 1903 878 clare
1960 826 2015 881 in
2072 822 2316 879 Historia
2364 825 2692 895 descriptam
2717 866 2732 890 ,
2771 835 2833 880 et-
2875 841 2952 880 ex.
2976 826 3110 905 ipsis
3151 842 3337 881 rerum

1756 933 2022 992 gestarum
2084 921 2458 976 monumentis
2487 921 3062 988 deductam,refe|lere
3089 937 3147 977 se
3179 937 3339 991 posse

1757 1019 1943 1082 sperat
1974 1029 2042 1069 ex
2095 1013 2162 1068 iis
2194 1028 2320 1082 quae
2364 1012 2433 1066 ab
2467 1011 2705 1067 Eusebio
2745 1022 2801 1067 et
2848 1012 3178 1083 Hieronymo
3207 1012 3338 1067 alibi

1757 1102 1959 1171 scripta
2006 1110 2172 1167 sunt,
2200 1117 2396 1171 nempe
2424 1102 2477 1156 in
2520 1101 2830 1158 Chronicis.
2868 1102 2942 1157 Ut
2982 1104 3085 1158 hoc
3120 1102 3337 1167 efﬁciat,

1757 1191 1963 1262 profert
2010 1209 2077 1248 ex
2112 1192 2387 1264 Scaligero
2416 1193 2581 1248 verba
2628 1192 2848 1249 Eusebii
2894 1194 3079 1249 Graeca
3100 1235 3115 1260 ,
3144 1194 3237 1248 ubi
3266 1193 3336 1249 ad

1760 1301 1966 1341 annum
1998 1284 2169 1340 Marci
2199 1284 2463 1339 Antonini
2505 1285 2797 1354 septimum
2844 1286 3128 1355 passiones
3154 1282 3335 1355 .Poly-

1758 1379 1911 1448 carpi
1941 1388 1996 1434 et
2043 1362 2353 1450 martyrum
2383 1376 2789 1431 Gallicanorum
2818 1377 2980 1432 simul
3006 1375 3336 1431 referuntur.

1762 1474 1866 1530 Sed
1900 1476 1955 1529 in
1986 1474 2197 1531 Latinis
2231 1473 2569 1545 Hieronymi,
2596 1473 2760 1529 verba
2795 1475 2873 1529 sic
2901 1488 2960 1527 se
2988 1472 3189 1528 habent
3216 1489 3229 1524 :

1836 1632 1859 1678 ς
1884 1612 2274 1669 Pcrsecutione
2297 1622 2415 1668 orta
2440 1613 2495 1667 in
2520 1612 2648 1667 Asia
2674 1612 3009 1684 Polycarpus
3032 1620 3086 1666 et
3113 1610 3341 1668 Pionius

1762 1706 1947 1762 fecere
1969 1706 2314 1777 martyrium,
2330 1721 2565 1777 quorum
2589 1705 2804 1774 scriptae
2820 1719 3036 1775 quoque
3059 1703 3341 1773 passiones

1762 1796 2033 1854 feruntur.

2250 1902 2459 1951 QUARTA
2498 1901 2847 1941 PERSECUTIO.

1837 2018 1855 2051 ι
1889 1998 2121 2053 Plurimi
2169 2000 2224 2053 in
2272 1997 2446 2054 Gallia
2477 1998 2713 2068 gloriose
2765 1998 2836 2052 ob
2882 1995 3089 2051 Christi
3138 2009 3338 2049 nomen

1758 2092 2064 2157 interfecti;
2096 2100 2331 2160 quorum
2368 2104 2543 2158 usque
2587 2088 2640 2142 in
2682 2095 3004 2157 praesentem
3034 2085 3178 2142 diem
3208 2101 3341 2142 con-

1757 2181 1872 2237 dita
1902 2182 2060 2237 libris
2090 2180 2390 2235 certamina
2419 2188 2789 2250 perseverant.
2822 2197 2841 2230 ι

1829 2315 2027 2385 Liquet
2076 2330 2144 2369 ex
2204 2313 2290 2368 his
2346 2313 2567 2378 verbis,
2624 2311 2919 2368 Eusebium
2984 2311 3341 2367 celeberrima

1757 2407 2019 2479 martyria
2058 2406 2161 2460 sub
2195 2404 2379 2460 Marco
2410 2403 2687 2459 Antonino
2725 2403 2867 2459 facta
2896 2404 2949 2458 in
2986 2403 3133 2458 hunc
3168 2419 3338 2458 unum

1758 2500 1938 2554 locum
1983 2497 2316 2568 conjecisse;
2352 2512 2528 2566 neque
2555 2497 2701 2551 enim
2737 2512 2831 2566 per
2864 2506 3037 2550 tetum
3078 2496 3341 2550 Antonini

1759 2589 2050 2660 imperium
2103 2588 2331 2645 alterius
2376 2588 2543 2643 ullius
2602 2587 2849 2659 martyrii
2907 2587 3175 2642 meminit.
3235 2584 3342 2643 Ubi

1759 2682 1924 2752 igitur
1947 2689 2159 2752 quartae
2184 2680 2580 2751 persecutionis
2610 2680 2942 2734 mentionem
2976 2678 3127 2746 facit,
3150 2680 3340 2735 eodem

1758 2773 1879 2828 loco
1900 2773 2012 2827 duo
2046 2772 2284 2843 insignia
2315 2771 2596 2841 martyria,
2630 2786 2798 2825 unum
2836 2770 2890 2824 in
2922 2770 3075 2836 Asia,
3110 2771 3341 2826 alterum

1758 2865 1812 2919 in
1832 2866 2007 2920 Gallia
2034 2864 2173 2919 facta
2198 2872 2627 2919 commemorat:
2654 2879 2763 2918 non
2787 2862 2931 2933 quod
2956 2864 3143 2917 eodem
3172 2878 3343 2929 anno,

1759 2958 1852 3012 sed
1883 2958 1987 3014 sub
2020 2957 2209 3012 eadem
2250 2955 2660 3025 persecutione,
2698 2955 2800 3009 hoc
2828 2962 2910 3009 est
2947 2955 3050 3009 sub
3093 2954 3344 3024 ejusdem

1758 3049 2017 3104 Antonini
2053 3047 2284 3117 imperio
2319 3054 2614 3116 utrumque
2657 3045 2964 3114 contigerit.
2993 3043 3143 3099 Hanc
3171 3043 3346 3098 Eusc-

1760 3141 1832 3195 bii
1868 3150 2104 3196 mentem
2137 3138 2309 3193 fuisse
2335 3137 2513 3207 palam
2548 3145 2666 3201 est;
2700 3150 2827 3189 nam
2862 3135 2916 3189 in
2942 3134 3183 3190 Historia
3217 3140 3343 3204 pust

1758 3234 2091 3289 Cbronicum
2146 3244 2413 3288 canonem
2463 3228 2700 3299 scripta,
2755 3228 2849 3283 ubi
2900 3228 2967 3282 de
3010 3227 3174 3282 rebus
3207 3225 3347 3295 ipsis

1758 3324 1936 3381 fusius
1964 3322 2611 3396 agitur,persecutionem
2625 3320 2957 3375 Gallicanam
2984 3318 3339 3373 addeeimum

1758 3417 2051 3487 septimum
2091 3414 2333 3484 ejusdem
2397 3413 2661 3468 Antonini
2708 3427 2915 3467 annum
2953 3412 3140 3466 refert.
3176 3410 3342 3463 Blon-

1757 3510 1935 3565 dellus
1961 3524 2070 3564 non
2104 3516 2320 3563 tantum
2348 3506 2569 3561 unicam
2601 3505 2744 3559 hanc
2765 3502 3224 3573 persecutionem,
3244 3498 3341 3554 sed

1758 3602 1949 3658 eodem
1980 3616 2126 3655 anno
2159 3601 2214 3653 in
2242 3599 2369 3653 Asia
2402 3598 2673 3667 inceptam
2699 3597 2754 3650 in
2783 3595 2957 3649 Gallia
2984 3594 3192 3647 finitam
3217 3607 3341 3646 esse

1758 3693 1968 3757 statuit,
2017 3708 2206 3747 errore
2248 3690 2402 3762 gravi
2450 3699 2614 3760 atque
2665 3688 2979 3743 manifesto.
3008 3686 3193 3741 Monet
3225 3686 3343 3755 ipse

1759 3787 2027 3842 Eusebius
2052 3786 2365 3840 Gallicanos
2400 3784 2659 3854 martyria
2690 3782 2925 3838 subiisse
2944 3822 2959 3847 ,
2987 3779 3343 3850 σφοδρότερον

1757 3878 2242 3952 ἁναρῤιπισθέντος
2288 3875 2382 3930 τοῦ
2437 3875 2559 3929 καθ’
2593 3873 2751 3945 ἡμῶν
2814 3871 3050 3943 διωγμοῦ
3077 3911 3092 3936 ,
3159 3888 3178 3922 ι
3215 3884 3341 3924 cum

1752 3971 1867 4041 jam
1908 3970 2202 4025 violentius
2235 3966 2558 4023 resuscitata
2580 3975 2634 4020 et
2659 3979 2953 4019 reaccensa
2974 3970 3118 4018 esset
3140 3970 3337 4017 contra

1757 4062 2104 4118 Christianos
2155 4058 2482 4130 persecutio,
2530 4067 2584 4111 et
2626 4056 2842 4125 quidem
2906 4055 2961 4109 in
3004 4054 3336 4124 quibusdam

1758 4153 2231 4224 terrawpartibus.
2273 4171 2292 4203 ›
2343 4150 2659 4205 Persecutio
2702 4149 2806 4203 sub
2838 4146 3022 4202 Marco
3073 4154 3193 4200 orta
3243 4161 3342 4215 per

1758 4248 1965 4303 multos
2015 4259 2189 4299 annos
2240 4242 2476 4307 duravit,
2500 4256 2647 4295 nunc
2691 4240 2744 4293 in
2774 4239 2897 4305 hac,
2966 4252 3112 4291 nunc
3144 4238 3199 4291 in
3247 4237 3341 4292 illa

1757 4336 2038 4409 provincia
2056 4343 2324 4406 grassata,
2348 4348 2448 4402 pro
2476 4330 2661 4385 furore
2692 4330 2898 4399 populi,
2928 4338 3023 4383 aut
3044 4327 3340 4398 praesidum

1759 4431 2102 4487 crudelitate.
2145 4426 2258 4482 Sub
2287 4427 2430 4480 Asia:
2468 4424 2797 4494 proconsule
2832 4420 3111 4488 Quadrato
3143 4435 3341 4489 passus

116 4517 236 4575 ribus
258 4522 504 4591 scriptam
539 4538 696 4587 esse;
734 4521 1036 4576 Salmasius
1068 4520 1137 4574 ab
1168 4519 1458 4589 episcopis,
1484 4519 1652 4573 Blon-
1685 4538 1730 4592 υ
1758 4531 1842 4579 est
1861 4520 2197 4592 Polycarpus
2246 4518 2536 4587 episcopus
2599 4515 2884 4586 Smyrnae;
2949 4512 3053 4567 sub
3105 4510 3340 4565 Servilio

116 4607 253 4668 dellus
287 4629 316 4667 a
349 4613 615 4671 fratribus
649 4615 830 4670 datam
870 4613 1193 4668 hariolatur.
1220 4612 1527 4666 Blondellus
1558 4627 1656 4681 pro

117 4714 189 4755 sua
215 4710 463 4763 sententia
487 4706 765 4762 Buffinum
788 4706 1021 4761 advocat
1052 4703 1271 4759 Eusebii
1302 4702 1653 4772 interpretem

118 4810 199 4851 non
226 4802 345 4857 satis
386 4812 730 4859 accuratum.
762 4799 920 4855 Hunc
965 4799 1081 4854 vult
1124 4796 1432 4853 Eusebiana
1466 4794 1655 4849 Graeca

118 4884 174 4939 ita
200 4892 479 4948 reddidisse
502 4901 564 4947 ut
585 4893 655 4948 ab
677 4890 936 4946 Ecclesiis
961 4887 1281 4953 Galliarum,
1315 4902 1422 4941 non
1448 4900 1478 4938 a
1502 4898 1654 4937 mar-

119 4979 292 5046 tyribus
313 4998 373 5037 ea
394 4983 626 5054 epistola
652 4982 854 5051 scripta
886 4980 977 5035 sit.
1010 4976 1116 5033 Sed
1149 4978 1265 5033 haec
1295 4984 1391 5030 aut
1416 4991 1485 5030 ex
1511 4973 1655 5029 osci-

120 5071 270 5134 lautia,
296 5084 384 5129 aut
420 5074 710 5129 manifesta
751 5072 941 5127 fraude
969 5069 1212 5142 profecta
1242 5075 1389 5124 sunt.
1406 5064 1653 5121 Bullinus

120 5160 247 5219 refert
266 5168 520 5224 ecclesias
543 5167 840 5224 Galliarum
872 5164 1181 5234 scripsisse,
1202 5161 1460 5231 epistolas
1507 5174 1654 5213 mar-

123 5261 282 5322 ‘irums
310 5263 399 5331 qui
442 5263 587 5332 apud
634 5276 732 5317 eos
779 5257 1145 5315 consummati
1195 5255 1434 5321 fuerant,
1468 5250 1652 5322 profe-

121 5356 285 5415 rentes,
300 5368 431 5422 quas
468 5355 546 5408 illi
578 5353 634 5407 in
666 5351 898 5407 vinculis
930 5366 1026 5420 per
1051 5348 1239 5404 Asiam
1271 5355 1325 5402 et
1351 5344 1651 5416 Phrygiam

122 5432 334 5496 fratribus
372 5444 801 5500 consistentibus
851 5441 1222 5511 scripserant;
1263 5447 1318 5492 et
1357 5435 1651 5490 Eleuthero

124 5530 241 5587 urbis
274 5531 451 5599 Romae
493 5538 777 5606 episcopo,
814 5534 880 5589 de
899 5547 1031 5604 pace
1056 5548 1179 5588 eum
1222 5530 1480 5586 Ecclesiae
1501 5544 1653 5585 com-

123 5632 390 5693 monentes,
415 5628 618 5698 quique
641 5628 803 5683 etiam
829 5626 1092 5681 Irenaeum
1121 5623 1497 5694 presbyterum
1520 5630 1651 5676 tunc

125 5706 267 5766 adhuc
279 5712 519 5772 Ecclesia:
539 5716 939 5787 Lugdunensis,
956 5714 1270 5783 supradicto
1291 5711 1441 5768 urbis
1464 5712 1651 5768 Romae

127 5801 824 5879 tiliiscopocommendabant.
858 5807 1006 5884 rUbt
1036 5806 1167 5864 illud
1205 5826 1224 5860 ι
1244 5807 1446 5878 quique
1471 5826 1490 5858 ι
1539 5819 1647 5861 non

1757 4610 2084 4683 proconsule
2131 4608 2355 4679 Sagaris
2402 4608 2694 4676 episcopus
2747 4603 3051 4658 Laodiceae.
3100 4601 3341 4656 Durante

1756 4705 1863 4759 hac
1905 4702 2326 4773 persecutione,
2388 4716 2407 4749 ι
2457 4696 2736 4751 Antonino
2788 4693 3103 4763 imperatori
3157 4692 3341 4748 Melite

1755 4793 1994 4848 Asianus
2048 4789 2363 4844 Sardiensis
2415 4787 2711 4856 episcopus
2769 4783 3184 4854 Apologeticum
3239 4798 3341 4853 pro

1755 4882 2093 4940 Christianis
2126 4879 2370 4941 tradidit,
2405 4896 2424 4930 ι
2462 4887 2521 4932 ut
2554 4876 2823 4932 Eusebius
2854 4877 2907 4930 in
2951 4875 3228 4932 Chronico
3272 4875 3340 4929 ad

1755 4988 1959 5027 annum
1991 4972 2112 5041 ejus
2143 4969 2441 5024 decimum.
2481 4987 2499 5020 ‹
2525 4966 2712 5031 Recte,
2759 4966 2939 5036 inquit
2990 4964 3238 5020 Valesius
3269 4964 3339 5018 ad

1754 5063 1957 5120 Euseb.
1987 5066 2082 5120 lib.
2116 5081 2190 5131 tv,
2215 5079 2265 5118 c.
2293 5063 2384 5128 26,
2411 5062 2464 5116 id
2495 5060 2729 5115 refertur
2752 5074 2896 5113 anno
2921 5056 2988 5111 ‘10
3013 5056 3179 5111 Marci
3214 5055 3331 5109 An-
3376 5068 3381 5075 '

1756 5158 1949 5225 tonini,
1978 5172 2125 5211 anno
2168 5156 2375 5212 scilicet
2410 5164 2553 5224 post
2579 5161 2811 5207 mortem
2866 5150 2929 5205 L.
2964 5149 3111 5204 Veri.
3144 5168 3162 5199 ι
3192 5147 3337 5202 Idem

1754 5261 1937 5305 autem
1967 5249 2035 5304 ad
2066 5247 2403 5304 Prooemium
2432 5246 2555 5301 libri
2581 5244 2757 5315 quinti
2788 5251 2942 5297 notat
2964 5241 3069 5295 hoc
3094 5240 3238 5294 male
3268 5239 3338 5294 ab

1755 5344 1991 5400 Eusebio
2054 5342 2292 5405 factum;
2353 5341 2718 5408 observatque
2784 5334 3094 5389 Melitenem
3149 5330 3335 5386 Marco

1755 5435 2077 5504 Apologiam
2119 5431 2341 5486 dedisse
2379 5430 2483 5483 sub
2521 5428 2682 5482 ﬁnem
2710 5425 2831 5495 ejus
2875 5422 3112 5492 imperii.
3172 5421 3334 5477 Certe

1754 5528 1845 5582 illa
1861 5538 2052 5595 quarta
2092 5522 2398 5593 persecutio
2422 5522 2476 5574 in
2499 5520 2629 5573 Asia
2654 5518 2876 5572 duravit
2897 5531 3071 5586 usque
3098 5516 3167 5571 ad
3194 5516 3331 5571 illud

1752 5626 1967 5685 tempus
1996 5630 2105 5684 quo
2130 5611 2548 5683 scripsitMelito
2567 5650 2581 5677 ,
2611 5609 2726 5665 sive
2749 5608 2841 5663 ille
2868 5607 2937 5662 10
2958 5607 3127 5663 Marci
3157 5622 3327 5674 anno,

1753 5709 1869 5763 sive
1892 5707 1995 5763 sub
2017 5706 2179 5761 tinem
2212 5704 2424 5774 imperii
2454 5703 2576 5772 ejus
2601 5701 2920 5772 Apologiam
2953 5701 3168 5766 obtulit,
3190 5701 3330 5768 sive,

1753 5800 1899 5870 quod
1929 5815 2036 5871 ego
2052 5812 2237 5854 verum
2269 5812 2390 5852 esse
2421 5803 2575 5867 puto,
2606 5794 2788 5851 medio
2811 5795 2951 5851 inter
2998 5796 3112 5852 haec
3158 5793 3337 5849 inter-
