3768 6314
430 303 538 359 “Si

1492 290 1549 345 S.
1592 283 1944 346 IGNATIUS.
1985 309 2055 321 ——
2088 271 2626 334 PROLEGOMENA.

3598 261 3688 315 116

430 422 594 477 vallo.
614 416 827 472 Mortuo
846 416 902 471 L.
928 413 1152 469 Aurelio
1171 413 1454 482 scripsisse
1474 409 1787 464 Melitenem
1813 405 1997 475 liquet,

2186 396 2393 464 Quarto
2416 391 2858 464 persecutionem
2881 385 3219 445 Gallicanam
3247 380 3547 437 excitatam
3580 393 3692 435 esse

431 513 577 581 quod
604 513 656 565 in
684 508 946 579 Apologia
972 507 1091 576 ejus
1116 520 1224 559 non
1260 503 1527 564 meminit,
1560 503 1653 571 qui
1678 516 1801 557 cum
1827 498 2010 553 Marco

430 618 659 658 consors
694 602 746 654 in
790 600 1017 668 imperio
1054 596 1252 661 fuerat,
1277 595 1371 650 sed
1424 593 1519 648 filii
1565 593 1734 647 Marci
1775 591 2009 646 mentio—

432 711 557 749 nem
586 692 911 747 lacit.Fieri
946 697 1128 743 autem
1159 689 1262 742 hoc
1288 687 1470 757 potuit
1496 701 1622 741 cum
1674 683 2012 740 Commodus

428 786 540 857 jam
572 784 743 859 solus
775 782 961 834 Caesar
985 787 1150 838 esset.
1209 786 1428 832 mortuo
1452 776 1640 839 fratre,
1700 772 1794 843 qui
1847 770 2012 827 simul

430 895 555 933 cum
586 893 650 930 eo
682 876 867 929 Caesar
893 873 1070 928 factus
1095 879 1198 938 est,
1221 870 1467 927 Pudente
1505 877 1559 923 et
1588 867 1835 923 Pollione
1862 880 2009 922 coss.

430 973 567 1024 Dum
602 969 767 1038 igitur
820 964 1158 1020 Commodus
1211 961 1393 1017 Caesar
1436 970 1583 1016 esset
1630 968 1759 1014 ante
1803 971 2011 1013 annum

429 1062 596 1117 Marci
649 1060 922 1115 decimum
974 1057 1226 1127 quintum
1265 1056 1455 1110 saltem
1514 1054 1729 1108 ﬁnitum
1760 1093 1775 1118 ,
1826 1049 2011 1103 Melito

428 1156 748 1225 Apologiam
779 1153 962 1207 Marco
983 1150 1207 1204 Aurelio
1230 1146 1449 1203 obtulit.
1470 1144 1585 1211 Qua
1606 1142 1865 1213 Apol0gia
1884 1156 2011 1194 cum

430 1248 553 1303 aliis
584 1256 884 1316 permotus,
915 1254 976 1299 ut
1011 1242 1176 1299 refert
1228 1238 1473 1295 Chronici
1507 1232 1853 1316 Alcatandriui
1910 1250 2011 1287 au-

431 1351 572 1401 ctor,
608 1337 824 1393 Marcus
846 1337 1126 1399 Aurelius,
1152 1334 1219 1388 de
1245 1330 1485 1387 sedanda
1526 1308 1912 1399 peisecutione
1942 1326 2010 1380 ad

432 1429 737 1481 Commune
762 1427 907 1481 Asiae
940 1425 1188 1495 scripsit:
1213 1422 1264 1477 id
1298 1431 1477 1476 autem
1530 1419 1662 1474 fecit
1691 1419 1758 1475 15
1800 1415 2013 1487 imperii

432 1520 516 1574 sui
551 1534 717 1583 anno,
751 1516 1029 1587 utcx‘ipsa
1061 1514 1415 1584 inscriptione
1448 1520 1615 1581 patet.
1644 1510 2012 1582 Αὐτοκράτωρ

430 1612 647 1681 Καῖσαρ
682 1612 905 1681 Μάρκος
938 1608 1203 1680 Αὐρήλιος
1264 1607 1577 1669 Ἀντωνῖνος
1592 1603 1860 1666 Σεϐαστὸς
1884 1602 2011 1674 ’Λρ-

436 1702 635 1771 μὲνιος,
685 1703 999 1774 Ἀρχιερεὺς
1038 1701 1326 1771 μέγιστος,
1371 1696 1717 1768 δημαρχικῆς
1764 1693 2011 1759 ἐξουσίας

2115 492 2191 546 ait
2214 488 2528 543 Blondellus
2564 499 2679 538 non
2722 481 2823 537 sub
2856 481 3175 550 episcopatu
3230 473 3517 527 Eleutheri
3548 514 3564 537 ,
3606 474 3691 527 sed

2116 575 2345 640 Soteris,
2372 573 2466 643 qui
2490 573 2557 627 ad
2597 569 2763 624 Marci
2790 568 3069 623 decimum
3108 580 3314 618 annum
3345 561 3518 627 sedit,
3547 573 3607 615 ut
3634 578 3694 615 ex

2112 666 2370 722 Ecclesia
2401 664 2662 718 Romanm
2696 660 2895 715 tabulis
2919 659 3195 721 observat,
3236 671 3362 724 quze
3405 654 3571 707 aliter
3600 669 3689 705 an-

2114 769 2213 808 nos
2240 753 2558 824 pontiticum
2596 766 2761 820 quam
2788 748 3059 803 Eusebius
3083 746 3405 815 disponunt.
3445 742 3559 797 Sed
3590 743 3693 797 hare

2114 845 2476 914 discrepantia
2508 844 2712 897 nullam
2753 842 2806 895 in
2846 840 2951 896 hac
2999 854 3059 894 re
3095 837 3473 892 difficultatem
3528 841 3689 887 creat.

2116 937 2241 991 Sive
2269 938 2413 992 enim
2453 936 2619 991 Marci
2653 933 2752 1001 10,
2804 943 2861 987 ut
2911 930 3101 987 statuit
3155 926 3691 1000 pseudo-Damasus,

2115 1033 2229 1088 sive
2255 1032 2342 1094 16,
2373 1040 2430 1084 ut
2454 1029 2745 1093 Eusebius,
2773 1027 2955 1081 sedem
2982 1024 3281 1077 Romanam
3315 1023 3502 1092 primo
3534 1037 3695 1076 occu-

2116 1123 2263 1192 pavit
2298 1120 2731 1186 Eleutherus,”
2763 1119 2931 1174 Marci
2976 1134 3121 1174 anno
3154 1115 3341 1171 Romae
3381 1114 3535 1167 idem
3586 1113 3693 1182 epi-

2116 1230 2317 1282 scopus
2344 1212 2468 1281 fuit,
2503 1229 2627 1267 eum
2655 1212 2705 1268 ei
2736 1212 2971 1267 lrcnreus
2994 1212 3097 1266 sub
3127 1208 3439 1280 presbyteri
3481 1206 3693 1260 nomine

2114 1324 2145 1361 a
2172 1307 2502 1378 martyribus
2537 1305 2956 1361 commendatus
2978 1316 3081 1360 est.
3121 1302 3246 1358 Hice
3272 1302 3443 1372 igitur
3466 1302 3692 1371 objeetio

2116 1395 2353 1450 nchilum
2398 1396 2614 1466 quidem
2659 1396 2903 1466 proficit,
2936 1396 3040 1450 nisi
3064 1396 3217 1465 prius
3262 1394 3567 1464 probatum
3614 1394 3692 1456 sit,

2117 1488 2148 1541 7
2171 1488 2336 1542 Marci
2368 1490 2805 1559 persecutionem
2837 1487 3171 1543 Gallicanam
3218 1496 3272 1541 et
3319 1488 3626 1541 excitatam
3651 1498 3697 1542 et

2115 1578 2321 1632 {initam
2355 1594 2493 1643 esse,
2520 1590 2573 1634 et
2595 1579 2893 1635 Pothinum
2928 1596 2992 1635 eo
3027 1590 3271 1648 tempore
3296 1580 3576 1650 martyrio
3619 1596 3697 1634 co-

2116 1681 2390 1737 ronatum,
2425 1681 2479 1726 ct
2522 1671 2784 1727 Irenaeum
2824 1672 3008 1727 statim
3031 1672 3393 1737 successisse,
3422 1686 3553 1742 qum
3584 1686 3698 1740 pro.

431 1793 492 1847 τὸ
526 1794 773 1865 πέμπτον
809 1794 899 1849 καὶ
933 1794 1178 1857 δέκατον,
1215 1790 1417 1853 ὕπατος
1451 1790 1510 1842 τὸ
1544 1789 1744 1860 τρίτον.
1788 1806 1806 1839 ι
1840 1787 1997 1857 Impe-

2191 1772 2233 1824 ri
2269 1771 2419 1825 nullo
2454 1770 2615 1825 modo
2641 1770 2934 1841 possejam
2973 1780 3097 1824 aute
3124 1768 3502 1824 ostendimus.
3571 1766 3694 1820 Nam

434 1896 583 1939 rator
614 1887 796 1941 Cmsar
828 1885 897 1939 M.
927 1885 1237 1939 Antoninus
1276 1883 1418 1952 Aug.
1452 1880 1799 1947 Armenicus,
1831 1879 2013 1949 ponti--

433 1978 519 2032 fex
546 1980 838 2047 maximus,
894 1977 1199 2033 tribunicia:
1231 1975 1517 2048 potestatis
1566 1974 1649 2037 15,
1674 1974 1869 2029 consul
1894 1974 1947 2027 5.
1986 1991 2004 2025 ι

430 2072 599 2127 Miror
622 2074 874 2143 equidem
904 2072 1181 2127 Valcsium
1215 2073 1450 2136 dixisse,
1489 2071 1632 2126 hanc
1664 2070 1946 2140 epistolam
1980 2084 2011 2123 a

430 2165 615 2221 Marco
665 2166 921 2236 scriptam
979 2181 1099 2221 esse
1158 2181 1342 2219 «anno
1386 2165 1565 2234 primo
1608 2165 1726 2234 ejus
1774 2164 2008 2232 imperii,

429 2274 554 2314 cum
576 2259 690 2327 ipse
714 2267 860 2314 esset
885 2258 1104 2311 tertium
1127 2256 1345 2312 consul.
1381 2275 1399 2307 ι
1423 2254 1572 2310 Licet
1602 2256 1746 2309 enim
1780 2270 1845 2308 eo
1868 2270 2013 2309 anno

431 2350 651 2403 tertium
676 2349 871 2404 consul
892 2356 1057 2414 esset,
1077 2348 1123 2403 is
1138 2356 1320 2403 tamen
1356 2348 1422 2401 15
1440 2346 1748 2401 tribunicia!
1775 2353 2013 2416 potesta-

432 2444 502 2497 tis
530 2458 650 2496 esse
680 2458 788 2496 non
814 2441 1011 2510 potuit.
1031 2440 1101 2496 At
1130 2440 1352 2495 tertium
1378 2440 1571 2495 consul
1599 2439 1877 2494 dicebatur
1900 2455 2011 2494 non

432 2544 645 2591 tantum
671 2550 736 2589 eo
761 2548 932 2598 anno,
957 2547 1068 2603 quo
1092 2533 1440 2588 consulatum
1478 2532 1665 2603 gessit,
1698 2532 1791 2588 sed
1828 2533 2011 2587 omni—

433 2624 539 2679 bus
556 2625 933 2694 sequentibus,
960 2624 1067 2680 nisi
1092 2625 1258 2679 alium
1285 2625 1631 2680 consulatum
1658 2624 1838 2679 iniret.
1869 2624 2013 2679 Mar-

434 2731 536 2770 cus
562 2727 744 2772 autem
769 2729 959 2787 postea
985 2719 1179 2774 consul
1210 2734 1319 2773 non
1354 2716 1478 2783 fuit,
1510 2717 1742 2788 ideoque
1774 2733 1870 2787 per
1893 2733 2013 2772 om-

436 2824 534 2863 nes
568 2808 972 2879 imperiiannos
1000 2809 1220 2864 tertium
1245 2809 1439 2865 consul
1470 2808 1652 2865 dictus
1705 2815 1806 2875 est,
1849 2817 1910 2863 ut
1954 2808 2010 2865 in

434 2899 794 2969 inscriptione
819 2899 1178 2955 Gruteriana:

508 3032 646 3088 IMP.
697 3032 856 3087 CASS
921 3032 991 3087 M.
1035 3031 1289 3086 AVREL.
1333 3029 1729 3086 ANTONINVS
1776 3029 1936 3087 AVG.

693 3105 906 3160 GERM.
951 3104 1062 3157 TR.
1105 3105 1168 3160 P.
1212 3102 1376 3158 XVII.
1417 3102 1563 3157 COS.
1663 3101 1748 3156 111.

516 3193 650 3261 Quae
684 3195 848 3261 igitur
870 3193 923 3247 in
953 3193 1082 3247 Asia
1108 3192 1137 3243 7
1162 3192 1326 3247 Marci
1352 3204 1499 3245 anno
1519 3187 1825 3259 persecutio
1846 3198 2021 3258 coepta

447 3297 551 3353 est,
582 3289 650 3342 15
679 3287 920 3355 ejusdem
944 3287 1127 3341 sedata
1160 3296 1262 3339 est.
1296 3284 1353 3338 In
1392 3282 1565 3337 Gallia
1618 3293 1799 3335 tamen
1839 3282 2022 3334 statim

447 3379 983 3447 recruduit,etcirca
1007 3379 1166 3433 tinem
1189 3375 1317 3432 anni
1345 3375 1404 3429 l7
1469 3390 1667 3445 passus
1694 3382 1776 3428 est
1810 3374 2022 3442 episco-

445 3491 547 3544 pus
575 3473 820 3542 Lugduni
855 3468 1142 3535 Potlnnus,
1192 3466 1336 3521 Rufo
1370 3476 1426 3521 et
1469 3467 1699 3537 Orphito
1732 3480 1876 3522 coss.
1902 3505 1918 3531 ,
1960 3475 2022 3519 ut

444 3566 609 3620 refert
636 3562 929 3618 Clironicon
954 3560 1390 3614 Alexandrinum.

512 3657 698 3712 Tertio
729 3658 929 3725 excipit
958 3656 1289 3719 Blondellus,
1324 3651 1618 3708 Eusebium
1660 3652 1874 3706 tradere
1900 3666 2022 3721 per-

440 3751 779 3805 secutionem
807 3749 1141 3804 Gallicanam
1177 3746 1530 3807 eﬂ‘erhuisse,
1575 3754 1699 3799 ante
1733 3745 2019 3799 victoriam

442 3844 650 3912 legione
674 3841 1028 3895 fu'lminatrici
1059 3839 1244 3894 Marco
1272 3850 1505 3909 partam,
1532 3854 1655 3907 quas
1699 3840 1764 3891 15
1805 3838 2019 3907 imperii

440 3938 558 4004 ejus
589 3952 736 3991 anno
769 3936 1018 4005 contigit.
1047 3934 1112 3989 Et
1138 3934 1357 4003 quidem
1392 3932 1661 3986 Eusebius
1684 3942 1805 4000 post
1833 3947 2018 4001 perse~

439 4029 677 4083 cutionis
718 4029 1084 4083 narrationem
1137 4027 1286 4080 illam
1330 4025 1617 4080 historiam
1664 4023 1858 4088 tradit;
1897 4036 2020 4092 post

438 4133 619 4177 autem
658 4122 1098 4192 persecutionem
1136 4119 1437 4189 contigisse
1486 4132 1592 4171 non
1621 4116 1774 4182 dicit,
1817 4116 1911 4170 sed
1952 4130 2015 4170 ea

435 4216 619 4285 potius
654 4231 775 4285 qua:
798 4213 1136 4269 contrarium
1164 4212 1443 4265 evincunt.
1474 4208 1693 4263 Claudit
1716 4207 1862 4262 enim
1895 4222 2019 4275 per-

434 4310 735 4366 secutionis
782 4306 1066 4362 historiam
1105 4304 1192 4360 his
1216 4304 1431 4358 verbis:
1481 4302 1643 4356 Ἀλλὰ
1688 4301 1755 4355 τὰ
1802 4301 1900 4371 μὲν
1928 4302 2015 4351 ἐπ’

444 4402 758 4457 ’Λντωνίνου
787 4399 1032 4455 τοιαῦτα⁹
1071 4418 1089 4449 ι
1113 4398 1289 4467 Atque
1318 4397 1443 4449 talia
1474 4404 1604 4450 sunt
1623 4410 1745 4465 qua:
1780 4392 1884 4448 sub
1904 4392 2015 4445 An-
2072 4420 2073 4423 η

430 4494 619 4550 ιοηὶηο
641 4491 1009 4562 contigerunt,
1044 4508 1064 4541 ι
1101 4488 1196 4541 lib.
1225 4502 1280 4552 v,
1311 4500 1432 4554 cap.
1459 4483 1512 4536 4.
1552 4481 1680 4538 Haec
1711 4482 1857 4538 enim
1897 4498 2015 4554 quae
2042 4481 2086 4536 D

430 4589 677 4661 proxime
704 4602 1074 4661 enarraverat,
1104 4584 1169 4639 ad
1208 4592 1485 4655 postrema
1529 4580 1677 4635 illius
1719 4581 2016 4636 imperato-

435 4672 510 4723 ris
536 4680 778 4739 tempora
798 4673 1086 4729 referebat.
1110 4676 1243 4728 'l'un'
1270 4690 1399 4732 vero
1417 4674 1780 4728 narrationem
1813 4689 2005 4746 quan»

436 4759 559 4812 dam
596 4763 777 4815 statim
833 4764 1110 4820 interserit
1159 4765 1223 4819 de
1246 4763 1484 4835 chione
1507 4764 1789 4831 fulminea,
1839 4781 2007 4836 quam

436 4852 583 4905 velut
618 4853 880 4909 incertam
920 4858 1221 4927 relinquit:
1271 4857 1404 4913 ἀλλὰ
1444 4858 1616 4913 ταῦτα
1644 4860 1740 4930 μὲν
1783 4859 1890 4931 ὅπη
1924 4875 2009 4917 τις

435 4944 592 5015 ἐθέλῃ
626 4941 875 5011 τιθέσθω,
914 4966 933 4999 ‹
954 4949 1047 5003 sed
1075 4950 1140 5003 de
1165 4951 1247 5003 his
1273 4950 1503 5019 quisque
1531 4968 1627 5021 pro
1653 4951 1882 5005 arbitrio
1907 4969 2010 5008 suo

435 5047 670 5105 statuat;
719 5057 737 5089 ι
775 5039 1049 5111 μετίωμεν
1081 5042 1137 5095 δὲ
1171 5044 1329 5112 ἡμεῖς
1348 5042 1439 5096 ἐπὶ
1473 5044 1569 5115 τὴν
1600 5046 1706 5099 τῶν
1742 5046 1868 5116 ἑξῆς
1888 5045 2012 5098 ἀκο-

434 5129 674 5196 λουθίαν,
717 5150 735 5183 ι
758 5147 858 5187 nos
880 5148 1009 5186 vero
1039 5134 1104 5187 ad
1125 5134 1366 5187 historia
1383 5134 1630 5189 ordinem
1657 5136 1968 5192 redeamus.
1986 5163 2002 5194 ι

436 5220 816 5278 Narrationcm
865 5224 1028 5297 igitur
1048 5226 1195 5278 illam
1213 5226 1279 5280 de
1315 5226 1525 5297 legione
1561 5228 1821 5283 fulminea
1853 5240 2006 5285 extra

435 5314 535 5384 τὴν
567 5316 673 5370 τῶν
707 5315 836 5387 ἑξῆς
867 5316 1206 5381 ἀκολουθίαν,
1243 5316 1359 5372 sive
1396 5336 1415 5369 ί
1440 5319 1677 5374 historiae
1701 5321 2001 5387 ordinem,»

438 5409 735 5461 secundum
769 5424 948 5461 rerum
982 5417 1257 5479 gestarum
1290 5411 1733 5479 consequentiam
1776 5421 2006 5466 interse-

443 5500 617 5553 ruisse
634 5516 691 5553 se
721 5500 938 5555 fatetur.
980 5500 1141 5555 Redit
1163 5503 1328 5572 igitur
1355 5502 1425 5556 ad
1458 5502 1619 5558 linem
1673 5520 2006 5573 persecutio-

442 5604 549 5655 ms,
576 5591 641 5645 ad
675 5602 902 5647 mortem
934 5590 1174 5661 Pothini,
1209 5604 1263 5655 et
1304 5594 1704 5653 successionem
1734 5598 1923 5653 lrenaei
1950 5598 2003 5653 in

439 5685 747 5752 episcopatu
778 5683 1148 5755 Lugdunensi.

2114 1861 2333 1917 Eusebii
2365 1861 2681 1917 Chronicon
2710 1862 2868 1916 aliter
2900 1862 3335 1932 intelligendum,
3368 1860 3526 1931 quod
3573 1859 3698 1915 Oro-

2113 1954 2251 2018 sius,
2292 1952 2494 2009 Paulus
2533 1952 2809 2009 Diaconus
2836 1996 2851 2021 ,
2899 1953 3238 2024 Freculphus
3267 1954 3481 2022 aliique
3536 1954 3697 2007 secuti

2113 2058 2260 2113 sunt,
2292 2047 2619 2103 certissimis
2658 2048 3000 2118 argumentis
3027 2047 3315 2101 evicimus.
3348 2045 3551 2115 anue
3585 2060 3699 2099 vera

2112 2155 2235 2194 esse
2258 2140 2341 2193 vel
2383 2140 2510 2195 hinc
2532 2150 2719 2209 aperte
2746 2140 3043 2211 colligitur.
3068 2138 3124 2191 In
3164 2138 3451 2193 Chronico
3484 2136 3698 2192 Eusebii

2113 2230 2177 2283 ad
2206 2230 2263 2284 11
2296 2229 2463 2286 Marci
2510 2248 2715 2285 annum
2749 2231 2866 2286 haec
2908 2240 3202 2287 notantur:
3260 2249 3278 2281 σ
3312 2228 3700 2299 Pseudo-pro—

2113 2322 2316 2391 phetia,
2351 2340 2473 2394 qua:
2500 2324 2875 2396 Cataphrygas
2907 2324 3242 2389 nominatur,
3276 2324 3500 2393 accepit
3547 2340 3699 2378 exor-

2113 2416 2286 2482 dium,
2314 2426 2541 2471 auctore
2568 2416 2848 2485 Montano,
2878 2426 2936 2473 et
2963 2415 3243 2484 Priscilla,
3280 2415 3700 2485 Maximillaquc

2113 2507 2323 2562 insanis
2356 2508 2593 2563 vatibus.
2627 2527 2646 2560 ι
2676 2508 2744 2562 At
2776 2518 2900 2562 ante
2929 2508 3092 2577 hujus
3117 2508 3395 2563 haereseos
3448 2519 3700 2563 exortum

2113 2598 2166 2652 in
2197 2597 2386 2654 Galliis
2414 2600 2696 2671 martyria,
2730 2600 2921 2655 saltem
2950 2600 3068 2654 hch
3101 2600 3168 2654 de
3205 2601 3416 2663 quibus
3466 2602 3703 2672 agimus,

2112 2691 2229 2747 visa
2256 2707 2363 2745 non
2396 2702 2543 2746 sunt.
2577 2692 2681 2761 lpsi
2715 2696 2861 2746 enim
2893 2702 3160 2765 martyres
3183 2692 3463 2748 Gallicani
3490 2694 3563 2749 de
3592 2710 3707 2748 con.

2114 2784 2378 2838 troversia
2410 2799 2475 2838 ex
2500 2782 2744 2839 Montani
2780 2785 2974 2841 haeresi
3018 2795 3135 2841 orta
3170 2787 3515 2842 sententiam
3556 2803 3704 2841 suam

2112 2878 2477 2946 protulerunt,
2509 2888 2650 2933 utcx
2677 2878 3065 2935 vetustissimis
3094 2894 3287 2934 eorum
3321 2881 3705 2935 monumentis

2113 2972 2278 3026 tradit
2336 2971 2632 3036 Eusebius,
2673 2971 2821 3028 Hist.
2855 2971 2896 3028 l.
2952 2988 3008 3040 v,
3035 2988 3086 3028 c.
3140 2972 3196 3028 '5.
3238 2971 3475 3029 Fratres
3510 2974 3707 3044 quippe

2115 3061 2379 3117 Gallicani
2425 3062 2528 3119 hac
2558 3064 2901 3121 dissensione
2927 3076 3047 3120 orta
3072 3064 3343 3136 judicium
3379 3082 3555 3120 suum
3584 3081 3708 3135 pto~

2115 3154 2390 3209 tulerunt:
2437 3154 2721 3226 ἐκθέμενοι
2756 3156 2847 3210 καὶ
2880 3156 2989 3211 τῶν
3020 3159 3359 3230 παράὑτοῖς
3400 3158 3708 3213 τελειωθέν-

2114 3264 2221 3299 των
2257 3246 2551 3320 μαρτύρων
2584 3249 2871 3321 δεαψόρους
2915 3251 3226 3314 ἐπιστολὰς,
3272 3250 3339 3315 ἃς
3377 3254 3445 3305 ἐν
3488 3253 3707 3322 δεσμοῖς

2114 3337 2194 3391 ἔτι
2246 3338 2579 3410 ὑπάρχοντες
2626 3344 2738 3405 τοῖς
2771 3342 2859 3396 ἐπ’
2908 3342 3091 3406 Ἀσίας
3125 3344 3216 3398 καὶ
3257 3345 3515 3415 Φρυγίας
3566 3346 3707 3398 ἀδελ-

2114 3432 2233 3497 φοῖς
2265 3430 2609 3503 διεχάραξαν·
2654 3453 2670 3484 ι
2698 3434 2929 3503 prolatis
2978 3434 3397 3490 interfectorum
3442 3436 3598 3505 apud
3655 3452 3707 3491 se

2114 3532 2417 3592 martyrum
2440 3524 2605 3579 variis
2633 3525 2901 3595 epistolis,
2934 3541 3071 3595 quas
3115 3526 3212 3590 illi,
3244 3525 3382 3579 dum
3421 3528 3479 3581 in
3514 3529 3706 3581 vincu-

2113 3613 2181 3668 lis
2205 3614 2385 3670 adhuc
2413 3628 2619 3683 essent,
2661 3618 2728 3671 ad
2758 3617 2953 3673 fratres
2978 3617 3033 3672 in
3062 3616 3187 3671 Asia
3221 3627 3276 3671 et
3313 3614 3569 3689 Phrygia
3619 3618 3705 3671 de-

2113 3713 2299 3775 gentes
2333 3708 2687 3777 scripserant.
2721 3729 2739 3761 ι
2778 3709 2855 3765 Ex
2896 3710 3285 3765 vetustissimis
3312 3710 3490 3781 igitur
3522 3710 3707 3766 Eccle-

2113 3797 2207 3851 sia:
2228 3796 2519 3854 Gallicana:
2548 3802 2917 3857 monumentis
2944 3784 3107 3856 tradit
3134 3800 3411 3856 Eusebius
3435 3814 3491 3857 et
3515 3801 3706 3857 Pothi-

2112 3909 2243 3946 num
2271 3909 2299 3947 a
2325 3892 2782 3965 Lugdunensibus
2808 3897 3123 3965 episc0pum
3147 3896 3365 3966 proprie
3392 3899 3704 3951 secundum

2111 3986 2267 4041 illum
2299 3988 2569 4055 ordinem,
2605 4004 2767 4057 quem
2802 3989 2856 4043 in
2886 3988 3131 4046 Ecclesia
3161 3991 3405 4058 tenebat,
3462 3992 3709 4063 appella-

2114 4084 2228 4131 tum
2274 4093 2435 4145 csse,
2467 4090 2519 4134 et
2572 4078 2837 4135 Irenaeum
2875 4082 3038 4137 etiam
3085 4082 3525 4153 presbyterum,
3586 4102 3707 4141 cum

2113 4169 2293 4225 adhuc
2334 4179 2546 4225 tantum
2592 4174 2876 4244 presbyter
2931 4182 3099 4237 esset,
3144 4188 3242 4228 nec
3280 4175 3335 4227 in
3375 4177 3707 4245 episcopatu

2111 4261 2348 4317 Pothino
2379 4265 2761 4320 successisset.
2804 4265 2969 4333 Vidit,
3000 4268 3220 4338 Opinor,
3284 4266 3534 4324 Dallaeus
3596 4272 3707 4324 lnec

2112 4370 2239 4410 vera
2269 4371 2410 4423 esse,
2432 4356 2661 4427 ideoque
2684 4372 2713 4411 a
2745 4356 3122 4414 Bloudelliano
3164 4372 3507 4429 argumento
3554 4379 3707 4431 pror-

2112 4460 2209 4500 sus
2239 4446 2523 4501 abstinuit.
2548 4445 2664 4502 Hoc
2689 4446 2856 4517 igitur
2877 4456 3035 4502 extra
3060 4448 3505 4503 controversiam
3529 4451 3711 4518 positu

2111 4538 2320 4594 relicua
2344 4554 2754 4609 persequamur.

2183 4674 2516 4745 Hegesippus
2542 4676 2647 4730 sub
2675 4674 2866 4730 eodem
2892 4673 3184 4729 Eleuthero
3214 4674 3477 4731 eamdem
3517 4677 3707 4748 appel-

2111 4776 2370 4823 .atlonem
2402 4786 2529 4824 cum
2584 4768 2793 4839 lgnatio
2838 4778 2988 4826 caste
3028 4769 3361 4824 observavit.
3417 4769 3707 4826 Plurimos

2115 4879 2134 4913 ι
2160 4861 2447 4929 episcopos
2469 4883 2486 4915 ›
2505 4878 2562 4917 se
2583 4864 2783 4917 adiisse
2797 4863 2892 4930 ait,
2914 4879 3036 4917 cum
3062 4862 3289 4917 Romam
3314 4864 3704 4932 proficiscere

2108 4962 2217 5019 tur,
2248 4954 2352 5008 sub
2376 4954 2628 5022 Aniceto,
2655 4956 2813 5025 cujus
2845 4965 2959 5010 tum
2988 4956 3255 5011 diaconus
3281 4965 3409 5009 erat
3441 4955 3707 5011 Eleuthe-

2106 5065 2223 5107 rus.
2259 5050 2389 5121 Ejus
2432 5052 2597 5105 verba
2652 5059 2813 5106 sunt:
2883 5051 3180 5123 Ἐπέμενεν
3229 5054 3261 5121 ἡ
3310 5051 3631 5121 Ἐκκλησία
3672 5054 3703 5119 ἡ

2107 5144 2409 5215 Κορινθίων
2443 5146 2500 5197 ἐν
2533 5144 2608 5215 τῷ
2639 5142 2786 5215 ὀρθῷ
2817 5144 2958 5213 λόγῳ
2994 5144 3157 5215 μέχρι
3203 5144 3425 5215 Πρίμου
3478 5149 3706 5198 ἐπισκο-

2108 5234 2367 5299 πεὺοντος
2422 5238 2479 5289 ὲν
2513 5236 2782 5307 Κορίνθῳ.
2828 5236 3279 5290 «Corinthiorum
3345 5235 3609 5293 Ecclesia
3654 5239 3705 5289 in

2106 5336 2252 5380 recta
2280 5327 2383 5380 ﬁde
2407 5326 2707 5395 permansit
2732 5343 2905 5397 usque
2930 5328 2997 5381 ad
3024 5327 3268 5381 Primum
3291 5327 3557 5383 Corinthi
3590 5330 3705 5399 epi-

2105 5433 2349 5486 sc0pum.
2380 5436 2398 5467 ι
2434 5418 2575 5471 Idem
2602 5417 2667 5471 de
2698 5416 3244 5490 Hierosolymitauis:
3276 5421 3441 5475 Μετὰ
3476 5421 3543 5475 τὸ
3563 5440 3704 5494 μαρ-

2103 5509 2337 5579 τυρῆσαι
2384 5508 2637 5563 Ἰάκωϐον
2669 5512 2760 5564 τὸν
2785 5511 2991 5565 δίκαιον
3033 5513 3196 5567 πάλιν
3240 5516 3269 5567 ὁ
3303 5516 3389 5571 ὲκ.
3413 5516 3568 5571 Θείου
3603 5518 3703 5570 αὑ·-

2104 5599 2198 5651 τοῦ
2250 5599 2471 5669 Συμεὼν
2504 5603 2532 5655 ὁ
2564 5600 2657 5654 τοῦ
2705 5603 2944 5657 Κλεωπᾶ
2989 5603 3316 5658 καθίσταται
3366 5608 3530 5659 satis)
3550 5624 3700 5669 πτας,

2113 5710 2133 5744 ι
2172 5690 2299 5748 Post
2325 5696 2646 5768 martyrium
2674 5695 2860 5752 Jacobi
2887 5695 3052 5765 Justi,
3080 5714 3303 5753 rursum
3322 5714 3389 5753 ex
3418 5701 3700 5755 avunculo
