3768 6336
113 381 196 435 617
823 368 875 425 J.
913 368 1276 424 PEARSONII
1317 366 1635 423 VlelCl/E

1828 364 2105 423 ιἸΊΑΝΑΞ.
2146 396 2214 408 -
2248 363 2427 420 PARS
2456 362 2520 418 11.

3209 364 3318 423 με

110 499 204 565 ejus
237 494 451 565 Symeon
476 490 687 560 Cleopae
715 488 861 545 ﬁlius
905 491 1195 559 cpiscopus
1222 489 1627 544 constituitur.»
1665 492 1707 550 Α
1738 487 1899 541 cienti
1950 486 2251 541 videbatur.
2307 484 2692 555 Presbyterum
2748 481 2969 553 quidem
3010 495 3096 538 se
3171 496 3323 540 mea:

112 588 160 642 Et
178 586 367 642 statim:
420 581 678 652 ’Ᾱρχεται
724 579 780 633 δὲ
813 582 841 633 ό
872 579 1131 644 Θέὸουθις
1163 580 1250 634 διὰ
1285 580 1345 633 τὸ
1382 580 1455 651 μὴ
1489 579 1638 648 γενέ-

112 680 209 733 σθαι
237 677 383 730 αὐτὸν
415 673 706 727 ἐπίσκοπον
740 671 1110 744 ὑποφθείρειν.
1135 690 1153 721 ι
1179 670 1397 725 Primus
1417 669 1640 725 Thebu»

111 772 215 833 this,
230 766 359 839 quod
391 766 677 836 episcopus
706 762 882 819 factus
914 779 1021 818 non
1052 763 1145 827 sit,
1192 761 1493 817 Ecclesiam
1549 776 1638 818 oc-

113 864 229 917 ruite
254 860 434 914 vitiare
466 872 758 929 aggressus
780 868 883 912 est.
916 876 935 909 ›
971 855 1047 911 lla
1082 871 1300 925 semper
1349 855 1638 925 episcopos

112 971 191 1012 suo
212 953 411 1007 nomine
438 949 709 1021 indigitat,
738 964 1021 1019 nunquam
1061 947 1408 1019 presbyteros
1450 954 1635 1010 vocat,

112 1044 441 1117 apostolorum
474 1041 817 1111 temporibus
848 1041 1135 1111 proximus
1164 1038 1524 1111 Hegesippus.
1560 1038 1637 1094 lta

112 1140 378 1209 Polycrates
408 1134 813 1205 Ephesinorum
844 1133 1156 1203 episcOpus,
1194 1135 1251 1186 in
1283 1133 1513 1202 epistola
1569 1132 1637 1186 ad

113 1228 343 1284 Victorem
387 1242 580 1297 papam
610 1269 623 1291 ,
670 1227 738 1280 de
768 1226 1042 1296 episcopis
1087 1241 1305 1295 semper
1356 1224 1639 1295 lgnatiano

113 1336 232 1376 more
252 1319 509 1388 loquitur:
550 1318 671 1370 Ἔτι
690 1318 745 1370 δὲ
762 1318 854 1371 καὶ
870 1317 1229 1388 Πολύκαρπος
1261 1319 1289 1370 ὁ
1324 1320 1382 1370 ὲν
1415 1316 1640 1389 Σμύρνῃ

112 1414 183 1466 καὶ
212 1411 484 1472 ἐπίσκοπος
535 1408 629 1462 καὶ
684 1408 912 1479 μάρτυς,
949 1408 1041 1460 καὶ
1075 1408 1320 1479 Θρασέας
1370 1408 1464 1461 καὶ
1517 1407 1639 1461 ἐπί-

115 1521 278 1566 σκοπος
306 1502 391 1554 καὶ
429 1501 638 1573 μάρτυς
670 1499 778 1553 ἀπὸ
812 1500 1113 1570 Εὑμενίας.
1153 1500 1218 1551 Τί
1250 1499 1306 1552 δὲ
1347 1500 1427 1552 δεῖ
1458 1499 1637 1569 λέγειν

112 1599 307 1667 Σὰταριν
338 1594 425 1648 καὶ
459 1593 760 1647 ἐπίσκοπον
794 1592 886 1644 καὶ
933 1592 1220 1663 μάρτυρα;
1266 1590 1641 1663 iPolycarpus

114 1703 294 1757 quoque
327 1686 415 1758 qui
467 1685 610 1755 apud
669 1683 960 1756 Smyrnam
1003 1686 1295 1754 episcopus
1326 1694 1380 1740 et
1434 1694 1641 1756 martyr

116 1780 211 1845 luit,
236 1779 459 1848 itemque
482 1776 760 1833 Thraseas
783 1775 1064 1830 Eumenis:
1092 1777 1384 1847 episcopus
1406 1786 1461 1832 et
1490 1792 1641 1833 mar-

1736 581 2077 650 Anonymus,
2110 578 2357 634 Zoticum
2391 578 2554 632 etiam
2581 576 2868 641 Otrenum,
2912 586 2966 631 et
3000 576 3320 648 Ancyram-

1740 687 1861 725 rum
1892 671 2334 742 presbyterorum
2366 671 2697 724 mentionem
2732 668 2891 733 facit;
2927 668 3019 723 sed
3052 670 3153 723 hos
3202 684 3322 723 om-

1738 777 1837 817 nes
1880 763 2173 832 episcopos
2212 761 2327 815 sive
2355 760 2519 830 primi
2548 760 2758 814 ordinis
2789 760 3097 815 sacerdotes
3128 760 3322 825 luisse,

1738 870 1805 911 ex
1838 856 1955 925 ipsa
1984 864 2262 926 gestorum
2306 855 2625 910 narratione
2651 854 2906 925 colligere
2936 870 2995 910 se
3027 868 3189 924 posse
3224 870 3326 925 pu-

1740 946 1873 1003 tavit
1918 946 2003 1001 vir
2053 946 2429 1012 doctissimus,
2474 962 2598 1001 cum
2653 955 2833 1000 tamen
2866 946 2932 1001 ad
2982 947 3318 1016 probandum

1742 1049 1837 1094 aut
1887 1038 2062 1108 ipsius
2107 1038 2368 1109 anonymi
2417 1046 2512 1091 aut
2539 1037 2713 1092 Zotici
2745 1040 3172 1110 compresbyteri
3211 1040 3327 1109 rpi-

1743 1141 2029 1201 scopatum
2059 1148 2125 1185 ex
2173 1130 2401 1185 historia
2450 1130 2586 1184 nihil
2619 1130 2825 1186 aﬂ‘erat.
2864 1131 2932 1186 Et
2975 1133 3195 1202 quidem
3228 1146 3327 1202 pro

1742 1224 2003 1294 anouymi
2041 1223 2217 1292 ipsius
2248 1222 2571 1292 episcopatu
2617 1224 2749 1292 quid
2798 1223 2979 1279 afferri
3011 1226 3183 1295 possit
3214 1241 3323 1279 non

1743 1313 1922 1376 video,
1952 1314 1996 1368 si
2042 1313 2209 1367 verba
2260 1313 2403 1383 apud
2451 1312 2748 1369 Eusebium
2796 1324 3038 1386 spectes;
3084 1317 3229 1386 quod
3278 1317 3325 1370 si

1745 1402 2390 1476 Rufiinuminterpretem
2425 1407 2702 1473 consulas,
2732 1418 2845 1475 aut,
2882 1409 2973 1479 qui
3004 1424 3128 1464 eum
3167 1424 3329 1464 secu-

1743 1506 1832 1553 tus
1878 1508 1997 1563 est,
2030 1498 2399 1571 Martyrologii
2433 1497 2665 1554 Romani
2699 1509 2980 1555 auctorem
3014 1500 3194 1555 Martii
3228 1502 3326 1567 10,

1744 1594 1850 1647 erit
1874 1593 2213 1662 Apollinaris
2256 1592 2700 1664 Hierapolitanus
2750 1594 3060 1665 episcopus.
3099 1594 3203 1650 Sed
3241 1611 3330 1649 er-

1746 1701 1899 1741 rasse
1916 1687 2190 1742 Bullinum
2218 1695 2466 1755 constat;
2499 1702 2607 1742 non
2634 1687 2779 1742 enim
2804 1687 3075 1743 Eusebius
3097 1688 3332 1743 amrmat

1744 1779 2113 1848 Apollinarem
2153 1779 2267 1834 haec
2318 1780 2627 1850 scripsisse,
2674 1781 2765 1836 sed
2812 1781 2979 1835 alium
3032 1783 3327 1853 quemdam

116 1872 335 1943 tyr.Quid
359 1871 585 1941 Sagarin
612 1871 931 1940 episcopum
956 1871 1321 1939 eumdemque
1345 1881 1638 1942 martyrem
1674 1859 1716 1916 Β
1746 1883 1811 1923 ex
1844 1869 2226 1940 eloquentibus
2257 1872 2390 1927 viris
2434 1887 2573 1941 quos
2598 1872 2897 1941 Apollinari
2952 1872 3219 1943 adjungit,
3273 1881 3334 1928 ut

115 1964 271 2019 attinet
293 1964 496 2018 dicere?
533 1983 551 2015 ›
589 1961 844 2032 Seipsum
884 1962 1053 2016 etiam
1110 1964 1429 2032 episcopum
1480 1974 1642 2019 vocat

116 2071 197 2108 non
227 2056 391 2110 minus
429 2069 595 2123 quam
626 2052 905 2124 lgnatius:
963 2053 1135 2107 Ἑπτὰ
1172 2054 1270 2125 μὲν
1320 2049 1461 2125 ἦσαν
1514 2071 1643 2124 συγ-

114 2151 249 2215 γενεῖς
282 2166 362 2218 μοι
395 2148 703 2211 ἐπίσκοποι,
729 2146 839 2216 ἐγὼ
870 2147 925 2200 δὲ
958 2147 1163 2217 ὃγδοοςο
1205 2168 1224 2199 ‹
1249 2148 1465 2218 Septem
1490 2158 1646 2204 erant

117 2241 217 2293 mihi
245 2240 416 2295 alliues
439 2240 705 2310 episcopi,
730 2255 830 2310 ego
861 2250 1042 2296 autem
1070 2249 1315 2296 octavus.
1342 2260 1360 2293 ι
1395 2241 1645 2297 Ostendit

117 2347 327 2400 magnum
374 2347 495 2387 esse
525 2347 819 2386 numerum
862 2346 1056 2388 eorum
1112 2335 1207 2402 qui
1261 2334 1365 2389 sibi
1415 2335 1645 2391 aderant

118 2438 212 2478 cum
232 2424 289 2478 ad
311 2423 577 2479 Victorem
605 2424 901 2481 scriberet:
927 2440 1121 2481 omnes
1144 2427 1432 2496 episcopos
1463 2436 1641 2491 vocat,

119 2514 231 2583 quod
265 2516 490 2585 episcopi
520 2524 731 2583 essent,
764 2530 867 2572 nee
905 2532 1147 2587 unquam
1191 2518 1497 2590 presbyteri
1544 2533 1645 2573 no-

118 2610 231 2663 mine
259 2610 437 2677 utitur.
472 2607 740 2677 Serapion
794 2610 1019 2664 secundi
1064 2610 1248 2664 saeculi
1308 2612 1544 2681 scriptor
1577 2612 1638 2665 ll

118 2698 352 2757 Commodi
388 2702 742 2772 imperatOris
791 2717 937 2757 anno
1000 2700 1303 2756 Antiochiae
1353 2704 1645 2773 episcopus

120 2794 654 2864 ordinatus,epistola
690 2795 756 2849 ad
805 2794 1061 2848 Caricum
1116 2802 1172 2848 et
1220 2793 1506 2850 Ponticum
1559 2796 1646 2851 his

120 2885 261 2941 verbis
298 2887 360 2941 de
401 2886 719 2956 Apollinare
765 2886 1012 2955 scripsit:
1064 2886 1333 2956 Πέπομφα
1380 2886 1508 2957 ὑμῖν
1551 2885 1645 2939 καὶ

119 2975 334 3029 Κλαυδὼυ
377 2976 783 3048 Ἀπολλιναρίου
817 2976 909 3029 τοῦ
962 2976 1380 3047 μακαριωτάτου
1422 2977 1648 3049 γενομέ-

122 3084 186 3119 νου
215 3070 264 3121 ὲν
301 3069 596 3141 Ἱεραπόλει
628 3069 727 3139 τῆς
772 3066 955 3131 Ἀσίας
988 3070 1288 3145 ἐπισκόπου
1321 3070 1643 3139 γράμματα.

127 3159 432 3216 «Beatissimi
462 3161 680 3216 Claudii
713 3160 1072 3229 Apollinaris,
1104 3159 1525 3230 Hierapolitana:
1558 3176 1646 3214 ur-

124 3250 185 3305 bis
205 3252 248 3306 in
271 3251 388 3308 Asia
417 3252 692 3323 episcopi,
718 3236 930 3307 litteras
950 3252 1017 3306 ad
1057 3268 1157 3309 vos
1192 3253 1338 3306 misi.
1380 3271 1398 3303 »
1448 3252 1503 3305 In
1544 3253 1647 3306 hac

122 3353 262 3398 autem
298 3346 519 3415 epistola
570 3346 891 3415 legebantur
944 3343 1221 3399 variorum
1265 3345 1646 3414 episcoporum

124 3436 518 3508 subscriptiones,
551 3439 648 3509 qui
680 3438 901 3493 nomina
935 3453 1061 3492 cum
1112 3437 1288 3491 titulis
1315 3438 1477 3492 simul
1538 3452 1646 3490 non

123 3530 396 3585 verebantur
426 3534 713 3589 scribere:
758 3544 819 3589 ut
875 3536 1053 3598 Αἴλιος
1104 3533 1366 3597 Πούϐλιος
1430 3533 1649 3597 Ἰούλιος

124 3618 203 3671 ἀπὸ
248 3624 489 3679 Δεὸελτοῦ
534 3627 849 3690 Κολωνεξας
903 3626 995 3679 τοῦ
1050 3625 1272 3697 Θρᾴκης
1331 3625 1646 3687 ἐπίσκοπος,

126 3712 282 3782 aliique
325 3719 672 3787 complures:
700 3732 875 3788 neque
912 3718 1295 3788 episcoporum
1353 3718 1497 3772 ullus
1526 3732 1651 3786 pre-

125 3804 281 3874 sbyteri
308 3810 520 3865 nomine
546 3811 843 3865 mulctatus
860 3810 1313 3879 deprehenditur.

172 3897 407 3957 Praeterea
434 3904 755 3974 Anonymus
780 3904 920 3973 apud
951 3903 1248 3959 Eusebium
1275 3905 1312 3959 1,
1345 3921 1398 3969 v,
1421 3920 1471 3957 c.
1504 3905 1569 3957 16
1595 3905 1648 3957 in

125 3985 355 4060 Excerptis
384 3995 551 4048 trium
585 3994 850 4049 librorum
882 4010 1022 4063 quos
1061 4003 1249 4048 contra
1280 3994 1651 4065 Cataphrygas

126 4082 316 4151 scripsit,
344 4096 604 4156 perpetuo
644 4086 960 4141 nominibus
992 4087 1233 4157 episcopi
1272 4097 1323 4141 et
1350 4088 1651 4159 presbyteri

126 4172 328 4231 distincte
387 4188 437 4233 et
503 4189 655 4235 caste
702 4178 909 4245 utitur;
976 4179 1215 4249 seipsum
1272 4180 1650 4250 presbyterum

127 4263 255 4321 fuisse
290 4269 502 4337 indicat,
538 4270 785 4326 Zoticum
832 4269 1099 4325 Otrenum
1146 4271 1650 4341 compresbyterum

128 4361 330 4427 appellat,
354 4363 655 4435 Ancyram:
686 4362 942 4419 Ecclesia:
986 4364 1329 4436 presbyteros
1356 4366 1481 4427 τοὺς
1510 4365 1652 4418 κατὰ

127 4448 661 4530 τόπονπρεσὸυτέρους
687 4464 867 4522 vocat,
898 4456 1034 4511 alios
1074 4467 1255 4511 autem
1289 4456 1487 4528 ἄνδρας
1509 4457 1653 4510 δοκί-

1739 1959 2073 2032 jampridem
2121 1978 2151 2018 a
2197 1964 2335 2018 viris
2385 1964 2562 2020 doctis
2613 1964 2881 2020 Halloixio
2919 1975 2972 2021 et
3016 1965 3233 2021 Valesio
3279 1976 3335 2023 et

1746 2054 2097 2110 observatum
2151 2064 2204 2111 et
2250 2056 2467 2111 abunde
2524 2058 2812 2128 probatum
2865 2066 2967 2114 est.
3019 2059 3094 2115 De
3142 2060 3333 2117 Zotico

1744 2145 1889 2215 quod
1918 2147 2012 2211 ait,
2046 2147 2396 2216 apertissima
2441 2145 2657 2204 fallacia
2685 2158 2787 2204 est.
2834 2148 3080 2204 Zoticum
3110 2151 3331 2219 quidem

1745 2237 2245 2308 compresbyterum
2299 2254 2458 2293 suum
2504 2248 2696 2307 vocat,
2740 2241 2843 2295 sibi
2876 2243 2929 2295 in
2964 2241 3335 2311 disputatione

1745 2342 1870 2382 cum
1922 2326 2269 2384 Montanistis
2318 2331 3089 2399 aStantem;Zoticum~ctiam
3120 2334 3334 2405 episco.

1744 2434 1873 2490 pum
1904 2429 2098 2488 vocat;
2136 2421 2229 2477 sed
2270 2422 2360 2478 ille
2389 2439 2551 2493 quem
2589 2426 3095 2497 compresbyterum
3146 2427 3334 2496 appel-

1749 2513 1845 2576 lat,
1879 2510 2118 2568 Otrenus
2168 2512 2307 2580 fuit;
2341 2514 2432 2570 ille
2481 2531 2643 2585 quem
2690 2518 3011 2587 episcopum
3058 2519 3330 2587 nominat,

1750 2603 2133 2661 Comaueusis.
2165 2604 2359 2661 Otrum
2412 2606 2466 2661 in
2513 2606 2747 2680 Phrygia
2802 2609 3335 2679 Salutari,Comena

1748 2697 1803 2752 ln
1831 2698 2089 2753 Armenia
2118 2700 2357 2754 secunda
2390 2698 2511 2755 fuit.
2559 2698 2796 2757 Otrenus
2840 2702 2942 2772 ipsi
2973 2712 3155 2758 astare
3199 2704 3336 2759 dici-

1748 2798 1857 2853 tur,
1890 2805 2015 2845 cum
2043 2791 2157 2859 jam
2202 2792 2270 2845 t3
2314 2802 2440 2861 post
2468 2802 2699 2848 mortem
2740 2793 3052 2851 Maximillae
3074 2798 3202 2852 anni
3234 2799 3336 2853 llu-

1748 2883 1989 2949 xissent;
2015 2881 2375 2939 Comanensis
2395 2885 2728 2941 examinavit
2750 2888 2998 2957 spiritum
3026 2889 3335 2946 Maximillae

1747 2976 1876 3031 dum
1926 2977 2105 3032 adhuc
2148 2977 2353 3031 viveret
2396 2986 2449 3032 et
2506 2979 2794 3035 insaniret.
2832 2979 2949 3036 Duo
2997 2983 3162 3053 igitur
3190 2986 3333 3055 apud

1748 3084 2078 3141 anonymum
2114 3069 2285 3124 Zotici
2337 3068 2593 3137 fuerunt,
2645 3073 2929 3143 presbyter
2971 3072 3207 3130 Otrenus
3233 3119 3246 3143 ,
3280 3086 3336 3131 ct

1753 3163 2042 3231 episcopus
2069 3162 2449 3218 Comanensis.
2487 3160 2633 3218 Vidit
2675 3163 2791 3218 hazc
2822 3166 3335 3235 perspicacissimus

1754 3252 1819 3305 11.
1852 3252 2103 3308 Valesius
2134 3262 2187 3307 et
2217 3254 2522 3319 admonuit,
2557 3272 2576 3305 ι
2613 3254 3060 3326 distinguendum
3106 3260 3193 3315 hic
3230 3259 3337 3314 Ζο-

1752 3345 1920 3399 ticum
1954 3344 2219 3399 Otrcnum
2271 3360 2301 3398 a
2352 3344 2931 3413 Zoticotlomaneusi;
2981 3364 3106 3403 nam
3132 3350 3335 3406 Coma-

1751 3438 1937 3491 nensis
1960 3436 2050 3490 ille
2079 3437 2356 3507 antiquior
2380 3435 2500 3490 fuit.
2535 3457 2553 3487 ι
2589 3437 2701 3491 Cur
2723 3450 2905 3492 autem
2932 3440 3076 3508 illos,
3108 3444 3200 3511 qui
3233 3443 3333 3499 Ec~

1754 3528 1937 3582 clesize
1987 3528 2289 3598 Ancyranae
2342 3528 2643 3599 presbyteri
2699 3539 3003 3597 vocantur,
3046 3533 3333 3603 episcopos

1751 3623 1935 3687 faciat,
1968 3625 2159 3678 miram
2200 3624 2466 3677 rationem
2498 3623 2653 3677 affert
2682 3623 2910 3679 Dallmus
2939 3642 2953 3679 :
2985 3642 3178 3695 nempe
3206 3628 3335 3696 quia

1754 3730 2085 3785 anonymum
2129 3736 2147 3766 ‹
2188 3724 2478 3785 rogarunt,
2518 3725 2579 3770 ut
2607 3732 2729 3786 qua:
2760 3732 2943 3770 coram
2988 3717 3120 3786 ipsis
3145 3718 3337 3788 dispu-

1751 3816 1994 3871 taverat,
2046 3807 2241 3862 litteris
2306 3810 2567 3863 mandare
2611 3809 2787 3864 vellet.
2839 3807 2929 3863 Illa
2980 3812 3125 3864 enim
3179 3825 3333 3877 cura,

1754 3899 1949 3969 inquit,
1975 3901 2192 3970 proprie
2235 3901 2300 3955 ad
2338 3903 2661 3971 pra‘positos
2700 3902 2862 3973 primi
2905 3903 3115 3958 ordinis
3162 3906 3337 3974 portio

1752 4003 1865 4048 net.
1913 4013 1931 4045 ι
1970 3992 2158 4063 Papae!
2204 3993 2334 4049 Erat
2371 3995 2600 4067 Ancyra:
2636 4011 2941 4067 anonymus
2985 4006 3079 4051 :et
3119 3999 3167 4049 et
3195 3997 3337 4051 κατὰ

1752 4088 1915 4139 τόπον
1963 4085 2323 4157 πρεσϐύτεροι
2370 4086 2467 4155 (ut
2517 4088 2681 4157 paulo
2722 4097 2877 4154 ante,
2915 4090 2947 4159 ἡ
2991 4088 3133 4143 κατὰ
3171 4089 3335 4143 τόπον

1769 4177 2107 4250 Ἐκκλησία),
2137 4179 2239 4234 hoc
2269 4188 2375 4246 est,
2402 4198 2418 4229 ι
2444 4179 2562 4248 ejus
2594 4181 2718 4247 loci,
2750 4198 2841 4236 seu
2876 4180 3132 4237 Ecclesia:
3156 4182 3335 4253 Ancy-

1754 4286 1901 4325 ranze
1929 4272 2252 4343 presbyteri,
2286 4292 2302 4323 I
2342 4273 2446 4329 hoc
2485 4274 2553 4328 ab
2578 4289 2644 4328 eo
2682 4273 2978 4343 postulant.
3021 4274 3103 4328 An
3149 4274 3336 4343 pluris

1757 4371 1886 4417 tunc
1942 4364 2203 4433 temporis
2260 4364 2491 4436 Ancyrae
2548 4375 2703 4419 erant
2772 4365 3051 4434 episcopi?
3112 4364 3337 4420 Minime

1754 4468 1920 4510 certe.
1952 4455 2033 4509 An
2080 4472 2270 4525 rogare
2312 4458 2547 4527 aliquem
2583 4466 2642 4511 ut
2690 4458 2913 4521 scribat,
2973 4458 3209 4512 cilicium
3246 4466 3331 4511 est

131 4556 229 4606 im;
258 4548 340 4599 καὶ
377 4549 740 4612 ἐπισκόπους,
778 4568 797 4600 ‹
838 4549 989 4604 viros
1024 4549 1284 4619 probatos
1323 4549 1409 4603 vel
1439 4558 1649 4619 specta-
1681 4557 1725 4611 ι)
1754 4548 1993 4617 episcopi
2025 4549 2357 4619 presbyteris
2382 4550 2606 4604 minime
2630 4550 2979 4617 competens?
3008 4548 3124 4603 Non
3175 4559 3331 4619 puto.

130 4630 229 4689 biles
248 4646 294 4692 et
318 4640 622 4711 episcopos,
664 4660 682 4694 ι
721 4640 967 4697 Zoticum
994 4656 1188 4711 nempe
1226 4640 1645 4706 Comanensem,

128 4734 165 4776 et
185 4725 424 4787 lulianum
448 4734 772 4805 Apameum.
807 4734 939 4790 Mire
982 4736 1094 4791 haec
1136 4734 1202 4789 ad
1234 4749 1389 4790 suam
1422 4749 1647 4790 causam

128 4830 149 4867 δ
172 4816 411 4881 Blondello
451 4828 659 4883 omissa
709 4828 877 4883 trahit
908 4828 1161 4883 Dallzeus.
1206 4828 1529 4897 Anonymus
1559 4828 1650 4882 ille

134 4924 233 4965 *δε
280 4918 522 4987 quidem,
576 4920 790 4990 inquit,
846 4921 1223 4992 presbyterum
1286 4929 1340 4975 et
1398 4919 1647 4974 Zoticum

130 5005 365 5065 quemdam
410 5007 674 5065 Otrenum
706 5012 1226 5083 [sympresbyterum
1261 5028 1421 5067 suum
1454 5021 1645 5076 vocat,

132 5105 224 5147 cum
246 5106 408 5156 tamen
438 5118 506 5158 ex
542 5104 610 5159 iis
642 5120 765 5173 quae
794 5121 823 5158 a
864 5120 923 5160 se
958 5106 1101 5175 apud
1130 5106 1400 5177 Ancyram
1426 5106 1650 5161 Galatia:

132 5195 243 5249 gesta
269 5204 469 5261 narrat,
499 5196 635 5250 satis
662 5204 921 5265 appareat
944 5211 1067 5250 eum
1086 5238 1100 5263 ,
1131 5197 1375 5268 adeoque
1406 5207 1460 5252 et
1486 5198 1650 5252 colle-

132 5289 221 5340 μαι
250 5279 498 5350 Zoticum,
542 5296 837 5358 utrumque
870 5288 924 5341 in
967 5288 1145 5357 primo
1182 5289 1527 5344 sacerdotum
1558 5303 1650 5342 or-

133 5362 227 5421 dine
250 5368 418 5428 luisse.
456 5395 475 5426 ι
503 5374 576 5431 Ut
605 5378 728 5446 quis
757 5378 848 5447 qui
880 5377 1168 5446 episcopus
1196 5386 1341 5433 esset
1366 5377 1649 5432 historiam

134 5458 196 5510 sui
220 5467 450 5533 temporis
498 5477 554 5523 et
599 5484 685 5523 res
717 5471 785 5524 ab
831 5471 952 5539 ipso
1000 5479 1180 5541 gestas
1227 5485 1561 5535 memorans,
1590 5484 1649 5524 se

135 5548 449 5620 Presbyterum
482 5570 720 5627 vocaret,
753 5560 1029 5630 aliumque
1054 5562 1217 5614 etiam
1263 5560 1647 5630 coepiscopum

136 5650 211 5691 suo
237 5645 393 5713 titulo,
419 5664 480 5704 ea
531 5653 834 5720 praesertim
867 5662 1025 5707 aetate
1064 5668 1173 5723 qua
1216 5652 1455 5723 episcopi
1491 5666 1646 5705 sum-

136 5743 249 5787 mum
278 5738 324 5791 in
351 5740 583 5799 Ecclesia
612 5745 975 5815 principatum
1002 5746 1119 5801 sine
1152 5744 1522 5800 controversia
1553 5744 1652 5797 ob-

136 5821 360 5903 tiuebant,
390 5836 553 5892 simul
582 5838 867 5910 .spoliaret,
900 5837 1098 5893 mirum
1152 5839 1284 5893 mihi
1338 5838 1422 5893 vel
1469 5838 1634 5907 inspi-

1754 4637 1809 4692 Si
1853 4639 1905 4693 id
1932 4655 2121 4693 verum
2150 4640 2240 4707 sit,
2272 4656 2463 4704 nemo,
2501 4641 2717 4709 opinor,
2748 4638 3006 4694 Dallaeum
3039 4642 3250 4709 rogavit
3274 4651 3335 4696 ut

1753 4730 2178 4799 disputationem
2239 4730 2380 4785 hanc
2442 4731 2637 4786 litteris
2702 4732 3005 4787 mandaret.
3070 4732 3335 4790 Petebant

1751 4822 2051 4892 presbyteri
2087 4832 2147 4876 ut
2191 4832 2380 4877 contra
2428 4820 2788 4877 Montanistas
2840 4825 3133 4890 scriberet,
3187 4826 3332 4881 idem

1750 4913 1846 4967 diu
1893 4922 2019 4968 ante
2066 4914 2382 4983 injunxerat
2411 4911 2701 4982 episcopus
2729 4912 2981 4970 Avircius
3008 4916 3331 4981 Marcellus;

1754 5007 1823 5060 ab
1885 5005 1994 5060 illis
2056 5014 2323 5074 rogatus,
2372 5006 2439 5060 ab
2494 5005 2598 5060 hoc
2635 5007 2947 5078 ἐπιταχθεὶς
3002 5019 3112 5063 tres
3163 5010 3333 5065 libros

1753 5094 2081 5164 conscripsit
2117 5094 2232 5149 sive
2260 5110 2587 5167 anonymus,
2619 5095 2735 5150 sive
2764 5096 3012 5151 Asterius
3038 5094 3289 5150 Urbanus
3316 5113 3331 5150 ι

1753 5186 1807 5241 in
1836 5185 2038 5257 quibus
2066 5196 2121 5240 et
2160 5186 2404 5256 seipsum
2444 5196 2497 5241 et
2535 5186 2783 5241 Zoticum
2810 5185 3097 5252 Otrenum,
3134 5197 3188 5240 et
3216 5185 3332 5238 An-

1752 5296 1965 5353 cyranaa
2010 5280 2264 5335 Ecclesiae
2317 5276 2663 5352 presbyteros
2729 5281 3015 5344 nominat,
3079 5278 3326 5332 Zoticum

1752 5383 1931 5426 autem
1954 5369 2355 5425 Comanensem
2386 5379 2440 5424 et
2461 5370 2737 5424 lulianum
2754 5370 3050 5438 Apameam
3076 5385 3093 5419 ι
3115 5368 3327 5437 episco-

1752 5479 1944 5536 porum
1973 5482 1991 5513 ι
2027 5462 2187 5518 titulo
2216 5464 2558 5517 cohonestat.

1828 5556 2072 5627 Denique
2101 5558 2355 5627 quamvis
2385 5573 2622 5611 canones
2653 5554 2937 5625 apostolici
2970 5553 3037 5607 ab
3067 5553 3326 5622 apostolis

1752 5636 1886 5720 ipsis
1915 5650 2103 5719 scripti
2128 5665 2235 5703 non
2263 5650 2392 5715 sint,
2420 5657 2632 5703 constat
2656 5658 2860 5711 tamen,
2885 5662 2950 5701 ex
2982 5633 3113 5716 ipsis
3140 5662 3326 5715 quam-

1753 5738 2018 5813 plurimos
2050 5744 2289 5797 secundo
2338 5742 2538 5797 saeculo
2568 5741 2816 5813 conditos
2858 5739 3047 5796 fuisse.
3084 5740 3190 5795 Eos
3217 5756 3320 5794 au-

1753 5810 1859 5890 tem
1891 5835 2296 5891 distinctionem
2328 5835 2470 5890 hanc
2501 5835 2640 5889 inter
2656 5810 2971 5907 .episcopos
3012 5843 3066 5891 et
3096 5834 3323 5907 presby-
