3768 6332
415 323 523 382 ιω

1472 318 1532 372 S.
1574 308 1921 371 IGNATIUS.
1961 336 2031 348 —
2069 304 2605 363 PROLEGOMENA.

3566 296 3670 351 £20

415 451 565 499 teros
618 448 767 497 caste
818 448 871 495 et
918 447 1177 508 perpetuo
1222 438 1577 501 observasse,
1612 450 1721 489 non
1765 438 1852 487 est
1888 442 1996 483 cur
2023 433 2071 489 Α
2099 426 2467 481 necessarium
2512 423 2797 478 videbatur
2835 421 3110 492 praecipue
3146 416 3480 480 inculcabat,
3512 424 3573 469 ut
3606 416 3674 469 ab

414 536 665 607 probem,
715 549 839 588 cum
885 532 1118 587 Dallzrus
1151 532 1255 586 hoc
1300 530 1460 585 nobis
1492 525 1852 582 libentissime
1881 522 1989 575 lar-

417 627 618 696 giatur.
651 643 671 676 ‹
707 622 772 677 Hi
824 638 1098 688 canones,
1131 622 1328 691 inquit,
1362 620 1416 673 in
1447 619 1584 673 duos
1625 617 1871 672 diversos
1895 627 1989 666 or-

416 719 573 773 dines
606 717 989 786 episeoporum
1023 723 1077 768 et
1126 713 1569 783 presbyterorum
1612 715 1874 778 perpetuo
1906 703 1994 759 di-

414 810 628 874 vidunt,
659 806 955 877 plurimum
1008 806 1152 859 inter
1199 819 1258 859 se
1304 811 1360 858 et
1407 800 1648 867 nomine,
1680 807 1734 854 et
1761 798 1905 868 jure,
1938 803 1993 851 et

415 908 595 966 statu,
627 910 681 954 et
716 898 1038 954 auctoritate
1069 895 1402 957 differentes,
1442 911 1460 943 ι
1500 890 1573 944 De
1618 889 1991 960 pseudepigra-

413 996 530 1064 phis
561 1001 736 1063 apost.
767 992 862 1046 lib.
899 1007 983 1057 ιιι,
1016 1005 1136 1058 cap.
1172 988 1259 1041 l8.
1294 986 1371 1039 Es
1406 985 1492 1039 bis
1524 992 1705 1038 autem
1734 982 1992 1035 omnibus

412 1088 629 1144 abunde
672 1086 944 1157 patefacta
1000 1091 1084 1139 est
1145 1081 1334 1151 prima:
1391 1076 1712 1133 assertionis
1763 1076 1990 1139 veritas,

411 1180 549 1235 alios
578 1176 1014 1249 quamplurimos
1044 1172 1267 1228 secundi
1302 1169 1485 1225 saeculi
1524 1168 1817 1237 scriptores
1848 1165 1992 1221 idem

412 1268 711 1324 discrimen
749 1266 890 1320 inter
916 1262 1181 1318 vocabula
1228 1260 1574 1330 episcopatus
1623 1266 1678 1311 et
1710 1255 1993 1325 presbyte-

411 1369 567 1415 ratus
616 1359 975 1421 observasse,
1007 1353 1154 1424 quod
1200 1352 1459 1406 observat
1491 1348 1736 1420 Ignatius
1786 1355 1989 1402 noster.

412 1453 595 1519 Quare
623 1450 772 1520 quod
812 1449 877 1502 ad
908 1446 1131 1500 modum
1168 1442 1427 1513 loquendi
1462 1442 1518 1495 in
1554 1442 1659 1495 hac
1682 1455 1742 1494 re
1779 1439 1991 1501 attinet,

412 1542 596 1612 potuit
624 1540 871 1610 ejusdem
913 1536 1087 1591 relatis
1131 1549 1256 1589 cum
1288 1533 1376 1588 bis
1406 1532 1662 1587 omnibus
1687 1545 1809 1585 esse
1839 1528 1995 1598 lgna-

414 1637 524 1690 tius
551 1632 890 1703 epistolieus,
936 1629 1082 1700 quod
1129 1643 1232 1682 nos
1272 1642 1397 1682 cum
1428 1623 1700 1679 Salmasio
1725 1633 1778 1678 et
1804 1622 1995 1677 Alber—

413 1726 531 1779 tino
566 1723 854 1779 sentimus.

488 1811 738 1867 Secunda
787 1807 1020 1865 assertio
1068 1816 1152 1864 est
1196 1826 1210 1861 :
1254 1804 1475 1860 Nullum
1530 1800 1755 1858 secundi
1786 1796 1993 1879 saeculi

416 1906 742 1975 scriptorem
790 1902 926 1957 adeo
970 1900 1282 1971 promiscue
1328 1894 1611 1951 vocabulis
1652 1891 1895 1962 episcopi
1940 1899 1995 1945 et

413 1996 716 2070 presbyteri
751 2009 910 2049 usum
938 2009 1090 2054 esse,
1128 1998 1186 2045 ut
1210 1988 1448 2058 simplici
1478 1986 1794 2057 presbytero
1826 1984 1881 2036 in
1916 1998 1995 2037 se-

415 2091 598 2148 cundo
630 2087 920 2143 ministerii
952 2085 1123 2155 gradu
1154 2083 1457 2138 constituto
1484 2093 1725 2149 unquam
1754 2076 1993 2146 episc0pi

414 2198 615 2239 nomen
646 2181 926 2236 tribueret.
960 2176 1076 2232 Hoc
1100 2176 1237 2230 adeo
1264 2182 1449 2244 aperte
1478 2186 1665 2226 verum
1694 2178 1799 2234 est,
1827 2178 1887 2222 ut
1917 2166 1994 2220 illi

412 2276 539 2347 ipsi,
571 2274 665 2345 qui
696 2271 1009 2339 confusioni
1052 2267 1337 2323 nominum
1388 2274 1675 2333 tantopere
1705 2261 1992 2325 inhaerent,

413 2378 469 2424 et
493 2366 769 2437 apostolos
800 2364 853 2418 id
877 2362 1069 2417 fecisse
1096 2359 1333 2414 maxime
1355 2356 1712 2418 contendunt,
1736 2368 1803 2407 ne
1825 2366 1994 2406 unum

415 2460 636 2530 quidem
672 2458 855 2511 locum
885 2470 952 2509 ex
980 2452 1237 2507 omnibus
1267 2451 1416 2504 illius
1442 2447 1631 2504 saeculi
1665 2458 1992 2500 monumen-

416 2553 489 2608 tis
518 2551 696 2605 adbuc
737 2548 930 2603 aﬂ‘erre
969 2544 1251 2615 potuerint
1281 2557 1393 2612 quo
1424 2538 1703 2610 quispiam
1741 2537 1839 2608 qui
1868 2551 1995 2606 pre-

417 2645 604 2715 sbyter
649 2651 863 2696 tantum
908 2646 1078 2703 esset,
1126 2651 1226 2690 nec
1261 2632 1600 2704 presbyteris
1636 2645 1760 2685 cum
1802 2636 1995 2682 aucto-

418 2737 582 2791 ritate
612 2740 904 2804 praeesset,
930 2730 1225 2800 episcopus
1273 2726 1566 2780 diceretur.
1600 2720 1771 2775 Miror
1809 2720 1995 2788 itaque

419 2825 680 2881 Dallzeum
734 2824 841 2878 boe
879 2820 1089 2893 lgnatio
1137 2816 1422 2888 epistolieo
1470 2813 1750 2884 objicere,
1780 2820 1837 2865 ut
1866 2824 1993 2864 eum

418 2934 487 2973 ex
534 2917 773 2973 secundo
804 2914 1003 2971 saeculo
1051 2911 1253 2982 ejiciat,
1305 2918 1360 2964 et
1390 2908 1458 2963 ad
1505 2908 1665 2961 linem
1716 2904 1859 2959 tertii
1901 2909 1996 2957 aut

418 3016 599 3083 quarti
632 3010 846 3066 initium
892 3007 1192 3076 deprimat;
1224 3018 1348 3059 cum
1388 3015 1580 3056 omnes
1610 2997 1859 3068 ejusdem
1893 3010 1996 3049 sa:-

420 3106 529 3161 culi
565 3104 861 3173 scriptores
890 3098 1132 3169 episcopi
1157 3109 1356 3151 nomen
1384 3093 1499 3164 pari
1524 3106 1648 3146 cum
1676 3088 1995 3145 discrimine

419 3208 476 3254 et
504 3194 811 3252 reverentia
842 3206 1100 3263 supremo
1129 3188 1309 3244 ordini
1348 3200 1561 3255 semper
1600 3183 1866 3247 tribuant,
1912 3195 1997 3235 se—

420 3287 605 3343 cundo
655 3300 959 3355 nunquam.
1012 3302 1032 3334 ι
1084 3280 1418 3351 Episcopum
1467 3275 1731 3347 apostoli,
1786 3272 1994 3342 inquit,

423 3378 699 3433 interdum
731 3376 921 3430 dicunt
964 3373 1059 3443 qui
1108 3370 1335 3426 secundi
1368 3367 1577 3422 ordinis
1623 3374 1740 3431 est;
1790 3364 1995 3434 episto-

420 3471 599 3527 larum
628 3467 861 3537 scriptor
908 3478 1188 3533 nunquam
1221 3477 1235 3514 :
1267 3461 1371 3515 hoc
1403 3458 1604 3528 ubique
1630 3470 1829 3511 nomen
1862 3468 1997 3510 con-

419 3558 759 3616 stantissime
807 3571 904 3624 pro
956 3552 1155 3609 summi
1222 3550 1425 3622 gradus
1476 3546 1772 3619 praaposito
1837 3560 1999 3599 usur-

419 3666 580 3722 pans.
622 3668 640 3701 ι
672 3648 805 3715 Qua:
856 3646 924 3701 de
978 3642 1241 3713 apostolis
1290 3640 1442 3707 dicit,
1499 3647 1761 3708 quantum
1806 3643 1997 3689 contra

421 3758 553 3799 suos
585 3739 815 3803 faciunt,
849 3752 996 3792 nunc
1045 3751 1155 3790 non
1206 3732 1475 3795 discutio;
1524 3743 1647 3799 qua;
1689 3727 1757 3781 de
1794 3725 1999 3797 lgnatio

420 3833 699 3904 loquitur,
750 3845 877 3886 eum
932 3843 1041 3882 non
1095 3826 1270 3895 magis
1325 3823 1532 3879 feriunt
1587 3835 1750 3889 quam
1810 3832 1999 3871 omnes

422 3924 669 3996 ejusdem
716 3923 894 3977 aetatis
948 3920 1243 3989 scriptores
1290 3916 1360 3971 ab
1404 3916 1523 3984 ipso
1567 3913 1730 3967 etiam
1762 3910 1999 3965 maxime

421 4017 704 4082 laudatos;
733 4015 826 4085 qui
858 4012 1074 4084 quoties
1109 4010 1427 4080 episcopum
1460 4004 1767 4069 nominant,
1796 4002 1999 4071 ubique

424 4109 556 4167 illud
584 4123 781 4165 nomen
812 4120 912 4176 pro
937 4103 1137 4159 summi
1166 4101 1367 4172 gradus
1394 4095 1687 4168 praeposito
1710 4103 1994 4162 usurpant.

427 4200 659 4257 Unicum
715 4198 881 4269 igitur
911 4195 1120 4251 crimen
1163 4191 1356 4265 lgnatii
1396 4188 1569 4244 nostri
1618 4194 1807 4252 restat,
1853 4182 1999 4254 quod

422 4311 519 4351 eos
547 4293 641 4361 qui
672 4306 861 4347 revera
901 4287 1146 4359 episcopi
1187 4293 1391 4349 essent,
1439 4292 1721 4349 nunquam
1768 4274 1997 4346 presby-

423 4395 570 4442 teros
617 4390 870 4448 vocaret,
920 4395 1045 4435 cum
1092 4392 1158 4431 eo
1207 4374 1428 4429 nomine
1478 4371 1601 4424 illos
1649 4366 1999 4438 indigitarent

2091 517 2363 572 haereticis
2412 526 2466 570 et
2515 513 2881 571 scbismaticis
2933 520 3221 575 caverent,
3261 525 3330 564 ne
3382 508 3460 562 illi
3512 507 3675 561 latius

2091 609 2272 665 adhuc
2301 616 2600 677 serperent.
2630 606 2950 662 Remedium
2979 604 3108 658 huic
3132 604 3277 657 malo
3303 601 3552 654 maxime
3580 614 3675 669 0p-

2092 710 2387 773 portunum
2414 701 2709 763 indicabat,
2725 709 2783 753 ut
2803 700 2950 754 clero
2971 713 3072 752 suo
3093 710 3287 751 omnes
3306 694 3674 755 adhaererent,

2092 807 2147 853 et
2168 796 2537 852 Christianam
2569 798 2837 849 unitatem
2880 792 3159 855 colerent;
3208 802 3521 856 omnesque
3548 785 3673 840 cieri

2094 891 2313 945 ordines
2336 889 2420 943 sui
2446 888 2550 943 loci
2578 870 2895 956 dignitatem
2925 883 3252 938 obtinerent.
3277 878 3491 934 Crebro
3514 877 3675 949 igitur

2092 983 2312 1038 ordines
2332 995 2520 1035 saeros
2545 978 2827 1048 distinguit
2855 986 2908 1032 et
2926 984 3226 1039 enumerat,
3252 982 3307 1028 et
3325 970 3675 1040 singulorum

2093 1073 2347 1128 ordinum
2371 1070 2665 1125 nonnullos
2691 1068 2804 1139 jam
2833 1083 2936 1122 suo
2958 1066 3135 1120 oliieio
3167 1063 3463 1133 fungentes
3495 1058 3677 1114 nomi-

2094 1168 2360 1231 nat;baac
2404 1172 2585 1218 autem
2627 1173 2772 1217 recte
2813 1160 2929 1215 ﬁeri
2979 1174 3086 1212 non
3114 1162 3449 1228 potuerunt,
3485 1152 3599 1206 nisi
3628 1162 3676 1205 et

2093 1257 2348 1313 ordinum
2395 1254 2615 1309 nomina
2664 1252 2917 1306 distincte
2943 1249 3272 1305 enuntiaret.
3301 1244 3501 1315 Neque
3534 1242 3674 1297 enim

2093 1359 2204 1403 tres
2232 1348 2448 1403 ordines
2479 1346 2616 1401 bene
2637 1344 2990 1413 distinguere,
3011 1350 3104 1394 aut
3131 1340 3329 1409 cuique
3355 1352 3461 1392 sua
3495 1335 3675 1389 ofﬁcia

2093 1448 2148 1494 et
2188 1439 2483 1510 dignitates
2528 1447 2675 1491 recte
2719 1436 3003 1504 assignare
3050 1447 3257 1501 porult,
3300 1429 3415 1483 nisi
3475 1427 3677 1495 cuique

2092 1533 2256 1587 etiam
2311 1530 2589 1601 proprium
2639 1527 2860 1598 aliquod
2905 1540 3105 1580 nomen
3155 1522 3443 1593 afﬁgeret;
3501 1534 3676 1589 neque

2095 1627 2401 1697 singulares
2444 1623 2692 1678 homines
2735 1632 2863 1675 tunc
2890 1617 3153 1688 temporis
3183 1614 3346 1670 certis
3386 1612 3676 1667 ordinibus

2095 1718 2405 1783 distinctos,
2442 1726 2497 1771 et
2524 1713 2704 1769 officia
2736 1712 2951 1766 diversa
2981 1709 3037 1763 in
3078 1707 3267 1762 eadem
3303 1702 3554 1760 ecclesia
3583 1717 3676 1757 ex-

2096 1818 2407 1881 sequentes,
2436 1805 2822 1863 commendare
2854 1802 3051 1873 potuit.
3082 1799 3190 1855 nisi
3231 1798 3335 1854 sub
3383 1797 3530 1851 certi
3559 1811 3679 1864 gra-

2094 1904 2198 1959 dus
2232 1903 2453 1957 nomine
2492 1910 2655 1970 atque
2683 1899 3021 1953 charactere.
3051 1892 3187 1960 Quis
3209 1891 3357 1945 enim
3398 1897 3517 1944 tres
3555 1905 3677 1960 gra-

2095 1996 2199 2050 dus
2241 2009 2608 2057 enumerans,
2652 1990 3033 2061 presbyteros,
3081 1994 3136 2040 et
3181 1983 3580 2053 presbyteros,
3629 1992 3681 2035 et

2095 2087 2355 2142 diaconos
2381 2084 2617 2139 diceret?
2639 2083 2762 2153 quis
2802 2080 3146 2151 presbyteros
3172 2074 3518 2146 presbyteris
3548 2074 3650 2128 sub
3666 2103 3678 2112 -

2092 2179 2268 2249 jectos
2315 2192 2439 2232 esse
2487 2176 2683 2231 debere
2732 2172 2987 2228 doceret?
3027 2170 3151 2241 quis
3199 2167 3340 2222 duos
3392 2166 3680 2220 ministros

2096 2273 2289 2328 eodem
2318 2278 2566 2339 tempore
2586 2268 2802 2323 diversa
2824 2274 2876 2321 et
2905 2264 3160 2320 distincta
3187 2260 3374 2317 officia
3408 2268 3466 2314 et
3493 2275 3678 2330 Opere,

2096 2372 2151 2420 et
2178 2372 2322 2419 statu
2344 2401 2359 2428 ,
2388 2370 2444 2417 et
2478 2359 2738 2431 dignitate
2771 2357 2994 2413 sortitos
3032 2352 3525 2410 indiseriminatim
3564 2366 3679 2421 pre-

2096 2456 2343 2527 sbyteros
2372 2450 2707 2523 appellaret?
2735 2448 2990 2520 Episcopi
3026 2462 3222 2503 nomen
3254 2447 3424 2501 toties
3452 2446 3516 2499 in
3544 2443 3681 2499 Scri-

2095 2551 2275 2620 pturis
2323 2548 2685 2603 memoratum
2738 2553 2868 2599 tunc
2919 2558 3028 2597 non
3077 2540 3372 2597 evanuisse
3423 2548 3677 2603 constat;

2094 2643 2296 2698 nemini
2326 2639 2558 2710 simplici
2586 2638 2899 2708 presbytero
2927 2650 2988 2689 ea
3017 2643 3174 2688 aetate
3201 2631 3537 2686 attributum
3564 2644 3681 2685 esse

2095 2751 2163 2791 ex
2192 2734 2436 2789 omnium
2459 2730 2785 2800 scriptorum
2813 2727 3031 2783 silentio
3055 2734 3309 2795 apparet;
3340 2731 3468 2778 erat
3500 2723 3682 2792 itaque

2095 2827 2275 2897 primo
2304 2825 2483 2883 ordini
2511 2834 2644 2879 tunc
2683 2830 3018 2877 reservatum
3053 2828 3107 2873 et
3135 2818 3602 2888 appropriatnm;
3632 2826 3683 2869 et

2097 2921 2332 2975 absurde
2374 2920 2593 2973 locutus
2633 2924 2779 2971 esset
2814 2914 3085 2985 lgnatius,
3114 2912 3229 2981 ipse
3261 2912 3436 2965 etiam
3468 2910 3684 2978 episco-

2095 3030 2228 3083 pus,
2274 3014 2320 3068 si
2363 3027 2560 3067 nomen
2606 3010 2783 3079 primo
2829 3005 3010 3062 ordini
3057 3019 3385 3060 concessum
3434 3000 3682 3056 inferiori

2023 3131 2065 3189 ς
2101 3107 2413 3168 tribuisset;
2465 3115 2517 3159 et
2557 3118 2681 3176 cum
2731 3100 3076 3171 presbyteros
3122 3106 3406 3159 moneret,
3467 3106 3537 3150 ut
3586 3110 3685 3150 suo

2101 3200 2304 3271 quique
2331 3198 2587 3268 episcopo
2634 3202 2908 3265 parerent,
2938 3193 3085 3260 ipsos
3116 3206 3147 3244 a
3176 3189 3387 3258 quibus
3422 3188 3686 3242 obedien-

2100 3294 2229 3349 tiam
2267 3290 2579 3364 postulabat
2611 3290 2897 3359 episcopos
2919 3328 2933 3351 ,
2964 3294 3057 3340 aut
3087 3284 3263 3346 illum,
3294 3282 3387 3337 cui
3419 3282 3686 3336 obedien-

2102 3387 2231 3441 tiam
2280 3382 2645 3453 praastandam
2682 3381 2930 3445 docebat,
2976 3378 3353 3448 presbyterum
3414 3375 3689 3444 appellas-

2101 3488 2203 3534 set.
2234 3477 2412 3545 IEquc
2442 3475 2587 3529 enim
2619 3473 2887 3527 absonum
2920 3470 3165 3533 videtur,
3200 3475 3261 3520 ut
3292 3465 3426 3534 quis
3464 3466 3688 3533 episco—

2100 3586 2199 3641 pos
2223 3569 2503 3639 episcopo,
2545 3574 2641 3621 aut
2662 3563 3006 3635 presbyteros
3043 3560 3364 3629 presbytero
3402 3556 3687 3624 subjectos

2100 3680 2221 3721 esse
2255 3664 2450 3718 debere
2478 3660 2719 3724 doceret,
2752 3666 2806 3711 et
2856 3656 2911 3709 in
2960 3669 3025 3708 eo
3072 3658 3468 3722 argumentum
3516 3649 3685 3705 collo-

2099 3766 2269 3820 caret,
2304 3753 2606 3825 praesertim
2652 3766 2775 3807 eum
2830 3749 2897 3803 de
2946 3746 3240 3802 schismate
3287 3752 3587 3807 tractaret,
3638 3744 3690 3795 in

2099 3866 2207 3920 qua
2235 3864 2293 3903 re
2323 3846 2671 3901 notissimum
2696 3850 2799 3908 est,
2834 3840 3091 3895 Ecclesia:
3118 3838 3350 3891 salutem
3384 3837 3447 3889 in
3478 3836 3689 3890 summi

2101 3940 2421 4005 sacerdotis,
2446 3939 2552 3993 boe
2574 3946 2659 3993 est
2696 3934 2958 4006 episcopi,
2985 3927 3247 4003 dignitate
3273 3926 3568 3998 pendere;
3602 3928 3691 3980 cui

2100 4038 2144 4092 si
2190 4050 2299 4090 non
2352 4047 2544 4088 exsors
2574 4031 2823 4100 quaedam
2868 4036 2922 4081 et
2951 4027 3020 4080 ab
3062 4021 3384 4078 hominibus
3431 4020 3692 4073 eminens

2099 4132 2256 4186 detur
2282 4135 2541 4198 potestas,
2579 4133 2658 4178 tot
2680 4124 2734 4177 in
2762 4119 3005 4175 Ecclesia
3023 4115 3328 4172 efficientur
3348 4110 3691 4173 schismata,

2100 4233 2234 4296 quot
2259 4222 2591 4284 sacerdotes,
2623 4219 2726 4272 hoc
2751 4226 2833 4271 est
2856 4210 3175 4284 presbyteri.

2172 4318 2256 4373 Sit
2308 4318 2475 4388 igitur
2527 4315 2683 4369 tertia
2735 4310 2964 4366 assertio
2996 4304 3254 4363 :Nullum
3306 4300 3554 4357 omnino
3607 4315 3693 4353 se—

2101 4412 2265 4468 cundi
2316 4408 2499 4466 saeculi
2542 4407 2887 4476 scriptorem,
2940 4416 3063 4456 cum
3114 4397 3316 4469 gradus
3360 4404 3691 4455 enumerat,

421 4478 669 4549 ejusdem
694 4474 868 4572 aetatis
902 4471 1220 4571 scriptores“,
1254 4477 1312 4572 “nl
1335 4466 1411 4572 i1“
1441 4464 1651 4572 ν’θξίξηίν
1683 4474 1906 4562 θξηθθδδ
1937 4466 1996 4559 in
2028 4476 2071 4530 D
2099 4464 2364 4561 snt—enm
2408 4464 2481 4559 Vde
2541 4464 2915 4572 sing-alaribus
2961 4496 3049 4552 sui
3094 4464 3356 4562 temporis
3410 4491 3692 4546 ministris

422 4548 526 4626 nos
555 4567 917 4632 ostendimus,
956 4560 1235 4634 perpauci.
1271 4556 1377 4613 Sed
1407 4565 1462 4611 et
1505 4555 1595 4609 hic
1624 4552 1825 4622 optima
1857 4548 1995 4602 ratio

424 4665 574 4719 reddi
599 4670 794 4731 potest,
823 4674 992 4729 quare
1019 4671 1142 4712 cum
1172 4654 1239 4708 iis
1278 4650 1461 4723 potius
1490 4648 1801 4718 loqueretur
1832 4642 1993 4713 lgna-

425 4755 556 4818 tius,
582 4755 676 4822 qui
712 4750 1009 4822 presbyteri
1056 4762 1253 4801 nomen
1299 4759 1412 4798 non
1458 4741 1641 4795 minus
1688 4750 1855 4808 quam
1882 4741 1997 4803 ept-

425 4846 576 4914 scopi
625 4844 877 4898 distincte
918 4854 971 4895 et
999 4839 1218 4909 proprie
1249 4834 1608 4904 usurpabant,
1652 4843 1819 4899 quam
1868 4839 1993 4880 cum

426 4913 553 4998 illis,
582 4931 678 5001 qui
709 4944 904 4983 nomen
948 4926 1247 4997 presbyteri
1284 4923 1579 4994 aliquando
1608 4922 1865 4989 episcopo
1898 4913 1997 4969 tri-

424 5025 694 5087 buebant;
723 5020 851 5091 quia
902 5019 979 5073 rei
1011 5018 1116 5087 ipsi
1156 5032 1321 5086 quam
1369 5013 1635 5068 tractabat
1667 5008 1998 5064 convenien-

426 5118 533 5173 tior
553 5115 728 5170 multo
752 5111 1072 5167 fuitborum
1127 5106 1376 5163 distincta
1419 5119 1582 5173 quam
1615 5102 1832 5155 illorum
1866 5114 1998 5152 con-

425 5207 547 5264 fusa
582 5206 740 5260 istius
767 5202 918 5258 vocis
946 5199 1254 5268 usurpatio.
1291 5194 1653 5250 Conﬂuebant
1683 5190 1749 5244 ad
1783 5204 1911 5243 eum
1940 5188 1995 5241 in

428 5300 619 5354 itinere
645 5298 715 5352 ab
738 5292 985 5351 ecclesiis
1023 5289 1166 5344 Asia:
1199 5295 1252 5342 et
1276 5283 1538 5355 episcopi,
1580 5290 1633 5337 et
1673 5278 1995 5350 presbyteri,

426 5397 481 5443 et
524 5386 738 5443 diaconi
765 5384 1074 5455 complures
1110 5379 1302 5435 ordine
1340 5385 1396 5431 et
1439 5388 1664 5429 munere
1692 5381 1745 5426 et
1774 5369 1997 5425 nomine

428 5488 484 5533 et
511 5479 768 5550 dignitate
803 5474 1045 5532 distineti
1068 5492 1082 5540 ;
1110 5472 1176 5527 de
1204 5482 1431 5525 suarum
1459 5464 1818 5520 ecclesiarum
1848 5466 1995 5515 statu

429 5588 555 5627 eum
585 5574 871 5627 certiorem
901 5569 1172 5625 faciebant
1197 5585 1210 5620 :
1240 5564 1305 5618 ad
1336 5562 1552 5616 illorum
1592 5557 1850 5613 ecclesias
1882 5554 1998 5623 epi-

431 5664 598 5720 stolas
631 5663 908 5727 exarabat,
935 5662 1038 5717 sub
1059 5657 1313 5729 martyris
1338 5651 1688 5717 auctoritate,
1712 5657 1767 5704 et
1791 5645 1993 5702 summi

430 5756 488 5813 in
513 5753 666 5826 Syria
686 5752 943 5824 episc0pi,
969 5749 1174 5807 mom'ta
1200 5749 1265 5804 iis
1287 5745 1467 5801 dabat.
1494 5740 1648 5809 Quod
1677 5739 1728 5795 ei
1755 5735 1993 5799 maxime

2099 4600 2363 4672 loquitur,
2404 4613 2601 4653 nomen
2653 4592 2950 4666 presbyteri
2982 4591 3032 4645 ei
3079 4589 3171 4659 qui
3203 4587 3510 4657 episcopus
3544 4596 3693 4640 esset

2097 4699 2376 4755 tribuisse.
2428 4692 2735 4747 Nonnullos
2770 4688 2989 4759 quidem
3036 4682 3259 4738 adducit
3294 4678 3541 4733 Dallteus
3574 4688 3692 4733 tum

2099 4795 2317 4850 Graecos
2350 4801 2462 4846 tum
2503 4788 2748 4847 Latinos,
2782 4800 2811 4837 a
2845 4782 3043 4851 quibus
3068 4776 3229 4847 primi
3259 4773 3474 4844 gradus
3500 4788 3693 4826 sacer—

2098 4889 2253 4944 dotes
2273 4905 2289 4937 ι
2316 4881 2617 4956 presbyteri
2644 4899 2661 4931 ι
2682 4878 2995 4932 dicerentur
3016 4890 3031 4937 ;
3052 4870 3145 4925 sed
3170 4868 3215 4922 si
3243 4866 3504 4935 singulos
3520 4881 3693 4920 excu-

2100 4984 2321 5045 tiamus,
2354 4986 2449 5032 aut
2496 4975 2549 5029 id
2600 4987 2709 5026 non
2758 4970 2947 5024 dicunt
2976 4965 3123 5034 quod
3155 4964 3243 5017 ille
3287 4961 3434 5022 vult,
3470 4968 3575 5013 aut
3619 4959 3691 5010 ita

2098 5089 2294 5129 nomen
2329 5067 2625 5140 presbyteri
2675 5068 2964 5130 usurpant,
3000 5073 3124 5113 cum
3170 5054 3375 5125 gradus
3406 5068 3523 5106 non
3554 5066 3696 5105 enu—

2099 5174 2332 5229 merant,
2367 5171 2461 5217 aut
2481 5161 2547 5215 de
2573 5173 2687 5213 sua:
2709 5154 2886 5209 aetatis
2909 5148 3183 5220 episcopis
3207 5161 3314 5200 non
3346 5145 3691 5213 loquuntur.

2097 5258 2313 5327 Papias,
2332 5256 2384 5308 in
2410 5249 2751 5321 Fragmentis
2774 5260 2896 5316 quae
2925 5247 3241 5311 supersunt,
3266 5251 3422 5290 nunc
3447 5233 3696 5306 πρεσῦυ-

2096 5354 2289 5424 τέρους
2314 5347 2510 5421 plurali
2558 5356 2808 5402 numero,
2832 5352 2979 5393 nunc
3011 5331 3387 5406 πρεσϐύτερον
3416 5324 3694 5395 singulari

2098 5416 2359 5504 de-unic—o
2384 5444 2593 5498 Joanne
2628 5444 2878 5506 usurpat.
2899 5432 3039 5487 Cum
3077 5425 3274 5498 plurali
3314 5434 3561 5475 numero
3597 5416 3693 5470 ad-

2098 5542 2268 5606 hibet,
2303 5554 2410 5593 non
2438 5536 2609 5605 liquet
2633 5546 2758 5586 eum
2789 5528 2874 5582 vel
2910 5526 2975 5579 de
3003 5524 3107 5577 hoc
3138 5519 3223 5573 vel
3265 5516 3360 5570 illo
3393 5512 3575 5585 gradu
3606 5511 3693 5563 vel

2098 5633 2290 5688 ordine
2320 5626 2601 5700 speciatim
2633 5618 3041 5691 intelligendum
3077 5628 3226 5677 esse;
3254 5609 3444 5680 potius
3481 5622 3549 5660 ea
3585 5619 3695 5656 vox

2100 5698 2546 5797 generali-sensu
2597 5712 2910 5785 accipienda
2953 5717 3043 5766 est
3064 5749 3079 5774 ,
3110 5719 3222 5776 quo
3251 5710 3415 5758 aetate
3446 5698 3695 5769 majores
