3768 6322
84 335 169 392 ιειι
835 334 887 390 J.
931 333 1301 391 PEARSONII
1336 333 1660 392 VINDICIE
1697 334 2125 394 IGNATIANAE.
2164 368 2234 379 -—
2260 334 2441 393 PARS
2476 336 2541 391 ll.

3222 332 3329 389 ιξε

82 471 166 511 seu
197 453 528 525 antiquiores
557 454 881 525 simpliciter
927 457 1239 527 significare
1280 457 1441 512 solet.
1496 456 1634 511 Cum
1666 460 1712 517 Α
1738 454 1926 526 Neque
1964 457 2115 512 enim
2160 457 2399 512 lrenaaus
2448 470 2689 527 unquam
2742 455 3018 511 Victorem
3061 454 3165 512 sibi
3197 471 3325 526 syn-

82 549 210 606 enlm
252 545 447 616 Papias
474 555 687 617 putaret
717 563 782 602 ex
807 548 930 603 viva
962 564 1097 605 voce
1133 550 1418 605 hominum
1450 565 1641 618 super-

86 640 255 696 stilum
290 640 414 709 plus
449 638 701 694 utilitatis
732 641 852 711 capi
887 640 1151 710 potuisse,
1185 657 1348 712 quam
1376 658 1443 697 ex
1472 642 1643 696 libro-

86 749 191 787 rum
219 732 480 798 lectione;
530 733 809 802 quaerebat
838 748 904 788 ex
936 733 1004 788 iis
1055 734 1149 803 qui
1193 747 1352 789 erant
1400 734 1518 803 ipso
1545 734 1643 790 'sc-

89 825 265 890 niores,
295 824 425 893 quid
476 824 555 878 illi
605 824 929 879 audiverant
975 826 1043 880 ab
1087 827 1157 881 iis
1192 825 1286 897 qui
1324 827 1431 882 illis
1475 828 1639 881 etiam

87 916 203 989 ipsis
232 917 475 973 seniores
503 926 688 985 erant;
718 927 881 988 atque
923 920 998 974 ita
1035 918 1252 975 tandem
1292 920 1643 991 perveniebat

86 1011 145 1065 ad
168 1010 469 1065 testimonia
515 1011 889 1080 apostolorum
919 1012 1039 1066 viva
1072 1028 1205 1067 voce
1232 1012 1451 1068 tradita.
1481 1010 1636 1079 Quae-

89 1103 224 1156 rebat
266 1117 295 1155 a
326 1101 612 1171 discipulis
638 1104 1035 1173 apostolorum,
1083 1104 1198 1174 ipse
1238 1105 1384 1160 enim
1437 1106 1641 1161 nullius

89 1195 295 1264 apostoli
319 1194 624 1264 discipulus
650 1195 773 1249 fuit.
813 1195 1170 1267 Presbyteros
1200 1212 1393 1253 omnes
1422 1207 1642 1268 aposto-

90 1287 177 1350 los,
205 1302 498 1357 omnesque
536 1287 741 1349 Christi
772 1287 989 1342 Domini
1037 1288 1337 1359 discipulos
1365 1299 1543 1355 vocat,
1576 1290 1643 1344 de

91 1378 180 1434 hoc
204 1379 283 1433 vel
327 1379 419 1434 illo
466 1380 662 1435 ordine
702 1380 992 1437 ministerii
1041 1380 1340 1454 evangelici
1387 1383 1455 1437 ab
1510 1398 1643 1454 apo-

92 1472 221 1526 stolis
250 1470 492 1527 instituto
516 1488 625 1527 non
651 1474 877 1528 omnino
902 1474 1031 1545 agit.
1062 1473 1329 1530 Joannem
1353 1476 1643 1546 quemdam

88 1564 149 1615 ab
174 1564 408 1633 apostolo
444 1564 763 1621 distinctum
792 1582 935 1637 saepe
962 1566 1055 1620 τὸν
1084 1566 1457 1638 πρεσϐύτερον
1481 1582 1645 1622 voca-

92 1656 195 1720 bat;
221 1655 308 1710 sed
326 1656 460 1711 fieri
490 1665 673 1727 potest
696 1666 755 1712 ut
781 1658 872 1713 ille
897 1659 1121 1714 secundi
1150 1660 1360 1715 ordinis
1384 1660 1643 1716 sacerdos

90 1747 263 1815 fuerit;
296 1757 441 1803 certe
478 1749 644 1819 primi
675 1748 848 1805 fuisse
879 1759 1123 1805 veterum
1169 1767 1330 1806 nemo
1366 1751 1531 1818 dixit;
1562 1752 1647 1806 ni-

1743 548 1989 603 chronon
2047 550 2425 619 presbyterum
2468 550 2717 615 vocavit,
2769 564 2947 619 neque
2984 548 3115 603 dum
3169 558 3325 603 ante-

1744 640 1920 695 riores
1967 640 2316 710 presbyteros
2366 649 2548 703 vocat,
2598 640 2889 711 episcopos
2919 640 3160 696 Victoris
3188 650 3327 696 tem-

1744 747 1877 802 pore
1932 734 2193 788 ecclesias
2245 734 2610 803 gubernantes
2667 735 3015 806 presbyteros
3063 734 3325 805 appellari

1744 825 1937 880 solitos
1963 825 2221 880 ostendit.
2254 826 2505 881 Clemens
2536 826 2935 882 Alexandrinus
2966 826 3095 896 quid
3126 828 3192 881 de
3221 826 3326 882 hac

1745 931 1805 971 re
1842 917 2122 987 scripserit
2148 917 2450 973 videamus.
2490 918 2564 973 De
2587 918 2826 988 perfecto
2852 934 2953 973 suo
2980 918 3321 984 Christiano,

1746 1010 1859 1064 sive
1884 1009 2149 1065 Gnostico
2184 1010 2421 1076 locutus,
2465 1012 2615 1066 addit
2641 1029 2656 1064 :
2686 1030 2710 1061 ν(
2746 1010 2841 1065 llic
2872 1020 2955 1065 est
2982 1027 3168 1065 revera
3196 1026 3322 1080 pre-

1746 1102 1929 1173 sbyter
1957 1101 2232 1169 Ecclesiae,
2278 1112 2333 1159 et
2365 1120 2525 1159 verus
2572 1105 2838 1160 diaconus
2883 1105 3079 1160 divina:
3128 1106 3325 1160 volun-

1746 1195 1896 1250 tatis.
1925 1215 1944 1248 ι
1966 1195 2033 1251 At
2056 1196 2170 1251 haec
2193 1212 2298 1249 non
2331 1196 2403 1250 ita
2431 1197 2657 1262 diceret,
2680 1217 2697 1248 ι
2724 1197 2891 1267 siqua
2921 1197 3065 1267 apud
3102 1206 3324 1254 nostros

1746 1286 1985 1356 dignitas
2046 1297 2191 1343 esset
2242 1289 2617 1359 presbyteratu
2645 1290 2917 1358 superior.
2952 1307 2971 1340 ι
3011 1287 3117 1344 Sed
3153 1305 3323 1358 quare

1748 1391 1856 1430 non
1884 1393 2009 1431 eum
2039 1378 2245 1432 diceret
2271 1379 2667 1449 presbyterum,
2708 1378 2834 1433 licet
2874 1378 3220 1447 episcopatus
3254 1380 3325 1434 sit

1747 1467 2123 1537 presbyteratu
2169 1468 2441 1537 superior,
2468 1484 2629 1538 quem
2682 1467 2972 1523 diaconum
3006 1468 3163 1534 dixit,
3198 1470 3325 1523 licet

1748 1556 2041 1612 diaconatu
2081 1560 2331 1628 superior
2376 1559 2447 1614 sit
2485 1560 2929 1630 presbyteratus?
2956 1558 3211 1615 Profecto
3251 1561 3325 1615 ita

1748 1645 2003 1705 Clemens
2040 1665 2165 1705 eum
2193 1652 2502 1720 appellavit,
2526 1667 2650 1708 cum
2685 1653 2801 1722 ipse
2826 1653 2990 1707 sciret
3015 1668 3080 1708 ac
3104 1652 3325 1707 doceret

1751 1742 1892 1810 apud
1929 1750 2149 1797 nostros
2191 1743 2505 1812 dignitatem
2537 1743 2708 1799 fuisse
2750 1745 3124 1815 presbyteratu
3162 1762 3324 1816 supe-

94 1843 182 1896 mis
208 1850 378 1897 autem
429 1842 640 1897 incerta
669 1852 814 1909 sunt,
855 1858 977 1913 qua:
1008 1844 1065 1899 in
1100 1843 1400 1900 Clementis
1430 1844 1582 1899 Comi

1833 1848 1979 1898 rem;
2011 1849 2135 1887 nam
2162 1835 2344 1888 statim
2378 1844 2666 1906 postquam
2710 1836 2825 1890 haec
2855 1836 3171 1906 scripserat,
3206 1839 3321 1894 ait:

98 1934 371 2001 tutionibus,
400 1935 467 1991 de
489 1934 700 1991 Joanne
732 1952 762 1991 a
798 1935 1008 1992 Joanne
1036 1939 1293 2010 episcopo
1330 1938 1476 1995 facto
1501 1938 1643 1995 refe-

96 2035 279 2081 runtur.
310 2025 555 2083 Marcum
580 2027 674 2098 qui
702 2028 892 2083 volunt
912 2029 979 2083 ab
999 2044 1065 2084 eo
1087 2030 1250 2084 etiam
1273 2030 1642 2102 πρεσϐύτερον

99 2118 293 2185 dictum,
318 2120 484 2175 verba
523 2120 668 2189 apud
707 2120 1004 2176 Eusebium
1054 2122 1127 2176 ita
1168 2122 1586 2192 interpretantes
1626 2142 1639 2177 :

104 2227 119 2261 ι
150 2208 246 2266 Hoc
272 2212 453 2265 senior
479 2210 699 2268 Marcus
727 2213 864 2268 dixit
895 2212 1037 2268 Petri
1076 2214 1362 2284 interpres,
1394 2234 1412 2267 ι
1444 2210 1643 2269 fallun-

99 2310 187 2357 tur.
221 2303 369 2358 Aliud
402 2319 467 2359 ea
506 2304 673 2359 verba
718 2314 934 2362 sonant.
965 2306 1077 2359 Καὶ
1101 2307 1257 2361 τοῦτο
1285 2310 1313 2361 ὁ
1342 2307 1642 2379 πρεσϐύτε-

104 2416 176 2470 ρος
214 2399 405 2467 ἔλεγεν·
438 2400 671 2472 Μάρκος
714 2402 812 2471 μὲν
852 2402 1192 2473 ἑρμηνευτὴς
1241 2402 1449 2474 Πέτρου
1492 2404 1646 2471 γενό-

106 2508 233 2560 μενος
273 2493 367 2545 ὅσα
419 2493 848 2565 ἐμνημόνευσεν,
902 2493 1145 2565 ἀκριϐῶς
1193 2493 1449 2565 ἔγραψεν.
1513 2493 1645 2560 Quae

105 2584 211 2637 satis
236 2586 513 2641 commode
553 2601 583 2639 a
612 2583 832 2640 Rutfino
868 2601 1023 2640 versa
1069 2595 1197 2641 sunt
1229 2603 1241 2637 :
1282 2606 1301 2637 ι
1330 2585 1506 2641 Etiam
1542 2588 1645 2642 hoc

105 2672 291 2746 (inquit)
320 2678 602 2747 presbyter
630 2678 905 2743 narrabat,
937 2678 1081 2747 quod
1127 2676 1345 2734 Marcus
1374 2678 1642 2748 interpres

107 2762 240 2819 fuerit
276 2764 435 2833 Petri,
467 2776 523 2822 et
545 2782 889 2838 quaecunque
925 2768 1247 2823 meminerat
1286 2768 1355 2823 ab
1379 2783 1446 2824 eo
1476 2770 1641 2834 dicta,

106 2858 470 2927 conscripserit.
535 2878 555 2910 ι
608 2857 897 2929 Utcunque
960 2860 1072 2927 sit,
1120 2859 1315 2930 Papias
1362 2877 1643 2931 nunquam

108 2949 273 3016 gradus
315 2950 723 3005 ecclesiasticos
774 2960 1079 3017 enumerat,
1128 2966 1409 3020 nunquam
1464 2951 1644 3006 ofﬁcia

110 3044 382 3116 distinguit;
412 3062 686 3116 nusquam
722 3045 1127 3116 episcoporum,
1154 3056 1250 3100 aut
1283 3045 1643 3100 diaconorum

102 3136 397 3191 mentionem
422 3136 591 3202 facit;
627 3151 907 3207 nunquam
937 3136 1004 3191 de
1032 3136 1289 3206 episcopo
1316 3136 1499 3206 aliquo
1527 3138 1645 3190 sin-

113 3229 252 3295 gulari
294 3240 383 3285 aut
432 3230 774 3301 presbytero,
821 3230 915 3300 qui
961 3245 1087 3285 cum
1133 3230 1252 3299 ipse
1298 3229 1561 3284 scriberet
1591 3227 1644 3281 in

112 3321 220 3375 vivis
244 3331 376 3378 esset
406 3322 673 3393 loquitur.
708 3321 852 3376 Idem
896 3322 1059 3376 etiam
1106 3321 1174 3375 dc
1218 3320 1419 3376 Irenaeo
1463 3320 1649 3374 dicen-

113 3413 238 3479 dum;
266 3415 606 3487 presbyteros
646 3414 971 3485 generaliter
1005 3422 1165 3468 vocat
1204 3413 1525 3482 episcopos,
1554 3412 1648 3466 sed

114 3494 387 3570 nunquam,
432 3503 641 3576 gradus
678 3517 1045 3568 enumerans,
1101 3503 1411 3574 singulares
1465 3501 1646 3567 viros,

115 3592 187 3659 qui
224 3596 447 3665 episc0pi
504 3594 763 3663 fuerant,
829 3596 1179 3667 presbyteros
1228 3596 1494 3665 appellat;
1553 3595 1647 3650 sed

117 3702 288 3759 semper
336 3693 629 3763 antiquos,
684 3692 879 3763 quales
928 3699 1086 3745 erant
1132 3692 1179 3743 οξ
1239 3689 1345 3759 πρὸ
1399 3689 1647 3759 Σώτηρος

116 3782 446 3855 πρεσϐύτεροι,
484 3785 535 3837 οἱ
580 3784 686 3854 πρὸ
734 3783 829 3838 σοῦ
858 3782 1236 3855 πρεσϐύτεροι,
1266 3783 1314 3834 οἱ
1343 3781 1449 3853 πρὸ
1478 3779 1644 3835 αὐτοῦ

118 3873 444 3947 πρεσϐύτεροι,
481 3878 532 3930 οἱ
560 3876 668 3949 πρὸ
696 3874 855 3950 ἡμῶν
880 3874 1261 3946 πρεσϐύτεροι.
1298 3874 1433 3929 Cum
1464 3883 1645 3929 autem

118 3962 167 4016 de
204 3978 446 4033 praesente
492 3970 754 4039 episcopo
796 3967 926 4038 agit,
969 3967 1073 4021 sub
1116 3981 1228 4036 quo
1261 3966 1377 4036 ipse
1405 3967 1642 4036 scripsit,

121 4056 294 4124 proprie
320 4068 369 4112 et
395 4060 460 4115 ad
487 4061 711 4113 modum
741 4056 932 4129 lgnatii
962 4058 1234 4128 loquitur,
1265 4058 1357 4112 lib.
1384 4074 1466 4123 ιιι,
1491 4073 1539 4113 c.
1575 4058 1638 4111 '5:

126 4144 455 4206 «Fundantes
502 4151 671 4222 igitur
718 4160 773 4207 et
821 4151 1170 4206 instituentes
1218 4150 1360 4204 beati
1412 4149 1642 4218 apostoli

124 4232 388 4309 Ecclesiam,
425 4241 565 4298 Lino
614 4243 995 4314 episcopatum
1044 4243 1489 4298 administrandae
1536 4242 1641 4296 Ec.-

124 4334 263 4393 clesia:
305 4336 968 4396 tradiderunt.'Succedit
1013 4346 1194 4391 autem
1228 4334 1278 4391 ei
1310 4334 1637 4400 Anaclctus;

124 4440 215 4495 post
238 4447 346 4487 eum
376 4435 533 4489 tertio
583 4434 651 4487 ab
698 4430 960 4502 apostolis
994 4429 1365 4499 episcopatum
1410 4427 1639 4482 sortitur

1759 1925 1911 1977 Ἐπεὶ
1938 1925 2029 1979 καὶ
2061 1928 2116 1979 αἱ
2146 1924 2383 1981 ἐνταῦθα
2414 1928 2686 1999 προκοπαὶ
2718 1929 3054 1992 ἐπισκόπων,
3085 1930 3325 2001 πρεσϐυο

1744 2018 1937 2090 τέρων,
1972 2019 2233 2072 διακόνων
2267 2020 2577 2091 μιμήματα,
2609 2016 2759 2091 οἶμαι
2781 2060 2795 2084 ,
2828 2021 3123 2093 {incluti};
3166 2022 3324 2094 δόξης

1743 2110 2118 2181 τυγχάνουσιν.
2172 2110 2482 2166 Secundum
2526 2112 2860 2168 Clementem
2910 2114 3095 2185 igitur,
3124 2131 3321 2185 quem-

1746 2202 2039 2256 admodum
2064 2203 2313 2274 προκοπή
2357 2219 2449 2258 seu
2473 2202 2752 2273 profectus
2768 2215 2851 2260 est
2876 2220 2907 2260 a
2932 2206 3219 2261 diaconatu
3252 2207 3321 2263 ad

1745 2295 2203 2365 presbyteratum,
2230 2295 2303 2350 ita
2338 2297 2502 2350 etiam
2528 2298 2775 2369 προκοπή
2813 2312 2907 2352 seu
2938 2297 3216 2367 profectus
3237 2308 3324 2354 est

1745 2403 1777 2442 a
1803 2387 2178 2457 prcsbyteratu
2204 2387 2271 2442 ad
2307 2388 2681 2457 episcopatum
2713 2405 2725 2440 :
2752 2400 2806 2442 et
2835 2389 2935 2445 hos
2961 2398 3071 2445 tres
3099 2391 3322 2448 ordines

1746 2492 1855 2531 non
1886 2486 2097 2533 tantum
2130 2478 2383 2532 ordinum
2408 2479 2778 2548 angelicorum
2805 2480 3144 2536 imitamenta
3174 2498 3323 2552 quaa—

1746 2570 1873 2624 dam
1901 2585 2021 2625 esse
2045 2579 2226 2640 putat;
2253 2571 2349 2627 sed
2373 2581 2427 2625 et
2449 2571 2518 2626 ab
2541 2572 2675 2642 ipsis
2696 2574 2959 2643 apostolis
2997 2574 3051 2628 in
3079 2573 3321 2631 Ecclesia

1749 2660 2049 2725 institutos.
2078 2672 2132 2717 et
2171 2664 2404 2720 diversis
2441 2665 2823 2735 distinctisque
2863 2667 3149 2736 praeceptis
3197 2684 3321 2722 niu-

1748 2756 1893 2810 nitos
1915 2754 2167 2817 credidit,
2207 2764 2266 2810 ut
2300 2771 2364 2811 ex
2395 2755 2555 2811 tertio
2596 2755 2885 2827 Pwdagogi
2913 2757 3055 2813 libro
3073 2760 3321 2815 ostendi-

1747 2862 1891 2901 mus.
1924 2845 2024 2900 Ubi
2049 2846 2215 2916 igitur
2245 2846 2466 2901 ordines
2490 2862 2585 2902 seu
2614 2847 2815 2918 gradus
2843 2859 3147 2915 enumerat,
3175 2860 3323 2905 utro-

1746 2938 1912 3009 hique
1961 2954 2086 2994 cum
2142 2938 2349 3009 lgnatio
2397 2948 2587 2994 nostro
2620 2940 2940 3010 episcopos,
2973 2943 3323 3013 presbyteros

1747 3039 1801 3086 et
1830 3029 2092 3085 diaconos
2117 3029 2335 3099 pr0prie
2376 3036 2432 3084 et
2470 3029 2725 3084 distincte
2763 3032 3026 3101 agnoscit.
3064 3033 3167 3088 Sed
3207 3053 3228 3087 ε
3266 3035 3321 3091 in

1750 3121 1989 3191 quodam
2021 3135 2087 3175 ex
2118 3121 2238 3191 ejus
2254 3119 2522 3190 Operibus
2550 3122 2695 3191 quod
2727 3123 2873 3192 apud
2899 3122 3192 3181 Eusebium
3221 3143 3320 3181 ex-

1748 3222 1857 3269 stat
1906 3213 2245 3284 fragmento,
2282 3228 2443 3285 quem
2494 3214 2675 3282 primo
2721 3216 3039 3286 episcOpum
3087 3217 3321 3286 dixerat,

1747 3306 2001 3359 eumdem
2032 3306 2194 3374 paulo
2222 3313 2346 3374 post
2378 3292 2752 3375 presbyterum
2792 3306 2941 3360 dicit.
2982 3326 3003 3361 ι
3036 3307 3187 3364 Fecit
3219 3310 3323 3367 hoc

1747 3396 1965 3468 quidem
2003 3397 2058 3451 in
2105 3396 2328 3451 homilia
2373 3396 2485 3466 jam
2537 3396 2757 3451 tandem
2800 3399 2905 3453 sub
2945 3398 3195 3470 Origenis
3222 3419 3323 3456 no-

1746 3490 1898 3543 mine
1935 3488 2104 3552 edita,
2135 3489 2283 3559 quod
2328 3488 2499 3543 miror
2530 3498 2583 3543 et
2611 3489 2947 3545 Blondellum
2976 3499 3029 3545 et
3060 3492 3319 3550 Dallzeum

1746 3582 2011 3647 latuisse;
2044 3581 2138 3636 sed
2169 3580 2443 3650 quomodo
2474 3580 2527 3634 id
2568 3580 2759 3636 fecerit
2803 3582 3101 3638 videamus.
3133 3582 3323 3641 Homi-

1747 3691 1870 3730 nem
1904 3675 2078 3739 illum,
2109 3673 2360 3745 quisquis
2396 3672 2517 3739 fuit,
2548 3672 2869 3727 καθεστῶτα
2907 3674 3320 3732 ὲπίσκοπονειώ

1740 3766 1954 3822 Joanne
1982 3768 2229 3836 apostolo
2252 3766 2437 3831 tradit,
2470 3781 2596 3821 cum
2626 3766 2741 3835 ipse
2769 3767 3049 3835 apostolus
3073 3769 3323 3839 regiones

1745 3862 1866 3915 illas
1889 3868 2220 3932 peragraret,
2256 3860 2587 3924 ἐπισκόπους
2616 3860 2989 3930 καταστήσωνο
3014 3862 3320 3929 apostolum

1746 3956 1925 4025 ipsum
1957 3955 2032 4009 ita
2061 3970 2187 4008 eum
2219 3953 2586 4023 alloquentem
2617 3953 2919 4007 introducit
2949 3970 2961 4008 τ
2999 3953 3133 4021 Ἀγε
3159 3954 3246 4021 δὲ,
3274 3946 3321 4009 ὦ

1743 4048 2041 4111 ἐπίσκοπε,
2075 4046 2179 4100 hoc
2205 4054 2310 4113 est,
2338 4044 2424 4100 sui
2470 4044 2731 4115 temporis
2773 4045 3088 4114 episcopum
3122 4060 3187 4099 eo
3217 4060 3319 4100 no-

1743 4140 1891 4195 mine
1920 4139 2078 4211 quasi
2114 4138 2296 4194 ofticio
2332 4138 2579 4207 apprime
2617 4148 2951 4210 congruente
2992 4138 3322 4209 compellan-

1744 4243 1875 4290 tem.
1908 4233 2030 4305 Ipse
2060 4244 2243 4289 autem
2272 4234 2526 4289 Clemens
2550 4242 2671 4303 post
2697 4249 2873 4290 annos
2898 4243 3139 4301 centum,
3175 4235 3321 4289 hunc

1743 4343 1904 4398 quem
1938 4337 1993 4382 et
2033 4318 2152 4397 ipse
2196 4337 2251 4382 et
2282 4326 2567 4397 apostolus
2602 4326 2917 4398 episcopum
2964 4326 3314 4395 appellarent,

1742 4420 1909 4474 semel
1934 4417 2301 4491 πρεσϐύτερον
2320 4459 2335 4484 ,
2363 4417 2531 4473 semel
2562 4416 2890 4487 πρεσϐύτην,
2924 4424 2985 4471 ut
3015 4416 3321 4483 apostolum

125 4520 353 4592 Clemens;
406 4546 423 4578 ι
454 4536 508 4581 et
552 4524 779 4595 reliquis
816 4522 1191 4578 enumeratis:
1224 4539 1242 4570 ‹
1274 4518 1411 4573 Cum
1453 4529 1633 4571 autem
1666 4531 1711 4585 ι)
1742 4514 1919 4583 ipsum
1954 4512 2044 4566 τὸν
2074 4513 2305 4583 γέροντα
2328 4519 2508 4566 vocat.
2549 4508 2634 4563 Nil
2681 4508 2843 4578 igitur
2875 4516 3064 4563 contra
3108 4522 3313 4560 morem

127 4616 424 4673 successisset
470 4618 698 4671 Aniceto
734 4614 923 4680 Sotcr,
971 4629 1118 4667 nunc
1165 4610 1489 4666 duodecimo
1519 4610 1640 4665 loco

128 4706 442 4779 episcOpatum
468 4713 537 4765 ab
564 4709 823 4781 apostolis
857 4707 1019 4762 habet
1051 4705 1416 4760 Eleutherius.
1457 4722 1474 4753 ι
1504 4701 1642 4757 Male

129 4792 254 4863 igitur
288 4803 508 4858 Dallzeus
552 4818 621 4857 ex
671 4800 862 4856 nescio
895 4814 1003 4869 qua
1052 4797 1336 4868 apostolici
1370 4796 1642 4851 sermonis

128 4885 213 4957 iege
234 4896 466 4962 postulat,
493 4904 556 4950 ut
602 4893 660 4948 S.
714 4891 955 4964 lgnatius
997 4891 1252 4956 Damam,
1284 4887 1602 4944 Onesimum
1623 4928 1639 4953 ,

129 4989 167 5032 et
193 4980 464 5057 Polybium,
492 5005 605 5043 non
651 4988 835 5043 minus
870 5000 1034 5055 quam
1064 4984 1299 5038 Irenazus
1329 4982 1638 5049 Anicetum,

132 5073 266 5149 Pium,
282 5083 555 5157 Hyginum,
574 5085 989 5156 Telesphorum,
1019 5102 1037 5134 ι
1062 5080 1408 5152 presbyteros
1432 5098 1449 5130 ι
1476 5093 1640 5132 voca-

134 5184 221 5227 cum
264 5176 309 5231 hi
352 5178 548 5235 Irenaeo
594 5177 934 5249 antiquiores
990 5174 1235 5238 fuerint,
1294 5171 1371 5225 illi
1433 5169 1641 5240 lgnatio

134 5267 273 5331 Comi,
302 5284 429 5338 quos
472 5284 697 5326 necesse
743 5269 791 5323 ei
841 5267 947 5323 fuit
989 5280 1020 5321 a
1061 5262 1393 5337 presbyteris
1442 5261 1639 5316 distin-

135 5368 269 5421 (tuere.
290 5358 439 5431 Pejus
478 5371 659 5418 autem
710 5362 882 5416 multo
931 5356 1235 5414 Salmasius
1274 5356 1329 5408 in
1360 5353 1638 5423 Apparatu

138 5459 251 5501 tnec
288 5453 513 5507 muneris
537 5493 551 5512 ,
576 5467 677 5507 nec
719 5449 1001 5521 dignitatis
1054 5448 1196 5502 inter
1222 5445 1539 5515 episcopum
1586 5454 1641 5496 et

134 5537 440 5609 PFCSbyterum
453 5542 771 5599 divisionem
789 5540 1024 5596 Victoris
1036 5546 1282 5608 tempore
1310 5535 1588 5590 exstitisse
1612 5552 1630 5585 ι

136 5626 196 5678 vel
219 5628 322 5685 inde
353 5633 565 5702 probari
606 5632 835 5703 putavit,
871 5652 889 5683 ι
918 5632 1046 5702 quia
1078 5644 1188 5683 non
1218 5627 1398 5683 solum
1433 5625 1634 5695 ipsum,

138 5715 206 5768 kd
234 5722 373 5779 etiam
412 5725 708 5781 anteriores
747 5726 1038 5795 episcopos
1083 5721 1368 5777 Romanos
1396 5716 1635 5788 πρεσϐυ-

137 5806 266 5877 τέρων
284 5819 483 5875 nomine
504 5818 793 5891 appellatos
814 5825 1029 5873 constat
1049 5816 1118 5872 ab
1141 5814 1341 5871 Irenaeo
1363 5819 1417 5868 et
1437 5810 1577 5866 aliis.
1605 5828 1628 5863 ι

1742 4604 1935 4677 lgnatii
1962 4603 2106 4658 fecit.
2132 4600 2440 4667 Quinetiam
2466 4597 2823 4669 Polycarpum
2852 4596 3149 4651 secundum
3180 4611 3316 4665 pra:—

1742 4705 1947 4752 sentem
1974 4694 2226 4749 Ecclesia:
2248 4701 2448 4747 statum
2472 4690 2613 4760 apud
2636 4688 3011 4757 Philippenses
3034 4687 3318 4756 scripsisse

1741 4804 1850 4843 non
1884 4788 2096 4843 dubito.
2144 4785 2254 4840 lllis
2299 4783 2517 4852 quidem
2548 4780 2793 4851 praecipit
2833 4788 2892 4832 ut
2937 4778 3166 4849 subjecti
3209 4780 3318 4833 sint

1748 4902 1766 4935 ι
1805 4881 2134 4952 presbyteris
2156 4889 2208 4933 et
2234 4876 2479 4932 diaconis
2501 4874 2644 4930 sicut
2671 4872 2781 4927 Deo
2809 4868 2864 4927 et
2887 4872 3126 4928 Christo.
3162 4891 3180 4925 ι
3212 4871 3317 4927 Sed

1740 4976 1865 5046 quis
1896 4974 2079 5039 dabit,
2112 4972 2427 5043 episcopum
2458 4966 2888 5037 Philippensium
2921 4974 3052 5019 tunc
3096 4966 3151 5019 in
3181 4964 3317 5018 vivis

1742 5067 1950 5123 fuisse?
1978 5064 2111 5132 Quis
2155 5061 2438 5134 praestabit
2486 5058 2859 5128 Philippenses
2912 5056 3034 5111 ideo
3078 5072 3107 5109 a
3153 5054 3316 5123 Poly-

1741 5173 1908 5227 carpo
1948 5155 2246 5212 consilium
2293 5167 2403 5207 non
2432 5150 2778 5220 eﬂlagitasse,
2811 5147 2958 5217 quod
3000 5154 3131 5199 tunc
3178 5152 3315 5197 tem-

1740 5248 1889 5320 poris
1915 5247 2169 5317 episcopo
2201 5243 2301 5314 ipsi
2352 5242 2498 5297 haud
2538 5238 2886 5311 potirentur?
2918 5234 2992 5290 Ita
3024 5234 3169 5289 enim
3203 5234 3316 5302 ipse

1740 5356 1837 5397 eos
1861 5339 2163 5409 alloquitur
2194 5358 2206 5391 :
2236 5333 2450 5397 Ταῦτα,
2494 5332 2744 5401 ἀδελφοὶ,
2791 5330 2891 5382 ούκ
2931 5324 3151 5397 ἐμαυτῷ
3195 5326 3311 5378 ἐπι-

1740 5432 1943 5504 τρέψας
1977 5430 2173 5502 γράφω
2204 5430 2331 5499 ὑμῖν
2366 5426 2493 5495 περὶ
2519 5426 2618 5495 τῆς
2650 5421 3011 5490 δικαιοσύνης·
3049 5417 3161 5471 ἀλλ’
3188 5418 3312 5472 ἐπεὶ

1741 5526 1895 5596 ὑμεῖς
1924 5518 2361 5593 προεκαλέσασθέ
2394 5534 2481 5588 με.
2519 5533 2537 5565 ι
2572 5514 2696 5569 Πιξιε
2725 5523 2927 5575 autem,
2962 5509 3177 5575 fratres,
3202 5524 3313 5563 non

1739 5632 1861 5672 meo
1891 5617 2140 5680 arbitrio,
2167 5614 2323 5669 vobis
2351 5611 2416 5665 de
2441 5608 2651 5680 justitia
2684 5606 2889 5668 scribo,
2920 5603 3013 5658 sed
3036 5602 3182 5672 quod
3216 5615 3314 5657 vos

1738 5710 1805 5765 ad
1840 5724 1925 5764 me
1959 5706 2315 5779 provocastis.
2352 5722 2371 5757 ι
2407 5701 2467 5756 ln
2499 5714 2698 5762 causa,
2736 5705 2797 5751 ut
2826 5696 3041 5766 opinor,
3068 5692 3313 5747 Valentis

1739 5802 2058 5877 presbyteri,
2109 5814 2272 5871 quam
2325 5794 2532 5868 judicio
2588 5790 2872 5865 Polycarpi
2907 5786 3311 5861 permittebant.
