3800 6208
440 294 550 354 ωδ

1501 290 1562 345 S.
1605 286 1958 345 lGNATlUS.
1995 317 2067 329 —
2102 286 2641 346 PROLEGOMENA.

3614 292 3719 350 424

442 414 569 470 lbrc
604 414 767 485 igitur
790 428 912 468 cum
942 412 1147 467 incerta
1174 411 1305 476 sint,
1336 409 1471 465 nihil
1493 410 1630 465 certi
1662 424 1727 465 ex
1764 424 2018 465 sermone
2044 416 2093 474 Α
2124 425 2144 459 ι
2178 407 2469 479 Presbyter
2525 416 2715 478 pastor
2773 404 2991 461 titulum
3038 403 3299 488 condidit.
3360 422 3381 457 ι
3444 404 3724 463 Accurate

443 505 728 577 Polycarpi
760 505 941 559 ail'erri
990 513 1185 573 potest.
1220 502 1363 570 Sed,
1397 502 1577 571 inquit
1624 499 1886 567 Daliaeus,
1917 500 2022 555 Po-

442 601 698 673 lycarpus
732 615 808 663 se,
841 607 895 651 et
916 613 1031 662 eos,
1064 612 1299 667 quorum
1328 596 1548 649 nomine
1579 593 2021 664 Philippensibus

442 692 657 756 scribit,
699 690 985 759 episc0pos
1033 689 1380 759 presbyteros
1408 686 1564 749 dicit,
1601 704 1620 737 ‹
1659 685 2017 756 Polycarpus,

440 791 492 838 et
527 782 621 852 qui
667 797 790 836 cum
824 796 889 835 eo
923 791 1048 835 sunt
1086 779 1407 850 presbyteri.
1447 798 1464 830 ι
1499 776 1626 833 llaec
1653 778 1873 849 quidem
1906 794 2022 848 epi-

441 877 594 929 stolai
628 874 747 944 ejus
796 874 1081 942 inscriptio
1129 882 1245 937 est,
1278 871 1635 943 Πολύκαρπος
1684 871 1778 923 καὶ
1823 872 1873 923 ol
1922 872 2019 924 σὺν

436 967 588 1038 αὐτῷ
635 966 1014 1039 πρεσϐύτεροι.
1068 963 1173 1019 Sed
1223 980 1291 1018 an
1336 964 1423 1018 ille
1471 963 1565 1033 qui
1614 977 1814 1017 nomen
1856 975 2019 1017 suum

438 1068 650 1115 tantum
685 1060 869 1123 refert,
919 1073 978 1112 se
1015 1057 1389 1127 presbyterum
1436 1056 1609 1109 dicit?
1643 1054 1725 1108 An
1767 1069 1891 1108 cum
1924 1069 2019 1108 ne-

437 1153 585 1208 mine
613 1153 717 1207 nisi
761 1167 887 1207 cum
947 1151 1266 1221 presbytero
1308 1149 1609 1220 presbyteri
1658 1164 1779 1204 esse
1822 1158 2017 1219 potueé

438 1246 604 1299 runt?
654 1244 850 1298 Annon
894 1259 1018 1298 cum
1073 1243 1329 1311 episcopo
1384 1241 1681 1312 presbyteri
1721 1256 1843 1296 esse
1877 1242 2018 1296 sole-

437 1337 606 1391 bant?
635 1336 712 1390 Ex
754 1336 840 1390 his
866 1334 1111 1404 exsculpi
1151 1334 1300 1387 nullo
1333 1334 1494 1387 modo
1531 1342 1729 1403 potest,
1762 1332 2018 1404 Polycar-

436 1446 565 1499 pum
597 1430 837 1499 seipsum
863 1428 1237 1498 presbyterum
1265 1441 1490 1481 vocasse
1524 1445 1537 1480 :
1569 1432 1627 1481 ut
1655 1441 1830 1495 neque
1857 1426 2014 1491 illud,

436 1539 531 1577 eos
556 1538 695 1592 quos
723 1531 882 1577 vocat
922 1521 1266 1591 presbyteros
1297 1534 1543 1589 quosque
1582 1519 1689 1574 sibi
1738 1519 2011 1588 adjungit,

437 1613 724 1681 episcopos
776 1610 971 1665 fuisse.
1005 1608 1176 1663 Nemo
1222 1610 1367 1663 enim
1400 1610 1612 1664 dubitat
1658 1610 1789 1679 quin
1825 1612 1877 1662 in
1911 1610 2015 1663 Ec-

438 1704 600 1757 clesia
634 1704 950 1774 Smyrnensi
996 1701 1296 1773 Polycarpo
1338 1701 1596 1770 episcopo
1623 1701 1865 1769 adjuncti
1896 1699 2014 1755 fue-

437 1796 551 1848 rint
579 1795 913 1865 presbyteri;
951 1810 1073 1849 cum
1106 1795 1271 1865 igitur
1301 1794 1367 1848 ad
1398 1795 1573 1864 ipsum
1618 1803 2012 1863 provocassent

433 1886 833 1957 Philippenscs,
878 1904 1047 1957 quare
1098 1888 1235 1941 alios
1271 1904 1335 1942 ex
1373 1887 1501 1942 Asia
1552 1887 1839 1957 episcopos
1882 1901 2014 1940 con-

434 1989 677 2047 vocaret,
723 1989 777 2034 et
822 1995 922 2033 suo
968 1980 1307 2050 presbyterio
1352 1987 1643 2034 contentus
1684 1994 1795 2033 non
1844 1987 2011 2046 esset,

432 2072 687 2141 equidem
738 2088 846 2126 non
879 2072 1058 2126 video.
1092 2071 1159 2126 Et
1207 2072 1261 2125 lii
1306 2072 1524 2142 quidem
1566 2081 1806 2142 quatuor
1837 2071 2012 2126 Graeci

431 2175 559 2221 sunt
591 2165 814 2219 secundi
851 2166 1035 2219 saeculi
1088 2165 1415 2234 scriptores,
1457 2180 1596 2234 quos
1646 2164 1877 2219 advocat
1931 2164 2013 2218 vir

430 2258 818 2324 doctissimus;
866 2258 1119 2327 quintum
1162 2259 1306 2312 enim
1354 2272 1685 2329 anonymum
1730 2258 1843 2328 jam
1888 2268 2013 2313 ante

428 2348 822 2417 expunximus.

500 2440 818 2495 Latinorum
838 2449 1016 2494 autem
1055 2439 1202 2493 illius
1229 2440 1507 2494 memoria:
1538 2440 1737 2494 mirum
1766 2440 1900 2495 texit
1923 2456 2010 2495 ca-

426 2536 695 2606 talogum.
712 2533 954 2588 Primum
982 2532 1527 2603 lrenaaiintei-pretem
1550 2534 1735 2600 refert,
1750 2550 1911 2604 quem
1938 2534 2011 2589 ita

436 2644 460 2680 ‹
480 2627 725 2681 locutum
753 2641 915 2681 esse:
949 2626 1100 2690 dicit,
1138 2644 1158 2678 ‹
1180 2634 1235 2681 et
1264 2642 1331 2680 ex
1362 2640 1471 2695 quo
1508 2640 1630 2695 quae
1657 2624 2010 2681 fueruntlre-

430 2734 624 2774 nteana
647 2718 901 2788 pleraque
918 2734 975 2773 se
989 2718 1342 2787 descripsisse
1367 2737 1386 2767 ›
1419 2716 1634 2771 fatetur.
1654 2716 1835 2783 Quare
1863 2718 2009 2772 enim

428 2812 590 2867 aliter
618 2811 933 2879 loqueretur
964 2808 1152 2864 lrenazi
1187 2810 1454 2877 interpres
1483 2824 1646 2879 quam
1684 2809 1901 2864 locutus
1927 2819 2010 2865 est

428 2902 719 2959 lrenaeus?
754 2902 861 2955 Aut
889 2901 1018 2971 quid
1060 2900 1357 2955 auctoritas
1402 2901 1712 2971 interpretis
1757 2902 1884 2957 huic
1933 2904 2011 2957 rei

430 2996 677 3060 confert,
712 2994 816 3049 nisi
848 2994 995 3063 quod
1034 2993 1296 3049 lrenzeum
1346 2993 1421 3049 ita
1459 2993 1746 3063 scripsisse
1782 3010 2010 3064 persua-

430 3105 552 3144 sum
598 3074 917 3151 habeamus,
965 3086 1111 3155 quod
1162 3100 1322 3140 nemo
1374 3086 1567 3156 negat?
1618 3085 1744 3141 Sive
1783 3086 2005 3141 secundi

427 3179 615 3235 szeculi
680 3178 841 3232 fuerit
912 3178 1178 3247 interpres
1231 3178 1354 3253 ille,
1430 3178 1545 3232 sive
1604 3178 1873 3249 sequioris
1904 3178 2003 3232 ali—

427 3272 587 3340 cujus
616 3312 629 3335 ,
678 3270 902 3341 perinde
961 3280 1080 3336 est;
1133 3270 1336 3323 nullam
1416 3270 1505 3324 ille
1538 3271 1645 3324 vim
1688 3282 2007 3342 argumento

428 3362 597 3416 addit.
650 3362 1131 3432 Quiputanteum
1181 3362 1426 3431 ejusdem
1478 3378 1602 3417 cum
1656 3361 1862 3418 lrenzeo
1904 3363 2003 3417 aevi

424 3453 619 3521 fuisse,
645 3455 819 3525 ipsum
847 3454 1111 3509 Irenaeum
1151 3452 1321 3508 fuisse
1359 3454 1728 3521 hariolantur;
1762 3454 1837 3507 ita
1864 3469 2007 3508 unus

427 3555 641 3600 tantum
678 3562 745 3599 ex
814 3556 1037 3599 auctore
1076 3553 1129 3599 et
1182 3545 1474 3615 interprete
1515 3545 1669 3599 testis
1697 3546 2001 3600 conficitur.

422 3636 530 3706 Qui
580 3638 897 3692 existimant
941 3636 1188 3705 ejusdem
1253 3652 1379 3691 cum
1438 3635 1776 3691 Tertulliano
1827 3639 2004 3690 aetatis

422 3746 568 3796 esse,
610 3729 744 3783 nihil
770 3729 917 3783 aliud
949 3729 1199 3794 afferunt,
1237 3726 1341 3783 nisi
1378 3728 1521 3798 quod
1576 3736 1701 3783 ante
1728 3726 1786 3782 S.
1820 3728 2004 3797 Augu-

423 3824 631 3879 stinum
665 3822 951 3890 scripsisse
984 3822 1266 3887 videatur;
1302 3830 1491 3875 contra
1540 3836 1662 3889 quae
1693 3820 1861 3874 multa
1907 3819 2004 3873 ob-

422 3914 517 3985 jici
548 3920 790 3983 possent,
810 3912 856 3966 si
883 3927 968 3966 res
990 3912 1101 3981 ipsa
1123 3912 1214 3965 tali
1239 3910 1559 3965 defensione
1582 3910 1867 3979 indigeret.
1894 3908 2003 3964 Ire-

426 4005 531 4059 ιιξεί
577 4004 858 4073 interpreti
912 4004 1192 4073 subjungit
1238 4002 1393 4056 Pium
1451 4001 1639 4055 Romae
1681 4001 1998 4071 episcopum

423 4096 585 4166 cujus
611 4097 894 4165 epistolam
919 4094 1077 4150 Justo
1104 4096 1359 4164 episcopo
1405 4092 1701 4148 Viennensi
1737 4093 2000 4147 directam

426 4183 587 4236 nobis
622 4182 849 4253 objicit;
879 4199 1043 4251 quam
1095 4192 1278 4238 tamen
1306 4200 1326 4233 ι
1377 4196 1487 4236 non
1515 4182 1584 4236 ab
1621 4182 1773 4236 omni
1826 4184 2001 4251 impo-

420 4282 587 4327 sturre
609 4275 923 4343 suspicione
947 4275 1173 4330 liberam
1203 4293 1223 4326 ι
1263 4273 1395 4327 olim
1436 4271 1753 4327 Blondcllus
1779 4272 1999 4343 judica-

421 4365 517 4417 vit.
551 4364 642 4419 llle
690 4367 944 4434 quidem,
970 4366 1223 4437 quisquis
1260 4372 1379 4428 est,
1422 4363 1491 4417 de
1544 4363 1873 4435 presbyteris
1903 4365 1996 4434 qui

422 4457 492 4511 ab
523 4458 785 4525 apostolis
808 4458 1023 4513 educati
1053 4453 1569 4523 fuerunt,loquitur,
1595 4454 1689 4508 sed
1709 4454 1845 4523 jam,
1870 4471 1993 4509 cum

418 4649 597 4696 autem
627 4641 855 4710 epistola
902 4640 969 4695 de
1010 4640 1095 4696 sui
1148 4638 1410 4707 temporis
1452 4638 1668 4693 clericis
1715 4637 1997 4709 lgnatiano

419 4746 573 4785 more
610 4731 872 4801 loquitur,
900 4730 1127 4788 secundi
1153 4730 1364 4784 ordinis
1387 4730 1617 4785 clericos
1641 4730 1843 4785 diserte
1872 4746 1996 4801 pre-

415 4827 665 4898 sbyteros
698 4829 931 4897 appellat
956 4847 970 4881 :
994 4846 1013 4879 t
1047 4827 1297 4881 Salutant
1364 4836 1416 4881 te
1450 4825 1607 4882 Soter
1653 4837 1706 4882 ct
1742 4827 1996 4885 Eleuthe-

414 4920 532 4973 rius
554 4920 701 4990 digni
733 4920 1052 4989 presbyteri.
1083 4936 1101 4969 ι
1121 4916 1553 4988 Tuncenimipse
1580 4919 1766 4975 Romae
1782 4921 1995 4991 episco-

414 5026 519 5082 pus
558 5011 698 5079 fuit;
727 5012 885 5066 Soter
915 5022 1098 5065 autem
1132 5020 1186 5065 et
1236 5009 1578 5065 Eleutherius
1626 5012 1825 5067 ibidem
1868 5028 1994 5082 pro-

415 5103 531 5172 prie
579 5102 730 5166 dicti,
765 5104 812 5157 si
863 5103 1020 5166 forte,
1052 5103 1375 5173 presbyteri.
1438 5102 1493 5157 Si
1546 5103 1704 5169 forte,
1734 5104 1987 5174 inquam;

413 5210 541 5247 nam
566 5202 689 5264 post
719 5193 799 5246 Pii
831 5193 1118 5249 decessum
1149 5194 1518 5251 Eleutherium
1552 5194 1765 5250 Aniceti
1809 5195 1992 5250 diaco-

414 5301 545 5338 num
581 5285 751 5339 fuisse
780 5294 1009 5339 testatur
1030 5285 1385 5358 Hegesippus.
1413 5287 1557 5341 idem
1596 5288 1649 5340 in
1678 5288 1847 5341 altera
1876 5289 1991 5357 epi-

412 5378 553 5430 stola
582 5377 826 5446 cjusdem
864 5376 1073 5446 farinae,
1106 5380 1302 5434 Verum
1333 5379 1591 5446 collegam
1628 5394 1787 5432 suum
1813 5380 1989 5432 nomi-

411 5477 523 5532 nat,
557 5466 773 5522 Justum
800 5468 1160 5525 Viennensem
1201 5471 1323 5539 ejus
1374 5472 1494 5524 loco
1538 5470 1895 5523 constitutum
1934 5481 1988 5527 et

408 5560 622 5614 colobio
646 5563 1026 5630 episcoporum
1075 5563 1332 5617 vestitum
1392 5563 1671 5631 agnoscit:
1701 5563 1766 5615 ad
1822 5578 1984 5632 quem

406 5653 488 5707 sic
517 5654 706 5706 scribit
736 5670 748 5705 :
781 5673 799 5704 ι
836 5654 1143 5727 Presbyteri
1173 5667 1226 5712 et
1256 5657 1470 5712 diaconi
1496 5671 1603 5709 non
1636 5670 1696 5710 ut
1724 5672 1984 5725 majorem

405 5744 505 5799 sed
528 5752 588 5798 ut
615 5745 925 5799 ministrum
955 5747 1155 5806 Christi
1186 5760 1236 5825 te
1270 5752 1630 5819 observent.»
1653 5749 1733 5804 Ac
1752 5765 1978 5806 rursus:

2044 1764 2087 1819 Β

2125 499 2299 570 igitur
2334 501 2746 556 distinctionem
2778 499 3036 557 ordinum
3086 500 3487 569 norninumque
3522 499 3722 556 obser-

2122 591 2271 647 vavit
2284 588 2414 646 Pius
2433 590 2542 654 ille,
2562 607 2684 645 cum
2702 590 2767 644 de
2782 589 2925 647 clero
2944 594 3030 649 sui
3080 592 3342 661 temporis
3367 592 3716 661 loqueretur.

2124 684 2235 742 Nec
2273 686 2457 742 minus
2488 685 2778 741 infeliciter
2808 688 2953 741 hunc
2987 700 3085 755 pro
3109 686 3505 757 communione
3546 684 3722 740 nomi-

2123 796 2253 834 num
2297 780 2479 833 attulit
2530 778 2783 844 Dallreus,
2814 796 2980 850 quam
3028 796 3127 850 pro
3167 783 3404 850 paritate
3452 778 3719 834 ordinum

2121 873 2457 938 Blondcllus,
2489 887 2651 941 quem
2676 873 2812 926 adeo
2844 873 2991 926 clare
3030 871 3291 926 refutavit
3324 870 3717 928 Hammundus

2122 974 2330 1019 noster.
2358 962 2423 1017 lli
2460 973 2591 1018 sunt
2622 964 2869 1033 praeclari
2901 964 3011 1018 duo
3055 973 3225 1021 testes
3261 964 3492 1021 secundi
3528 966 3715 1020 saaeuli

2121 1055 2386 1109 adversus
2432 1053 2703 1125 lgnatium
2759 1054 3046 1124 producti;
3097 1056 3299 1125 quibus
3353 1057 3533 1111 miror
3563 1072 3713 1124 eum,

2120 1163 2245 1203 cum
2280 1156 2434 1203 tanta
2474 1147 2657 1216 inopia
2715 1158 3075 1217 premeretur,
3116 1164 3225 1203 non
3261 1148 3548 1204 addidisse
3589 1147 3716 1205 Vic-

2118 1241 2257 1295 toris
2280 1256 2430 1311 papze
2453 1240 2829 1295 testimonium
2858 1257 2888 1295 a
2914 1239 3192 1295 Blondcllo
3213 1251 3267 1296 et
3287 1241 3569 1295 Salmasio
3586 1255 3714 1311 pro-

2117 1332 2365 1397 ductum,
2388 1332 2533 1402 quod
2553 1331 2797 1401 ejusdem
2824 1331 2983 1401 plane
3005 1348 3129 1387 cum
3153 1333 3245 1386 illo
3274 1331 3360 1385 Pii
3376 1331 3578 1386 farina:
3603 1345 3709 1391 εει.

2117 1422 2196 1477 Ex
2226 1423 2322 1478 illo
2345 1424 2491 1477 enim
2524 1423 2733 1492 colligit
2767 1424 3112 1490 Blondcllus,
3148 1424 3538 1494 apostolorum
3585 1439 3686 1479 suc

2116 1528 2364 1569 cessores
2414 1524 2468 1570 et
2525 1516 2871 1572 convictores
2922 1518 3291 1574 Ecclesiarum
3342 1520 3412 1574 ad
3464 1518 3710 1575 Victoris

2117 1618 2363 1678 tempora
2391 1618 2634 1666 rectores
2671 1612 3017 1683 presbyteros
3053 1611 3245 1667 fuisse.
3277 1611 3382 1667 Sed
3410 1614 3567 1679 vidit,
3593 1614 3710 1684 opi-

2117 1716 2240 1767 nor,
2277 1710 2524 1769 apertum
2567 1702 2672 1756 hoc
2696 1716 2820 1757 esse
2850 1701 3194 1757 mendacium
3216 1720 3231 1769 ;
3255 1717 3420 1757 nemo
3436 1704 3587 1757 enim
3614 1708 3706 1774 qui

2118 1794 2490 1864 apostolorum
2522 1794 2805 1849 convictor
2836 1792 3033 1861 fuerat,
3060 1793 3296 1849 Victoris
3325 1803 3489 1849 aetate
3518 1793 3709 1850 Eccle-

2116 1887 2259 1940 siam
2306 1886 2548 1957 regebat.
2599 1885 2805 1941 Planus
2850 1885 2944 1941 ille
2992 1887 3149 1941 aliter
3187 1884 3349 1940 Pium
3386 1901 3589 1955 papam
3621 1886 3708 1940 lo-

2114 1987 2374 2049 quentem
2404 1988 2759 2047 repraesentat
2788 1996 2801 2032 :
2833 1996 2850 2029 ι
2880 1976 3189 2048 Presbyteri
3225 1978 3323 2043 illi,
3350 1978 3446 2047 qui
3479 1978 3552 2033 ab
3576 1993 3708 2047 apo-

2114 2073 2271 2130 stolis
2292 2072 2511 2128 educati
2552 2086 2729 2141 neque
2770 2070 2837 2124 ad
2868 2086 2969 2125 nos
3000 2079 3386 2140 pervenerunt,
3421 2086 3552 2126 cum
3583 2071 3705 2141 qui-

2112 2164 2218 2219 bus
2246 2163 2412 2219 simul
2451 2162 2679 2217 verbum
2723 2160 2848 2215 fidei
2904 2161 3089 2230 partiti
3138 2178 3353 2228 sumus,
3382 2178 3413 2216 a
3468 2162 3703 2217 Domino

2112 2256 2291 2311 vocati
2340 2257 2395 2310 in
2424 2255 2698 2310 cubilibus
2743 2254 2963 2309 aeternis
3002 2254 3174 2308 clausi
3217 2262 3500 2308 tenentur.
3540 2273 3558 2305 i
3592 2252 3703 2308 Sub

2113 2349 2211 2405 Pio
2248 2349 2413 2419 igitur
2455 2349 2830 2420 episcopatum
2885 2356 3103 2401 tenente
3149 2362 3344 2402 omnes
3393 2348 3702 2418 presbyteri

2113 2442 2488 2511 apostolorum
2527 2442 2868 2496 convictores
2914 2440 3192 2496 demortui
3242 2439 3507 2507 fuerunt,
3532 2451 3607 2507 et,
3643 2452 3703 2495 ut

2112 2536 2205 2590 ille
2237 2535 2431 2603 voluit,
2461 2554 2481 2586 ι
2520 2537 2742 2591 mternis
2778 2536 3053 2592 cubilibus
3091 2534 3284 2589 clausi.
3326 2554 3346 2586 ι
3382 2534 3521 2591 Post
3542 2535 3699 2591 Pium

2112 2627 2253 2683 sedit
2274 2628 2559 2693 Anicetus,
2595 2634 2719 2698 post
2746 2628 3036 2683 Anicetum
3077 2626 3261 2693 Soter,
3291 2637 3421 2697 post
3448 2626 3698 2684 Soterem

2110 2718 2457 2785 Eleutherus,
2489 2729 2613 2789 post
2642 2719 2996 2775 Eleutherum
3028 2718 3233 2775 Victor.
3262 2720 3346 2773 An
3380 2720 3555 2791 igitur
3577 2736 3701 2791 pre-

2109 2812 2313 2883 sbyteri
2332 2812 2411 2866 illi
2432 2813 2650 2867 aitet-nis
2670 2812 2942 2879 cubilibus
2958 2814 3232 2883 perruptis
3248 2822 3698 2881 resurrexerunt,

2109 2913 2170 2958 ut
2221 2904 2287 2957 ad
2322 2912 2565 2973 tempora
2601 2902 2837 2960 Victoris
2879 2913 2933 2959 et
2983 2904 3170 2959 nescio
3218 2904 3381 2975 cujus
3430 2904 3697 2962 Desiderii

2109 2993 2436 3050 Viennensis
2458 2997 2719 3066 episcopi,
2762 2997 3025 3052 ecclesias
3071 2996 3492 3067 gubernarent?
3517 2997 3697 3068 ipsius

2110 3086 2373 3144 Blondclli
2407 3090 2567 3144 verba
2622 3097 2774 3155 sunt,
2827 3090 3100 3160 Apologia:
3154 3090 3399 3145 sectione
3449 3092 3692 3161 quinta:

2116 3199 2135 3232 ι
2165 3180 2551 3236 Observaverit
2608 3181 2774 3253 igitur
2807 3182 2997 3249 lector,
3030 3181 3129 3236 Pio
3153 3182 3377 3239 sedente
3401 3184 3569 3254 (inter
3598 3200 3698 3238 an-

2110 3290 2241 3328 num
2273 3273 2375 3329 “6
2405 3284 2460 3330 et
2490 3273 2631 3345 150)
2663 3276 3050 3330 mortalitatem
3084 3276 3392 3345 explevisse
3422 3288 3698 3348 quotquot

2109 3366 2302 3422 Romae
2344 3367 2734 3438 superfuerant
2774 3368 3148 3437 apostolorum
3192 3369 3475 3439 discipuli.
3516 3388 3536 3422 ι
3593 3369 3695 3425 Pio

2107 3468 2288 3514 autem
2312 3469 2571 3530 tanquam
2603 3461 2827 3515 fratrem
2866 3463 3187 3529 scriptorem
3236 3460 3492 3531 adjungit
3543 3460 3696 3518 Grae-

2106 3567 2230 3606 cuni
2256 3550 2511 3606 Hennam
2534 3552 2833 3607 Pastorem.
2853 3550 2956 3605 Sed
2982 3552 3133 3605 illum
3155 3550 3237 3606 Pii
3262 3550 3510 3609 fratrem.
3521 3552 3696 3609 fuisse

2105 3642 2231 3710 quis
2280 3640 2506 3696 credet?
2552 3640 2901 3712 Supposititii
2956 3640 3325 3709 Tertulliani,
3385 3653 3485 3698 aut
3541 3643 3694 3699 Libri

2105 3736 2424 3805 pontiﬁcalis
2464 3737 2764 3790 auctoritas
2792 3744 2939 3790 tanta
2970 3750 3079 3788 non
3102 3744 3205 3801 est,
3235 3744 3297 3789 ut
3325 3751 3521 3791 verum
3558 3737 3691 3791 illud

2103 3840 2226 3880 esse
2274 3825 2599 3892 credamus,
2629 3827 2778 3896 quod
2829 3825 3066 3881 lrenzeus
3114 3826 3207 3896 qui
3256 3827 3361 3881 sub
3408 3826 3511 3883 Pio
3530 3830 3689 3887 vixit.

2102 3916 2248 3985 quod
2284 3915 2652 3972 Tertullianus
2677 3919 2825 3988 ipse,
2863 3918 3007 3987 quod
3052 3916 3421 3989 Hieronymus
3458 3936 3690 3989 prorsus

2102 4009 2387 4078 ignorasse
2415 4019 2840 4081 cognoscuntur.
2879 4030 2897 4061 ι
2921 4009 2999 4063 Eo
3034 4011 3199 4081 igitur
3225 4012 3437 4066 factum
3466 4029 3576 4068 non
3604 4016 3687 4067 vi-

2102 4102 2279 4168 detur,
2329 4114 2389 4155 ut
2433 4102 2663 4159 Hermas
2716 4105 3023 4158 ministeria
3072 4104 3332 4160 Ecclesia:
3390 4123 3421 4161 a
3463 4108 3689 4163 Christo

2100 4195 2226 4249 data
2249 4196 2423 4250 obiter
2456 4198 2656 4251 alicubi
2693 4212 3131 4253 commemorans
3167 4214 3274 4253 non
3314 4200 3461 4256 alios
3489 4216 3685 4256 recen-

2102 4294 2231 4353 seatj
2255 4304 2419 4357 quam
2459 4290 2736 4359 apostolos
2778 4300 2831 4344 et
2880 4291 3169 4359 episcopos
3225 4300 3279 4347 et
3328 4295 3590 4349 doctores
3635 4304 3690 4348 et

2099 4380 2405 4446 ministros,
2436 4382 2487 4435 id
2522 4391 2607 4436 est
2642 4382 2925 4436 diaconos.
2966 4399 2984 4432 ι
3016 4381 3099 4435 An
3139 4383 3271 4451 quia
3310 4382 3445 4438 Pius
3472 4385 3690 4453 episco-

2028 4491 2070 4545 ι)
2099 4486 2200 4540 pos
2230 4472 2297 4524 ab
2319 4472 2580 4540 apostolis
2601 4472 2861 4527 educatos
2896 4472 3245 4542 presbyteros
3272 4475 3528 4540 vocabat,
3561 4474 3689 4529 ideo

420 4548 702 4614 scriberet,
754 4550 1023 4604 mortuis:
1057 4547 1205 4618 quod
1252 4545 1319 4599 ad
1362 4562 1476 4600 rem
1522 4546 1675 4599 nihil.
1714 4545 1772 4600 ln
1805 4547 1993 4602 eadem

2117 4560 2328 4615 lermas
2357 4562 2657 4632 presbyteri
2686 4578 2885 4617 nomen
2931 4562 3135 4628 omisit,
3184 4564 3539 4635 presbyteros
3584 4584 3688 4621 au—

2097 4661 2206 4707 tem
2252 4655 2402 4720 ipsos
2448 4652 2551 4705 sub
2581 4653 2852 4722 episcopis
2899 4655 3221 4725 complexus
3263 4658 3685 4725 est?Qua3nam

2097 4746 2214 4799 haec
2238 4745 2381 4799 ratio
2408 4746 2532 4799 est?
2567 4743 2673 4799 Sed
2708 4761 2885 4815 neque
2930 4762 3119 4803 verum
3150 4760 3255 4813 est,
3289 4752 3469 4806 multo
3494 4753 3685 4807 minus

2094 4847 2327 4901 certum,
2385 4835 2639 4893 Hcrmam
2677 4839 3024 4910 presbyteros
3077 4840 3180 4895 sub
3217 4843 3496 4915 episcopis
3524 4862 3685 4901 com-

2093 4928 2316 4997 plexum
2343 4945 2501 4997 esse;
2547 4946 2688 4999 quos
2718 4931 2821 4985 sub
2850 4931 3172 4989 doctoribus
3200 4938 3388 5006 potius
3437 4942 3684 5010 comple~

2092 5034 2196 5074 xus
2219 5029 2319 5075 est.
2365 5019 2433 5075 Ut
2462 5022 2515 5075 in
2546 5023 2802 5091 passione
2842 5022 2901 5078 S.
2946 5024 3226 5095 Perpetua:
3249 5028 3521 5099 legimus:
3558 5053 3577 5085 ‹
3618 5035 3684 5086 Et

2091 5111 2361 5166 exivimus
2404 5122 2458 5167 et
2487 5114 2722 5171 vidimus
2745 5126 2869 5171 ante
2902 5116 3047 5173 fores
3069 5118 3327 5188 Optatum
3356 5124 3679 5196 episcopum

2090 5203 2159 5256 ad
2202 5202 2470 5271 dextram,
2521 5214 2575 5261 et
2623 5207 2915 5276 Aspasium
2949 5212 3334 5283 presbyterum
3386 5217 3679 5276 doctorem

2090 5295 2157 5350 ad
2204 5297 2506 5352 sinistram.
2546 5317 2566 5350 ι
2617 5296 2689 5353 Ut
2740 5299 3113 5359 Tertullianus
3146 5324 3159 5359 :
3194 5326 3211 5359 ‹
3249 5307 3391 5374 Quid
3437 5327 3574 5381 ergo
3634 5315 3682 5368 si

2088 5389 2400 5459 episcopus,
2433 5391 2477 5444 si
2504 5390 2789 5455 diaconus,
2810 5393 2858 5448 si
2883 5394 3066 5460 vidua,
3087 5396 3131 5451 si
3172 5397 3347 5468 virgo,
3382 5400 3428 5453 si
3457 5401 3679 5469 doctor,

2088 5481 2133 5533 si
2162 5481 2323 5534 etiam
2362 5490 2569 5551 martyr
2617 5482 2800 5551 lapsus
2830 5500 2860 5538 a
2893 5487 3077 5555 regula
3133 5486 3319 5543 fuerit.
3356 5511 3375 5542 ι
3418 5490 3523 5545 Ubi
3578 5495 3681 5548 do-

2086 5579 2291 5625 ctorem
2334 5574 2452 5627 sine
2494 5573 2666 5628 ‘dubio
2711 5590 2812 5644 pro
2861 5578 3179 5649 presbytero
3210 5583 3418 5649 posuit.
3467 5582 3527 5638 S.
3569 5586 3680 5657 Cy-

2086 5666 2333 5734 prianus,
2385 5666 2616 5736 epistola
2660 5666 2733 5721 ’24
2774 5688 2786 5722 :
2833 5690 2851 5721 ι
2886 5670 3114 5736 Quando
3156 5689 3282 5728 cum
3333 5676 3677 5748 presbyteris

2083 5756 2404 5815 doctoribus
2438 5758 2669 5815 lectores
2698 5760 2985 5831 diligenter
3023 5765 3403 5834 probaremus.
3442 5790 3459 5821 ι
3494 5768 3677 5825 Blon-
