3768 6370
132 312 230 366 ιέῗί

900 308 949 365 J.
999 309 1361 366 PEARSONII
1404 309 1728 365 VINDICIA'I
1787 309 2205 369 IGNATlANE.
2244 347 2310 357 ——
2349 315 2531 372 PARS
2562 316 2628 372 11.

3278 314 3310 362 4
3324 314 3382 361 :16

128 434 292 489 dellus
335 430 561 501 quidem
617 430 852 485 allirmat
911 441 1167 487 constare
1224 434 1368 502 apud
1416 431 1696 497 Hermam,
1726 436 1772 491 Δ
1802 442 2012 489 veteres
2041 436 2358 506 scriptores,
2388 436 2457 491 ab
2478 436 2851 505 apostolorum
2876 445 3117 505 tempore
3142 436 3242 492 hos
3270 446 3378 491 tres

130 526 370 579 doctores
395 524 466 578 ad
508 522 794 594 episcopos
850 526 1122 594 praecipue
1167 525 1383 591 referri,
1418 541 1543 581 cum
1587 526 1704 595 epi-

134 622 400 683 scopatum
441 615 685 685 gessisse
707 615 988 682 dicantur;
1017 616 1232 677 dolose.
1257 627 1318 671 ut
1340 618 1498 673 solet.
1527 617 1701 675 Verba

130 704 324 761 llerma:
353 715 491 761 sunt
512 706 801 762 visione3:
829 726 847 758 ι
877 707 916 761 li
944 718 1073 763 sunt
1101 710 1332 779 apostoli
1356 719 1407 764 et
1436 712 1701 781 episcopi,

130 806 175 847 et
195 798 463 863 doctores,
479 797 803 865 etministri,
827 799 921 868 qui
937 799 1166 869 ingressi
1189 809 1316 855 sunt
1339 799 1392 852 in
1416 800 1701 855 clementia

133 885 217 943 Dei
285 898 337 943 et
389 889 773 959 episcopatum
826 900 1147 960 gesserunt,
1193 889 1249 947 et
1293 892 1620 957 docuerunt,
1648 902 1703 947 et

132 977 569 1037 miniStraverunt
596 992 783 1037 sancte
810 991 867 1037 et
904 983 1148 1038 modeste
1179 985 1368 1041 electis
1394 985 1514 1040 Dei.
1540 1005 1559 1038 1
1606 986 1702 1043 His

126 1082 290 1128 autem
324 1074 559 1131 minime
574 1074 826 1131 doctores
856 1074 1012 1131 docet
1040 1077 1411 1147 episcopatum
1444 1077 1697 1148 gessisse,

125 1175 274 1236 atque
287 1181 349 1220 ea
366 1167 582 1222 ratione
599 1166 665 1221 ad
698 1168 985 1238 episcopos
1013 1168 1206 1224 referri
1224 1170 1421 1225 debere
1436 1212 1451 1235 ,
1483 1169 1574 1225 sed
1599 1171 1698 1224 tri-

125 1260 217 1313 bus
234 1259 511 1315 distinctis
541 1260 802 1330 gradibus
820 1277 1046 1317 suorum
1078 1262 1378 1319 ciliciorum
1395 1275 1550 1321 actus
1584 1266 1699 1321 dis-

125 1353 281 1407 tincte
311 1352 810 1409 tribuunturznam
845 1354 1087 1425 episcopi
1111 1357 1485 1427 episcOpatum
1513 1373 1696 1429 gesse~

126 1451 258 1507 runt,
288 1442 550 1499 doctores
572 1444 900 1511 docuerunt,
934 1446 1174 1502 ministri
1204 1446 1693 1517 ministraverunt;

130 1543 180 1587 ut
224 1533 587 1589 similitudine
617 1536 650 1590 9
682 1536 930 1605 loquitur
962 1555 977 1591 :
1016 1557 1034 1588 ι
1068 1536 1138 1591 Ut
1186 1538 1411 1607 quidam
1444 1539 1696 1596 doctores

126 1627 206 1694 qui
236 1635 380 1680 caste
414 1638 473 1681 et
504 1627 721 1682 sincere
748 1628 1186 1697 praedicaverunt
1205 1620 1285 1684 ~ac
1316 1630 1642 1686 docuerunt.
1670 1650 1689 1685 1

128 1715 184 1772 lli
213 1718 375 1789 igitur
413 1734 542 1772 cum
577 1734 772 1775 omnes
788 1720 899 1775 sint
919 1720 1143 1776 secundi
1169 1721 1355 1777 saculi
1399 1722 1695 1793 scriptores

1807 525 2027 582 ordines
2049 526 2424 583 ministrorum
2457 528 2512 583 in
2536 528 2780 584 Ecclesia
2809 527 3017 583 Christi
3052 526 3244 594 fuisse,
3266 530 3378 596 epi-

1806 630 2027 687 scOpos,
2062 620 2408 690 presbyteros
2440 629 2491 675 et
2516 616 3191 675 diaconos.¢Ostendimus
3216 617 3379 687 hujus

1804 710 1977 778 partis
2014 711 2192 780 capite
2218 712 2397 781 primo
2415 714 2527 781 jam
2558 722 2673 767 tum
2711 712 2764 766 in
2789 711 3052 767 Ecclesiis
3078 711 3221 766 Asiae
3265 712 3380 780 cpi-

1804 816 2003 871 scopos
2030 803 2327 870 exstitisse,
2350 821 2477 860 cum
2512 803 2824 875 S.lgnatius
2858 803 2924 858 ad
2948 803 3271 875 martyrium
3303 801 3378 856 fe-

1804 894 2052 950 stinaret.
2113 894 2362 952 Diximus
2427 897 2701 953 neminem
2760 912 3003 967 unquam
3056 895 3377 965 scriptorem

1804 984 2184 1042 Christianum
2210 998 2267 1043 et
2309 990 2642 1044 catholicum
2676 990 2881 1045 dixisse
2912 988 3198 1059 pauciores
3226 986 3378 1041 ordi-

1803 1096 1902 1136 nes
1936 1097 2102 1151 quam
2148 1092 2259 1138 tres
2294 1084 2572 1139 chtitisse
2601 1084 2841 1139 secundo
2891 1083 3111 1148 saeculo,
3148 1088 3243 1136 aut
3270 1081 3379 1136 ulla

1801 1170 1920 1240 ejus
1950 1181 2124 1242 parte,
2156 1173 2321 1228 etiam
2363 1173 2489 1229 illos
2535 1188 2727 1228 omnes
2765 1171 2859 1242 qui
2898 1170 3143 1242 episc0pi
3169 1178 3223 1224 et
3256 1184 3381 1239 pre-

1802 1263 2008 1334 sbyteri
2038 1265 2263 1319 nomina
2278 1265 2331 1319 in
2361 1266 2735 1336 apostolorum
2754 1264 2977 1334 scriptis
2999 1262 3230 1318 confusa
3257 1277 3379 1317 esse

1799 1356 2211 1421 existimabant,
2232 1369 2326 1412 aut
2355 1367 2485 1413 tunc
2512 1373 2636 1413 cum
2662 1357 2765 1427 ipsi
2796 1356 3031 1425 apostoli
3058 1355 3375 1412 scriberent.

1799 1457 1896 1501 aut
1948 1448 2143 1503 saltem
2194 1458 2323 1504 ante
2357 1449 2660 1505 secundum
2699 1448 2961 1503 saeculum
2993 1458 3104 1503 tres
3152 1445 3377 1501 ordines

1797 1548 1892 1590 seu
1951 1537 2155 1607 gradus
2212 1538 2538 1603 tradidisse;
2604 1538 2748 1608 quod
2799 1538 2903 1592 hoc
2958 1538 3078 1592 loco
3113 1536 3249 1591 satis
3278 1550 3376 1605 op-

1797 1636 2036 1698 pOrtuno
2056 1628 2543 1684 demonstrandum
2574 1629 2811 1699 suscepi.
2843 1627 2982 1684 Sunt
3009 1637 3190 1682 autem
3223 1626 3280 1680 hi
3311 1641 3376 1680 ex

1796 1720 2090 1785 veteribus,
2115 1728 2177 1776 ut
2202 1721 2420 1791 opinor,
2453 1736 2668 1788 omnes,
2697 1729 2792 1775 aut
2832 1729 2978 1776 certe
3008 1718 3286 1790 praecipui,
3315 1717 3375 1773 S.

126 1813 364 1883 quoslpro
378 1812 1007 1868 confusionenominum
1025 1814 1504 1880 adducitDallaeus,
1526 1816 1692 1885 liquet
1726 1815 1768 1869 B
1797 1810 2247 1882 Chrysostomus,
2299 1811 2685 1883 Hieronymus,
2713 1810 3113 1872 Theodoretus.
3140 1809 3375 1864 Ambro-

128 1918 186 1957 ne
210 1918 370 1957 unum
401 1904 652 1973 quidem,
681 1919 805 1959 cum
856 1905 1059 1975 gradus
1101 1916 1409 1973 enumerat,
1444 1917 1689 1962 autcum

129 1995 185 2048 de
228 1995 603 2062 singularibus
646 1997 731 2052 sui
782 1998 1047 2068 temporis
1096 1999 1365 2055 ministris
1416 1998 1689 2071 Evangelii

129 2084 367 2155 loquitur,
401 2103 610 2142 nomen
644 2089 947 2161 presbyteri
982 2090 1032 2145 ei
1086 2091 1179 2161 qui
1227 2092 1518 2162 episcopus
1545 2103 1692 2149 esset

131 2177 383 2233 tribuisse.
415 2177 483 2233 Et
515 2188 634 2233 tum
659 2195 724 2234 ex
758 2180 881 2246 hac,
918 2191 1032 2235 tum
1066 2197 1136 2236 ex
1186 2182 1356 2251 priori
1389 2184 1692 2239 assertione

131 2279 255 2337 patet
290 2285 455 2340 quam
504 2270 706 2325 falsum
740 2272 812 2327 sit
852 2273 1000 2343 quod
1054 2272 1291 2330 Dallaeus
1336 2290 1439 2330 nos
1488 2276 1692 2331 docere

134 2361 314 2415 voluit:
347 2379 364 2413 ι
397 2359 497 2416 llic
520 2372 640 2417 erat
660 2362 827 2432 hujus
854 2363 1005 2418 vocis
1027 2364 1281 2433 publicus
1304 2366 1448 2435 apud
1472 2376 1691 2422 nostros

131 2467 285 2519 usus,
345 2454 460 2508 hmc
537 2454 980 2511 Christianorum
1030 2456 1178 2512 illius
1235 2458 1518 2514 memoriae
1590 2458 1690 2513 ho-

134 2547 313 2600 minum
365 2547 645 2602 institutio
688 2563 753 2603 ac
794 2550 1168 2615 consuetudo,
1202 2558 1262 2604 ut
1308 2550 1689 2621 presbyterum

131 2636 270 2707 vulgo
300 2646 407 2692 tam
440 2638 537 2707 qui
565 2647 710 2693 esset
741 2639 1059 2709 primarius,
1085 2655 1250 2711 quam
1294 2642 1388 2711 qui
1419 2642 1690 2697 secunda-

135 2727 249 2793 rius,
275 2737 325 2781 et
351 2729 601 2783 dicerent
658 2730 765 2799 ipsi
809 2740 864 2785 et
902 2733 971 2786 ab
1004 2733 1127 2788 aliis
1175 2734 1382 2790 dictum
1425 2736 1691 2808 intellige-

134 2828 251 2874 rent.
284 2840 300 2872 1
326 2818 443 2875 Non
474 2820 548 2875 ita
568 2820 761 2893 lgnatii
809 2822 944 2878 Acta
976 2824 1299 2895 loquuntur,
1329 2842 1435 2882 non
1477 2844 1690 2883 sermo-

136 2911 205 2964 nis
237 2911 669 2967 Christiauorum
720 2913 952 2984 diligens
997 2915 1317 2971 observator
1389 2917 1686 2986 Adrianus,

137 3018 222 3057 non
251 3000 485 3058 Ecclesia
517 3003 891 3076 Smyrnensis,
922 3021 1030 3060 non
1063 3017 1330 3080 martyres
1358 3008 1659 3080 Lugduneu

138 3111 226 3157 ses,
258 3113 356 3151 non
384 3096 747 3169 Hegesippus.
772 3116 880 3157 non
911 3100 1223 3173 Polycrates
1247 3144 1262 3167 ,
1290 3118 1398 3158 non
1437 3103 1686 3175 Serapio,

138 3201 225 3241 non
249 3203 551 3260 auonymus
587 3193 679 3260 qui
713 3202 905 3247 contra
939 3191 1298 3251 Montanistas
1322 3195 1564 3267 scripsit,
1579 3213 1688 3253 nou

139 3281 302 3329 auctor
341 3279 593 3349 martyrii
647 3278 703 3333 S.
740 3278 1042 3352 Perpetua},
1070 3297 1182 3336 non
1215 3298 1457 3340 canones
1476 3286 1571 3355 qui
1601 3286 1689 3341 di-

138 3376 306 3420 cuntur
329 3370 638 3437 apostolici,
668 3386 737 3426 ne
779 3370 1011 3429 Hermas
1032 3373 1276 3445 quidem.
1320 3374 1515 3433 Nullus
1542 3378 1690 3435 illius

141 3458 220 3511 aevi
251 3461 475 3531 scriptor
504 3462 675 3517 unum
730 3464 1077 3533 primarium,
1106 3466 1273 3521 alium
1303 3469 1689 3525 secundarium

142 3554 479 3626 presbyterum
512 3558 772 3625 tradidit;
826 3560 1011 3616 nullus
1044 3560 1119 3615 ita
1151 3560 1371 3618 ordines
1401 3577 1691 3618 enumera-

144 3648 202 3701 tit
227 3657 279 3703 ut
323 3649 374 3705 in
423 3652 605 3722 primo
636 3652 1039 3723 presbyterum,
1094 3653 1150 3707 in
1207 3654 1448 3709 secundo
1497 3671 1689 3709 rursus

144 3743 481 3815 presbyterum
516 3746 757 3812 locaret;
811 3745 996 3801 nullus
1025 3747 1339 3815 quempiam
1388 3753 1517 3801 tunc
1562 3762 1686 3801 cum

146 3834 236 3901 ipse
261 3837 511 3893 scriberet
568 3838 919 3907 superstitem
951 3845 1006 3892 et
1035 3838 1199 3908 primi
1249 3837 1460 3894 ordinis
1513 3838 1689 3893 olIicio

146 3925 415 3997 fungentem
442 3931 819 4003 presbyterum
848 3929 1161 4002 appellavit.

196 4019 299 4076 Jam
326 4040 448 4079 vero
475 4024 606 4079 licet
636 4027 719 4078 vir
742 4023 1098 4079 doctissimus
1130 4037 1199 4077 ex
1232 4018 1555 4076 confusione
1586 4037 1687 4076 no-

149 4113 341 4180 minum,
364 4131 527 4186 quam
560 4115 613 4169 in
640 4115 867 4170 secundi
895 4114 1083 4169 saeculi
1113 4114 1475 4183 scriptoribus
1500 4114 1687 4169 obser-

146 4202 297 4268 trahat,
322 4221 422 4260 non
471 4207 764 4263 concludat
806 4221 932 4261 cum
985 4205 1259 4260 Salmasio
1289 4204 1429 4260 duos
1474 4214 1685 4259 tantum

149 4296 329 4353 ordines
377 4315 564 4355 sacros
597 4301 652 4355 in
684 4299 928 4355 Ecclesia
982 4296 1156 4353 fuisse
1205 4313 1322 4352 aavo
1362 4296 1685 4369 lgnatiano;

149 4385 250 4442 licet
270 4401 519 4459 praeterea
544 4389 889 4446 Hammondo
918 4392 1032 4456 det,
1062 4390 1227 4446 etiam
1269 4389 1373 4445 sub
1417 4378 1685 4459 apostolis

1714 3157 1761 3215 C

1794 1901 2011 1966 siaster,
2040 1900 2292 1972 Pelagius
2317 1942 2331 1966 ,
2357 1900 2641 1970 Sedulius,
2674 1901 2998 1969 Primasius,
3032 1900 3382 1972 Theophyla-

1795 2006 1938 2057 ctus,
1965 1990 2355 2049 OEcutnenius.
2402 1993 2508 2061 Qui
2538 1996 2785 2049 omnium
2819 1995 3033 2064 primus
3068 1994 3207 2047 inter
3231 1991 3383 2047 Gne-

1794 2100 1889 2139 cos
1919 2084 2061 2139 hanc
2091 2086 2375 2140 nominum
2428 2085 2806 2142 confusionem
2852 2086 3013 2141 nobis
3058 2085 3281 2141 tradidit
3318 2085 3377 2138 S.

1793 2174 2246 2247 Chrysostomus,
2270 2177 2473 2248 ubique
2502 2178 2740 2234 ostendit
2765 2179 2925 2234 etiam
2959 2187 3089 2233 tunc
3116 2179 3378 2247 temporis

1793 2272 2168 2341 episcopatum
2207 2269 2380 2326 fuisse
2410 2270 2659 2326 ordinem
2691 2274 2736 2343 Qa
2770 2272 3150 2343 presbyterum
3185 2269 3378 2325 distin-

1795 2372 1942 2417 ctum
1968 2370 2022 2421 et
2055 2362 2417 2432 superiorem.
2444 2361 2525 2417 Ad
2554 2363 2646 2418 illa
2670 2364 2833 2418 verba
2860 2361 3061 2433 Philip.
3091 2382 3126 2429 ι,
3152 2363 3176 2417 1
3212 2378 3224 2413 :
3253 2360 3380 2415 Σὺν

1793 2454 2143 2521 ἐπισκόποις
2173 2454 2270 2507 καὶ
2302 2453 2625 2521 διακόνοις,
2662 2454 2778 2509 hazc
2808 2455 3033 2509 adnotat
3058 2474 3070 2508 :
3097 2453 3162 2506 Τί
3197 2451 3386 2519 τοῦτο;

1792 2545 1939 2608 Medi;
1969 2545 2175 2609 πόλεως
2196 2545 2376 2600 πολλοὶ
2394 2547 2680 2600 ἐπίσκοποι
2707 2542 2848 2617 ἦσαν
2873 2563 2887 2611 ;
2925 2545 3218 2616 Οὐδαμῶς⁸
3244 2546 3381 2601 ἀλλὰ

1792 2635 1919 2699 τοὺς
1953 2636 2357 2709 πρεσϐυτέρους
2406 2636 2579 2700 οὕτως
2630 2636 2889 2691 ὲκάλεσε’
2946 2638 3068 2692 τότε
3102 2636 3211 2709 γὰρ
3242 2636 3381 2700 τέως

1792 2727 2111 2782 ἐκοινώνουν
2144 2732 2253 2793 τοῖς
2299 2730 2558 2802 ὀνόμασι,
2595 2730 2687 2784 καὶ
2719 2730 2963 2795 διάκονος
3014 2732 3042 2784 ὁ
3084 2730 3381 2792 ἐπίσκοπος

1792 2820 2031 2889 ἐλέγετο.
2062 2841 2080 2874 ι
2110 2820 2253 2889 Quid
2291 2823 2431 2878 hoc?
2461 2822 2638 2878 Unius
2668 2824 2826 2880 urbis
2875 2824 3035 2879 multi
3068 2832 3226 2878 erant
3265 2824 3379 2892 epi-

1792 2913 1981 2982 scopi?
2004 2911 2396 2985 Nequaquam;
2445 2914 2541 2970 sed
2576 2915 2923 2987 presbyteros
2953 2916 3026 2970 ita
3055 2914 3376 2987 appellavit:

1793 3010 1925 3058 tunc
1958 3004 2104 3059 enim
2165 3005 2347 3060 adhuc
2404 3005 2723 3061 nominibus
2777 3007 3277 3073 communicabant,
3326 3015 3382 3060 et

1794 3097 2085 3165 episcOpus
2116 3097 2385 3153 diaconus
2415 3098 2719 3153 dicebatur.
2758 3117 2776 3150 ι
2810 3097 3046 3169 Agnovit
3074 3099 3238 3170 igitur
3266 3098 3382 3153 sin-

1797 3189 2013 3258 gulares
2042 3190 2331 3261 episcOpos
2384 3191 2439 3245 in
2483 3190 2717 3261 singulis
2754 3192 2985 3248 urbibus
3026 3195 3379 3257 constitutos,

1796 3283 1892 3353 qui
1920 3299 2068 3337 nunc
2097 3283 2364 3355 episcopi,
2396 3300 2543 3340 nunc
2586 3285 2887 3355 presbyteri
2921 3327 2936 3351 ,
2972 3301 3119 3341 nunc
3164 3287 3377 3343 diaconi

1793 3376 2133 3431 dicebantur.
2189 3374 2376 3431 Talem
2435 3378 2753 3449 episcopum
2804 3376 3151 3432 Timotheum
3209 3378 3383 3435 fuisse

1794 3468 2030 3522 asseruit
2061 3484 2073 3519 :
2109 3468 2229 3522 ’Ότι
2263 3467 2374 3536 γὰρ
2405 3469 2703 3532 ἐπίσκοπος
2734 3465 2822 3539 ἦν,
2859 3468 2992 3540 φησὶ
3026 3469 3164 3542 πρὸς
3197 3469 3379 3534 αὑτὸν,

1791 3559 2003 3628 Χεῖρας
2023 3558 2249 3626 ταχέως
2255 3556 2741 3625 μηδενὶέπιτίθει.
2776 3560 3080 3627 «Quoniam
3108 3564 3252 3618 enim
3268 3564 3383 3634 cpi—

1792 3668 1994 3722 scopus
2023 3661 2161 3719 erat,
2184 3652 2387 3708 etdicit
2412 3672 2427 3707 ς
2456 3651 2647 3706 Manus
2680 3654 2783 3707 cito
2814 3657 3009 3709 nemini
3037 3658 3243 3725 impone
3276 3657 3339 3711 “.
3358 3679 3374 3708 ι

1792 3741 2004 3797 Rursus
2021 3758 2142 3812 qua:
2159 3751 2283 3796 ante
2304 3741 2517 3796 dixerat
2534 3743 2853 3813 recolligens
2869 3746 3192 3800 sententiam
3225 3763 3379 3802 suam

1790 3844 1977 3906 aperte
2006 3836 2259 3890 enuntiat
2292 3854 2305 3889 :
2342 3836 2521 3908 Ὅπερ
2553 3829 2645 3888 οὖν
2678 3836 2834 3908 ἔφην,
2871 3839 2963 3892 καὶ
2996 3841 3045 3892 οἱ
3079 3840 3381 3914 πρεσϐυτε-

1792 3946 1875 4001 ροι
1895 3928 1954 3981 τὸ
1973 3927 2201 3982 παλαιὸν
2224 3926 2518 3982 ἐκαλοῦντο
2539 3930 2827 3985 ἐπίσκοποι
2846 3972 2860 3997 ,
2886 3934 2980 3986 καὶ
3009 3935 3058 3987 οἱ
3092 3933 3383 3989 ἐπίσκοποι

1791 4020 2153 4096 πρεσϐύτεροι
2203 4021 2296 4075 καὶ
2329 4021 2569 4075 διάκονοι
2600 4022 2696 4076 τοῦ
2716 4023 2954 4096 Χριστοῦ
2992 4025 3088 4095 (ita
3117 4026 3234 4082 haec
3259 4043 3383 4097 quae

1790 4115 1847 4169 in
1876 4115 2036 4171 editis
2074 4114 2304 4169 confusa
2359 4123 2509 4182 sunt,
2546 4115 2773 4185 legenda
2819 4131 2943 4171 esse
2988 4132 3053 4171 ex
3102 4118 3382 4188 prioribus

1788 4208 1979 4276 patet),
2006 4206 2127 4260 ὅθεν
2161 4207 2254 4261 καὶ
2286 4206 2381 4261 νῦν
2416 4207 2602 4261 πολλοὶ
2638 4194 3108 4281 συμπρετϐυτέρῳ
3161 4208 3383 4264 ἐπίσκο-

1791 4317 1882 4354 ποι
1933 4299 2203 4372 γράφουσι
2239 4299 2334 4354 καὶ
2382 4300 2731 4373 συνδιακόνῳ,
2779 4301 2964 4355 λοιπὸν
2996 4302 3054 4355 δὲ
3086 4301 3147 4356 τὸ
3184 4303 3383 4366 ἰδιάζον

1790 4389 2004 4460 ἑκάστῳ
2036 4391 2439 4461 ἀπονενέμηται
2473 4391 2665 4462 ὄνομα,
2684 4392 2712 4445 ὁ
2737 4392 3036 4455 ἐπίσκοπος
3069 4392 3163 4445 καὶ
3196 4393 3225 4445 ὁ
3248 4410 3383 4465 πρε-ο

152 4488 237 4535 tres
262 4484 466 4539 ordines
501 4485 810 4551 exstitisse;
845 4492 1025 4539 tamen
1076 4498 1203 4538 cum
1252 4482 1369 4552 ipse
1406 4482 1526 4536 loca
1559 4496 1689 4551 apo-
1721 4497 1763 4551 ι)
1795 4481 2077 4554 σδύτερος.
2120 4502 2136 4532 ι
2180 4482 2336 4549 Quod
2373 4483 2539 4554 igitur
2561 4483 2834 4550 dicebam,
2865 4492 2919 4537 et
2943 4484 3245 4555 presbyteri
3275 4500 3379 4539 an-

152 4574 309 4631 stolica
337 4578 485 4633 aliter
509 4578 782 4648 explicare
809 4576 1079 4640 videatur,
1113 4584 1169 4629 et
1211 4574 1519 4644 argumenti
1546 4573 1689 4627 mul-

154 4673 196 4718 to
220 4669 369 4738 major
415 4671 498 4726 vis
537 4679 702 4734 esset,
740 4670 787 4725 si
837 4666 1142 4724 adversarii
1186 4666 1422 4737 probare
1464 4674 1688 4736 possent

155 4770 307 4813 revera
340 4769 443 4817 tres
482 4760 705 4816 ordines
735 4760 1028 4814 distinctos
1068 4757 1261 4829 lgnatii
1295 4771 1413 4812 aevo
1462 4756 1689 4812 minime

157 4845 311 4915 luisse,
342 4869 477 4923 quos
508 4853 867 4924 epistolarum
899 4851 1134 4921 scriptor
1165 4859 1275 4904 tam
1309 4858 1461 4903 caste
1484 4859 1538 4904 et
1561 4864 1688 4919 per-

158 4946 288 5004 petuo
308 4944 619 5016 distinguit;
664 4959 731 4998 ne
774 4942 1099 4999 sententiam
1134 4939 1387 4996 Salmasii
1428 4941 1687 4996 intactam

159 5030 436 5102 relinquere,
469 5045 567 5091 aut
592 5034 936 5114 concessioni
977 5034 1261 5089 Dallmanae
1310 5034 1473 5088 nimis
1522 5033 1690 5089 ﬁdere

161 5123 328 5191 videar,
354 5130 414 5183 de
437 5130 540 5185 hac
565 5146 624 5185 re
656 5130 887 5184 ulterius
913 5127 1293 5183 disserendum
1320 5142 1442 5182 esse
1477 5126 1686 5197 putavi.

164 5214 228 5269 Sit
248 5218 391 5286 igitur
418 5232 609 5292 quarta
660 5221 890 5277 assertio
923 5237 935 5272 :
964 5218 1040 5273 Ea
1080 5228 1239 5273 aetate
1273 5232 1380 5288 qua
1436 5217 1495 5271 S.
1531 5216 1690 5287 lgna-

163 5308 249 5365 tius
272 5314 511 5383 epistolas
540 5315 830 5385 scripsisse
858 5312 1078 5377 dicitur,
1106 5319 1219 5366 tres
1250 5325 1439 5366 sacros
1466 5309 1687 5363 ordines

165 5415 237 5453 seu
256 5407 432 5472 gradus
461 5409 746 5463 distinctos
795 5406 850 5460 in
895 5402 1139 5460 Ecclesia
1161 5401 1376 5468 fuisse.
1446 5399 1563 5455 Hoc
1619 5401 1689 5455 ab

166 5489 360 5552 Ecclesia
387 5500 679 5573 Anglicana
708 5514 922 5569 semper
942 5496 1129 5563 didici,
1160 5510 1285 5568 qua:
1327 5493 1382 5547 in
1415 5489 1689 5549 Ordinalis

167 5585 231 5636 sui
256 5590 545 5656 praefatione
590 5592 667 5645 ita
704 5590 989 5660 loquitur:
1023 5607 1042 5640 ι
1093 5585 1331 5643 Evidens
1380 5592 1466 5639 est
1509 5582 1689 5638 omni-

167 5672 246 5731 bus
285 5681 545 5754 diligenter
589 5682 896 5754 legentibus
954 5690 1201 5738 sanctam
1247 5677 1587 5749 Scriptorum
1635 5686 1688 5732 et

220 5785 257 5817 ⁸⁵
280 5790 299 5842 1
323 5788 450 5847 Tim.
494 5811 545 5857 v,
578 5792 668 5847 2:2.

440 5889 702 5950 ΡΑτιιοι..
733 5886 849 5950 Gtt.
901 5886 948 5948 V
965 5930 978 5946 .

1791 4574 2022 4644 tiquitus
2045 4575 2391 4639 vocabantur
2418 4574 2681 4644 episcOpi,
2719 4582 2773 4629 et
2802 4574 3041 4643 episcopi
3076 4574 3375 4645 presbyteri

1790 4675 1845 4720 et
1866 4665 2082 4721 diaconi
2122 4664 2328 4720 Christi
2375 4664 2543 4736 (unde
2591 4666 2891 4720 etiamnum
2946 4664 3104 4719 multi
3136 4665 3376 4737 episcopi

1791 4757 2038 4812 scribunt
2061 4757 2520 4829 sympresbytero,
2537 4765 2593 4811 et
2620 4755 2976 4827 syndiacono)
2997 4774 3011 4823 ;
3036 4764 3224 4826 postea
3248 4771 3380 4811 vero

1790 4849 2067 4919 peculiare
2097 4847 2398 4916 unicuique
2427 4862 2628 4902 nomen
2658 4848 2997 4919 assignatum
3027 4856 3132 4913 est,
3164 4849 3351 4918 episco

1790 4957 1893 5011 pus
1923 4950 1978 4995 et
2036 4940 2337 5011 presbyter.
2380 4958 2399 4991 1
2435 4938 2647 4995 Rursus
2694 4939 2921 4994 homilia
2968 4940 3257 4996 undecima
3320 4941 3374 4995 in

1791 5034 2023 5103 primam
2078 5032 2145 5086 ad
2186 5031 2538 5086 Timotheum
2593 5031 2891 5102 Epistolam
2934 5052 2948 5087 :
2984 5033 3374 5103 Διαλεγόμενος

1791 5124 1921 5197 περὶ
1966 5123 2303 5184 ἐπισκόπων,
2328 5124 2422 5178 καὶ
2454 5123 2870 5195 χαρακτηρίσας
2918 5124 3133 5185 αὐτοὺς,
3169 5122 3262 5175 καὶ
3295 5124 3375 5176 εί-

1791 5216 1909 5268 m‘ov
1940 5216 2059 5269 τίνα
2093 5216 2189 5286 μὲν
2222 5214 2386 5285 ἔχειν,
2421 5216 2579 5271 τίνων
2611 5216 2667 5268 δὲ
2699 5215 2996 5288 ἀπέχεσθαι
3030 5214 3157 5286 χρὴ,
3193 5214 3285 5267 καὶ
3316 5216 3377 5269 τὸ

1790 5308 1900 5361 τῶν
1932 5306 2318 5379 πρεσϐυτέρων
2364 5308 2550 5378 τάγμα
2581 5290 2765 5377 ὰφεὶςξ
2812 5309 2891 5369 εἰς
2938 5305 3064 5368 τοὺς
3096 5304 3375 5369 διακόνους

1795 5399 2159 5470 μετεπήδησε.
2190 5397 2469 5468 Τίδήποτε
2489 5416 2504 5465 ;
2528 5401 2611 5452 ὅτι
2645 5398 2706 5451 οὐ
2736 5398 2871 5452 πολὺ
2906 5396 2965 5449 τὸ
3001 5397 3164 5466 μέσον
3197 5396 3377 5451 αὐτῶν

1792 5491 1885 5545 καὶ
1919 5489 2025 5543 τῶν
2078 5489 2414 5553 ἐπισκόπων,
2451 5491 2544 5543 καὶ
2578 5490 2688 5560 γὰρ
2721 5489 2813 5543 καὶ
2847 5489 3001 5541 αὐτοὶ
3026 5486 3375 5542 διδασκαλίαν

1793 5584 1937 5637 εἰσὶν
1965 5582 2378 5652 ὰναδεδεγμένοι
2400 5581 2492 5635 καὶ
2518 5580 2853 5653 προστασίαν
2885 5580 2982 5649 τῆς
3015 5578 3338 5649 Ἐκκλησίας
3359 5596 3372 5607 °

1792 5673 1885 5732 καὶ
1918 5672 1953 5729 ἃ
1985 5668 2112 5744 περὶ
2147 5668 2459 5723 ἐπισκόπων
2492 5664 2634 5734 εἷπε,
2660 5667 2828 5726 mica.
2866 5668 2957 5721 καὶ
2984 5668 3375 5740 πρεσϐυτέροις

2947 5894 3020 5954 11
