3800 6208
332 252 443 313 1m

1385 252 1441 309 S.
1474 248 1827 309 lGNATlUS.
1853 280 1923 291 —
1970 244 2509 305 PROLEGOMENA.

3504 239 3609 295 5‘18

338 378 638 450 ἁρμόττειο
690 381 757 450 τῇ
781 376 889 450 γὰρ
923 375 1225 450 χειροτονίᾳ
1284 377 1422 450 μόνῃ
1468 376 1909 448 ὑπερϐεϐλήκασι

2096 369 2277 423 ‘imam
2316 365 2383 422 ad
2416 362 2666 421 Corinth.
2696 378 2710 414 :
2748 362 2978 415 Ἔπειτα
3008 359 3163 431 ὤφθη
3201 355 3461 427 Ἰακώϐῳ,
3496 354 3617 426 ἐμοὶ

341 475 435 530 καὶ¹
466 473 642 545 τούτῳ
676 473 833 543 μόνον
873 472 1087 526 δοκοῦσι
1138 471 1478 525 πλεονεκτεῖν
1519 474 1644 535 τοὺς
1694 470 1926 542 πρεσϐυο

340 569 553 641 τέρους.
597 588 616 620 ι
656 568 940 623 Disserens
966 568 1032 622 de
1059 566 1334 637 episcopis
1352 608 1366 631 ,
1393 582 1695 634 eorumque
1723 566 1921 619 chara~

342 674 518 717 eteres
552 661 887 727 describens,
932 660 1233 731 dicensque
1283 677 1406 731 qua:
1451 676 1547 715 eos
1596 667 1779 714 tenere
1817 668 1922 712 eta

343 754 545 825 quibus
602 755 875 808 abstinere
929 762 1177 822 oportet,
1228 753 1668 825 presbyterorum
1730 750 1923 805 ordine

343 848 568 912 omisso,
585 848 649 901 ad
682 848 945 901 diaconos
966 847 1243 901 transiliit.
1269 844 1487 911 Quare?
1514 845 1641 914 quia
1667 844 1805 898 inter
1828 858 1924 897 eos

342 953 397 996 et
425 944 710 1011 episcopos
746 957 856 995 non
898 941 1128 995 multum
1162 941 1404 995 interest.
1436 936 1573 994 Nam
1602 947 1656 993 et
1680 937 1781 1006 ipsi
1819 937 1923 990 do-

342 1034 499 1089 cendi
544 1050 743 1089 munus
785 1044 839 1089 et
868 1035 1245 1105 praefecturam
1274 1030 1527 1087 Ecclesiae
1565 1037 1919 1099 acceperunt:

340 1138 395 1183 et
416 1145 478 1183 ea
509 1146 629 1198 qum
661 1129 726 1182 de
747 1127 1020 1197 episcopis
1042 1126 1197 1190 dixit,
1231 1125 1397 1179 etiam
1428 1123 1761 1194 presbyteris
1789 1136 1923 1177 con-

340 1222 595 1287 veniunt;
627 1222 741 1276 sola
774 1222 919 1276 enim
945 1219 1230 1275 ordinandi
1265 1226 1531 1288 potestate
1557 1216 1850 1280 excellunt,
1870 1223 1925 1269 et

342 1314 443 1369 hac
474 1330 579 1367 una
639 1330 697 1368 re
746 1314 998 1368 videntur
1026 1314 1356 1384 presbyteris
1388 1310 1697 1380 superiores
1724 1323 1864 1363 esse.
1896 1326 1915 1358 ι

344 1406 497 1460 Unde
544 1414 758 1461 constat
802 1414 1051 1459 sanctum
1082 1406 1536 1475 Chrysostomum
1576 1400 1923 1455 existimasse

340 1507 468 1551 tunc
499 1513 622 1550 cum
668 1497 734 1549 ad
784 1494 1131 1549 Timotheum
1174 1496 1393 1564 scripsit
1437 1501 1664 1549 sanctus
1695 1490 1917 1555 Paulus,

338 1597 537 1655 prmter
570 1589 833 1641 diaconos
865 1596 919 1640 et
948 1588 1313 1657 presbyteros,
1342 1585 1508 1639 etiam
1557 1584 1842 1651 episcopos
1867 1582 1920 1634 in

340 1680 582 1735 Ecclesia
637 1680 839 1745 fuisse,
898 1695 994 1750 per
1037 1679 1324 1748 episcopos
1351 1692 1417 1731 eo
1467 1678 1586 1730 loci»
1630 1676 1776 1731 solos
1808 1675 1921 1744 pri—

338 1797 411 1849 mi
448 1797 657 1851 ordinis
699 1796 978 1851 ministros
1026 1795 1349 1861 intellectas,
1378 1804 1547 1849 totum
1578 1796 1920 1865 presbytero-

338 1906 459 1943 rum
493 1889 737 1944 ordinem
764 1891 1029 1944 omissum
1074 1905 1193 1944 esse
1220 1930 1235 1954 ,
1273 1887 1566 1943 discrimen
1606 1888 1746 1941 inter
1777 1887 1917 1942 duos

336 1983 555 2037 ordines
598 1985 730 2037 satis
774 1981 1125 2036 manifestum
1156 1996 1297 2043 esse,
1328 1979 1473 2049 quod
1513 1988 1755 2049 potestas
1784 1993 1918 2033 eon-

337 2075 545 2129 ferendi
591 2090 780 2129 sacros
813 2074 1035 2128 ordines
1077 2072 1347 2142 episcopis
1386 2080 1750 2141 competeret,
1792 2085 1917 2141 pre-

335 2164 566 2235 sbyteris
595 2180 810 2234 semper
836 2175 1026 2233 negata
1045 2173 1207 2219 esset.
1236 2164 1614 2219 Falsissimum
1642 2163 1805 2233 igitur
1834 2172 1919 2217 est

334 2257 478 2326 quod
510 2256 820 2310 Blondellus
852 2256 907 2309 in
948 2256 1213 2325 Apologia
1245 2271 1311 2309 ex
1360 2256 1463 2310 hoc
1508 2270 1619 2309 uno
1664 2254 1785 2308 loco
1818 2268 1916 2323 pro

334 2364 437 2403 suo
467 2362 617 2402 more
648 2348 923 2417 expiscari
968 2349 1164 2413 voluit,
1198 2348 1652 2417 Chrysostomum
1686 2346 1914 2416 interja-

332 2453 463 2492 cens
491 2448 649 2491 aetate
678 2454 777 2491 sua
826 2438 966 2491 inter
989 2439 1299 2493 sacerdotes
1330 2437 1623 2507 διάστημα,
1671 2439 1741 2493 ob
1777 2452 1915 2491 ocu~

333 2528 417 2583 los
448 2528 724 2594 habuisse,
758 2545 897 2598 quos
927 2538 1109 2583 tamen
1140 2530 1210 2584 ab
1241 2530 1449 2601 origine
1476 2547 1636 2602 pares
1666 2541 1910 2585 noverat.

331 2618 468 2674 Nam
546 2621 652 2674 alia
740 2620 924 2674 omnia
996 2621 1343 2693 διαστήματα
1427 2639 1550 2693 quae
1612 2640 1712 2678 sua
1786 2632 1913 2678 aeta-

335 2723 387 2764 te
437 2710 892 2780 agnosecbautur,
951 2726 1178 2782 prorsus
1243 2713 1492 2779 abstulit,
1545 2715 1639 2769 sed
1688 2715 1757 2769 ab
1793 2715 1911 2785 ipsa

331 2805 543 2873 origine
585 2805 898 2859 observavit
945 2807 1051 2860 hoc
1086 2806 1419 2873 discrimen,
1468 2824 1789 2879 semperque
1838 2810 1911 2864 ita

331 2906 580 2950 sanctum
637 2896 866 2951 Paulum
922 2898 1312 2968 interpretatus
1370 2909 1578 2965 est,ut
1635 2902 1912 2972 impositio

332 3004 591 3042 manuum
616 2990 751 3043 nulli
784 2990 887 3045 nisi
918 2992 1083 3061 primi
1115 2992 1321 3048 ordinis
1350 2995 1639 3062 sacerdoti,
1661 2996 1776 3049 sive
1795 2995 1910 3064 epi-

331 3098 495 3152 scopo
547 3082 763 3149 proprie
798 3082 943 3138 dicto
970 3092 1102 3140 tunc
1127 3095 1477 3155 competeret.
1508 3086 1565 3139 ln
1598 3064 1781 3143 haere
1800 3088 1918 3158 epi-

329 3189 524 3241 scopos
558 3176 927 3246 ὑπερϐαίνειν,
963 3178 1017 3231 in
1060 3178 1162 3232 hac
1192 3177 1530 3232 πλεονεκτεῖν
1573 3180 1699 3243 τοὺς
1735 3197 1907 3251 πρεσ-

328 3265 589 3336 ουτέρους
621 3266 755 3321 dixit
786 3284 800 3320 :
835 3278 887 3323 et
911 3270 1044 3339 satis
1075 3271 1313 3339 amplum
1347 3270 1450 3325 hoc
1475 3270 1769 3325 discrimen
1798 3270 1914 3340 ipse

324 3355 607 3425 judicavit.
649 3354 785 3411 Nam
826 3360 1043 3415 πάντων
1079 3360 1313 3432 μάλιστα
1366 3360 1720 3434 κυριώτατον,
1757 3363 1847 3417 καὶ
1880 3364 1909 3417 ὃ

329 3447 562 3519 μάλιστα
597 3451 806 3521 συνέχει
868 3453 964 3523 τὴν
1012 3453 1365 3526 Ἐκκλησίαν,
1399 3454 1459 3507 τὸ
1504 3454 1613 3508 τῶν
1665 3473 1907 3527 χειροτο-

326 3539 476 3603 νιῶν,
499 3560 516 3591 ‹
550 3551 869 3610 potestatem
923 3544 1211 3599 ordinandi
1235 3546 1481 3602 omnium
1511 3563 1822 3617 supremam
1855 3558 1909 3603 et

325 3649 446 3703 qure
486 3632 785 3689 Ecclesium
843 3637 1083 3691 maxime
1114 3638 1373 3706 continet,
1412 3639 1675 3694 iltomilia
1709 3642 1901 3709 quinta

325 3730 392 3783 ad
427 3730 658 3799 primam
691 3730 859 3800 Epist.
891 3732 957 3787 ad
986 3730 1333 3787 Timotheum
1378 3735 1784 3803 pronuntiavit;
1812 3752 1908 3805 pa-

325 3839 414 3878 res
443 3823 608 3892 igitur
632 3840 912 3893 nunquam
945 3827 1187 3895 agnovit.
1226 3827 1340 3883 Hoc
1363 3828 1417 3883 in
1467 3829 1789 3899 explicanda
1843 3828 1903 3884 S.

322 3914 701 3985 (Ihrysostomi
735 3916 1003 3970 sententia
1031 3928 1239 3972 certum
1272 3930 1376 3984 est,
1408 3929 1466 3975 ut
1512 3922 1565 3975 in
1620 3922 1902 3977 nonnullis

322 4008 458 4061 locis
494 4007 581 4060 ubi
616 4008 916 4078 presbyteri
950 4025 1147 4064 nomen
1172 4011 1478 4068 adhibitum
1503 4023 1604 4079 est,
1624 4014 1905 4085 presbyte-

322 4115 415 4153 ros
458 4114 650 4153 onmes
687 4101 1000 4167 excluserit,
1029 4112 1082 4156 et
1109 4105 1397 4176 episcopos
1427 4109 1576 4163 solos
1610 4107 1910 4177 intelligen-

322 4191 424 4243 dos
453 4205 573 4243 esse
602 4190 868 4256 docuerit,
907 4202 967 4247 ut
1008 4192 1028 4246 Ι
1067 4189 1209 4249 Tim.
1244 4213 1329 4261 tv,
1367 4193 1471 4251 id:
1503 4196 1577 4251 Οὐ
1612 4198 1742 4269 περὶ
1776 4213 1910 4269 πρε-

323 4281 599 4353 σϐυτέρων
635 4284 797 4355 φησὶν
830 4286 1090 4353 ἐνταῦθα,
1126 4288 1262 4344 ἀλλὰ
1295 4294 1423 4365 περὶ
1466 4293 1814 4356 ἐπισκόπων,
1848 4289 1907 4344 οὐ

318 4372 426 4446 γὰρ
459 4374 523 4446 δὴ
577 4377 934 4451 πρεσϐύτεροι
980 4382 1275 4440 ἐπίσκοπον
1316 4385 1706 4458 ἐχειροτόνουν.
1735 4403 1753 4435 ι
1784 4380 1908 4439 Non

2028 461 2195 523 δοκεῖ,
2230 458 2308 529 τῷ
2343 456 2558 529 ἀδελφῷ
2591 454 2669 526 τῷ
2688 454 2903 521 ἑαυτοῦ,
2938 454 3098 517 αὐτὸς
3132 451 3239 523 γὰρ
3275 450 3439 504 αὐτὸν
3469 447 3619 516 λέγο-

2028 570 2116 606 ται
2166 550 2688 623 κεχειροτονηκέναι,
2736 548 2829 601 καὶ
2873 546 3170 600 ἐπίσκοπον
3217 546 3274 596 ὲν
3318 541 3619 613 Ἰεροσολύ-

2032 659 2150 713 μοις
2185 640 2544 711 πεποιηκέναι
2579 638 2819 711 πρῶτον.
2850 656 2867 687 ι
2893 636 3085 691 Postea
3115 632 3371 705 apparuit
3391 631 3619 697 JaCobo,

2030 744 2088 788 ut
2111 734 2245 788 mihi
2270 734 2506 797 videtur,
2538 730 2691 784 fratri
2718 745 2839 785 suo.
2893 728 3015 799 Ipse
3053 728 3198 782 enim
3233 727 3390 780 illum
3418 725 3616 779 dicitur

2028 825 2319 880 ordinasse
2363 835 2418 879 et
2445 824 2684 894 primum
2738 821 3243 892 Hierosolymorum
3295 819 3616 888 episcopum

2029 918 2243 972 fecisse.
2280 936 2299 969 ι
2334 916 2481 971 ldcm
2506 923 2757 970 sanctum
2808 913 3075 985 lgnatium
3126 920 3406 976 nostrum,
3435 910 3617 963 Antiov

2026 1011 2215 1065 cliente
2244 1008 2500 1064 Ecclesia:
2528 1008 2850 1078 episcopum
2883 1022 2914 1060 a
2947 1015 3138 1061 sancto
3171 1004 3334 1058 Petro
3390 1003 3615 1057 ordina-

2029 1112 2145 1157 tum
2172 1102 2442 1172 agnovit,
2479 1109 2533 1155 et
2584 1100 2952 1154 ordinationis
2997 1098 3145 1153 illius
3195 1095 3616 1167 prmrogativam

2028 1195 2184 1249 miris
2218 1195 2394 1248 modis
2419 1193 2756 1263 pratdicavit.

2096 1284 2158 1339 B.
2194 1284 2577 1339 'I‘heodoretus
2599 1282 2982 1339 confusionem
3016 1281 3308 1336 nominum
3338 1278 3613 1350 agnoscit,

2024 1387 2080 1432 et
2104 1378 2210 1432 late
2242 1378 2500 1446 explicat,
2522 1377 2588 1430 ad
2618 1376 2853 1446 Philipp.
2872 1392 2912 1441 ι,
2932 1376 2981 1430 1.
3005 1374 3110 1429 Sed
3136 1375 3429 1444 episcopos
3452 1373 3612 1427 etiam

2024 1480 2155 1525 tunc
2192 1470 2454 1539 temporis
2509 1469 2788 1524 exstitisse
2818 1476 2872 1523 et
2902 1468 3238 1538 presbyteris
3292 1466 3613 1535 superiores

2025 1562 2199 1617 fuisse
2227 1562 2393 1618 simul
2417 1561 2637 1615 asserit.
2670 1560 2839 1614 Docet
2860 1575 2927 1615 eo
2956 1559 3066 1614 loci
3094 1574 3189 1628 per
3203 1557 3500 1626 episcopos
3528 1555 3614 1608 iu-

2025 1654 2193 1723 telligi
2247 1653 2596 1723 presbyteros
2623 1652 2854 1718 debere;
2888 1650 2984 1706 sed
3015 1646 3479 1720 Epaphroditum,
3522 1645 3613 1716 qui

1952 1747 1996 1807 Β
2027 1756 2139 1801 tum
2169 1745 2227 1799 S.
2261 1745 2433 1799 Paulo
2467 1746 2676 1809 aderat,
2702 1754 2755 1798 et
2781 1759 2878 1812 per
2904 1757 3070 1813 quem
3107 1740 3398 1809 epistolam
3444 1739 3613 1806 misit,

2022 1836 2457 1906 Pbilippensium
2488 1836 2807 1904 episcopum
2839 1834 3013 1888 fuisse
3046 1832 3311 1887 ostendit.
3341 1830 3448 1883 Τὸν
3474 1828 3530 1883 δέ
3553 1846 3613 1898 γε

2025 1929 2296 2001 μακάριον
2335 1928 2720 2000 Ἐπαφρόδιτον
2749 1929 2805 1980 ὲν
2825 1927 2963 1996 αὑτῇ
2995 1927 3063 1996 τῇ
3088 1924 3347 1994 ἐπιστολῇ
3378 1924 3613 1976 ἀπόστο-

2020 2022 2110 2076 λον
2133 2022 2315 2077 αὐτῶν
2346 2021 2637 2091 κέκληκεν.
2688 2022 2885 2090 Σαφῶς
2916 2020 3096 2073 τοίνυν
3128 2017 3367 2083 ἐδίδαξεν
3408 2016 3486 2080 ὡς
3516 2016 3614 2087 τὴν

2019 2116 2378 2185 ὲκισκοπικὴν
2408 2113 2721 2184 οἰκονομίαν
2739 2113 2902 2175 αὐτὸς
2928 2111 3288 2166 ἐπεπίστευτο
3320 2108 3462 2179 ἔχων
3485 2108 3616 2159 ἀπο-

2021 2207 2209 2260 στόλου
2262 2206 2674 2278 προσηγορίαν;
2718 2223 2736 2255 ι
2787 2203 3013 2261 Beatum
3062 2201 3503 2272 Epaphroditum
3558 2200 3613 2254 in

2018 2299 2250 2370 epistola
2304 2299 2421 2368 ipsa
2453 2297 2765 2367 apostolum
2816 2310 3007 2350 eorum
3039 2293 3359 2363 appellavit.
3402 2293 3614 2360 Aperte

2016 2408 2146 2463 ergo
2184 2392 2377 2446 docuit
2417 2389 2784 2460 episcopalem
2816 2388 3287 2457 dispensationem
3340 2385 3394 2440 ei
3443 2384 3613 2440 fuisse

2017 2479 2303 2543 creditam,
2333 2494 2457 2532 cum
2488 2478 2904 2547 appellationem
2932 2475 3159 2529 haberet
3199 2474 3460 2544 apostoli.
3496 2493 3515 2525 ι
3551 2472 3614 2528 Et

2016 2585 2211 2625 rursus
2244 2570 2310 2624 ad
2336 2570 2530 2639 σομε,
2573 2585 2717 2624 vers.
2743 2569 2814 2623 25
2848 2588 2860 2621 :
2902 2567 3219 2620 Ἀπόστολον
3246 2567 3302 2620 δὲ
3332 2568 3499 2621 αὑτὸν
3522 2567 3613 2621 κέ-

2014 2660 2217 2732 κληκεν
2248 2662 2449 2727 αὐτῶν,
2476 2662 2551 2725 ὡς
2576 2662 2675 2733 τὴν
2706 2660 3022 2731 ἐπιμέλειαν
3045 2659 3223 2712 αὐτῶν
3246 2661 3613 2729 ἐμπεπιστευ-

2017 2754 2197 2825 μένον,
2226 2754 2302 2817 ὡς
2330 2747 2468 2806 εἶναι
2489 2753 2645 2825 δῆλον
2674 2753 2755 2806 ὅτι
2785 2752 2888 2804 ὑπὸ
2916 2750 3101 2804 τοῦτον
3127 2750 3344 2804 ἐτέλουν
3374 2752 3425 2803 οἱ
3455 2752 3514 2805 ὲν
3534 2750 3610 2821 τῷ

2014 2845 2286 2916 προοιμίῳ
2320 2845 2613 2915 κληθέντες
2642 2843 2949 2905 ἐπίσκοποι.
2987 2842 3081 2896 τοῦ
3119 2842 3499 2914 πρεσϐυτέρου
3521 2842 3611 2913 δηο

2013 2936 2187 2990 λονότι
2238 2936 2337 3008 τὴν
2384 2935 2535 3001 τάξιν
2564 2934 2919 3007 πληροῦντες.
2953 2953 2971 2985 ι
3000 2933 3327 3002 Apostolum
3362 2934 3607 3002 ipsorum

2013 3027 2251 3094 vocavit,
2284 3035 2341 3080 ut
2368 3027 2457 3081 cui
2488 3036 2635 3081 esset
2663 3041 2853 3081 eorum
2874 3040 3005 3081 cura
3032 3024 3374 3079 concredita.
3409 3022 3479 3077 Ut
3500 3024 3610 3078 cla-

1941 3109 1984 3168 C
2018 3132 2142 3171 rum
2201 3118 2273 3171 sit
2297 3116 2399 3171 sub
2427 3117 2519 3171 illo
2565 3117 2908 3173 ministrasse
2940 3132 3055 3181 eos,
3091 3116 3185 3184 qui
3234 3115 3289 3168 in
3328 3113 3612 3170 Prommio

2014 3209 2354 3264 vocabantur
2371 3210 2638 3279 episcopi,
2650 3225 2844 3278 nempe
2860 3208 3161 3278 presbyteri
3182 3208 3432 3261 ordinem
3463 3222 3611 3261 com-

2016 3301 2249 3372 plentes.
2284 3320 2303 3353 ι
2336 3300 2673 3356 Sententiam
2704 3302 2825 3370 ejus
2842 3300 3419 3370 plenius'explicatam
3444 3299 3608 3353 habe-

2015 3409 2141 3449 mus
2174 3397 2239 3447 ad
2274 3393 2290 3445 l
2324 3392 2467 3448 Tim.
2517 3410 2639 3463 cap.
2677 3409 2737 3447 ιιι
2766 3410 2778 3445 :
2809 3394 2946 3456 Τοὺς
2980 3392 3176 3455 αὐτοὺς
3215 3390 3448 3445 ἐκάλουν
3477 3392 3609 3445 ποτὲ

2014 3486 2427 3557 πρεσϐυτέρους
2450 3486 2543 3539 καὶ
2574 3486 2925 3548 ἐπισκόπουςο
2962 3485 3087 3548 τοὺς
3126 3484 3182 3537 δὲ
3212 3483 3309 3537 νῦν
3333 3484 3606 3556 καλουμέ-

2014 3592 2137 3638 νους
2167 3575 2499 3639 ἐπισκόπους
2529 3576 2858 3639 ἀποστόλους
2879 3574 3178 3645 ὠνόμαζον·
3207 3574 3301 3627 τοῦ
3329 3574 3387 3627 δὲ
3417 3576 3608 3646 χρόνον

2014 3667 2321 3737 προϊόντος,
2354 3668 2413 3720 τὸ
2438 3668 2536 3738 μὲν
2564 3669 2663 3738 τῆς
2702 3666 3009 3737 ἀποστολῆς
3037 3666 3208 3736 ὄνομα
3246 3669 3359 3731 τοῖς
3392 3667 3607 3739 ἀληθῶς

2012 3758 2334 3822 ἀποστόλοις
2350 3758 2657 3811 κατέλιπονσ
2683 3758 2779 3830 τὴν
2803 3758 2858 3811 δὲ
2884 3760 2980 3830 τῆς
3014 3758 3319 3828 ἐπισκοπῆς
3344 3776 3609 3829 προσηγορ

2015 3850 2137 3920 ρίαν
2156 3853 2267 3913 τοῖς
2297 3849 2465 3903 πάλαι
2488 3850 2840 3921 καλουμένοις
2866 3848 3182 3912 ἀποστόλοις
3203 3849 3493 3903 ὲπέθεσαψ
3514 3849 3605 3903 οὖ-

2012 3959 2089 3994 τω
2119 3940 2493 4013 Φιλιππησίων
2517 3941 2816 4005 ἀπόστολος
2845 3942 2873 3993 ό
2913 3940 3307 4012 Ἐπαφρόδιτος
3334 3936 3427 4013 ἦν’
3461 3941 3605 3996 οὕτω

2012 4032 2249 4104 Κρητῶν
2275 4035 2302 4085 ό
2323 4032 2500 4097 Τίτος,
2531 4033 2624 4087 καὶ
2658 4033 2919 4087 Ἀσιανῶν
2941 4034 2969 4084 ό
3000 4033 3261 4103 Τιμόθεος
3291 4035 3602 4088 ἀπόστολοι·

2010 4123 2154 4176 οὕτω
2189 4124 2295 4176 ἀπὸ
2323 4124 2430 4178 τῶν
2468 4124 2853 4197 Ἱεροσολύμων
2882 4129 2995 4187 τοῖς
3025 4126 3080 4177 ἐν
3119 4126 3423 4197 Ἀντιοχείᾳ
3445 4126 3607 4198 ἔγρα-

2010 4215 2117 4285 ψαν
2145 4217 2193 4269 οἱ
2226 4216 2511 4271 ἀπόστολοι
2541 4218 2633 4271 καὶ
2664 4220 2712 4271 οἱ
2738 4217 3113 4289 πρεσϐύτεροι.
3150 4238 3167 4269 ι
3204 4218 3445 4273 Eosdem
3474 4222 3603 4275 olim

2013 4308 2285 4363 vocabant
2331 4310 2685 4382 presbyteros
2716 4320 2768 4364 et
2795 4312 3085 4380 episcopos
3125 4329 3138 4364 :
3171 4327 3267 4366 eos
3295 4323 3485 4367 autem
3511 4315 3602 4384 qui

2013 4416 2163 4455 nunc
2213 4410 2482 4455 vocantur
2531 4403 2811 4471 episcopi,
2874 4404 3155 4471 apostolos
3215 4405 3601 4459 nominabant.

321 4468 409 4522 hic
439 4470 503 4522 de
528 4470 862 4542 presbyteris
892 4474 1154 4543 loquitur,
1180 4479 1273 4532 sed
1300 4479 1365 4531 de
1396 4478 1684 4546 episcopis.
1715 4472 1904 4546 Neque

2096 4493 2350 4548 ocedente
2378 4503 2559 4548 autem
2593 4503 2838 4564 tempore
2871 4496 3213 4565 apostolatus
3238 4511 3442 4551 nomen
3477 4499 3603 4551 reli-

319 4561 463 4613 enim
486 4564 787 4634 presbyteri
811 4568 1127 4636 episcopum
1144 4569 1493 4625 ordinabant.
1519 4589 1536 4620 ι
1566 4567 1631 4622 Ει
1658 4567 1766 4622 Tit.
1791 4570 1898 4635 1,5:

318 4650 457 4715 Τοὺς
490 4655 817 4722 ἐπισκόπους
850 4660 1085 4715 ἐνταῦθά
1114 4680 1267 4736 φησι,
1292 4663 1473 4728 καθὼς
1501 4661 1736 4734 ἀλλαχοῦ
1771 4664 1904 4733 ἡμῖν

317 4742 553 4814 εἴρηται.
590 4765 608 4797 ι
640 4746 936 4822 Episcopos
966 4754 1055 4809 hic
1098 4755 1372 4824 intelligit,
1420 4755 1894 4826 quemadmodum

318 4849 349 4886 a
383 4836 540 4890 nobis
567 4838 695 4892 alibi
724 4842 929 4898 dictum
958 4855 1061 4909 est,
1094 4863 1290 4917 nempe
1312 4849 1377 4903 ad
1397 4847 1593 4916 Philip.
1622 4864 1661 4915 ι,
1690 4848 1755 4911 5;
1798 4847 1900 4902 bo-

316 4928 464 4983 milia
487 4932 677 5000 quinta
710 4937 776 4990 ad
795 4936 1142 4995 Timotheum
1163 4960 1175 4995 :
1194 4938 1907 5011 Διαλεχθεὶς,περὶζὲπισκό-

244 5044 251 5053 ι
316 5033 452 5083 πων,
480 5023 607 5095 περ)⁸
627 5024 908 5095 διακόνων,
938 5030 1169 5102 ἀνδρῶν,
1198 5031 1493 5099 γυναικῶν,
1528 5030 1656 5102 περὶ
1688 5047 1753 5100 χη
1766 5028 1899 5098 ρῶν,

317 5111 441 5183 περὶ
459 5130 560 5184 πρε
568 5116 724 5170 σϐυτέ
731 5139 860 5191 ρων,
882 5140 946 5177 πε
953 5123 1006 5195 ρ).
1023 5123 1130 5176 τῶν
1143 5123 1317 5176 ἄλλων
1331 5123 1603 5188 ἁπάντων,
1620 5122 1712 5176 καὶ
1726 5120 1903 5185 δείξας

313 5203 452 5255 ὅσων
474 5206 934 5277 ἐστινηὲπίσκοπος
956 5213 1141 5285 κύριος
1157 5256 1170 5279 ,
1187 5215 1273 5267 ὅτε
1296 5215 1424 5286 περὶ
1438 5216 1672 5288 κρίσεως
1694 5215 1902 5283 ἔλεγεν,

315 5293 611 5363 ἐπήγαγε(
638 5300 771 5354 Cum
788 5302 1217 5359 disseruissetde
1242 5306 1900 5376 episcopis,dediaconis,

318 5393 431 5437 tum
460 5388 590 5469 viris
613 5380 727 5444 tum
759 5392 998 5459 feminis,
1031 5396 1098 5449 de
1119 5397 1320 5464 viduis,
1348 5398 1414 5453 de
1442 5399 1797 5469 presbyteris,
1830 5400 1899 5454 de

314 5479 440 5531 aliis
496 5484 775 5549 omnibus,
817 5490 1256 5562 ostendissetque
1297 5493 1544 5563 qualium
1608 5494 1901 5563 episcopus

312 5570 571 5628 dominus
585 5581 785 5641 est,ubi
806 5583 1094 5651 dejudieio
1114 5586 1345 5648 dixerat,
1367 5586 1673 5655 subjunxit.
1706 5605 1724 5637 ι
1744 5586 1892 5639 Idem

313 5665 576 5722 Jacobum
610 5668 833 5726 fratrem
886 5672 1097 5727 Domini
1125 5675 1626 5747 Hierosolymorum
1679 5678 1894 5746 episco-

312 5775 441 5828 pum
492 5761 560 5814 ab
616 5762 772 5819 initio
815 5765 1128 5821 ordinatum
1165 5769 1397 5837 putavit.
1453 5766 1684 5825 liomilia
1742 5770 1799 5823 ll
1838 5769 1891 5824 in

2015 4592 2255 4653 querunt
2300 4584 2367 4639 iis
2419 4585 2513 4655 qui
2564 4600 2691 4639 vere
2723 4594 2882 4639 erant
2932 4585 3208 4655 apostoli;
3241 4587 3603 4657 episcopatus

2009 4684 2195 4729 autem
2255 4675 2674 4745 appellationem
2727 4676 2796 4730 iis
2847 4676 2939 4745 qui
2994 4676 3125 4730 olim
3178 4678 3604 4746 appellabantur

2011 4767 2264 4837 apostoli,
2301 4768 2702 4838 imposuerunt.
2736 4770 2815 4822 Ita
2848 4767 3283 4838 Philippensium
3316 4772 3603 4841 apostolus

2007 4869 2125 4913 erat
2150 4857 2553 4929 Epaphroditus
2581 4878 2595 4914 :
2626 4860 2698 4914 ita
2739 4860 3086 4915 Cretensium
3120 4860 3301 4929 Titus,
3345 4874 3402 4917 et
3442 4864 3602 4919 Asia-

2009 4964 2208 5004 norum
2242 4949 2566 5006 Timotheus
2592 4952 2850 5020 apostoli.
2896 4951 2973 5006 lta
3007 4952 3075 5004 ab
3106 4950 3505 5026 Hierosolymis
3534 4956 3604 5009 iis

2007 5039 2100 5109 qui
2131 5048 2287 5093 erant
2309 5041 2637 5104 Antiochiae,
2670 5042 3010 5111 scripserunt
3039 5044 3271 5112 apostoli
3294 5054 3347 5097 et
3374 5048 3604 5117 presby-

2007 5129 2131 5183 teri.
2158 5148 2177 5181 ι
2203 5128 2350 5184 Unde
2373 5141 2598 5200 apparet
2625 5146 2689 5185 ex
2712 5133 2977 5186 sententia
3001 5132 3062 5187 Β.
3088 5132 3442 5199 Theodoreti,
3468 5146 3603 5191 tem-

2007 5236 2139 5290 pore
2171 5221 2545 5291 apostolorum
2602 5231 2712 5278 tres
2761 5222 2934 5279 fuisse
2977 5227 3181 5296 gradus
3217 5227 3273 5279 in
3308 5227 3598 5286 Ecclesia:

2006 5313 2313 5383 episcopos,
2330 5316 2556 5385 quitum
2582 5316 2904 5371 dicebantur
2921 5320 3190 5387 apostoli;
3220 5322 3597 5393 presbyteros,

2004 5406 2099 5475 qui
2130 5421 2279 5460 nunc
2316 5408 2585 5477 episcopi,
2622 5425 2769 5464 nunc
2800 5412 3101 5481 presbyteri
3134 5413 3501 5482 vocabantur,
3542 5425 3599 5471 et

2004 5497 2311 5552 diaconos:
2342 5507 2533 5567 postea
2576 5516 2724 5567 vero,
2775 5502 2937 5571 primi
2990 5503 3204 5559 ordinis
3252 5508 3596 5574 sacerdotes,

2004 5590 2223 5643 nomine
2254 5590 2486 5659 apostoli
2529 5591 2634 5645 illis
2661 5592 2755 5661 qui
2804 5609 2931 5647 vere
2965 5596 3198 5664 apostoli
3232 5596 3478 5665 fuerunt,
3506 5614 3596 5651 re-

2004 5689 2245 5747 servato,
2280 5683 2504 5752 proprie
2527 5694 2579 5737 et
2608 5684 2865 5739 distincte
2910 5688 3197 5756 episcopos
3239 5689 3418 5744 dictos
3448 5704 3589 5753 esse,

2004 5779 2055 5825 et
2084 5770 2323 5842 reliquos
2357 5772 2583 5846 secundi
2618 5774 2828 5830 ordinis
2863 5774 3175 5830 sacerdotes
3214 5777 3589 5847 presbyteros.
