3768 6324
128 301 221 355 599
867 309 917 365 ι.
962 304 1323 363 ΡΕΑιιδοΝιι
1363 307 1665 363 vmmcm

1779 306 2149 366 ιΝΑΤΙΑΝΑε.
2192 339 2257 351 -
2290 310 2471 367 PARS
2499 308 2564 363 ll.

3219 316 3327 368 456

126 438 185 491 At
205 434 423 505 apostoli
454 447 649 488 nomen
673 431 833 503 primi
857 433 1067 488 ordinis
1098 432 1656 488 sacerdotibustribui
1695 436 1737 491 Α
1766 430 1994 499 singulis
2040 430 2299 485 Ecclesiis
2349 438 2582 500 praeesse
2637 427 2895 484 decrevit.
2934 446 2952 482 ι
2981 417 3059 486 Ae
3086 446 3277 487 rursus
3315 473 3326 484 .

126 530 269 585 desiit
295 537 415 582 ante
467 527 784 599 martyrium
819 526 1032 598 lgnatii.
1087 525 1228 596 Ergo
1273 542 1339 579 ex
1394 527 1662 582 sententia

125 619 428 675 Theodoreti
454 620 555 673 sub
582 618 811 689 lgnatio,
844 627 899 672 et
926 618 1100 672 oﬁicio
1130 626 1183 671 et
1217 616 1439 671 nomine
1464 615 1663 670 distin-

126 712 406 784 guebantur
429 711 666 779 episcopi
690 719 745 764 et
771 710 1095 781 presbyteri.

187 800 608 871 TheOphylaclus
644 808 789 855 certe
817 816 923 855 non
953 800 1290 856 existimavit
1318 802 1664 872 presbyteros

128 892 186 947 ad
205 892 569 961 Philippenses
593 892 879 961 episcopos
907 907 1030 946 esse
1060 891 1238 948 dictos
1265 893 1359 948 sed
1381 894 1664 963 coepisco-

128 998 241 1051 pos;
285 982 567 1050 episcopos
616 991 796 1036 autem
839 983 1154 1052 apostolicis
1183 985 1521 1054 temporibus
1568 1000 1663 1039 eos

126 1074 265 1127 etiam
290 1071 461 1126 dictos
495 1073 720 1139 putavit,
765 1072 840 1136 ὡς
875 1073 1305 1138 ἐπισκοποῦντας
1334 1075 1531 1147 δηλαδὴ
1564 1076 1660 1129 καὶ

126 1172 296 1235 αὐτοὺς
323 1169 409 1223 τὸν
432 1169 581 1233 λαόν,
625 1186 643 1218 ι
678 1169 819 1238 quod
851 1169 1013 1222 etiam
1048 1170 1148 1237 ipsi
1186 1170 1445 1238 populum
1480 1170 1665 1239 inspe-

126 1273 327 1328 ctarent,
358 1282 375 1312 ι
396 1263 487 1316 sed
516 1276 619 1316 suo
649 1261 1052 1326 modulo,t'hass
1071 1262 1350 1332 καθαίρειν
1378 1264 1469 1316 καὶ
1496 1265 1663 1331 φωτί-

127 1355 221 1419 ζειν
241 1352 357 1415 τοὺς
384 1352 690 1423 δεομένους,
739 1370 756 1402 ι
787 1362 846 1405 ut
875 1361 1174 1421 purgarent
1206 1362 1260 1407 et
1302 1353 1660 1419 illustrarent,

126 1462 205 1499 seu
231 1444 562 1513 baptizarent
586 1459 682 1499 eos
705 1458 847 1513 quos
874 1453 1020 1498 esset
1054 1459 1298 1500 necesse.
1345 1463 1364 1497 ι
1393 1443 1528 1499 Nam
1556 1447 1663 1501 alia

126 1552 256 1591 sacra
276 1534 442 1590 ot’ﬁcia
472 1536 637 1589 etiam
667 1544 780 1589 tum
806 1535 1079 1605 episc0pis
1108 1537 1423 1591 reservavit.
1457 1538 1531 1591 Οὐ
1552 1539 1664 1610 γὰρ

127 1627 450 1699 πρεσϐύτεροι
499 1627 791 1680 ἐπίσκοπον
842 1628 1226 1698 ἐχειροτόνουν.
1258 1648 1276 1678 ι
1315 1626 1435 1683 Non
1488 1630 1660 1695 enim,

127 1718 294 1787 inquit,
320 1717 619 1787 presbyteri
648 1717 965 1787 episcopum
996 1717 1346 1774 ordinabant.
1385 1738 1403 1771 ι
1428 1716 1583 1773 Unde
1606 1720 1660 1773 in

124 1807 366 1863 Prommio
389 1808 453 1861 ad
477 1806 662 1861 Titum
695 1825 709 1861 :
739 1805 859 1859 Τῶν
885 1807 1082 1879 Παύλῳ
1112 1809 1376 1862 συνόντων
1419 1808 1658 1880 δοκιμώ-
1693 1787 1735 1844 Β

124 1916 259 1963 meo;
281 1902 307 1953 ὁ
330 1900 485 1963 Τίτος
518 1898 616 1965 ὢν,
648 1900 944 1963 ἐπίσκοπος
968 1917 1026 1953 τε
1049 1900 1149 1970 τῆς
1176 1901 1400 1972 Κρήτης
1425 1901 1661 1973 μεγάλης

124 1994 265 2065 οὔσης
307 1994 525 2046 διἀὑτὸ
578 1993 736 2047 τοῦτο
787 1994 1216 2066 κεχειροτόνητο,
1257 1994 1350 2048 καὶ
1392 1995 1662 2048 τοσούτων

126 2086 403 2140 ἐπισκόπων
436 2086 620 2157 κρίσιν
645 2086 738 2139 καὶ
760 2087 1089 2158 χειροτονίαν
1109 2086 1418 2159 ἐπετράπη.
1457 2105 1475 2137 ι
1518 2087 1663 2141 Inter

124 2196 289 2235 omnes
328 2182 417 2251 qui
466 2196 594 2237 cum
624 2180 796 2235 Paulo
830 2181 1029 2234 versati
1058 2189 1206 2246 sunt,
1239 2182 1663 2251 probatissimus

126 2286 226 2325 cum
245 2280 385 2328 esset
410 2270 899 2341 Titus,episc0pus
927 2281 1211 2340 propterea
1238 2271 1664 2345 Cretae,magn:e

127 2362 249 2418 illius
284 2364 495 2424 insulae,
525 2364 734 2418 electus
757 2372 860 2430 est,
899 2373 1087 2433 totque
1130 2364 1512 2434 episcoporum
1538 2383 1661 2421 cum

124 2454 375 2523 judicium,
405 2466 518 2509 tum
553 2454 827 2509 ordinatio
849 2454 897 2508 ei
920 2454 1243 2510 demandata
1267 2464 1369 2511 est.
1410 2476 1428 2508 ι
1448 2455 1511 2511 Et
1536 2460 1663 2528 qni-

126 2546 306 2601 demde
336 2548 605 2603 sententia
631 2546 1045 2617 Theophylacti,
1082 2558 1370 2619 postquam
1397 2550 1464 2606 de
1492 2550 1663 2623 Chry-

127 2647 337 2692 sostomo
364 2639 627 2704 diximus,
660 2640 1020 2696 dubitandum
1052 2657 1161 2696 non
1189 2649 1292 2697 est.

183 2729 310 2785 inter
338 2731 564 2788 Latinos
590 2733 801 2802 primus
834 2733 1003 2791 fuisse
1030 2736 1271 2790 creditur
1286 2745 1478 2791 auctor
1500 2735 1665 2790 Com-

128 2823 480 2878 mentariorum
512 2824 568 2878 in
594 2825 853 2893 epistolas
896 2825 958 2882 S.
1000 2825 1155 2882 Pauli
1196 2828 1297 2883 sub
1336 2828 1557 2883 nomine
1603 2827 1660 2881 S.

129 2913 369 2970 Ambrosii
398 2917 696 2982 editorum,
730 2920 873 2988 quod
896 2935 956 2974 se
989 2918 1274 2989 scripsisse
1298 2920 1400 2974 sub
1428 2919 1664 2974 Damaso

129 3007 349 3078 episcopo
399 3007 676 3070 Romano,
715 3009 821 3065 hoc
849 3019 933 3065 est
968 3020 1092 3067 ante
1136 3026 1196 3083 ,a.
1232 3011 1293 3065 ι).
1337 3011 1443 3065 384
1492 3012 1665 3081 proli-

132 3105 296 3159 teatur,
325 3099 414 3168 qui
446 3099 691 3169 episcopi
725 3109 778 3154 et
804 3102 1105 3173 presbyteri
1153 3102 1372 3156 nomina
1402 3113 1662 3173 tanquam
1692 3133 1736 3192 ο

132 3203 393 3260 synonyma
435 3192 489 3245 in
524 3190 807 3261 Scriptura
839 3194 1146 3249 tradiderit.
1200 3193 1299 3250 Hic
1332 3204 1513 3251 tamen
1547 3197 1664 3266 epi-

131 3294 292 3348 scopos
333 3281 644 3350 singulares
674 3282 932 3337 Ecclesiis
961 3283 1248 3354 praefuisse
1287 3286 1661 3355 apostolorum

134 3377 339 3434 tempore
384 3373 590 3441 szepius
618 3372 796 3427 docet.
832 3373 1069 3444 Insignis
1115 3376 1274 3445 plane
1326 3376 1505 3439 locus,
1555 3391 1665 3446 quo

133 3459 204 3516 illa
232 3464 289 3518 ad
335 3464 734 3535 Philippenses,
778 3483 897 3520 cum
926 3468 1184 3537 episcopis
1224 3478 1274 3522 et
1322 3468 1662 3534 diaconibus,

135 3556 352 3624 explicat.
381 3577 400 3609 ι
421 3557 540 3613 Hoc
566 3568 668 3623 est,
696 3560 894 3629 inquit,
925 3575 1050 3614 cum
1081 3558 1252 3613 Paulo
1275 3568 1329 3614 et
1354 3559 1663 3624 Timotheo,

136 3646 208 3713 qui
233 3648 404 3719 utique
441 3650 687 3720 episcopi
719 3660 895 3713 erant,
932 3651 1095 3706 simul
1125 3660 1181 3705 et
1208 3650 1558 3722 signiﬁcavit,
1612 3660 1667 3706 et

134 3735 357 3796 diaconos
378 3744 470 3813 qui
504 3743 892 3798 ministrabant
915 3743 989 3799 ei.
1022 3744 1101 3798 Ad
1129 3745 1339 3814 plebem
1361 3744 1505 3798 enim
1531 3745 1669 3798 scri-

135 3828 213 3885 bit.
238 3831 360 3889 Nam
391 3836 438 3891 si
470 3834 746 3906 episcopis
778 3835 1064 3901 scriberet,
1120 3846 1171 3891 et
1210 3836 1560 3901 diaconibus,
1594 3837 1664 3891 ad

136 3938 361 3990 personas
407 3942 598 3982 eorum
633 3929 913 3991 scriberet,
962 3939 1017 3983 et
1043 3929 1148 3983 loci
1186 3929 1361 3999 ipsius
1407 3930 1668 3999 episcopo

138 4015 441 4071 scribendum
474 4027 614 4079 erat,
645 4034 753 4072 non
784 4019 1000 4073 duobus
1024 4019 1108 4072 vel
1131 4019 1324 4080 tribus,
1357 4020 1501 4073 sicut
1522 4030 1574 4073 et
1601 4019 1667 4073 ad

138 4099 287 4158 Titum
320 4117 371 4160 et
399 4107 768 4162 Timorheum.
803 4128 820 4160 ι
848 4107 1035 4179 Neque
1065 4110 1248 4164 minus
1272 4109 1500 4165 illustris
1515 4111 1668 4165 locus

139 4191 210 4248 ille
237 4207 328 4261 est,
355 4214 463 4268 quo
495 4200 660 4254 verba
691 4200 794 4255 ista
823 4214 836 4252 :
872 4199 1161 4271 Propterea
1186 4201 1334 4255 debet
1356 4204 1549 4256 mulier
1571 4219 1666 4271 po-

140 4291 344 4340 testatem
374 4289 562 4343 habere
586 4307 745 4360 supra
775 4300 952 4360 caput,
983 4293 1145 4346 etiam
1172 4302 1383 4362 propter
1430 4293 1663 4363 angelos,

143 4370 286 4429 lCor.
315 4395 522 4449 cap.xr,
554 4396 698 4436 vers.
742 4380 831 4447 l0,
856 4382 1133 4451 explanat.
1160 4382 1493 4437 Potestatem
1534 4402 1551 4432 ι
1577 4398 1668 4435 ve-

1767 542 1784 571 ι
1812 521 2065 592 Nunquid
2079 535 2271 577 omnes
2286 520 2515 591 apostoli
2532 519 2573 551 "
2586 519 2832 589 ?.Verum
2853 531 2957 587 est,
2986 522 3116 591 quia
3146 522 3201 576 in
3234 522 3308 577 Ec

1765 614 1929 669 clcsia
1966 629 2110 670 unus
2153 621 2238 668 est
2264 613 2571 683 episcopus.
2612 631 2632 666 ι
2668 613 2813 667 Idem
2849 614 2917 668 ad
2949 612 3141 668 ITim.
3173 629 3329 668 c.1v:

1771 723 1789 756 ε
1823 702 1978 761 Nunc
2040 712 2222 758 autem
2276 713 2481 774 septem
2538 703 2802 759 diaconos
2850 720 2972 760 esse
3008 716 3241 774 oportet,
3279 718 3334 761 et

1766 794 2079 865 aliquantos
2109 795 2475 865 presbyteros,
2506 803 2568 849 ut
2591 796 2700 850 bini
2731 797 2842 850 sint
2864 812 2959 866 per
2973 797 3253 863 ecclesias,
3279 808 3333 853 et

1768 903 1909 942 unus
1932 887 1987 941 in
2018 886 2236 941 civitate
2261 887 2601 956 episcopus.)
2624 886 2696 940 De
2721 886 3010 943 Timotheo
3036 890 3111 943 ita
3148 890 3332 960 loqui-

1765 989 1855 1031 tur
1889 977 1942 1030 in
1976 975 2250 1031 Prommio
2283 996 2334 1031 :c
2373 975 2529 1032 Hunc
2551 993 2681 1048 ergo
2706 978 2816 1047 jam
2848 989 3093 1035 creatum
3124 982 3332 1051 episco-

1766 1084 1894 1138 pum
1928 1069 2155 1124 instruit
2178 1084 2275 1138 per
2300 1069 2610 1139 epistolam,
2644 1072 2921 1141 quomodo
2949 1074 3171 1129 deberet
3222 1073 3332 1129 Ec-

1766 1159 1988 1215 clesiam
2039 1161 2315 1216 ordinare.
2358 1180 2375 1212 ι
2406 1160 2622 1217 Pariter
2683 1174 2737 1219 et
2786 1164 2853 1219 de
2886 1164 3010 1220 Tito
3043 1182 3057 1217 :
3087 1186 3106 1218 ε
3146 1166 3331 1222 Titum

1765 1253 2059 1321 Apostolus
2081 1254 2419 1309 consecravit
2440 1255 2779 1325 episcopum,
2806 1267 2861 1311 et
2882 1257 3003 1313 ideo
3023 1272 3335 1316 commonet

1764 1358 1889 1398 eum
1924 1353 1983 1398 ut
2014 1344 2084 1398 sit
2107 1345 2377 1400 sollicitus
2412 1345 2467 1399 in
2498 1348 2873 1403 ecclesiastica
2905 1350 3267 1406 ordinatione.
3310 1372 3327 1400 ο

1766 1435 1843 1491 Ex
1874 1437 2075 1506 quibus
2107 1438 2363 1492 omnibus
2412 1448 2639 1509 apparet
2692 1448 2931 1495 veterem
2964 1442 3111 1497 hunc
3140 1454 3335 1498 auctos

1763 1542 1898 1590 rem,
1917 1528 2011 1598 qui
2034 1538 2162 1583 ante
2178 1528 2626 1600 Chrysostomum
2643 1541 2695 1586 et
2714 1530 3100 1604 Hieronymum
3118 1535 3183 1590 de
3204 1551 3338 1591 con-

1764 1619 1983 1675 fusione
2011 1621 2295 1676 nominum
2314 1622 2597 1692 scripsisse
2618 1624 2853 1691 videtur,
2886 1625 3193 1696 singulares
3215 1630 3334 1696 epi-

1765 1728 1960 1783 sc0pos
1990 1714 2366 1783 apostolorum
2399 1731 2514 1770 aevo
2544 1716 2597 1769 in
2646 1716 2960 1773 civitatibus
3003 1719 3335 1775 constitutos

1764 1809 2072 1879 agnovisse.
2105 1808 2376 1879 Pelagius,
2416 1818 2478 1864 ut
2499 1811 2734 1877 videtur,
2765 1820 2958 1867 auctor
2986 1811 3339 1868 Commenta-

1764 1899 1969 1954 riorum
2002 1901 2057 1954 in
2093 1900 2365 1970 Epistolas
2404 1901 2563 1957 Pauli
2600 1902 2930 1976 Hieronymo
2970 1906 3337 1976 ascriptorum

1764 1990 1819 2044 in
1851 1989 1993 2060 lEp.
2022 1991 2089 2045 ad
2113 1989 2351 2045 Timoth.
2388 2008 2435 2046 c.
2471 2008 2568 2047 lll:
2608 2012 2629 2045 ι
2667 1993 2943 2060 Quaeritur
2970 2011 3069 2050 cur
3110 1997 3178 2052 de
3213 2012 3340 2065 pre-

1764 2082 2001 2155 sbyteris
2041 2083 2247 2137 nullam
2285 2081 2451 2137 faciat
2490 2085 2847 2153 mentionem,
2893 2086 2987 2141 sed
3010 2102 3107 2142 eos
3136 2087 3190 2140 in
3216 2086 3337 2156 epi-

1765 2188 2057 2243 scoporum
2095 2174 2318 2229 nomine
2351 2169 2846 2245 com'prehenderit,
2872 2176 2999 2246 quia
3030 2176 3331 2241 secundus,

1767 2266 1878 2319 imo
1933 2280 2070 2333 pene
2108 2281 2249 2321 unus
2298 2275 2383 2320 est
2411 2266 2635 2335 gradus.
2670 2286 2689 2318 ι
2724 2266 2871 2323 Duos
2906 2268 3072 2337 igitur
3104 2269 3332 2339 gradus,

1765 2355 2018 2425 quamvis
2046 2370 2155 2410 non
2183 2371 2515 2427 magnopere
2563 2357 2852 2425 distantes,
2881 2359 2985 2414 sub
3017 2374 3125 2413 uno
3174 2360 3336 2413 titulo

1765 2447 2191 2517 comprehensos
2218 2448 2460 2518 agnovit.
2490 2446 2622 2515 Quae
2652 2449 3332 2519 transcripsitPrimasius,

1765 2538 1858 2607 qui
1892 2538 1961 2592 ad
1992 2536 2373 2608 Philippenses
2415 2539 2664 2595 notavit:
2701 2560 2719 2591 ι
2753 2540 3055 2611 Episcopos
3104 2542 3193 2597 hic
3224 2558 3335 2597 non

1766 2631 1942 2685 solum
1976 2630 2282 2700 pontiﬁces,
2313 2630 2409 2685 sed
2444 2640 2497 2685 et
2528 2632 2874 2703 presbyteros
2896 2632 3272 2703 intelligimus.
3312 2653 3329 2685 ι

1836 2720 2080 2793 Denique
2130 2721 2497 2794 Hieronymus
2549 2723 2643 2792 qui
2700 2733 2827 2793 post
2868 2723 3336 2784 Ambrosiastrum

1767 2809 2136 2871 Romanorum
2167 2814 2522 2869 diaconorum
2554 2815 2754 2869 fastum
2780 2831 2888 2870 non
2932 2816 3113 2871 minus
3141 2818 3339 2871 acriter

1765 2908 2072 2979 castigavit,
2121 2916 2177 2963 et
2230 2908 2541 2964 confusioni
2595 2911 2883 2965 nominum
2915 2911 3051 2967 adeo
3099 2911 3338 2977 inhaesit,

1766 3009 1826 3055 ut
1850 3001 1990 3055 idem
2036 3000 2277 3070 episcopi
2309 3008 2363 3055 et
2406 3001 2705 3072 presbyteri
2735 3001 2971 3057 cilicium
3002 3011 3059 3057 et
3084 3003 3336 3058 eumdem

1767 3095 2036 3157 ordinem,
2060 3093 2188 3148 dum
2215 3096 2388 3149 sancti
2414 3093 2609 3150 Petrus
2632 3104 2685 3150 et
2702 3094 2902 3150 Paulus
2931 3096 3195 3162 viverent,
3214 3112 3339 3151 cre-

1767 3186 1973 3241 didisse
2000 3186 2283 3252 videatur;
2318 3187 2437 3241 sine
2461 3187 2836 3242 controversia
2870 3197 3048 3243 tamen
3074 3203 3216 3258 saepe
3239 3188 3342 3243 do-

1765 3278 1881 3332 cuit
1918 3287 2028 3332 tres
2057 3279 2281 3348 gradus,
2334 3279 2547 3349 triaque
2576 3278 2748 3333 otIicia
2793 3288 2848 3333 et
2878 3281 3102 3335 nomine
3146 3288 3201 3334 et
3237 3295 3341 3351 po-

1767 3382 1959 3428 testate
1995 3373 2275 3439 distincta,
2306 3382 2603 3443 antequam
2655 3372 2712 3427 S.
2742 3372 2985 3445 lgnatius
3034 3374 3101 3429 ad
3136 3387 3343 3444 marty-

1766 3464 1910 3518 rium
1965 3464 2278 3527 duceretur,
2319 3464 2613 3519 exstitisse.
2665 3462 2794 3518 Htec
2834 3464 2980 3518 enim
3022 3465 3141 3533 ejus
3174 3466 3340 3519 verba

1767 3566 1897 3611 sunt
1920 3557 2149 3625 epistola
2175 3557 2241 3618 ad
2266 3555 2553 3625 Evagrium
2579 3573 2592 3610 :
2618 3575 2635 3606 ι
2660 3554 2730 3609 Ut
2753 3556 2994 3611 sciamus
3018 3556 3343 3611 traditiones

1768 3648 2098 3718 apostolicus
2151 3656 2398 3718 sumptas
2439 3648 2507 3703 de
2555 3646 2738 3702 Veteri
2791 3647 3161 3713 Testamento,
3189 3649 3341 3717 quod.

1767 3740 1950 3793 Aaron
1983 3748 2038 3794 et
2076 3738 2170 3793 ﬁlii
2195 3738 2315 3809 ejus
2348 3749 2513 3809 atque
2563 3739 2740 3794 levita:
2770 3739 2823 3793 in
2862 3740 3065 3809 templo
3093 3737 3341 3801 fuerunt.

1770 3834 1874 3887 hoc
1901 3832 2005 3885 sibi
2033 3831 2299 3901 episcopi,
2357 3832 2661 3903 presbyteri
2707 3840 2764 3887 et
2795 3831 3014 3886 diaconi
3057 3831 3340 3886 vindicent

1770 3928 1826 3981 in
1854 3925 2116 3981 Ecclesia.
2156 3944 2173 3976 ι
2211 3925 2498 3992 Quomodo
2528 3934 2709 3979 autem
2738 3925 2853 3979 haec
2874 3923 3094 3978 traditio
3124 3931 3346 3992 aposto-

1768 4019 1873 4074 lica
1905 4033 2029 4072 esse
2062 4017 2261 4087 potuit,
2314 4016 2595 4086 quomodo
2646 4032 2715 4071 ex
2756 4015 2935 4071 Veteri
2986 4014 3344 4071 Testamento

1769 4112 2077 4180 desumpta,
2106 4109 2153 4165 si
2186 4124 2297 4162 non
2322 4109 2696 4179 apostolorum
2728 4124 2847 4163 aevo
2890 4109 3202 4163 exstiterint
3229 4108 3347 4176 epi-

1771 4204 1920 4273 scopi
1949 4202 2283 4273 presbyteris
2303 4202 2637 4270 superiores,
2663 4202 3126 4271 quemadmodum
3161 4202 3345 4255 Aaron

1770 4306 1825 4351 et
1869 4293 2048 4349 oﬂicio
2080 4303 2133 4348 et
2181 4293 2446 4364 dignitate
2479 4292 2606 4349 ﬁliis
2637 4293 2887 4363 superior
2938 4292 3075 4347 fuit?
3095 4293 3207 4347 Aut
3236 4308 3345 4363 qua

1770 4386 1983 4441 ratione
2028 4385 2171 4439 hanc
2215 4395 2455 4439 mentem
2487 4382 2807 4454 Hieronymi
2848 4383 3021 4438 fuisse
3068 4383 3344 4452 quispiam

144 4464 289 4521 lamen
323 4472 678 4540 signiﬁcavit,
722 4473 947 4543 angelos
990 4473 1279 4544 episcopos
1327 4473 1481 4538 dicit,
1524 4474 1665 4529 sicut
1696 4482 1740 4537 D
1768 4479 2067 4551 negaverit,
2087 4477 2181 4547 qui
2201 4477 2315 4532 hzec
2336 4492 2461 4531 eum
2480 4476 2683 4531 diserte
2711 4475 2999 4543 scripsisse
3020 4474 3089 4529 ad
3107 4473 3344 4528 Mattbmi

144 4556 331 4613 docetur
355 4562 406 4615 in
433 4563 759 4634 Apocalypsi
799 4563 1048 4620 Joannis.
1083 4563 1151 4617 Et
1174 4568 1300 4635 quia
1337 4567 1527 4636 utique
1570 4566 1671 4621 ho-

145 4651 289 4707 mines
314 4664 456 4719 sunt,
482 4656 625 4725 quod
658 4672 767 4711 non
799 4657 1138 4726 corriperent
1162 4658 1370 4727 plebem
1391 4700 1405 4725 ,
1431 4674 1674 4728 arguun-

145 4749 239 4805 tur;
283 4755 330 4800 et
378 4748 522 4817 quod
551 4756 758 4804 rectum
795 4757 881 4804 est
920 4750 975 4803 in
1023 4749 1130 4805 illis
1159 4750 1439 4805 laudatur.
1475 4750 1670 4805 Mulier

146 4848 249 4902 ergo
270 4837 462 4894 idcirco
487 4840 645 4896 debet
668 4841 849 4895 velare
871 4851 1053 4910 caput,
1082 4841 1211 4911 quia
1242 4857 1350 4896 non
1378 4851 1462 4896 est
1492 4843 1672 4913 imago

149 4921 240 4983 Dei.
267 4929 351 4983 sed
388 4940 445 4985 ut
477 4931 796 4986 ostendatur
835 4931 1101 5001 subjecta.
1139 4931 1204 4986 Et
1248 4933 1379 5002 quia
1412 4934 1670 5002 praevari-

148 5017 262 5071 catio
287 5035 376 5088 per
392 5022 538 5076 illam
563 5022 816 5076 inchoata
846 5029 949 5090 est,
973 5023 1079 5077 hoc
1100 5022 1240 5092 signi
1265 5022 1425 5077 debet
1448 5023 1669 5085 habere,

150 5117 194 5158 ut
223 5108 270 5162 in
289 5110 520 5169 Ecclesia
548 5126 768 5184 propter
784 5116 1139 5171 reverentiam
1166 5115 1527 5185 episcopalem
1561 5130 1671 5169 non

151 5195 313 5256 habeat
337 5215 496 5276 caput
525 5207 782 5274 liberum,
832 5208 924 5263 sed
964 5208 1233 5263 velamine
1272 5217 1515 5274 tectum,
1572 5222 1673 5261 nec

152 5288 314 5348 habeat
335 5307 652 5365 potestatem
683 5299 958 5370 loquendi,
1008 5300 1137 5370 quia
1160 5300 1450 5369 episcopus
1478 5314 1673 5369 perso-

153 5394 253 5436 nam
270 5385 422 5443 habet
449 5389 670 5446 Christi.
690 5392 857 5456 Quasi
879 5406 1009 5461 ergo
1030 5399 1157 5445 ante
1177 5391 1417 5461 judieem
1446 5390 1526 5446 sic
1547 5398 1675 5444 ante

155 5473 446 5546 ePiscopum,
464 5484 590 5550 quia
612 5482 847 5537 vicarius
874 5481 1087 5537 Domini
1105 5493 1209 5545 est,
1241 5491 1462 5552 propter
1492 5491 1675 5537 reatus

156 5562 399 5633 originem,
447 5571 690 5641 subjecta
734 5573 894 5627 debet
920 5570 1112 5627 videri.
1136 5591 1157 5625 ι
1192 5570 1259 5627 Et
1281 5572 1447 5641 paulo
1497 5581 1621 5641 post
1657 5586 1672 5623 :

161 5652 298 5717 'Quia
324 5660 387 5713 ab
413 5678 521 5717 uno
538 5664 699 5720 Patre
728 5676 855 5720 sunt
887 5664 1091 5732 omnia,
1122 5666 1367 5736 singulos
1389 5666 1675 5735 episcopos

215 5744 249 5775 δ’
280 5744 440 5806 lCor.
468 5768 564 5823 ιιι,
600 5754 689 5811 29.
765 5755 812 5787 ’⁵⁸
859 5752 1032 5810 lCOf-
1072 5769 1110 5823 Ι,
1138 5754 1227 5822 12.

1773 4585 1893 4639 cap.
1930 4585 2091 4635 χχιιι,
2127 4569 2381 4623 noverit:
2423 4587 2442 4619 ι
2465 4566 2621 4633 Quod
2656 4565 2903 4620 fecerunt
2925 4575 2979 4619 et
2998 4565 3229 4634 apostoli
3252 4582 3349 4635 per

1774 4661 2016 4732 singulas
2048 4659 2359 4728 provincias
2405 4658 2754 4728 presbyteros
2783 4664 2839 4711 et
2864 4657 3157 4726 episcopos
3191 4658 3346 4712 ordi-

1774 4762 1986 4807 nantes.
2025 4770 2044 4803 ι
2083 4750 2227 4805 Idem
2251 4751 2305 4804 in
2326 4748 2736 4804 Commentario
2765 4748 2833 4802 ad
2864 4747 3048 4803 Titum
3084 4764 3097 4802 :
3132 4768 3150 4802 ι
3180 4750 3349 4805 Ante-

1775 4859 1939 4913 quam
1973 4842 2175 4897 diaboli
2211 4841 2473 4897 instinctu
2519 4840 2697 4895 studia
2743 4841 2799 4895 in
2833 4840 3102 4913 religione
3132 4841 3347 4907 ﬁerent,

1775 4947 1827 4990 et
1856 4935 2127 4990 diceretur
2164 4934 2219 4987 in
2250 4933 2464 5003 populis
2498 4950 2511 4986 ε
2535 4932 2646 5003 Ego
2669 4949 2783 4986 sum
2814 4931 2998 4999 Pauli,
3025 4950 3117 5004 ego
3135 4933 3346 5004 Apollo,

1774 5043 1866 5098 ego
1897 5035 2072 5080 autem
2107 5026 2293 5095 Cephas
2316 5025 2381 5090 ⁸⁸,
2414 5025 2694 5079 communi
2724 5025 3170 5097 presbyterorum
3216 5039 3318 5079 con

1777 5119 1901 5173 silio
1923 5117 2167 5173 ecclesia:
2192 5117 2636 5188 gubernabantur
2665 5133 2677 5167 :
2708 5125 2997 5185 postquam
3021 5131 3147 5170 vero
3174 5131 3349 5169 unus--

1777 5210 2009 5279 quisque
2031 5224 2125 5263 eos
2141 5222 2280 5277 quos
2298 5208 2687 5276 baptizaverat,
2707 5222 2839 5261 suos
2852 5206 3061 5275 putavit
3076 5220 3217 5271 esse,
3241 5220 3348 5257 non

1776 5302 2003 5367 Christi,
2040 5303 2093 5355 in
2118 5311 2231 5356 toto
2264 5300 2396 5356 orbe
2425 5300 2707 5354 decretum
2732 5306 2835 5364 est,
2869 5306 2929 5351 ut
2954 5312 3097 5351 unus
3126 5298 3192 5351 de
3225 5312 3350 5366 prc-

1778 5391 2011 5460 sbyteris
2041 5389 2248 5444 electus
2295 5397 2759 5459 superponeretur
2805 5388 3037 5453 caeteris,
3086 5386 3154 5441 ad
3184 5403 3348 5457 quem

1778 5482 1959 5537 omnis
1983 5480 2240 5537 Ecclesiae
2266 5496 2397 5535 cura
2432 5481 2751 5549 pertineret,
2780 5488 2834 5533 et
2876 5479 3238 5534 schismatum
3266 5497 3355 5535 se-

1779 5576 1925 5629 mina
1955 5574 2295 5629 tollerentur.
2321 5592 2338 5624 ι
2359 5571 2423 5625 Ει
2454 5587 2647 5625 rursus
2684 5588 2699 5623 :
2727 5590 2745 5621 ι
2771 5570 2929 5637 Quod
2958 5580 3139 5626 autem
3166 5583 3351 5641 postca

1780 5683 1924 5725 unus
1969 5666 2176 5729 elec'us
2204 5675 2307 5731 est,
2354 5663 2406 5718 in
2455 5663 2769 5719 sch‘ismatis
2796 5664 3103 5719 remedium
3144 5664 3350 5721 factum
