3768 6300
377 264 472 321 451

1399 263 1458 321 S.
1492 260 1844 320 lCN‘ATlUS.
1886 291 1953 301 -
1994 258 2532 318 PROLECOMENA.

3535 267 3644 325 £39.

377 397 463 444 est
484 406 499 442 :
520 402 587 442 ne
600 386 978 456 unusquisque
1011 385 1077 440 ad
1108 398 1167 439 se
1190 383 1414 439 trahens
1435 383 1957 440 CbristiEcclesiam
1990 389 2039 446 Α
2067 392 2308 453 tempora
2335 381 2634 438 discrimen
2664 380 2797 439 illud
2838 382 3298 454 inter'episcopos
3327 391 3386 440 et
3411 388 3645 458 premy-

378 486 675 550 rumperet.
702 474 839 531 Nam
870 486 925 532 et
961 474 1302 529 Alexandria
1330 490 1361 529 a
1391 473 1575 530 Marco
1614 474 1951 547 evangelista

376 587 555 642 usque
578 572 644 627 ad
669 570 949 626 llerac‘lam
978 578 1029 625 et
1052 569 1369 642 Dionysium
1397 572 1703 642 episcopos,
1733 573 1955 643 presby-

2065 482 2209 530 teros
2242 475 2549 545 agnovisse,
2583 475 2677 546 qui
2698 475 2881 531 sciunt
2908 491 3025 530 rem
3046 491 3169 532 esse
3197 476 3643 547 antiquissimam

2058 573 2121 619 ut
2148 566 2257 619 duo
2288 565 2343 618 hi
2382 565 2604 621 ordines
2652 567 2705 620 in
2757 565 2997 622 Ecclesia
3054 565 3258 621 fuerint
3286 566 3560 634 distincti,
3594 571 3639 624 si

376 666 478 720 teri
509 680 723 735 semper
752 680 919 719 unum
944 679 1009 718 ex
1047 680 1104 719 se
1125 664 1357 718 electum
1392 664 1445 717 in
1470 664 1757 719 excelsiori
1782 663 1955 734 gradu
2054 657 2401 725 excipiantur
2428 658 2731 726 apostolica
2765 667 3029 729 tempora.
3065 677 3085 710 ι

378 754 702 809 collocatum
739 753 1057 824 episcopum
1118 754 1497 808 nominabant.
1539 772 1557 805 ι
1595 752 1720 809 llac
1758 754 1950 826 igitur,

364 847 496 901 ‘siue
535 845 685 900 omni
738 845 1135 911 controversia,
1192 844 1251 901 S.
1310 845 1628 917 Hieronymi
1679 846 1952 901 sententia

376 939 499 1006 fuit,
533 939 702 1010 quod,
758 939 886 993 licet
945 940 999 994 in
1043 939 1263 1009 scriptis
1294 940 1632 1009 apostolicis,
1678 940 1952 1010 pracipue

354 1027 505 1081 dum
538 1027 779 1083 viverent
808 1027 1006 1084 Petrus
1055 1038 1109 1084 et
1137 1026 1372 1095 Paulus,
1403 1030 1614 1084 nullum
1655 1030 1948 1085 discrimen

377 1121 519 1177 inter
546 1137 643 1178 eos
676 1123 770 1193 qui
804 1123 1044 1193 episeOpi
1067 1132 1121 1177 et
1144 1124 1447 1194 presbyteri
1474 1124 1818 1188 dicebantur,
1846 1123 1950 1194 ipsi

373 1215 711 1285 apparuerit,
746 1216 889 1270 seris
928 1224 1108 1269 tamen
1159 1216 1533 1284 apostolorum
1586 1216 1949 1285 temporibus,

373 1309 457 1364 vel
490 1309 652 1379 paulo
686 1318 812 1363 ante
837 1309 1045 1363 obitum
1066 1306 1214 1364 Petri
1248 1318 1302 1364 et
1328 1308 1506 1375 Pauli,
1532 1309 1616 1363 vel
1649 1319 1796 1363 certe
1825 1319 1950 1364 ante

374 1410 607 1455 mortem
640 1399 699 1455 S.
735 1400 984 1468 Joannis,
1011 1399 1067 1454 in
1091 1410 1203 1455 toto
1225 1402 1359 1456 orbe
1381 1401 1659 1455 decretum
1693 1409 1857 1464 esset,
1890 1409 1951 1454 ut

373 1507 516 1546 unus
552 1498 1016 1561 superponerctur
1059 1489 1295 1555 cateris,
1333 1489 1399 1543 ad
1432 1504 1594 1558 quem
1626 1488 1807 1542 omnis
1848 1485 1949 1541 Ec-

372 1584 553 1639 clesia
574 1600 707 1639 cura
734 1584 1051 1653 pertineret,
1076 1590 1130 1636 et
1156 1582 1249 1651 qui
1281 1582 1570 1651 episcopus
1593 1579 1815 1649 proprie
1844 1592 1947 1632 no-

374 1677 694 1731 minaretur.
719 1675 832 1731 lloc
857 1691 921 1730 ex
951 1674 1250 1745 apostolica
1286 1673 1579 1727 traditione
1612 1669 1944 1740 profectum;

373 1767 480 1821 hoc
507 1775 730 1837 prepter
758 1766 1053 1821 schismata
1094 1773 1335 1835 tempore
1383 1763 1753 1833 apostolorum
1799 1771 1946 1816 certe
1981 1791 2023 1849 Β

372 1865 493 1911 orta
520 1856 890 1911 introductum
920 1854 1146 1920 docuit;
1181 1853 1346 1923 hujus
1377 1853 1455 1907 rei
1504 1852 1846 1907 Alexandria
1876 1851 1945 1905 ab

372 1950 494 2019 ipso
528 1948 586 2003 S.
635 1948 819 2003 Marco
851 1947 1352 2003 luculentissimum
1384 1944 1665 2000 exstitisse
1695 1944 1947 1999 testimo-

370 2040 522 2094 nium
546 2037 855 2109 perhibuit;
886 2037 1031 2108 quod
1062 2036 1304 2107 primum
1331 2034 1625 2105 singularis
1656 2033 1946 2103 episcopa-

372 2143 460 2187 tus
482 2132 791 2203 exemplum
828 2131 1076 2201 putavit;
1113 2136 1168 2183 et
1200 2129 1381 2198 ipsum
1429 2126 1651 2195 quidem
1684 2135 1798 2180 tum
1831 2126 1948 2181 sin-

367 2225 573 2293 gulare.
588 2223 722 2279 Nam
747 2239 813 2279 ex
844 2224 962 2293 ejus
994 2221 1265 2277 sententia
1299 2219 1515 2274 Marcus
1543 2238 1562 2271 ι
1592 2229 1842 2275 mortuus
1862 2228 1947 2274 est

369 2326 563 2373 octavo
588 2315 821 2371 Neronis
852 2329 1020 2377 anno,
1054 2323 1109 2369 et
1147 2314 1394 2383 sepultus
1426 2312 1791 2378 Alexandriae,
1821 2327 1947 2367 suc-

366 2410 595 2465 cedente
637 2409 741 2464 sibi
769 2409 1005 2473 Aniano,
1046 2426 1065 2460 i
1097 2416 1155 2462 ut
1178 2405 1347 2460 refert
1378 2407 1432 2459 in
1486 2405 1770 2476 Catalogo.
1817 2405 1946 2460 Inde

375 2500 527 2556 viros
555 2514 747 2556 omnes
760 2500 1090 2571 singulares,
1111 2500 1205 2570 qui
1221 2499 1329 2554 illis
1345 2498 1682 2569 temporibus
1699 2497 1944 2553 ecclesiis

366 2592 729 2662 praefuerunt,
763 2606 979 2663 semper
1006 2594 1291 2662 episcopos
1318 2592 1540 2662 proprie
1569 2592 1825 2663 appellat.
1871 2590 1945 2646 De

369 2684 636 2740 Romanis
663 2686 716 2739 in
752 2684 1012 2755 Catalogo
1041 2701 1054 2737 :
1094 2702 1112 2735 ι
1151 2684 1403 2740 Clemens
1429 2694 1660 2754 quartus
1690 2693 1815 2754 post
1839 2682 1942 2740 Pe—

370 2790 515 2832 trum
555 2777 742 2831 Romae
781 2778 1115 2847 episcopus;
1159 2776 1428 2846 siquidem
1473 2776 1748 2833 secundus
1774 2776 1945 2833 Linus

367 2871 471 2926 fuit
497 2881 549 2925 et
576 2871 769 2926 tertius
813 2871 1022 2925 Cletus.
1061 2890 1080 2923 ›
1111 2869 1283 2940 Cujus
1318 2879 1591 2926 exsortem
1616 2878 1942 2941 potestatem

368 2962 592 3029 indicat,
620 2963 687 3017 ad
718 2960 872 3017 Isaia
897 2977 1015 3032 cap.
1032 2977 1159 3016 Llll:
1185 2981 1201 3013 ‹
1222 2961 1473 3017 Clemens
1486 2963 1570 3016 vir
1583 2964 1939 3033 apostolicus,

367 3055 461 3124 qui
495 3063 618 3124 post
643 3053 866 3110 Petrum
898 3053 1198 3109 Romanam
1229 3055 1370 3109 rexit
1403 3052 1724 3123 Ecclesiam,
1751 3056 1944 3111 scribit

2123 747 2309 815 Quare
2334 765 2459 805 cum
2495 758 2607 805 tres
2642 750 2865 806 ordines
2903 752 3021 806 sive
3053 752 3258 823 gradus
3290 766 3486 806 sacros
3511 761 3647 809 tunc

2055 856 2178 895 cum
2241 840 2299 895 S.
2357 841 2599 912 lgnatius
2647 844 2912 913 epistolas
2965 844 3256 914 scripsisse
3299 844 3531 907 dicitur,
3590 844 3643 897 in

2051 930 2381 989 Christianis
2406 935 2741 1001 civitatibus,
2768 936 3144 1005 acprasertim
3175 935 3648 998 Asiaticis,exsti-

2054 1024 2185 1080 tisse
2209 1041 2427 1080 summo
2453 1038 2697 1081 veterum
2728 1043 3000 1082 consensu
3028 1035 3239 1082 constet
3257 1045 3273 1093 ;
3291 1043 3421 1082 Clllﬂ
3444 1042 3648 1095 quam-

2053 1116 2274 1185 plurimi
2304 1117 2550 1187 ejusdem
2594 1119 2777 1174 saculi
2812 1134 2922 1173 non
2968 1120 3129 1174 aliter
3152 1135 3317 1189 quam
3346 1120 3419 1174 de
3448 1127 3536 1173 tot
3560 1118 3646 1173 di-

2053 1209 2269 1265 stinctis
2309 1219 2364 1266 et
2407 1210 2584 1266 ollicio
2627 1220 2681 1266 et
2725 1212 2948 1266 nomine
2987 1213 3245 1282 gradibus
3286 1212 3457 1266 locuti
3486 1212 3641 1277 sint;

2053 1319 2176 1357 cum
2222 1320 2385 1358 nemo
2426 1319 2669 1374 unquam
2719 1304 2966 1375 ejusdem
3015 1306 3115 1360 avi
3144 1320 3512 1376 quemquam,
3546 1306 3641 1375 qui

2053 1394 2277 1449 secundi
2305 1394 2515 1449 ordinis
2538 1404 2704 1458 esset,
2731 1395 3049 1464 episcopum
3081 1395 3479 1465 appellaverit;
3511 1410 3639 1450 cum

2051 1485 2290 1556 denique
2324 1487 2484 1556 pauci
2534 1487 2632 1550 illi,
2673 1487 2767 1557 qui
2816 1502 2913 1542 eos
2960 1488 3053 1557 qui
3086 1486 3331 1557 episcopi
3388 1486 3639 1551 fuerant,

2051 1585 2175 1647 post
2211 1592 2401 1632 eorum
2450 1587 2705 1645 mortem,
2749 1588 2802 1634 et
2829 1578 2987 1649 quasi
3022 1579 3386 1649 antiquiores,
3421 1588 3641 1634 tantum

2051 1668 2404 1739 presbyteros
2438 1672 2776 1737 vocaverint,
2801 1672 3021 1741 quoties
3037 1684 3221 1727 autem
3244 1672 3475 1727 ordines
3500 1687 3642 1725 enu-

2052 1759 2318 1825 merandi,
2366 1769 2463 1815 aut
2504 1761 2571 1816 de
2599 1763 2684 1817 sui
2711 1764 2973 1833 temporis
3000 1764 3271 1819 ministris
3300 1764 3644 1833 evangelieis

2050 1852 2311 1922 loquendi
2361 1854 2582 1909 occasio
2630 1869 2691 1909 se
2722 1854 3015 1920 obtulerat,
3054 1855 3214 1908 aliter
3244 1855 3418 1910 locuti
3458 1864 3626 1921 sunt;

2046 1934 2187 1999 ratio
2219 1944 2366 1999 nulla
2395 1954 2637 2015 apparet,
2667 1960 2766 2001 cur
2789 1946 2898 2010 ille,
2922 1948 3014 2016 qui
3040 1963 3107 2001 eo
3132 1946 3297 2002 modo
3317 1948 3641 2003 distinctio-

2047 2050 2171 2089 nem
2198 2036 2455 2091 ordinum
2486 2037 2541 2090 in
2576 2036 2819 2106 epistolis
2842 2037 2958 2093 suis
2977 2046 3124 2093 caste
3151 2046 3207 2092 et
3228 2047 3501 2107 perpetuo
3520 2055 3638 2093 ser-

2048 2126 2216 2193 vavit,
2243 2141 2342 2196 pro
2378 2143 2506 2181 vero
2538 2128 2745 2197 lgnatio
2776 2128 3122 2183 Antiocheno
3162 2130 3260 2184 illo
3288 2139 3342 2184 et
3385 2140 3639 2201 martyre

2048 2234 2158 2273 non
2184 2220 2473 2275 habeatur.
2498 2218 2615 2274 Non
2651 2231 2734 2276 est
2770 2221 2898 2287 hoc,
2945 2237 3053 2276 non
3087 2230 3195 2288 est,
3223 2241 3244 2273 ι
3270 2237 3441 2292 supra
3466 2239 3639 2277 suum

2046 2312 2328 2377 saeculum,
2361 2327 2525 2381 supra
2574 2311 2773 2367 fratres
2810 2328 2945 2368 suos
2993 2314 3336 2369 venerandos
3386 2315 3637 2384 seipsum

2045 2402 2255 2458 eﬂ‘erre.
2284 2402 2505 2474 tNeque
2532 2405 2721 2460 dubito
2747 2407 2878 2475 quin
2904 2407 3189 2462 verissime
3219 2423 3470 2463 asserere
3502 2424 3637 2478 pose

2047 2494 2174 2559 sim,
2204 2494 2470 2564 lgnatium
2496 2505 2745 2551 nostrum
2776 2506 2890 2551 tum
2914 2497 3154 2568 episcopi
3176 2498 3243 2553 de
3272 2500 3493 2569 primis,
3521 2510 3636 2555 tum

2047 2587 2346 2659 presbyteri
2373 2588 2695 2645 vocabulum
2720 2589 2787 2645 de
2804 2585 3057 2646 secundis
3073 2589 3333 2647 Ecclesia
3358 2594 3639 2663 cujusque

2046 2680 2441 2745 sacerdotibus,
2470 2696 2569 2751 pro
2587 2682 2669 2737 sui
2691 2683 2875 2737 saeculi
2899 2698 3002 2737 usu
3027 2692 3081 2737 ct
3107 2699 3283 2747 more,
3304 2700 3634 2754 usurpasse,

2045 2784 2154 2823 non
2179 2779 2389 2826 tantum
2422 2773 2475 2826 in
2511 2789 2787 2836 sermone,
2834 2775 2930 2829 sed
2968 2775 3023 2828 in
3066 2777 3537 2844 praceptionibus
3572 2792 3637 2830 ac

2046 2860 2485 2920 institutionibus
2531 2865 2923 2921 ecclesiasticis
2982 2867 3129 2921 hunc
3188 2882 3403 2922 morem
3462 2880 3636 2938 atque

2045 2968 2205 3008 usum
2230 2956 2572 3011 observasse.
2601 2955 2668 3012 Et
2712 2973 2838 3012 eum
2885 2959 2995 3014 sint
3020 2960 3270 3030 quadam
3303 2961 3634 3016 nominibus

2045 3046 2166 3101 lata
2187 3064 2251 3103 ac
2281 3049 2579 3118 preposita
2608 3051 2771 3120 leges,
2816 3067 3021 3122 easque
3052 3068 3309 3108 sermone
3349 3054 3633 3124 imprimis

366 3143 434 3198 ad
453 3143 792 3199 Corinthios.
815 3162 833 3195 ι
863 3142 1036 3197 Etlib.
1060 3160 1075 3197 ι
1102 3144 1366 3198 adversus
1392 3143 1779 3200 Jovinianum:
1814 3165 1832 3197 ι
1861 3145 1941 3200 Ad
1971 3147 2013 3204 C
2047 3141 2197 3196 claro
2223 3150 2277 3196 et
2315 3141 2462 3197 facili
2495 3152 2548 3197 et
2574 3143 2873 3215 unicuique
2902 3146 3240 3201 audientium
3270 3147 3440 3202 obvio
3457 3164 3525 3203 ac
3550 3148 3634 3202 fa-

366 3235 469 3290 bos
488 3246 543 3307 et
564 3234 817 3290 Clemens
842 3250 1129 3290 successor
1152 3236 1383 3305 apostoli
1410 3234 1576 3302 Petri,
1604 3236 1764 3307 cujus
1795 3236 1939 3291 Pau-

366 3328 453 3383 lus
488 3327 769 3398 apostolus
796 3327 1064 3391 meminit,
1098 3327 1290 3383 scribit
1323 3328 1608 3398 epistolas.
1640 3347 1660 3380 ι
1694 3328 1769 3384 De
1811 3329 1941 3385 Hie-

368 3419 779 3485 rosolymitanis
839 3418 908 3474 ad
964 3418 1185 3475 Galatas
1252 3436 1372 3491 cap.
1412 3435 1427 3474 I
1467 3437 1482 3476 :
1528 3440 1548 3472 ι
1599 3419 1698 3476 Hie
1756 3432 1937 3477 autem

363 3510 602 3568 Jacobus
635 3513 925 3583 episcopus
973 3510 1481 3584 Hierosolymorum
1540 3513 1752 3584 primus
1810 3513 1936 3581 fuit,

364 3613 728 3675 cognomento
748 3602 971 3671 Justus;
997 3605 1080 3659 vir
1098 3614 1263 3659 tanta
1291 3604 1597 3660 sanctitatis
1622 3614 1676 3660 et
1699 3606 1939 3660 rumoris

365 3697 419 3751 in
455 3696 679 3767 populo,
726 3704 788 3750 ut
838 3694 1112 3749 limbriam
1163 3695 1471 3749 vestimenti
1523 3695 1644 3765 ejus
1685 3697 1936 3750 certatim

363 3802 623 3860 cuperent
651 3789 939 3858 attingere.
978 3786 1083 3854 Qui
1129 3797 1183 3843 et
1216 3788 1330 3857 ipse
1362 3798 1550 3857 postea
1581 3788 1647 3843 de
1679 3788 1881 3858 templo
1905 3803 1937 3843 a

361 3880 564 3936 Judais
592 3881 959 3950 pracipitatus
989 3883 1361 3935 successorem
1393 3879 1581 3934 habuit
1626 3878 1936 3935 Simeonem

363 3986 525 4042 quem
551 3979 607 4024 et
631 3970 809 4039 ipsum
835 3970 1056 4024 tradunt
1081 3983 1180 4037 pro
1203 3967 1435 4022 Domino
1451 3967 1841 4024 cruciﬁxum.»
1863 3968 1939 4026 De

362 4061 808 4126 Antiochenis,in
831 4059 1121 4129 Catalogo:
1145 4077 1164 4110 ι
1184 4057 1425 4130 lguatius
1450 4059 1806 4114 Antiochena
1831 4059 1936 4116 Ec-

363 4155 544 4210 clesia
589 4154 782 4209 tertius
808 4162 935 4223 post
971 4152 1195 4207 Petrum
1224 4152 1529 4222 apostolum
1558 4152 1871 4223 episcopus.
1910 4171 1930 4205 ι

362 4244 440 4299 De
468 4244 728 4299 Asianis:
764 4262 782 4294 ι
819 4240 1056 4296 Joannes
1104 4240 1385 4310 apostolus
1431 4239 1769 4295 novissimus
1817 4254 1938 4295 om-

361 4339 514 4394 nium
544 4334 765 4406 scripsit
796 4332 1149 4401 Evangelium
1200 4340 1426 4402 rogatus
1456 4332 1525 4386 ab
1548 4330 1690 4386 Asia
1720 4332 1934 4401 episco-

361 4431 464 4500 pis.
496 4446 515 4479 ι
550 4426 617 4480 Et
644 4426 699 4480 in
722 4423 914 4480 eodem
933 4422 1197 4495 Catalogo
1234 4439 1248 4477 :
1279 4441 1298 4474 ι
1334 4421 1670 4494 Polycarpus
1704 4421 1934 4479 Joannis

2044 3231 2245 3286 miliari
2276 3233 2487 3302 concipi
2519 3235 2794 3305 scribique
2815 3236 3026 3304 deceat,
3055 3238 3205 3293 nulla
3253 3238 3313 3292 iu
3359 3239 3433 3295 iis
3463 3257 3633 3296 voca-

2042 3322 2169 3378 bula
2196 3324 2361 3379 dubia
2390 3335 2443 3381 et
2475 3327 2710 3383 obscura
2740 3330 2977 3396 misceri,
3007 3331 3090 3386 vel
3122 3331 3445 3402 hujusmodi
3473 3334 3631 3389 deni-

2044 3433 2172 3489 que,
2204 3433 2439 3488 quorum
2487 3419 2718 3476 lectores
2764 3436 2871 3475 non
2920 3422 3105 3477 statim
3134 3422 3451 3492 intelligant
3499 3442 3628 3479 eum

2055 3508 2233 3577 ipsum
2261 3522 2382 3562 esse
2404 3524 2567 3577 quem
2589 3519 2781 3564 auctor
2800 3511 2973 3565 voluit
3000 3527 3241 3573 sensum.
3259 3514 3367 3568 hoc
3385 3516 3631 3571 maxime

2039 3600 2347 3655 observavit
2374 3599 2614 3670 lgnatius
2640 3612 2858 3671 noster;
2888 3619 3013 3659 nam
3038 3613 3091 3658 et
3106 3620 3300 3660 onmes
3346 3616 3485 3663 tunc
3529 3625 3631 3663 no-

2038 3702 2190 3760 runt,
2222 3696 2448 3749 secundi
2475 3696 2686 3752 ordinis
2717 3698 3051 3753 sacerdotem
3090 3715 3119 3753 a
3148 3702 3369 3756 nemine
3411 3705 3630 3773 episco—

2039 3800 2167 3855 pum
2191 3787 2374 3841 vocari
2405 3788 2602 3855 solere,
2630 3790 2698 3844 ab
2724 3791 2980 3846 omnibus
3006 3794 3429 3863 presbyterum;
3459 3798 3628 3865 primi

2044 3886 2227 3933 autem
2259 3878 2470 3934 ordinis
2510 3881 2849 3936 sacerdotem
2895 3882 2964 3936 ab
2995 3884 3251 3939 Omnibus
3293 3887 3625 3957 episcopum

2039 3970 2324 4039 appellari.
2358 3969 2495 4025 Cum
2530 3972 2697 4041 igitur
2720 3983 2911 4028 auctor
2947 3974 3302 4044 epistolarum
3333 3978 3406 4033 iis
3439 3981 3628 4034 nomi-

2038 4060 2202 4117 nibus
2238 4062 2305 4116 ad
2336 4063 2593 4117 ordinum
2621 4062 2919 4119 discrimen
2944 4066 3297 4122 indicandum
3333 4079 3626 4140 uteretur,

2039 4150 2269 4207 lectores
2309 4152 2492 4207 statim
2516 4153 2904 4209 intellexerunt
2932 4170 3056 4211 eum
3089 4157 3265 4226 ipsum
3298 4175 3429 4216 esse
3458 4178 3627 4232 quem

2039 4243 2129 4297 ille
2174 4243 2347 4298 voluit
2386 4260 2645 4311 sensum;
2696 4261 2873 4316 neque
2915 4260 3012 4303 eos
3052 4249 3246 4304 sedulo
3288 4267 3522 4307 monere
3562 4269 3629 4310 ac

2036 4334 2255 4399 docere,
2286 4350 2398 4404 quo
2430 4350 2593 4390 sensu
2622 4337 2707 4390 vel
2734 4339 2974 4409 episcopi
3004 4340 3087 4393 vel
3120 4343 3431 4413 presbyteri
3461 4360 3629 4401 voca'

2038 4422 2228 4478 bulum
2260 4423 2488 4496 intelligi
2513 4425 2766 4491 voluerit,
2799 4444 3025 4484 necesse
3054 4429 3177 4486 fuit.
3207 4430 3476 4490 Facessat
3522 4437 3628 4507 igi-

358 4519 588 4591 apostoli
623 4517 945 4587 discipulus,
972 4526 1026 4571 et
1053 4517 1120 4571 ab
1150 4532 1217 4571 eo
1251 4514 1497 4588 Smyrna
1526 4516 1817 4586 episcopus
1846 4532 1935 4571 or-
1966 4506 2010 4561 D
2040 4525 2127 4571 tur
2156 4517 2246 4573 hic
2278 4516 2511 4575 Dallaus
2547 4535 2673 4575 cum
2723 4522 2898 4577 turbis
2926 4532 2979 4577 et
3005 4525 3333 4581 tumultibus
3362 4543 3511 4597 quos
3532 4506 3629 4583 ex-

359 4614 601 4675 dinatus,
652 4610 824 4665 totius
870 4610 1016 4665 Asia
1065 4609 1319 4679 princeps
1373 4608 1497 4664 fuit.
1540 4626 1560 4660 ›
1604 4606 1711 4663 Et:
1743 4627 1762 4660 ι
1789 4606 1929 4663 Cum

358 4704 599 4772 lgnatius
628 4700 919 4773 Smyrnam
944 4701 1186 4755 venisset
1215 4701 1305 4755 ubi
1328 4700 1685 4773 Polycarpus,
1712 4699 1932 4754 auditor

355 4794 607 4857 Joannis,
631 4794 920 4863 episcopus
942 4791 1063 4847 fuit.
1096 4810 1115 4843 ι
1135 4791 1336 4849 Omnes
1366 4793 1529 4863 igitur
1571 4792 1647 4847 illi
1672 4793 1765 4861 qui
1793 4807 1931 4847 con-

360 4890 478 4943 fusa
509 4884 753 4955 episcopi
800 4894 854 4937 et
883 4885 1185 4954 presbyteri
1237 4885 1459 4937 nomina
1506 4883 1561 4939 in
1611 4883 1930 4954 apostolicis

355 4977 577 5046 scriptis
603 4975 966 5039 tradiderunt,
1002 4975 1167 5029 simul
1199 4976 1363 5030 etiam
1402 4976 1709 5031 docuerunt
1738 4977 1819 5031 vel
1859 4979 1930 5031 ab

354 5070 593 5141 origine,
649 5069 734 5123 vel
786 5068 1093 5122 viventibus
1128 5068 1309 5123 adhuc
1343 5066 1504 5123 Petro
1527 5080 1580 5124 et
1619 5069 1815 5135 Paulo,
1842 5071 1928 5125 vel

356 5172 483 5218 ante
531 5161 759 5217 secundi
806 5161 991 5217 saculi
1034 5162 1273 5226 initium,
1315 5164 1608 5233 superstite
1650 5163 1829 5218 adhuc
1865 5162 1925 5218 S.

360 5253 727 5319 loanne,’tres
760 5252 932 5308 fuisse
973 5253 1199 5307 ordines
1241 5269 1459 5318 sacros,
1504 5270 1597 5308 seu
1638 5256 1840 5325 gradus
1874 5255 1929 5309 in

355 5344 620 5402 Ecclesia.
648 5345 807 5412 Quod
843 5345 889 5400 si
920 5346 1023 5399 hoc
1046 5345 1115 5399 ab
1140 5344 1207 5411 iis
1233 5344 1472 5414 positum
1495 5354 1599 5413 est,
1638 5361 1800 5401 nemo
1832 5346 1932 5400 du-

355 5439 549 5494 bitabit
575 5439 716 5493 idem
749 5454 779 5492 a
809 5438 1038 5508 reliquis
1068 5438 1312 5506 agnitum
1345 5438 1537 5501 fuisse,
1559 5438 1650 5507 qui
1683 5439 1845 5493 toties
1870 5440 1927 5492 in

356 5534 417 5588 S.
465 5532 746 5602 Scriptura
798 5532 1182 5602 episcoporum
1239 5531 1574 5585 mentionem
1617 5531 1736 5586 ﬁeri
1778 5533 1931 5587 vide-

356 5635 504 5687 runt,
543 5640 643 5678 nec
671 5640 914 5692 unquam
955 5624 1021 5678 de
1045 5622 1371 5679 confusione
1400 5624 1689 5678 nominum
1718 5624 1929 5694 cegita-

355 5720 505 5775 bant.
525 5715 705 5783 Quare
732 5715 891 5769 Walo
908 5714 1249 5780 Messalinus,
1271 5717 1362 5785 qui
1381 5732 1569 5771 eorum
1602 5717 1928 5772 sententiam

356 5814 692 5875 secutusest,
706 5820 837 5860 suos
854 5821 1131 5875 nunquam
1148 5822 1373 5876 negasse
1389 5808 1490 5861 aitr
1517 5808 1739 5875 antiqua
1755 5806 1920 5862 etiam

2034 4606 2211 4661 citare
2239 4618 2493 4663 conatur.
2550 4607 2880 4680 Magnopere
2912 4612 3250 4667 commoveri
3287 4628 3353 4668 ac
3392 4625 3626 4670 contur-

2032 4701 2151 4754 bari
2172 4717 2363 4757 omnes
2377 4702 2632 4758 debuisse
2658 4713 2831 4773 putat,
2852 4703 2945 4775 qui
2969 4704 3265 4761 dictantem
3291 4709 3621 4765 audierant:

2039 4812 2057 4845 ι
2091 4793 2427 4864 Presbyteri,
2462 4795 2665 4849 subditi
2700 4806 2873 4852 estote
2894 4798 3203 4869 episcopo.»
3236 4798 3439 4854 Fateor
3464 4804 3624 4871 equi~

2032 4885 2177 4949 dem,
2210 4885 2255 4939 si
2286 4900 2469 4941 mores
2505 4885 2948 4943 Christianorum
2973 4892 3201 4945 secundi
3241 4892 3395 4946 illius
3432 4895 3621 4947 saculi

2033 4977 2100 5031 ad
2127 4986 2448 5032 nostrorum
2485 4994 2732 5034 normam
2763 4982 2981 5052 exigere
3027 4983 3235 5045 liceret,
3269 4988 3622 5055 quampluri-

2032 5084 2154 5125 mos
2177 5072 2341 5126 etiam
2367 5081 2479 5126 tum
2500 5076 2834 5129 commoveri
2855 5075 3121 5143 voluisse,
3148 5093 3273 5131 cum
3293 5079 3619 5147 quempiam

2031 5160 2323 5217 dictantem
2350 5166 2600 5221 audirent
2624 5185 2638 5220 :
2673 5185 2690 5218 ι
2714 5165 3045 5237 Presbyteri,
3069 5168 3271 5222 subditi
3303 5179 3482 5223 estote
3497 5170 3621 5239 cpi-

2033 5267 2222 5322 sc0po.
2274 5274 2293 5306 ι
2327 5255 2474 5311 Nihil
2507 5258 2653 5312 enim
2713 5274 2836 5313 esse
2881 5261 3029 5328 quod
3082 5260 3339 5316 homines
3397 5264 3619 5333 aliquos

2033 5346 2247 5416 (quales
2280 5347 2356 5401 illi
2382 5349 2492 5403 sint
2516 5365 2627 5404 non
2657 5350 2859 5423 dicam)
2886 5353 3063 5423 magis
3100 5364 3472 5419 commoveat,
3503 5356 3621 5409 imo

2033 5439 2100 5493 ad
2123 5454 2275 5494 arma
2301 5450 2356 5496 et
2381 5441 2611 5497 fratrum
2636 5443 3063 5500 internecionem
3096 5446 3297 5501 excitet
3328 5458 3383 5502 et
3422 5449 3621 5519 impel-

2032 5530 2129 5598 lat,
2156 5547 2320 5601 quam
2345 5534 2477 5589 illud
2504 5535 2749 5601 effatum,
2780 5537 3119 5606 experientia
3154 5539 3325 5594 nimis
3350 5551 3499 5595 certa
3528 5542 3620 5594 di-

2032 5625 2288 5681 dicimus.
2325 5626 2574 5698 Cumque
2615 5630 2719 5684 ista
2742 5630 3007 5696 vidimus,
3038 5647 3146 5686 non
3189 5635 3472 5701 potuimus
3499 5650 3612 5688 non

2033 5715 2123 5769 illa
2178 5716 2235 5772 S.
2297 5717 2557 5789 Cypriani
2615 5722 2669 5775 in
2702 5724 3021 5777 memoriam
3061 5740 3325 5781 revocare
3366 5742 3485 5797 qua
3540 5728 3615 5780 ad

2032 5808 2375 5879 presbyteros
2400 5820 2448 5867 et
2476 5812 2740 5870 diaconos
2778 5812 2975 5871 fratres
3029 5818 3192 5888 epist.
3243 5819 3314 5872 l0
3354 5818 3608 5886 scripsit:
