3800 6208
144 296 235 353 4δῖ

912 307 960 363 ³.
1004 309 1369 366 PEARSONII
1415 313 1668 370 VINDICI

1783 315 2207 375 ΙΟΝΑΤΙΑΝᾹΞ.
2261 352 2315 365 ν-
2356 322 2535 378 PARS
2570 322 2633 378 ll.

3270 327 3374 386 434

152 417 353 520 «‘Quod
382 420 531 476 enim
568 437 687 479 non
718 427 1014 495 periculum
1042 440 1286 488 metuere
1313 433 1579 490 debemus
1626 437 1670 490 dt

1796 439 2062 507 haeretici,
2084 441 2146 495 τὸ
2171 441 2346 514 λέγειν
2375 444 2536 499 αὑτὸν
2568 443 2862 499 ἐπίσκοπον
2886 445 2978 500 καὶ
3005 448 3371 520 πρεσϐύτερον

144 508 322 613 gﬂ‘engza
371 510 626 580 Domini,
658 520 877 588 quando
911 521 1076 591 aliqui
1105 524 1171 578 de
1210 527 1569 598 presbyteris,
1597 543 1670 583 ne:

1796 526 1914 585 ἴσον
1946 528 2107 597 εἶναι,
2137 543 2192 589 et
2229 553 2241 588 :
2277 536 2340 588 Τί
2374 538 2520 591 ἐστιν
2557 539 2855 604 ἐπίσκοπος
2891 541 3028 609 πρὸς
3062 542 3369 613 πρεσϐύτε-

144 600 389 676 Evangelii
450 623 556 663 nec
612 608 721 664 loci
767 612 849 665 sui
901 628 1190 681 memores,
1239 618 1334 670 sed
1380 631 1560 687 neque
1611 617 1695 672 fu-

145 706 299 749 turum
336 697 550 754 Domini
579 700 874 770 judicium,
906 721 1081 775 neque
1111 722 1259 762 nunc
1289 708 1398 763 sibi
1431 711 1693 780 praeposi-

142 798 236 841 tum
265 790 585 861 episcopum
620 796 944 866 cogitantes,
970 799 1117 868 quod
1151 816 1429 872 nunquam
1466 806 1693 860 omnino

138 881 225 933 sub
269 886 715 942 antecessoribus
771 887 969 944 factum
1026 900 1129 958 est,
1189 903 1362 950 totum
1419 896 1526 952 sibi
1576 898 1694 953 vin-

136 972 331 1029 dicent?
352 994 368 1024 ι

194 1064 394 1123 Scimus
426 1080 618 1126 autem
662 1082 719 1128 et
746 1074 963 1129 eosdem
1003 1091 1109 1132 non
1141 1078 1325 1135 minus
1354 1083 1689 1139 commoveri

132 1175 237 1214 cum
262 1163 487 1219 audiunt
520 1165 662 1220 illud
693 1167 753 1222 8.
786 1167 936 1223 Pauli
964 1186 977 1220 :
1018 1170 1200 1225 Omnis
1242 1174 1421 1228 anima
1452 1186 1689 1245 potesta-

136 1252 256 1304 tibus
289 1254 703 1311 sublimioribus
728 1259 939 1314 subdita
968 1265 1038 1314 sit
1061 1262 1127 1326 δ’,
1160 1272 1255 1318 aut
1285 1264 1414 1319 illud
1445 1266 1501 1320 8.
1521 1265 1685 1323 Petri:

133 1338 314 1398 Subdiu
364 1354 535 1400 estote
580 1350 694 1419 regi
751 1352 901 1421 quasi
933 1353 1254 1421 prwcellenti
1282 1358 1360 1424 ⁸⁹;
1399 1374 1507 1413 non
1542 1362 1688 1431 quod

130 1435 349 1501 ignorent
388 1454 518 1507 quae
551 1449 856 1507 potestates
892 1444 1270 1517 sublimiores,
1304 1459 1399 1505 aut
1438 1454 1562 1523 quis
1594 1471 1685 1511 rex

128 1525 213 1591 sit,
256 1528 341 1580 sed
387 1530 541 1597 quod
594 1546 723 1601 quae
765 1533 836 1588 sit
875 1536 1138 1606 subjectio
1183 1539 1511 1609 Christiana,
1566 1562 1688 1615 qua:

128 1616 400 1673 obedientia
436 1638 505 1676 ex
543 1622 833 1693 Evangelii
872 1626 1082 1698 legibus
1123 1630 1327 1701 debita,
1380 1638 1556 1693 nolint
1598 1639 1684 1693 in-

127 1710 351 1801 telligere.
388 1714 513 1770 Alia
548 1720 788 1774 secundi
824 1723 1007 1776 saeculi
1030 1723 1472 1786 Christianorum
1504 1747 1682 1801 mens,

1799 641 1926 695 pov;
1962 625 2115 679 οὐδὲν
2147 625 2449 681 διαλλάττει
2482 623 2636 694 οὗτος
2668 631 2876 686 τούτου.
2920 630 3048 688 Haec
3092 644 3220 688 sunt
3262 634 3370 689 Ae—

1796 720 1965 774 rianze
1995 722 2263 777 haereseos
2310 722 2492 789 eﬂ‘ata,
2533 733 2660 779 ante
2700 735 2957 796 quartum
3007 726 3265 781 szeculum
3313 726 3366 781 in

1795 810 2043 866 Ecclesia
2070 811 2332 867 inaudita.
2366 810 2484 868 Non
2519 814 2677 869 aliter
2702 830 2806 871 nos
2834 816 2888 869 in
2913 816 3016 876 hac
3042 831 3101 870 re
3130 810 3368 871 instituti

1794 915 2013 966 sumus,
2040 917 2146 956 non
2185 903 2294 957 alio
2322 904 2516 958 horum
2537 905 2926 960 vocabulorum
2953 920 3116 961 sensu
3147 905 3365 969 imbuti,

1792 1009 1959 1064 quam
1991 992 2213 1049 fuerunt
2252 995 2475 1051 secundi
2509 996 2694 1051 saeculi
2733 996 2938 1052 ﬁdeles.
2970 995 3173 1051 Eorum
3202 1005 3367 1051 astate

1793 1100 1964 1139 unum
1991 1085 2143 1139 illum
2169 1083 2263 1154 qui
2294 1085 2348 1140 in
2378 1084 2645 1154 cujusque
2675 1085 2917 1141 ecclesia!
2936 1086 3086 1140 clero
3114 1101 3366 1141 summus

1789 1184 1943 1240 erat,
1985 1177 2334 1247 episc0pum;
2373 1185 2598 1232 caeteros
2640 1176 2870 1248 proximi
2916 1178 2985 1231 ah
3021 1178 3129 1233 hoc
3160 1178 3364 1248 gradus

1789 1266 2141 1335 presbyteros
2198 1280 2307 1320 non
2356 1266 2644 1336 episcopos
2694 1266 2870 1322 dictos
2902 1254 3049 1323 -esse
3085 1268 3362 1334 novimus,

1788 1367 1841 1414 et
1865 1359 1980 1429 jam
2013 1368 2136 1414 ante
2167 1360 2623 1428 monstravimus;
2655 1360 2787 1414 satis
2816 1359 2979 1430 igitur
3007 1361 3141 1415 bene
3169 1375 3359 1415 eorum

1791 1460 2099 1520 temporum
2166 1452 2350 1507 iideles
2406 1459 2467 1506 et-
2510 1451 2817 1521 presbyteri
2883 1452 2987 1508 hoc
3032 1462 3359 1522 praeceptum

1790 1544 1848 1600 8.
1872 1544 2064 1617 lgnatii
2099 1545 2488 1616 intelligebant,
2529 1559 2629 1599 nec
2663 1546 2729 1600 ad
2768 1544 3063 1600 cavendam
3097 1542 3363 1599 offensio-

1788 1652 1911 1692 nem
1951 1637 2217 1691 monitore
2261 1636 2593 1706 indigebant.
2642 1634 2910 1701 Quoniam
2937 1650 3066 1690 vero
3098 1651 3204 1690 non
3238 1645 3363 1691 tan-

1788 1739 1904 1785 tum
1943 1729 2092 1784 illius
2119 1730 2294 1783 aetatis
2331 1744 2513 1795 usum,
2551 1729 2645 1782 sed
2678 1737 2731 1782 et
2754 1729 3124 1798 apostolorum
3179 1729 3362 1782 imita—

123 1800 238 1855 alius
266 1804 487 1860 animus
518 1804 665 1872 fuit;
701 1809 768 1862 ad
800 1811 1194 1881 subjectionem
1235 1826 1288 1873 et
1319 1820 1682 1877 obedientiam
1714 1801 1760 1861 Β
1790 1820 1995 1875 tionem
2036 1821 2088 1874 in
2118 1819 2444 1875 confusione
2475 1820 2760 1882 nominum
2807 1829 2980 1890 urget,
3012 1820 3365 1890 scriptorem-

125 1897 455 1960 przestandam
513 1901 865 1968 paratissimi
914 1904 1168 1973 fuerunt,
1220 1912 1419 1980 quibus
1470 1929 1530 1969 ea
1586 1917 1684 1970 tri-

123 1987 304 2041 luenda
348 2000 495 2044 esset
552 2007 669 2045 non
723 1993 1070 2064 ignorabant.
1125 2000 1316 2057 Miram
1362 2004 1527 2074 igitur
1576 2008 1682 2066 illis

120 2080 388 2136 orationem
422 2084 733 2140 substituit
766 2086 1017 2157 Dallaeus,
1060 2107 1265 2164 eosque
1300 2112 1392 2165 per
1421 2114 1683 2172 prosopo-

124 2175 271 2239 peiam
316 2175 396 2231 sic
435 2177 971 2237 submurmurantes
1035 2197 1389 2254 reprazsentat
1426 2209 1439 2244 :
1485 2212 1503 2244 ‹
1534 2194 1680 2261 Quos

120 2282 222 2321 vero
245 2268 341 2323 iste
372 2270 539 2325 nobis
576 2270 871 2344 (dicerent)
897 2293 915 2326 ι
973 2278 1341 2349 presbyteros,
1382 2301 1401 2334 ι
1433 2294 1486 2339 et
1517 2301 1678 2355 quem

120 2366 313 2411 narrato
363 2359 753 2430 episcopum?
785 2361 909 2418 Haec
964 2376 1147 2423 autem
1198 2377 1256 2423 ut
1301 2372 1378 2426 illi
1418 2374 1677 2442 dicerent,

119 2449 191 2516 qui
230 2450 471 2518 quotidie
520 2467 657 2506 cum
699 2455 1039 2527 presbyteris
1084 2468 1139 2516 et
1180 2464 1437 2534 episcopo
1482 2483 1582 2522 suo
1624 2469 1676 2523 in

119 2555 256 2593 unum
295 2544 759 2600 conveniebant?
795 2549 888 2617 qui
924 2551 1127 2620 optime
1168 2567 1373 2611 norunt
1397 2561 1677 2632 presbyte-

115 2642 186 2683 ros
207 2646 325 2686 suos
353 2649 421 2689 eo
452 2636 694 2692 nomine
719 2638 944 2693 censeri
976 2650 1104 2697 tunc
1133 2644 1353 2711 solitos,
1408 2662 1437 2702 a
1465 2650 1679 2704 nemine

114 2731 263 2775 autem
293 2727 593 2797 episcopos
641 2729 794 2785 dici?
826 2730 951 2787 ilzec
985 2742 1044 2787 ut
1080 2734 1676 2810 dicerentpresbyteri,

114 2810 186 2877 qui
229 2812 404 2869 locum
456 2833 635 2872 suum
684 2821 812 2887 Inon
864 2822 1219 2892 ignorabant,
1265 2836 1319 2881 et
1366 2845 1534 2884 unum
1570 2832 1676 2885 sibi

114 2907 426 2973 praepesitum
464 2912 856 2981 agnoscebant
890 2930 1053 2985 quem
1090 2926 1144 2971 et
1166 2918 1482 2990 episcopum
1514 2939 1678 2978 voca-

115 2994 233 3061 bant,
272 2999 371 3054 sibi
408 3001 551 3057 illud
595 3019 804 3058 nomen
842 3007 1065 3062 minime
1102 3011 1478 3069 vindicantes?
1514 3014 1677 3071 Blon-

112 3088 253 3145 delius
300 3092 420 3161 ipse
468 3094 686 3150 fatetur
744 3095 918 3152 fuisse
980 3109 1110 3155 tunc
1163 3105 1424 3173 temporis
1482 3124 1648 3161 unum

112 3196 239 3249 quem
274 3186 324 3239 in
366 3205 385 3238 ‹
412 3204 770 3260 unoquoque
797 3204 938 3250 cretu
968 3198 1234 3266 primatus
1259 3199 1623 3271 contingebat,
1649 3220 1667 3253 ι

112 3274 178 3326 cui
215 3293 233 3326 ‹
264 3280 455 3347 prima:
489 3282 781 3338 cathedrae
810 3288 1241 3359 prazsidialisque
1268 3292 1553 3360 potestatis
1580 3293 1672 3362 jus

110 3376 403 3424 reservatum
443 3382 555 3438 est,
594 3394 616 3425 ι
652 3377 752 3446 qui
799 3395 818 3428 ‹
842 3379 1054 3450 collegii
1085 3380 1321 3449 primum
1366 3384 1670 3438 membrum

109 3466 148 3509 et
169 3459 509 3519 honorarium
545 3476 740 3536 caput,
766 3487 783 3519 ι
823 3469 915 3539 qui
954 3489 972 3522 ι
995 3472 1316 3543 presbyterii
1347 3474 1669 3543 praepositus

108 3560 149 3603 ct
174 3552 403 3627 ἔξαρχος,
445 3568 505 3613 et
541 3560 685 3614 cieri
718 3560 899 3616 ῑοιίιις·
914 3576 1079 3633 caput
1104 3584 1123 3615 ι
1166 3564 1288 3631 fuit,
1318 3566 1410 3636 qui
1452 3585 1471 3617 ε
1507 3582 1537 3620 a
1564 3566 1670 3620 Do-

109 3645 224 3700 mino
251 3650 364 3720 ipso
392 3652 448 3707 in
475 3653 750 3708 Asiaticis
775 3653 1029 3710 Ecclesiis
1059 3674 1077 3708 t
1100 3660 1326 3727 angelus
1343 3659 1523 3715 dictus
1550 3669 1663 3726 est;

106 3735 305 3793 anhunc
332 3741 691 3813 presbyteri,
733 3743 827 3812 qui
859 3744 963 3799 sub
998 3746 1090 3800 illo
1130 3755 1387 3818 tanquam
1440 3749 1544 3805 sub
1574 3765 1667 3803 ca-

105 3824 187 3892 pite
219 3830 505 3898 vivebant,
574 3847 976 3901 recognoscere
1023 3853 1133 3891 non
1175 3849 1491 3908 p0tuerunt,
1538 3856 1663 3897 cum

104 3933 198 3974 cum
224 3925 542 3996 episcopum
582 3927 920 3995 appellatum
946 3928 1217 3984 audirent.
1249 3930 1405 3986 Certe
1432 3932 1665 3989 Ambro-

104 4011 279 4080 siaster,
308 4018 473 4087 cujus
513 4018 847 4073 testimonio
888 4019 1139 4074 innititur
1164 4020 1424 4078 Blondelli
1456 4034 1510 4080 et
1544 4024 1665 4079 Sal-

105 4106 228 4158 masii
256 4108 318 4162 de
345 4110 539 4178 primo
584 4108 909 4180 presbytero
933 4114 1247 4182 _sententia,
1278 4117 1502 4171 nomina
1548 4118 1663 4187 epi-

103 4197 221 4265 :copi
254 4206 303 4252 et
338 4198 664 4271 presbyteri
708 4198 887 4254 divisa
930 4211 984 4255 et
1013 4202 1268 4259 distincta
1316 4205 1489 4263 fuisse
1535 4218 1662 4262 ante

103 4299 264 4342 annum
305 4290 537 4362 Trajani
581 4290 864 4346 decimum
911 4303 1146 4350 testatur
1191 4313 1204 4349 :
1261 4317 1279 4349 ι
1321 4298 1501 4355 Beatis
1532 4315 1661 4354 vero

102 4380 322 4443 apostolis
365 4382 813 4447 decedentibus,
860 4383 936 4437 illi
965 4385 1059 4454 qui
1096 4397 1220 4455 post
1252 4390 1376 4444 illos
1418 4390 1657 4445 ordinati

1657 3145 1748 3205 ’C

1785 1927 1892 1981 que
1921 1912 2279 1981 epistolarum
2345 1931 2361 1961 ι
2394 1910 2598 1964 diversi
2650 1912 2718 1965 ab
2776 1913 3039 1981 apostolis
3089 1913 3363 1969 sermonis

1784 2004 2087 2066 hominem,
2119 2023 2138 2056 ι
2188 2004 2300 2058 imo
2337 2022 2355 2054 ‹
2379 2003 2663 2073 apostolici
2691 2005 2962 2059 sermonis
2994 2016 3357 2061 correctorem

1782 2103 1836 2150 et
1860 2095 2266 2152 emendatorem
2293 2114 2311 2147 ι
2347 2095 2601 2164 appellat,
2651 2095 2881 2165 ideoque
2920 2111 3045 2150 eum
3092 2098 3356 2154 charissi-

1783 2203 1930 2242 mum
1971 2197 2136 2258 atque
2186 2187 2735 2243 observantissimum
2786 2188 3162 2257 apostolorum
3190 2190 3359 2246 disci-

1780 2284 1967 2353 pulum
2012 2283 2281 2355 Ignatium
2335 2297 2457 2337 esse
2513 2290 2705 2351 negat;
2748 2296 2927 2351 operte
2972 2282 3205 2351 pretium
3269 2299 3359 2337 me

1781 2375 2052 2432 facturum
2103 2376 2313 2447 putavi,
2364 2372 2409 2430 si
2449 2374 2791 2429 ostenderem
2846 2390 3010 2444 porro
3056 2376 3174 2431 haec
3217 2376 3353 2430 nihil

1781 2468 2038 2539 ponderis
2060 2476 2383 2540 argumento
2414 2468 2635 2532 addere,
2667 2484 2845 2539 neque
2878 2484 3232 2538 quemquam,
3258 2470 3354 2539 qui

1781 2560 2005 2616 secundi
2038 2560 2221 2616 saeculi
2252 2568 2306 2614 et
2335 2575 2516 2615 mores
2553 2568 2608 2614 et
2631 2559 2891 2630 loquendi
2932 2560 3154 2615 modum
3188 2575 3356 2615 nove-

1778 2652 1869 2718 rit,
1899 2652 1981 2707 vel
2009 2651 2197 2706 leviter
2222 2666 2438 2705 movere
2466 2665 2645 2722 posse.

1847 2740 2262 2798 Observandum
2316 2742 2462 2798 enim
2505 2752 2588 2797 est
2630 2742 2809 2812 primo
2868 2743 3076 2797 nullum
3128 2743 3352 2799 secundi

1778 2834 1859 2889 vel
1896 2835 2061 2891 etiam
2093 2837 2235 2891 tertii
2270 2838 2454 2892 saeculi
2508 2836 2833 2905 scriptorem
2872 2835 2926 2889 in
2968 2836 3187 2905 scriptis
3218 2851 3354 2905 apo—

1777 2928 1984 2983 stolicis
2015 2928 2246 2983 confusa
2278 2944 2400 2984 esse
2431 2930 2650 2983 nomina
2693 2928 2937 2997 episcopi
2965 2936 3018 2981 et
3049 2928 3349 2998 presbyteri

1776 3019 2121 3077 observasse.
2155 3020 2308 3088 Quod
2350 3021 2395 3075 si
2426 3037 2614 3075 verum
2654 3022 2745 3083 sit,
2786 3019 2941 3075 fateri
2980 3034 3204 3075 necesse
3242 3030 3348 3085 est,

1776 3127 1873 3169 eos
1901 3113 2261 3182 apostolicum
2298 3130 2608 3169 sermonem
2652 3113 2852 3167 imitari
2879 3128 2986 3166 non
3016 3112 3262 3182 potuisse
3291 3113 3348 3167 in

1776 3220 1838 3260 ea
1870 3219 1947 3270 re,
1979 3220 2142 3274 quam
2175 3205 2277 3274 ipsi
2322 3221 2429 3260 non
2462 3203 2735 3260 viderunt.
2777 3201 2971 3257 Verum
3016 3215 3196 3256 autem
3227 3217 3351 3258 esse

1774 3306 1834 3351 ut
1858 3297 2099 3361 credam,
2130 3297 2298 3350 multa
2325 3297 2675 3366 persuadent.
2715 3295 2892 3365 Atque
2920 3294 3053 3349 illud
3080 3294 3349 3365 imprimis

1775 3389 2067 3445 observata
2118 3388 2364 3457 dignum,
2417 3388 2558 3443 inter
2605 3387 2824 3443 Graecos
2875 3385 3063 3441 Patres
3110 3388 3347 3455 primum

1775 3480 1832 3535 S.
1866 3481 2346 3552 Chrysostomum,
2403 3480 2546 3534 inter
2602 3478 2824 3533 Latinos
2878 3488 2969 3533 aut
3025 3479 3347 3532 Ambrosia-

1771 3564 1968 3636 strdm,
2001 3578 2095 3624 aut
2121 3567 2508 3639 Hieronymum
2536 3570 2741 3624 diserte
2776 3568 3085 3633 tradidisse,
3115 3568 3347 3625 confusa

1769 3676 1892 3717 esse
1921 3662 2141 3715 nomina
2170 3660 2410 3730 episcopi
2448 3668 2502 3714 et
2531 3660 2831 3732 presbyteri
2878 3660 2932 3712 in
2963 3660 3180 3729 scriptis
3213 3676 3349 3731 apo-

1771 3755 2001 3809 stolicis.
2030 3751 2218 3823 Neque
2237 3754 2381 3807 enim
2414 3768 2747 3822 quemquam
2783 3766 2885 3806 nos
2911 3752 3140 3816 scimus,
3166 3768 3345 3822 neque

1767 3847 1872 3901 viri
1898 3847 2038 3902 docti
2066 3846 2159 3917 qui
2189 3862 2218 3900 a
2245 3846 2400 3901 nobis
2427 3845 2777 3910 dissentiunt,
2808 3843 2989 3900 adhuc
3012 3860 3345 3915 quemquam

1769 3940 2144 4005 nominarunt,
2174 3938 2267 4009 qui
2306 3937 2448 3992 idem
2480 3946 2607 3992 ante
2650 3952 2746 3992 eos
2772 3937 3141 3991 allirmaverit.
3186 3937 3256 3991 At
3287 3938 3344 3992 hi

1765 4040 2024 4102 vergente
2064 4032 2177 4101 jam
2220 4030 2288 4084 ad
2337 4031 2496 4084 linem
2548 4038 2747 4099 quarto
2798 4030 2998 4085 saeculo
3043 4030 3340 4099 scripsere;

1766 4132 1821 4177 et
1872 4132 2146 4203 ante.eos
2210 4121 2432 4192 scripsit
2484 4120 2866 4191 Epiphanius,
2916 4121 3010 4191 qui
3067 4123 3345 4177 contraria

1763 4216 1953 4270 omnia
1984 4215 2194 4271 docuit.
2238 4214 2377 4270 Cum
2420 4214 2566 4268 enim
2600 4213 2795 4269 Acrius
2826 4230 2891 4268 ex
2925 4230 3177 4269 sermone
3208 4230 3343 4285 apo-

1764 4307 1959 4362 stolico
2006 4308 2317 4374 docuisset,
2366 4300 2504 4359 εἶναι
2558 4304 2648 4359 τὸν
2694 4304 2857 4357 αὐτὸν
2900 4304 3217 4369 ἐπίσκοπον,
3252 4304 3344 4359 τὸν

1762 4398 1921 4450 αὐτὸν
1956 4396 2347 4470 πρεσσύτερον,
2382 4397 2488 4450 hoc
2513 4411 2578 4450 ex
2611 4395 2849 4449 haeretici
2879 4394 3185 4465 ignorantia
3214 4410 3345 4462 pro-

103 4480 199 4523 sunt
234 4482 289 4527 ut
327 4484 648 4545 praeessent
683 4474 968 4544 Ecclesiis,
1008 4478 1116 4534 illis
1145 4481 1337 4549 primis
1380 4482 1655 4552 exazquari
1688 4482 1734 4537 D
1763 4486 1966 4541 fectum
2015 4488 2236 4552 asserit,
2278 4490 2372 4558 qui
2410 4503 2520 4541 non
2561 4487 2949 4542 observaverat
2989 4502 3055 4540 ex
3097 4484 3341 4555 antiquis

102 4574 182 4615 non
226 4575 510 4634 poterant,
580 4582 767 4635 neque
820 4570 1208 4626 miraculorum
1280 4574 1655 4629 testimonium

102 4650 279 4724 habere,
303 4660 395 4714 sed
436 4661 497 4714 in
533 4657 735 4713 multis
764 4658 886 4714 aliis
911 4660 1199 4717 inferiores
1218 4663 1329 4719 illis
1356 4680 1479 4721 esse
1504 4664 1659 4718 vide-

100 4740 259 4802 bantur
300 4769 314 4803 :
364 4767 545 4819 grave
610 4749 1067 4805 existimaverunt
1122 4755 1501 4823 apostolorum
1549 4736 1655 4811 sibi

101 4834 333 4896 vindicare
369 4834 883 4911 nuncupationem.
931 4841 1246 4900 Diviserunt
1271 4862 1401 4917 ergo
1428 4848 1654 4903 nomina

102 4923 204 4995 ipsa,
226 4940 275 4986 et
302 4934 433 4999 illis,
464 4936 523 4989 id
560 4942 651 4987 est
679 4932 1016 5005 presbyteris
1045 4951 1242 4991 nomen
1278 4939 1651 5009 reliquerunt:

103 5012 169 5067 alii
202 5033 316 5075 vero
356 5021 615 5093 episcopi
653 5030 787 5075 sunt
826 5025 1145 5093 nuncupati,
1194 5026 1361 5097 hique
1403 5039 1460 5085 et
1501 5029 1653 5084 ordi»

104 5106 299 5166 nationis
330 5115 552 5183 praediti
596 5120 890 5183 potestate,
932 5115 1006 5169 ita
1043 5126 1101 5171 ut
1128 5118 1444 5186 plenissime
1487 5120 1652 5176 iidem

100 5211 471 5264 cognoscerent.
523 5205 696 5275 Atqui
729 5217 785 5260 et
820 5207 1110 5277 episcopus
1148 5212 1431 5282 presbyter
1459 5222 1564 5281 est,
1597 5222 1654 5269 et

100 5293 334 5366 Wshyter
368 5300 696 5369 episcopus.
732 5298 818 5351 An
856 5316 1027 5355 unum
1066 5304 1432 5376 eumdemque
1468 5307 1661 5362 bomi~

99 5395 191 5437 nem
215 5387 294 5443 hic
330 5392 437 5447 sibi
469 5401 529 5447 et
561 5391 769 5461 subjici
803 5399 857 5445 et
879 5407 1111 5461 prazesse
1151 5398 1305 5451 vult?
1330 5417 1351 5451 ι
1421 5398 1650 5466 Qualem

100 5478 351 5536 orationem
403 5484 828 5554 primitivorum
884 5483 1114 5569 fratrum
1163 5496 1259 5543 aut
1302 5491 1649 5563 presbytero-

98 5578 189 5620 rum
212 5574 422 5631 nomine
454 5576 671 5646 promit
696 5574 790 5629 hic
822 5589 1013 5631 eorum
1039 5577 1346 5637 Tertullus!
1385 5579 1504 5636 Non
1536 5583 1650 5637 [nec

96 5672 245 5716 eorum
301 5676 613 5739 temporum
667 5676 767 5723 aut
806 5666 1091 5725 hominum
1151 5680 1321 5743 sunt,
1371 5674 1463 5731 sed
1502 5674 1647 5728 Acrii

148 5774 183 5805 “
213 5777 362 5839 Rom.
398 5800 523 5856 xm,
554 5786 608 5841 1.
696 5782 744 5815 ⁸⁸
782 5780 972 5841 lPetr.
1010 5800 1072 5857 tt,
1104 5786 1189 5844 l3.

1761 4577 2043 4645 historiis,
2092 4579 2147 4633 in
2192 4577 2467 4648 aliquibus
2514 4574 2761 4631 ecclesiis
2805 4575 2874 4629 ab
2914 4575 3125 4644 origine
3169 4574 3342 4630 fuisse

1760 4672 2136 4743 presbyteros,
2191 4671 2434 4726 nondum
2469 4668 2784 4724 constitutis
2814 4667 3105 4737 episcopis,
3158 4667 3213 4720 in
3246 4667 3343 4721 ali-

1758 4764 1962 4834 quibus
1987 4765 2292 4833 episcopos,
2319 4761 2560 4815 nondum
2593 4759 2795 4814 additis
2821 4759 3155 4830 presbyteris
3184 4778 3197 4813 :
3231 4774 3338 4827 qua

1760 4855 1921 4909 unica
1953 4854 2334 4910 observatione
2365 4851 2481 4905 tolli
2526 4851 2737 4919 putavit
2776 4852 3147 4921 promiscuam
3190 4851 3338 4905 illam

1758 4949 2043 5005 nominum
2076 4947 2507 5017 usurpationem.
2537 4944 2663 5001 Haec
2697 4954 2880 5000 autem
2913 4956 3100 5001 contra
3132 4945 3341 4999 haereti-

1758 5056 1883 5097 cum
1916 5039 2146 5109 protulit
2172 5037 2534 5108 Epiphanius,
2566 5045 2627 5090 ut
2656 5036 2709 5090 in
2745 5036 3083 5105 exponendis
3113 5040 3337 5103 aposto-

1756 5132 1825 5186 lis
1854 5130 1996 5186 l'aade
2022 5131 2335 5199 deceptum,
2367 5138 2421 5183 et
2456 5130 2812 5199 antiquorum
2850 5133 3332 5182 monumentorum

1756 5223 2031 5292 ignarum.
2065 5220 2309 5277 Credidit
2348 5220 2536 5291 itaque
2562 5220 2904 5290 Epiphanius
2932 5225 3144 5271 veteres
3168 5215 3333 5272 Chri-

1755 5314 1964 5370 stianos
2002 5313 2161 5369 aliter
2197 5314 2506 5383 apostolum
2548 5311 2902 5368 intellexisse.
2943 5308 3194 5363 Nondum
3231 5307 3336 5377 igi-

1753 5412 1842 5459 tur
1888 5404 1981 5459 illa
2022 5405 2322 5474 apostolica
2367 5403 2649 5458 nominum
2697 5399 2949 5455 confusio
2994 5399 3048 5453 in
3086 5397 3333 5453 Ecclesia

1752 5496 1936 5567 agnita
1966 5504 2071 5561 est,
2107 5505 2246 5551 teste
2275 5495 2602 5565 Epiphanio.
2648 5492 2834 5561 Neque
2862 5507 2992 5547 vero
3032 5491 3179 5546 illius
3205 5506 3331 5546 sen-

1751 5589 1935 5645 tentia:
1977 5587 2085 5642 ulla
2135 5587 2363 5657 vestigia
2413 5596 2629 5642 exstare
2676 5591 2808 5655 puto
2857 5586 3001 5655 apud
3035 5584 3332 5655 scriptores

1751 5680 2153 5737 ecclesiasticos
2181 5678 2486 5749 Epiphanio
2517 5677 2797 5749 aliquanto
2821 5677 3181 5748 antiquiores.
3216 5677 3348 5733 lustr
