3768 6296
426 306 533 361 ιὸὃ

1454 304 1511 358 S.
1544 301 1897 359 lGi‘ATlUS.
1938 333 2006 341 --
2032 292 2562 353 PROLEGOMENA.

3568 284 3665 337 ‘36

423 427 650 483 secundi
682 437 734 482 et
760 426 905 482 tertii
934 424 1115 481 saeculi
1142 423 1435 492 scriptores
1458 427 1786 478 contrarium
1814 422 1994 492 potius
2026 430 2067 484 Λ
2098 433 2368 491 praesumo
2398 432 2496 487 per
2520 412 2838 479 Ecclesiam,
2871 424 2992 481 quae
3023 422 3186 479 super
3218 407 3367 462 illum
3401 403 3667 461 aediﬁcata

423 521 687 576 statuisse
716 519 941 590 putandi
968 528 1115 574 sunt.

497 612 687 667 Tradit
721 612 953 667 Dallzeus
977 610 1196 680 Ephesi,
1239 609 1401 665 unius
1446 609 1617 673 urbis,
1668 607 1851 677 plures
1876 620 1988 659 non

424 706 606 773 primi,
639 705 733 760 sed
771 705 1001 760 seeundi
1027 704 1229 771 gradus
1259 701 1581 771 praepositos
1608 699 1988 769 episcoporum

425 792 644 846 nomine
680 791 997 861 signiﬁcari,
1028 793 1147 846 Act.
1213 807 1314 854 xx,
1368 788 1458 843 28.
1526 786 1854 858 Vetercsque
1914 788 1990 841 ita

425 883 603 937 locum
668 882 1054 953 interpretatos
1103 882 1342 937 asserit:
1375 880 1623 935 nominat
1668 878 1991 949 Chrysosto—

425 992 571 1030 mum
591 1017 606 1041 ,
638 974 1076 1042 Theodoretum,
1107 973 1498 1045 Hieronymum
1519 1012 1534 1036 ,
1564 970 1700 1025 alios
1724 1010 1740 1034 ,
1769 969 1863 1023 sed
1903 968 1990 1022 bis

421 1067 695 1121 neminem
740 1068 1095 1122 vetustiorem
1151 1067 1416 1120 nominat.
1466 1063 1613 1117 Nihil
1666 1062 1834 1132 igitur
1875 1062 1992 1115 haec

424 1157 491 1211 ad
541 1158 773 1212 secundi
817 1167 913 1212 aut
951 1159 1098 1211 tertii
1143 1158 1325 1213 saeculi
1380 1157 1703 1212 sententiam
1759 1154 1987 1209 faciunt.

422 1247 491 1300 At
524 1245 761 1302 lrenaeus
807 1262 917 1301 non
964 1248 1175 1316 putavit
1225 1249 1446 1302 eosdem
1500 1247 1648 1300 viros
1691 1261 1757 1299 eo
1790 1244 1895 1299 loci
1936 1253 1992 1296 et

422 1341 712 1411 episcopos
750 1340 919 1397 fuisse
947 1341 1126 1396 dictos
1162 1348 1217 1395 et
1248 1341 1615 1410 presbyteros,
1644 1348 1699 1393 et
1729 1340 1795 1393 ad
1827 1337 1990 1392 unius

424 1431 577 1487 urbis
613 1432 900 1486 ecclesiam
932 1432 1283 1501 pertinuisse.
1322 1429 1413 1484 Sic
1445 1431 1588 1485 enim
1628 1432 1738 1495 ille,
1769 1431 1865 1485 lib.
1904 1426 1990 1491 in,

424 1540 543 1593 cap.
570 1525 679 1578 με
714 1542 733 1575 ι
775 1524 834 1577 In
882 1523 1063 1578 Mileto
1111 1526 1254 1578 enim
1293 1523 1608 1578 convocatis
1643 1520 1916 1591 episcopis
1940 1528 1994 1574 et

424 1614 779 1685 presbyteris,
810 1615 907 1683 qui
934 1624 1091 1669 erant
1125 1615 1193 1668 ab
1217 1613 1435 1684 Epheso
1464 1624 1517 1669 et
1553 1629 1587 1669 a
1618 1613 1840 1683 reliquis
1868 1627 1994 1682 pro-

427 1703 593 1757 ximis
635 1702 966 1758 civitatibus.
1004 1722 1023 1755 ι
1083 1701 1416 1758 Convocavit
1467 1702 1523 1758 S.
1548 1701 1751 1755 Paulus
1793 1710 1845 1754 et
1885 1698 1994 1770 epi-

425 1812 620 1866 scopos
664 1810 716 1852 et
759 1799 1133 1869 presbyteros,
1182 1814 1247 1853 ex
1277 1797 1545 1853 sententia
1599 1795 1807 1859 lrenaai,
1834 1803 1887 1849 et
1924 1794 1992 1847 ab
2024 1766 2066 1821 Β

424 1887 641 1955 Epheso
684 1897 738 1943 et
788 1890 856 1943 ab
903 1890 1023 1944 aliis
1066 1890 1207 1944 Asize
1272 1889 1618 1952 civitatibus;
1671 1904 1778 1942 non
1830 1887 1993 1957 igitur

426 1981 593 2035 unius
622 1980 793 2047 urbis,
828 1990 922 2035 aut
964 1981 1117 2035 solos
1164 1981 1387 2036 secundi
1429 1980 1638 2034 ordinis
1669 1980 1996 2049 praepositos

427 2072 771 2133 convocavit,
800 2081 896 2127 aut
926 2072 1212 2141 episcopos
1242 2071 1552 2141 appellavit.
1589 2070 1747 2125 Hunc
1772 2070 1993 2140 quidem

428 2162 690 2217 Actorum
754 2163 935 2217 locum
997 2171 1194 2233 quarto
1269 2163 1468 2218 saeculo
1535 2170 1591 2217 et
1640 2164 1998 2232 sequentibus

426 2257 670 2322 lauda-nt,
718 2265 772 2311 et
816 2256 977 2325 quasi
1029 2255 1257 2309 fundum
1312 2270 1425 2310 suae
1463 2256 1745 2310 sententiae
1784 2264 1996 2325 ponunt

425 2348 893 2418 Chrysostomus,
943 2346 1309 2417 Hieronymus
1356 2347 1579 2417 aliique,
1626 2348 1693 2402 de
1723 2362 1829 2401 una
1860 2348 1997 2402 urbe

425 2439 696 2508 prmeipue
723 2439 1083 2509 disputantes.
1118 2424 1353 2493 fremens
1391 2439 1614 2493 secundi
1646 2438 1827 2493 saeculi
1863 2438 1997 2492 scri-

426 2540 572 2599 ptor,
603 2531 865 2601 apostolis
898 2530 1326 2600 apostolicisque
1370 2530 1543 2584 multo
1588 2530 1830 2599 pr0pior,
1861 2529 1997 2585 nihil

429 2622 537 2675 tale
565 2622 649 2676 vel
679 2622 995 2678 sonmiavit.
1040 2620 1135 2675 illa
1178 2621 1361 2691 igitur,
1404 2635 1570 2690 quam
1602 2620 1813 2685 volunt,
1860 2635 1994 2690 apo—

429 2712 622 2767 stolica
672 2713 956 2766 nominum
1015 2711 1257 2782 episcopi
1310 2722 1363 2766 et
1398 2712 1703 2782 presbyteri
1745 2712 1998 2768 confusio

432 2804 632 2858 Irenaeo
663 2802 769 2858 fuit
800 2804 1008 2873 ignota.

500 2895 729 2950 Multum
788 2895 867 2949 illi
917 2896 1094 2950 fidunt
1140 2894 1321 2951 verbis
1372 2894 1618 2965 Apostoli
1674 2895 1743 2949 ad
1791 2894 1995 2960 Titum,

429 2988 588 3056 quasi
628 2988 817 3042 eadem
866 2987 1092 3041 omnino
1140 2995 1403 3057 prazcepta
1450 2987 1583 3041 data
1623 2984 1827 3041 fuerint
1886 2987 1997 3056 cpi-

430 3095 597 3149 scopo
640 3090 693 3134 et
736 3080 1092 3149 presbytero,
1138 3077 1383 3148 adeoque
1414 3078 1557 3133 idem
1603 3079 1680 3133 illi
1726 3079 1835 3134 duo
1866 3080 1993 3133 sint.

400 3248 401 3253 γ
429 3172 499 3225 At
520 3141 772 3226 Clemens
800 3141 1204 3225 Alesandrinus
1232 3141 1391 3225 aliter
1419 3171 1580 3240 plane
1602 3170 1795 3235 sensit,
1825 3172 1996 3225 multa
2024 3141 2070 3203 Ο

427 3278 602 3334 caque
627 3263 883 3317 distincte
927 3263 1184 3332 episcopo
1208 3270 1261 3317 et
1288 3262 1605 3332 presbytero
1639 3261 1763 3315 data
1800 3276 2001 3331 praece-

429 3364 519 3424 pta
552 3356 607 3409 in
636 3352 919 3425 Scriptura
950 3354 1282 3417 observavit,
1315 3368 1424 3407 non
1464 3352 1646 3435 minus
1685 3367 1848 3422 quam
1878 3352 1999 3405 dia-

428 3446 583 3501 conis
616 3456 669 3501 et
691 3447 893 3502 viduis.
921 3443 1013 3500 Sic
1033 3445 1181 3500 enim
1209 3445 1297 3499 ille
1319 3443 1605 3513 Pwdagogi
1633 3442 1726 3497 lib.
1760 3458 1844 3507 ιιι,
1876 3457 1997 3511 cap.

427 3537 534 3591 12:
563 3538 769 3609 Μυρίαι
800 3537 857 3590 δὲ
888 3538 1011 3590 ὅσαι
1045 3536 1311 3607 ὑποθῆκαι
1345 3538 1423 3600 εἰς
1452 3536 1748 3607 πρόσωπα¹
1770 3534 2001 3589 ὲκλεκτὰ

424 3629 802 3694 διατείνουσαι,
825 3626 1228 3697 ἐγγεγρὰφαται
1246 3627 1363 3689 ταῖς
1381 3626 1581 3695 βεϐλοις
1594 3626 1712 3688 ταῖς
1730 3626 1927 3696 ἁγίαις·
1946 3629 2000 3680 αἱ

436 3720 556 3790 μὲν,
575 3720 980 3792 πρεσϐυτέροις,
998 3722 1053 3772 αἱ
1074 3720 1151 3786 δὲ,
1168 3720 1482 3783 ἐπισκόποις
1499 3737 1510 3749 ·
1538 3721 1592 3772 αἱ
1614 3719 1696 3782 δὲ,
1714 3718 1999 3781 διακόνοις·

426 3811 613 3874 ἄλλαι,
649 3814 863 3883 χήραις.
905 3830 924 3863 ι
963 3811 1202 3865 Plurima
1247 3820 1513 3880 praecepta
1550 3825 1673 3880 qua:
1705 3809 1773 3863 ad
1801 3809 2002 3864 electas

428 3918 694 3972 personas
730 3903 1032 3972 pertinent,
1077 3900 1133 3955 in
1166 3902 1371 3956 sanctis
1394 3902 1551 3955 libris
1598 3900 1800 3970 scripta
1840 3910 2000 3967 sunt;

432 3995 550 4049 haec
584 3993 803 4062 quidem
836 3991 1190 4061 presbyteris,
1237 3990 1344 4043 alia
1385 4006 1516 4045 vero
1563 3991 1854 4060 episcopis,
1896 3992 2003 4045 alia

430 4086 705 4153 diaconis,
735 4085 839 4138 alia
872 4084 1073 4138 viduis.
1107 4102 1127 4135 ι
1191 4081 1437 4149 Quatuor
1464 4083 1680 4139 diversa
1709 4084 2001 4138 electarum

366 4239 367 4242 η
432 4191 795 4247 personarum
840 4190 1037 4244 genera
1089 4185 1412 4241 enumerat;
1465 4176 1765 4247 unicuique
1817 4176 2003 4244 generi

431 4270 654 4340 propria
702 4276 975 4338 praecepta
1029 4266 1293 4332 ascribit;
1341 4267 1626 4337 episcopos
1668 4284 1776 4321 non
1819 4267 2002 4321 minus

428 4380 459 4417 a
494 4360 864 4433 presbyteris,
912 4374 1078 4428 quam
1133 4361 1478 4429 presbyteros
1533 4374 1564 4412 a
1594 4358 1864 4421 diaconis,
1911 4368 2004 4412 aut

2097 526 2315 569 omnem
2368 509 2592 580 gradum
2644 505 2855 560 ordinis
2903 502 2989 558 sui
3044 500 3115 556 de
3164 499 3519 570 monogamia
3557 508 3669 551 erat

2096 602 2451 656 collocatura.
2487 617 2511 650 ι
2568 597 2877 665 iterumque
2925 610 3047 664 cap.
3076 594 3134 648 il
3168 612 3181 648 :
3217 612 3233 644 ι
3268 591 3461 659 Qualis
3506 606 3572 645 es
3618 591 3665 644 id

2097 692 2503 748 matrimonium
2549 689 2855 760 postulans,
2886 687 3031 757 quod
3059 686 3140 741 eis
3177 701 3208 739 a
3239 684 3444 754 quibus
3472 693 3667 753 postu-
3695 738 3703 763 ἐ

2092 785 2172 839 las
2221 799 2333 838 non
2386 783 2514 837 licet
2566 781 2815 835 habere:
2862 778 2930 832 ab
2991 777 3248 847 episc0po
3312 789 3669 844 monogamo,

2095 893 2125 934 a
2151 877 2477 949 presbyteris
2507 883 2561 930 et
2588 874 2839 930 diaconis
2862 872 3103 942 ejusdem
3138 868 3495 932 sacramenti,
3531 884 3566 921 a
3592 868 3660 920 vi-

2093 970 2217 1025 duis
2246 984 2479 1039 quarunt
2514 979 2715 1023 sectam
2765 963 3110 1020 recusasti?»
3146 962 3355 1016 Pariter
3401 968 3456 1015 et
3486 958 3673 1028 Orige-

2092 1078 2188 1117 nes
2214 1062 2521 1117 observavit
2548 1060 2810 1116 secundas
2844 1057 3062 1128 nuptias
3091 1054 3348 1110 omnibus
3379 1052 3670 1107 ordinibus

2092 1155 2480 1211 ecclesiasticis
2520 1154 2885 1224 particulatim
2941 1166 3062 1206 esse
3098 1156 3344 1218 negatas,
3394 1145 3544 1199 κατὰ
3578 1146 3671 1215 τὴν

2092 1249 2189 1302 τοῦ
2221 1248 2541 1303 Ἀποστόλου
2564 1246 2813 1318 περὶτῶν
2840 1242 3303 1316 ἐκκλησιαστικῶν
3326 1239 3671 1312 πραγμάτων

2093 1341 2430 1412 νομοθεσίαν,
2442 1360 2459 1391 ‹
2475 1339 2770 1395 secundum
2785 1340 2930 1408 leges
2946 1337 3015 1391 ab
3030 1334 3292 1405 Apostolo
3309 1333 3378 1386 de
3396 1332 3570 1385 rebus
3589 1344 3671 1383 ec-

2093 1432 2412 1487 clesiasticis
2438 1431 2643 1497 latasp
2670 1429 2877 1483 nullum
2907 1429 3157 1482 ordinem
3189 1426 3242 1479 in
3263 1424 3511 1479 Ecclesia
3533 1438 3669 1484 esse.

2094 1526 2183 1580 cui
2212 1540 2275 1578 ea
2308 1524 2395 1579 lex
2442 1523 2724 1594 speciatim
2771 1522 3091 1592 prtescripta
3139 1534 3248 1573 non
3296 1517 3368 1572 sit
3415 1535 3429 1570 :
3468 1516 3671 1569 Οὐδένα

2094 1618 2202 1690 γὰρ
2233 1617 2339 1673 τῶν
2372 1617 2480 1671 ἀπὸ
2519 1616 2618 1687 τῆς
2662 1614 2986 1686 Ἐκκλησιας
3033 1612 3307 1683 ὑπεροχήν
3355 1626 3483 1663 τινα
3531 1608 3673 1677 rupi

2094 1711 2219 1774 τοὺς
2271 1708 2498 1773 πολλοὺς
2530 1708 2605 1771 ὡς
2637 1710 2695 1761 ἐν
2728 1706 3014 1778 συμϐόλοις
3064 1702 3395 1774 ἀνειληφότα
3429 1701 3675 1771 βούλεται.

2093 1806 2121 1856 ὀ
2143 1800 2350 1864 Παῦλος
2375 1801 2624 1872 δευτέρου
2658 1797 3023 1870 πεπειρᾶσθαι
3049 1796 3246 1866 γάμου.
3282 1814 3299 1844 ι
3325 1794 3409 1848 Ex
3440 1794 3510 1848 iis
3533 1792 3677 1847 enim

2093 1896 2185 1965 qui
2220 1893 2474 1949 Ecclesia:
2506 1907 2706 1947 nomen
2736 1891 3032 1955 dederunt,
3066 1888 3338 1942 neminem
3372 1885 3468 1955 qui
3500 1884 3673 1954 digni-

2094 1993 2259 2038 tatem
2292 1982 2529 2052 aliquam
2566 1995 2678 2051 pra:
2710 1979 2918 2046 multis,
2953 1977 3111 2048 quasi
3154 1977 3209 2030 in
3239 1973 3535 2046 symbolis,
3563 1972 3669 2026 fue-

2093 2074 2166 2128 rit
2192 2082 2543 2137 consecutus,
2567 2071 2769 2125 Paulus
2816 2070 3084 2126 secundas
3126 2069 3347 2138 nuptias
3383 2075 3671 2137 expertum

2096 2163 2265 2220 fuisse
2296 2165 2432 2219 vult.
2471 2184 2490 2216 ι
2526 2162 2599 2218 Ut
2627 2163 2731 2218 hoc
2758 2160 3126 2232 particulatim
3166 2160 3232 2214 de
3255 2160 3497 2231 singulis
3526 2158 3670 2213 ordi-

2097 2257 2260 2313 nibus
2301 2273 2491 2312 verum
2542 2271 2666 2312 esse
2724 2254 2998 2320 ostendat,
3039 2268 3139 2323 pro
3177 2254 3453 2323 episcopis
3494 2252 3675 2308 citati

2096 2349 2240 2404 Tim.
2275 2365 2356 2413 ιιι,
2392 2348 2449 2415 2,
2478 2363 2579 2419 pro
2608 2347 2853 2403 diaconis
2878 2345 3209 2402 versiculum
3238 2345 3327 2408 12,
3362 2361 3465 2415 pro
3496 2346 3678 2400 viduis

2096 2440 2118 2494 Ι
2150 2440 2293 2494 Tim.
2326 2454 2383 2506 v,
2415 2439 2471 2505 9,
2500 2454 2600 2508 pro
2643 2437 2972 2509 presbyteris
3015 2437 3249 2505 denique
3282 2435 3391 2490 Tit.
3424 2453 3463 2501 ι,
3500 2437 3559 2491 5.
3596 2438 3660 2491 At

2098 2533 2143 2588 si
2170 2531 2408 2602 episc0pi
2441 2531 2544 2586 sub
2567 2530 2902 2601 presbyteris
2931 2529 3362 2597 continerentur,
3397 2530 3539 2584 satis
3566 2540 3678 2584 erat

2097 2624 2351 2680 laudasse
2368 2623 2671 2693 Epistolam
2694 2622 2759 2678 ad
2786 2622 2965 2675 Titum
2989 2621 3067 2686 ;si
3097 2621 3403 2692 presbyteri
3431 2621 3541 2676 sub
3568 2622 3679 2690 cpio

2099 2718 2311 2788 scopis,
2344 2725 2633 2772 contentus
2658 2730 2781 2771 esse
2807 2722 3021 2785 poterat
3048 2713 3169 2767 loco
3199 2714 3267 2767 ad
3296 2712 3672 2769 Timotheum.

2100 2806 2225 2862 Haec
2268 2806 2432 2876 igitur
2463 2805 2527 2860 ad
2551 2803 2734 2858 Titum
2765 2803 2822 2858 S.
2848 2802 3007 2857 Pauli
3035 2802 3201 2857 verba
3232 2810 3347 2856 tam
3387 2802 3676 2872 diligenter

2099 2908 2221 2968 post
2251 2898 2461 2967 reliqua
2501 2897 2753 2963 laudans,
2792 2911 2952 2951 suum
2985 2893 3188 2963 cuique
3213 2893 3395 2948 ordini
3424 2894 3682 2949 distincte

2101 2999 2430 3060 praeceptum
2464 2989 2533 3043 ab
2549 2987 2814 3059 Apostolo
2844 2988 3031 3042 datum
3066 2984 3235 3040 fuisse
3268 2984 3471 3051 innuit,
3512 2988 3681 3056 magi-

2101 3094 2275 3137 strum
2334 3097 2497 3136 suum
2549 3079 2884 3136 Clementem
2948 3094 3205 3150 sequens,
3253 3079 3349 3133 ubi
3404 3080 3569 3149 plene
3616 3080 3677 3131 de

2100 3176 2383 3247 praeceptis
2432 3174 2697 3244 loquitur,
2734 3173 2788 3226 in
2824 3171 3155 3242 Pwdagogo;
3181 3180 3236 3225 et
3269 3171 3556 3241 supplens,
3591 3171 3675 3223 ubi

2100 3269 2287 3322 minus
2330 3268 2507 3337 plene,
2562 3266 2614 3319 in
2644 3265 2842 3321 Strom.
2893 3280 2953 3320 Ill
2987 3281 3000 3316 :
3051 3266 3158 3318 Nat
3196 3264 3296 3335 μὲν
3328 3265 3429 3317 καὶ
3461 3264 3556 3317 τὸν
3587 3263 3685 3331 τῆς

2105 3363 2234 3433 μιᾶς
2279 3359 2533 3429 γυναικὸς
2565 3357 2733 3429 ἄνδρα
2778 3357 2918 3411 πάνυ
2965 3356 3266 3427 διαδέχεται
3301 3355 3409 3410 κᾶν
3446 3354 3681 3427 πρεσϐύ-

2100 3463 2257 3518 τερος
2366 3487 2382 3512 ,
2416 3445 2520 3498 κᾶν
2552 3444 2830 3508 διάκονος,
2886 3444 2990 3498 κᾶν
3022 3445 3242 3509 λαῖκὸς,
3297 3446 3681 3517 ἀνεπιλήπτως

2102 3538 2264 3609 γάμῳ
2295 3538 2595 3609 χρώμενος,
2631 3543 2686 3592 et
2722 3537 2868 3593 tertii
2900 3539 3084 3593 saeculi
3120 3539 3455 3592 sententiam
3482 3554 3667 3607 repue-

2104 3638 2345 3683 sentans.
2383 3626 2613 3681 S.Pauli
2649 3627 2716 3681 ad
2750 3625 2931 3681 Titum
2975 3627 3142 3682 verba
3175 3628 3521 3699 presbyteris
3549 3626 3681 3681 assi-

2103 3728 2252 3787 gnat,
2283 3718 2369 3771 illa
2405 3717 2473 3771 ad
2505 3716 2855 3771 Timotheum
2899 3717 3158 3788 episcopo
3207 3728 3483 3782 reservat,
3528 3718 3680 3787 plane

2103 3819 2163 3864 ut
2210 3818 2334 3878 post
2380 3824 2505 3864 eum
2543 3808 2843 3880 Gregorius
2891 3807 3270 3863 Nazianzenus
3336 3809 3395 3861 in
3441 3809 3683 3863 oratione

2103 3902 2169 3957 de
2198 3900 2449 3955 laudibus
2484 3897 2541 3953 S.
2571 3898 2854 3954 Athanasii
2883 3917 2896 3953 :
2925 3898 3096 3952 Τοῦτο
3126 3897 3200 3961 δὲ,
3235 3900 3295 3950 ὲν
3328 3892 3415 3961 οἷς
3440 3896 3682 3969 Τιμοθέῳ

2104 3992 2239 4063 πρὸς
2271 3992 2433 4044 αὑτὸν
2464 3992 2691 4062 γράφων
2738 3992 3048 4062 νομοθετεῖ,
3091 3993 3275 4045 τνπῶν
3310 3993 3389 4062 τῷ
3424 3993 3566 4062 λόγῳ
3596 3992 3678 4043 τὴν

2104 4083 2411 4154 ἐπισκοπῆς
2446 4083 2902 4155 προστησόμενον.
2967 4104 2985 4135 ι
3008 4084 3246 4147 Partim,
3300 4084 3355 4137 in
3388 4085 3589 4154 quibus
3615 4084 3679 4135 ad

2106 4175 2461 4231 Timotheum
2496 4176 2742 4231 scribens
2770 4176 2917 4247 leges
2945 4174 3069 4240 fert,
3102 4190 3225 4229 cum
3258 4175 3356 4245 qui
3388 4176 3447 4230 in
3476 4178 3680 4246 episco-

2105 4278 2235 4339 patu
2264 4268 2577 4337 praesideret
2606 4268 2926 4323 et'formans.
2953 4286 2972 4318 ι

2176 4359 2295 4415 Non
2332 4360 2500 4430 igitur
2529 4368 2754 4429 apparet
2784 4373 3116 4428 quemquam
3149 4359 3380 4412 secundi
3414 4370 3512 4414 aut
3544 4358 3679 4413 tertii

426 4454 689 4509 diaconos
734 4468 768 4507 a
799 4451 978 4507 viduis
1021 4452 1329 4522 distinguit.
1360 4450 1479 4505 Non
1516 4451 1680 4521 igitur
1706 4451 1853 4504 novit
1879 4449 2002 4504 Cle-
2035 4481 2081 4539 η
2107 4455 2295 4511 saeculi
2319 4454 2694 4509 Christianum
2743 4452 3184 4506 communionem
3235 4451 3530 4505 nominum
3571 4450 3679 4518 epi-

427 4562 584 4601 mens
610 4546 756 4599 illam
789 4542 1173 4599 confusionem
1209 4542 1490 4596 nominum
1520 4543 1574 4596 in
1610 4541 1895 4612 praeceptis
1935 4542 2003 4595 ab

427 4634 694 4703 Apostolo
739 4633 907 4700 datis,
932 4650 1097 4704 quam
1127 4635 1423 4690 observare
1453 4635 1553 4689 sibi
1584 4636 1735 4689 visus
1765 4642 1849 4689 est
1877 4632 2003 4687 Hie—

426 4738 733 4794 ronymus,
781 4724 875 4793 qui
908 4725 1074 4794 [hanc
1132 4726 1257 4783 inde
1315 4726 1729 4783 conclusionem.
1781 4726 1967 4781 elicuit
1986 4742 2003 4781 :.

433 4835 454 4866 ι
481 4815 626 4870 Idem
676 4825 760 4871 est
786 4832 914 4886 ergo
957 4819 1239 4890 presbyter
1288 4819 1382 4890 qui
1426 4829 1481 4874 et
1520 4821 1832 4889 episcopus.
1857 4838 1875 4870 ι
1911 4819 2003 4872 Di-

423 4919 570 4966 citur
610 4910 976 4978 particulatim
1008 4918 1065 4966 et
1086 4911 1338 4966 distincte
1382 4912 1450 4966 ab
1485 4915 1732 4981 apostolo
1775 4914 1843 4968 de
1888 4913 1995 4982 epi-

425 5004 633 5073 scopis,
693 5002 1027 5074 presbyteris
1070 5015 1124 5058 et
1158 5004 1431 5068 diaconis,
1464 5021 1559 5060 eos
1591 5021 1712 5061 esse
1753 5014 2004 5075 oportere

426 5098 576 5153 viros
616 5096 785 5151 unius
814 5096 1023 5150 uxoris.
1069 5094 1475 5164 Tertullianus,
1514 5099 1608 5166 qui
1645 5106 1753 5153 tres
1784 5098 2005 5153 ordines

426 5190 671 5261 agnovit,
710 5187 1010 5257 unicuique
1059 5188 1265 5241 dictum
1297 5188 1403 5243 hoc
1441 5189 1692 5257 intelligit
1730 5207 1743 5242 :
1783 5187 1888 5243 «De
1913 5205 2005 5243 ec-

427 5282 755 5339 clesiasticis
812 5280 1103 5335 ordinibus
1157 5280 1461 5350 agebatur,
1519 5281 1711 5350 quales
1758 5280 2003 5335 ordinari

427 5382 725 5442 oporteret.
775 5372 1067 5442 Oportebat
1110 5371 1276 5443 igitur
1325 5385 1546 5425 omnem
1575 5372 1884 5431 communis
1920 5373 2003 5427 di-

429 5466 673 5535 sciplinaz
705 5464 939 5519 formam
969 5480 1068 5520 sua
1102 5463 1278 5518 fronte
1306 5464 1569 5533 proponi;
1601 5465 1837 5519 edictum
1866 5480 2002 5535 quo-

428 5558 724 5614 dammodo
788 5558 1037 5613 futurum
1090 5558 1365 5613 universis
1428 5558 1483 5612 in
1536 5558 1933 5627 praesessione,
1976 5577 2001 5608 »η

436 5650 507 5705 De
529 5653 882 5720 monogamia,
910 5666 1035 5721 cap.
1065 5652 1150 5706 12.
1185 5651 1250 5709 Et
1272 5667 1465 5708 rursus
1491 5666 1611 5721 cap.
1636 5651 1697 5705 8:
1733 5671 1749 5702 ι
1780 5651 2000 5711 Petrum

431 5742 607 5799 solum
644 5743 859 5797 invenio
892 5744 1144 5799 maritum
1179 5760 1272 5816 per
1307 5760 1559 5810 sou-um;
1613 5760 1997 5815 monogamum

2106 4547 2260 4616 sc0pi
2310 4554 2364 4601 et
2406 4545 2709 4615 presbyteri
2757 4543 2813 4597 in
2859 4543 3080 4611 scriptis
3133 4541 3457 4609 apostolicis
3500 4541 3678 4595 obser-

2105 4656 2283 4695 vasse.
2344 4638 2481 4694 Nam
2515 4636 2765 4694 Justinus
2824 4646 3029 4708 martyr
3076 4634 3168 4689 τοῦ
3206 4636 3553 4705 προεστῶτος
3585 4634 3680 4702 τῆς

2120 4735 2467 4804 Ἐκκλησίας,
2495 4744 2755 4802 tanquam
2795 4730 3092 4801 singularis
3141 4738 3196 4783 et
3224 4732 3472 4784 exsertis
3504 4729 3680 4785 Eccle-

2107 4826 2202 4881 siae
2237 4827 2488 4890 rectoris,
2518 4832 2571 4877 et
2606 4823 2965 4878 diaconorum
3004 4821 3225 4890 quidem
3259 4822 3547 4887 meminit;
3587 4836 3679 4872 no-

2106 4933 2227 4971 men
2279 4926 2461 4973 autem
2507 4916 2746 4985 episcOpi
2791 4914 2877 4969 vel
2925 4911 3227 4984 presbyteri
3276 4913 3479 4967 nullibi
3528 4914 3576 4965 in
3612 4912 3678 4962 iis

2104 5025 2227 5078 quae
2278 5017 2608 5078 supersunt,
2659 5006 2877 5075 scriptis
2930 5004 3237 5073 usurpavit.
3287 5002 3469 5059 Nimis
3509 5011 3676 5057 autem

2105 5109 2358 5156 coactum
2410 5109 2526 5163 est,
2580 5098 2723 5168 quod
2762 5114 2794 5152 a
2828 5096 3108 5151 Blondello
3164 5095 3219 5149 in
3254 5095 3521 5167 Apologia
3563 5094 3677 5147 sine

2109 5194 2223 5248 ullo
2279 5191 2636 5245 fundamento
2698 5189 2824 5244 inde
2895 5188 3194 5251 asseritur,
3243 5186 3414 5241 binos
3477 5195 3674 5241 tantum

2104 5283 2406 5341 Christiani
2470 5282 2601 5337 cleri
2653 5282 2856 5353 gradus
2910 5296 2941 5335 a
2990 5280 3206 5335 Justino
3262 5280 3512 5349 agnosci.
3559 5275 3673 5329 Non

2103 5380 2250 5435 enim
2282 5377 2356 5432 ibi
2390 5377 2612 5431 ordines
2635 5375 2892 5431 Ecclesiae
2917 5380 3221 5436 enumerat,
3250 5387 3359 5427 non
3397 5371 3464 5425 de
3489 5370 3677 5439 guber-

2105 5468 2329 5523 natione
2359 5467 2549 5537 p0puli
2579 5466 2720 5535 agit;
2765 5464 3185 5520 celebrationem
3235 5471 3451 5517 tantum
3484 5458 3677 5513 eucha-

2105 5561 2276 5615 ristiae
2322 5560 2624 5615 solemnem
2675 5557 2931 5625 explicat,
2964 5564 3019 5609 et
3046 5570 3168 5623 quae
3218 5553 3275 5607 in
3319 5553 3411 5606 illa
3450 5550 3676 5606 admini-

2104 5653 2328 5710 stranda
2383 5651 2648 5722 episcopi,
2700 5663 2823 5718 quas
2869 5648 3225 5702 diaconorum
3272 5654 3458 5714 partes
3488 5632 3676 5696 essent

2105 5743 2350 5813 exponit.
2408 5741 2565 5808 Quod
2618 5747 2798 5800 autem
2856 5744 3047 5808 partes,
3091 5733 3333 5807 episc0pi
3390 5728 3674 5804 aliquando
