3800 6208
164 305 243 362 ιδτ
878 301 926 358 1.
954 302 1319 359 PEARSONII
1362 300 1688 359 VlNDlCIE

1798 300 2147 360 NATIANE.
2188 334 2254 345 —
2283 302 2464 357 PARS
2502 301 2565 356 11.

3257 295 3375 349 ιδρί

162 423 331 493 abipso
365 426 774 491 peragerentur,
819 420 1112 491 aliquando
1145 423 1340 478 abillo
1369 424 1683 495 presbytero
1712 427 1759 482 A
1784 422 1853 478 de
1902 422 2174 494 episeOpis
2212 422 2370 492 quasi
2423 422 2489 476 de
2538 418 2869 490 presbyteris
2923 426 3009 473 est
3056 417 3291 472 locutus.
3338 435 3361 466 s

160 515 581 580 dcmandarentur,
620 514 746 569 ideo
776 514 1112 586 προεστῶτος
1152 519 1401 588 generale
1441 518 1683 573 voeabu-

161 612 247 665 lum
278 610 538 676 adhibuit;
575 611 845 666 diaconos
878 620 1058 665 autem
1107 611 1327 680 proprie
1356 612 1680 677 enuntiavit,

160 705 259 775 quia
286 718 457 758 eorum
504 712 695 772 partes
741 703 807 757 ab
840 703 973 774 ipsis
1015 719 1232 774 semper
1263 705 1681 776 peragebantur.

160 794 352 851 irenzeus
377 796 549 849 locum
598 797 926 865 palmarium
962 798 1119 852 aliter
1148 799 1371 855 omnino
1420 799 1685 855 intellexit

158 897 199 942 et
231 888 474 957 exposuit,
531 888 751 958 reliqua
802 888 858 943 S.
887 888 1184 960 Scriptura:
1228 894 1368 954 loca,
1424 908 1545 962 quae
1586 907 1684 961 pro

158 978 542 1033 adversariorum
574 981 851 1036 sententia
876 980 1197 1049 aﬂ'cruntur,
1216 998 1284 1037 ne
1313 984 1532 1053 quidem
1559 984 1683 1038 teti-~

157 1070 229 1139 git.
262 1069 491 1125 Clemens
521 1071 933 1129 Alexandrinus
976 1075 1092 1129 loca
1123 1076 1190 1130 de
1221 1076 1412 1131 ollieiis
1442 1077 1683 1147 episcopi

153 1171 195 1213 et
222 1161 492 1232 presbyteri
540 1163 621 1217 ita
671 1164 969 1219 secundum
1022 1168 1242 1221 nomina
1294 1169 1348 1222 in
1386 1167 1687 1239 Seripturis

155 1253 361 1307 distincta
422 1254 717 1320 intellexit,
754 1264 813 1310 ut
857 1268 1124 1327 praecepta
1167 1260 1259 1315 illa
1292 1262 1529 1331 plurima
1574 1278 1686 1317 non

152 1346 296 1400 minus
324 1346 387 1400 de
414 1348 696 1417 episcopis
725 1357 779 1402 et
806 1352 1158 1422 presbyteris,
1208 1369 1372 1423 quam
1404 1355 1470 1410 de
1496 1355 1683 1411 diaco-

154 1437 219 1491 nis
249 1445 294 1491 et
320 1438 490 1494 viduis
519 1439 749 1495 diversa
788 1442 1177 1510 pronuntiarit.
1233 1444 1601 1500 Tertullianus
1633 1455 1687 1500 et

148 1528 365 1601 Origenes
396 1531 813 1588 distinctionem
859 1535 1143 1589 nominum
1193 1537 1334 1607 apud
1366 1538 1684 1607 Apostolum

150 1622 253 1677 adeo
290 1633 531 1679 accurate
574 1625 977 1692 observabant,
1010 1636 1069 1681 ut
1104 1644 1203 1683 sua
1235 1630 1419 1684 omnia
1463 1631 1528 1685 ad
1565 1646 1685 1686 eam

147 1714 415 1785 dirigerent.
465 1714 590 1771 Non
624 1715 797 1786 igitur
824 1728 1045 1788 apparet
1099 1722 1270 1776 ullum
1330 1722 1473 1777 intra
1504 1722 1605 1776 100
1634 1731 1687 1777 et

148 1808 281 1863 multo
320 1810 495 1878 plures
552 1826 741 1867 annos
782 1822 901 1880 post
940 1812 1213 1884 S.Ignatii
1260 1816 1577 1887 martyrium
1630 1817 1686 1871 in

144 1900 463 1968 apostolorum
496 1902 730 1971 scriptis
760 1903 899 1957 hanc
926 1906 1210 1959 nominum
1241 1907 1684 1961 communionem

143 1990 435 2048 observasse.
498 1994 924 2065 iniquissimum
990 2008 1170 2052 autem
1230 2007 1344 2063 est,
1406 2014 1686 2055 sermones

142 2084 322 2140 secundi
347 2087 531 2142 szeculi
556 2087 631 2142 ad
668 2104 916 2144 normam
945 2090 1221 2160 opinionis
1248 2102 1445 2163 quarto
1468 2093 1686 2148 demum

142 2175 302 2229 trecqu
324 2186 452 2232 ortae
489 2178 746 2249 exigere.

193 2262 438 2322 Secundo.
488 2267 678 2323 Nemo
720 2284 912 2325 eorum
961 2272 1210 2327 omnium
1245 2272 1339 2342 qui
1375 2272 1686 2328 communia

139 2356 335 2428 episeOpi
380 2371 434 2414 et
484 2362 805 2431 presbyteri
860 2363 1081 2418 nomina
1153 2365 1207 2417 in
1259 2363 1362 2418 SS.
1388 2364 1687 2434 Scripturis

140 2447 271 2506 fuisse
307 2453 608 2522 putabant,
659 2455 716 2507 in
761 2470 826 2508 eo
868 2457 1141 2511 sermonis
1178 2472 1375 2527 genere
1406 2458 1686 2526 apostolos

137 2551 316 2598 secutus
356 2554 461 2609 est,
514 2558 617 2601 aut
672 2546 841 2600 alium
888 2564 1223 2618 quemquam
1268 2560 1514 2604 secutum
1565 2566 1687 2606 esse

136 2630 257 2688 dixit.
294 2632 388 2691 Hic
426 2637 712 2692 habemus
752 2638 1127 2694 adversarium
1168 2643 1328 2697 nobis
1364 2643 1522 2711 plane
1555 2659 1687 2699 con-

135 2726 432 2782 sentientem.
463 2728 879 2799 Epistolarum,
912 2731 1109 2800 inquit,
1145 2733 1380 2802 scriptor
1414 2753 1433 2784 ‹
1455 2734 1564 2787 (1υο
1596 2734 1685 2788 illa

136 2819 313 2877 nomina
351 2822 514 2892 plane
560 2822 769 2878 eodem
818 2839 982 2878 sensu
1030 2824 1264 2895 accipit,
1314 2842 1423 2896 quo
1467 2843 1497 2881 a
1542 2827 1686 2881 tertii

135 2916 278 2970 seculi
327 2927 379 2972 et
432 2919 798 2989 sequentium
844 2919 1173 2975 Christianis
1228 2920 1295 2975 ad
1348 2922 1465 2976 haec
1513 2937 1687 2992 usque

135 3014 336 3075 tempora
367 3019 599 3080 accepta
653 3008 830 3066 fuisse
869 3020 921 3064 et
966 3012 1170 3067 scimus
1199 3022 1253 3066 et
1296 3013 1525 3067 libenter
1556 3028 1687 3068 con-

133 3098 357 3156 cedimus.
380 3122 399 3154 ι
455 3104 526 3157 At
556 3102 661 3173 qui
696 3104 1139 3157 communionem
1175 3105 1370 3157 horum
1400 3104 1683 3158 nominum
1715 3138 1762 3200 ϐ

134 3188 172 3243 in
211 3192 351 3249 libris
405 3195 748 3265 apostolicis
800 3195 1066 3265 reperisse
1116 3212 1175 3251 se
1224 3197 1520 3267 putabant,
1566 3206 1689 3251 ante

130 3289 341 3345 quartum
404 3284 684 3341 saeculum
746 3297 852 3337 non
914 3285 1244 3346 exstiterunt
1300 3287 1421 3341 :ad
1477 3302 1686 3341 morem

131 3367 284 3441 lgnatii
318 3374 486 3445 igitur
528 3375 715 3431 locuti
758 3385 917 3440 sunt;
966 3384 1150 3431 etnec
1189 3377 1293 3447 ipsi
1334 3377 1690 3431 imitabantur

129 3467 365 3529 apostolos
408 3468 464 3522 in
509 3469 625 3523 hoc
672 3467 932 3537 loquendi
979 3469 1178 3535 modo;
1219 3486 1318 3526 nec
1356 3486 1688 3541 quemquam

130 3570 281 3612 eorum
318 3562 573 3616 omnium
613 3566 715 3631 qut
752 3570 876 3616 ante
908 3578 966 3616 se
997 3563 1358 3632 scripserunt,
1410 3565 1689 3634 apostolos

128 3664 353 3709 eosensu
406 3664 682 3725 acceptos
733 3654 1003 3710 imitatum
1074 3654 1243 3711 fuisse
1299 3639 1688 3723 observabant,

130 3751 199 3795 aut
222 3747 469 3817 neglectae
512 3745 854 3801 imitationis
901 3747 1252 3802 accusabant.
1286 3746 1346 3802 Β.
1369 3748 1689 3803 Theodore-

127 3840 211 3897 tus,
231 3838 311 3904 qui
338 3836 690 3893 existimavit
715 3837 994 3905 apostolos
1017 3836 1188 3907 ipsos,
1216 3853 1312 3893 eos
1340 3839 1433 3909 qui
1461 3837 1689 3894 secundi

127 3926 297 3985 ordinis
342 3940 567 3995 essent,
607 3945 765 3983 nunc
815 3930 1181 4001 presbyteros,
1214 3947 1360 3987 nunc
1405 3930 1691 4000 episeOpos

125 4023 414 4091 appellasse,
462 4039 568 4079 eos
626 4030 819 4076 autem
865 4021 959 4090 qui
1006 4022 1169 4090 primi
1223 4024 1435 4078 ordinis
1481 4031 1687 4085 essent,

128 4116 361 4180 apostolos
388 4116 647 4179 dixisse;
683 4127 789 4166 nec
829 4112 943 4181 ipse
987 4113 1266 4182 apostolos
1300 4115 1547 4170 imitatus
1575 4122 1688 4178 est;

126 4219 265 4274 neque
289 4221 637 4277 quemquam
688 4202 1015 4271 scriptorem
1070 4204 1504 4261 ecclesiasticum
1560 4221 1694 4275 apo-

127 4297 335 4354 stolicum
384 4312 720 4354 sermonem
775 4304 1024 4350 secutum
1061 4310 1184 4351 esse
1226 4288 1529 4352 arbitratus
1574 4305 1689 4363 est;

124 4390 195 4443 sed
239 4407 425 4447 omnes
490 4389 745 4461 apostoli
806 4403 1004 4443 nomen
1069 4389 1205 4459 ipsis
1260 4390 1479 4460 proprie
1530 4389 1694 4446 dictis

1787 512 1972 569 Secuti
2017 524 2142 570 sunt
2182 515 2347 585 igitur
2380 513 2613 583 apostoli
2645 528 2850 567 morem
2895 510 3150 581 loqdendi
3200 524 3229 562 a
3264 525 3361 577 po-

1787 606 1914 678 pulo
1956 605 2271 662 Christiano
2331 614 2677 675 usurpatum,
2728 620 2794 658 ex
2850 604 3119 659 sententia
3170 601 3365 656 Hiero-

1785 698 1972 771 nymi;
2016 710 2077 754 ut
2122 699 2401 769 apostolos
2447 697 2647 752 imitari
2697 696 2751 751 in
2797 698 2898 751 hac
2948 711 3007 749 re
3035 695 3174 749 nihil
3212 692 3365 746 aliud

1787 793 1879 856 sit,
1906 807 2070 863 quam
2116 793 2418 847 secundum
2449 792 2728 861 vulgatum
2764 790 2819 844 in
2852 789 3098 845 Ecclesia
3150 801 3362 871 morem

1786 883 2049 954 loquendi
2086 885 2346 940 scribere.
2382 884 2464 939 llli
2509 884 2675 953 igitur
2704 883 2942 939 maxime
2988 880 3188 936 imitati
3232 894 3365 949 apo-

1786 977 1958 1032 stolos
2005 986 2152 1041 sunt,
2199 978 2291 1048 qui
2338 978 2636 1033 secundum
2683 991 2796 1031 suae
2820 976 2996 1031 aetatis
3025 985 3360 1035 sermonem,

1788 1085 1896 1124 non
1937 1070 2284 1139 apostolicae,
2329 1071 2688 1140 scripserunt.
2738 1068 2839 1136 Qui
2878 1067 3363 1137 Hieronymianam

1788 1164 2114 1219 sententiam
2164 1180 2312 1220 nune
2375 1173 2690 1234 exponunt,
2749 1180 2980 1234 eamque
3024 1164 3183 1219 nobis
3227 1163 3366 1231 obji-

1790 1257 1964 1320 ciunt,
2016 1257 2206 1311 volunt
2254 1272 2320 1311 ex
2369 1256 2514 1312 illius
2555 1265 2737 1311 mente
2772 1256 2950 1311 nullos
2993 1255 3363 1326 apostolorum

1789 1356 2035 1417 tempore
2078 1357 2274 1419 praeter
2316 1364 2412 1404 seu
2447 1364 2610 1419 supra
2651 1348 2999 1419 presbyteros
3034 1347 3203 1401 fuisse
3236 1362 3367 1401 con»

1790 1442 2053 1507 stitutos,
2108 1451 2370 1512 tanquam
2430 1442 2708 1514 legitimos
2760 1451 2815 1496 et
2862 1441 3107 1497 distincti
3155 1440 3368 1495 ordinis

1789 1542 1884 1587 aut
1912 1536 2113 1604 gradus
2143 1536 2461 1605 episcopos;
2521 1543 2709 1604 postea
2765 1535 2952 1604 igitur,
3018 1552 3036 1586 ι
3075 1550 3200 1589 cum
3258 1542 3385 1587 toto.

1789 1627 1920 1681 orbe
1957 1628 2236 1682 decretum
2274 1636 2385 1691 est,
2423 1635 2481 1681 ut
2512 1643 2655 1682 unus
2687 1626 2755 1681 de
2786 1627 3119 1698 presbyteris
3164 1628 3370 1681 electus

1790 1726 2251 1787 superponeretur
2282 1719 2514 1785 exteris,
2570 1718 2634 1772 ad
2687 1735 2846 1789 quem
2902 1720 3082 1774 omnis
3116 1719 3375 1775 Ecclesia:

1790 1827 1923 1867 cura
1966 1811 2279 1882 pertineret,
2314 1830 2332 1861 ι
2374 1812 2653 1881 postulare
2702 1828 2811 1867 non
2854 1821 3085 1882 possunt
3129 1823 3186 1866 ut
3236 1812 3374 1866 seri-

1790 1913 1974 1974 ptores
2016 1903 2417 1970 ecclesiastici,
2477 1912 2630 1958 tanta
2680 1904 2733 1958 in
2787 1920 2847 1958 re
2898 1905 3015 1974 ipsa
3067 1905 3374 1958 mutatione

1791 1997 1972 2063 facta,
2036 1996 2477 2052 communionem
2545 1996 2833 2050 nominum
2884 1995 3199 2049 retinerent.
3253 1994 3375 2065 Ipse

1792 2091 2095 2146 Salmasius
2147 2090 2202 2144 in
2234 2089 2552 2160 Apparatu:
2588 2108 2607 2139 ι
2633 2089 2715 2143 Ab
2754 2103 2821 2142 eo
2872 2098 3115 2156 tempore
3156 2102 3268 2157 quo
3305 2103 3375 2141 ex

1790 2199 1902 2239 uno
1965 2184 2159 2238 ordine
2226 2181 2584 2253 presbyterali
2634 2188 2689 2235 et
2722 2179 3018 2250 episcopali
3076 2178 3185 2235 duo
3237 2176 3373 2231 facti

1790 2286 1960 2342 sunt,
2024 2289 2222 2329 nomen
2275 2273 2574 2344 presbyteri
2634 2271 2754 2326 dari
2814 2271 3050 2326 desitum
3111 2279 3195 2323 est
3249 2269 3373 2338 epi-

1790 2383 1979 2438 scopo.
2040 2365 2101 2421 Si
2136 2365 2417 2419 distinctio
2475 2364 2761 2418 nominum
2823 2361 2991 2417 simul
3052 2376 3376 2414 munerum-

1789 2475 1896 2530 que
1925 2468 1977 2514 et
2004 2457 2235 2527 proinde
2290 2456 2454 2512 etiam
2507 2452 2765 2509 ordinum
2818 2452 2961 2505 inter
2996 2450 3374 2520 presbyterum

1790 2562 1845 2607 et
1873 2551 2192 2620 episcOpum
2240 2548 2383 2603 facta
2408 2556 2509 2613 est,
2550 2565 2568 2598 ι
2617 2554 2678 2600 ut
2714 2544 2871 2599 docet
2907 2542 3233 2606 Salmasius,
3264 2556 3374 2597 non

1788 2643 1857 2698 de
1885 2640 2189 2696 imitatione
2220 2638 2490 2697 sermonis
2521 2634 2831 2706 apostolici,
2859 2635 2955 2689 sed
2985 2634 3052 2689 de
3078 2634 3155 2688 rei
3185 2645 3366 2692 muta-

1790 2735 1942 2789 tione
1964 2734 2316 2804 quaerendum
2352 2743 2467 2801 est;
2510 2751 2619 2803 qua
2648 2745 2878 2801 mutata,
2900 2734 3199 2790 secundum
3228 2733 3375 2787 illius

1790 2825 2151 2891 sententiam,
2193 2825 2427 2879 imitatio
2466 2825 2842 2894 apostolorum
2881 2840 3002 2880 esse
3025 2839 3132 2877 non
3166 2823 3366 2892 potuit.

1861 2916 2171 2983 Quinetiam
2198 2917 2358 2971 tertio
2401 2917 2805 2972 observandum
2838 2926 2922 2971 est
2961 2916 3204 2970 nondum
3242 2931 3376 2969 eon-

1790 3018 1938 3064 stare
1982 3009 2203 3062 nomina
2256 3007 2496 3077 episcopi
2534 3019 2585 3062 et
2618 3008 2920 3079 presbyteri
2954 3008 3009 3062 in
3060 3007 3377 3077 apostolicis

1792 3101 2045 3170 scriptis,
2081 3101 2174 3154 tibi
2203 3100 2270 3155 de
2298 3099 2491 3155 ciliciis
2535 3101 2925 3156 ecclesiasticis
2968 3100 3168 3170 agitur,
3207 3114 3373 3170 syno-

1793 3208 1955 3264 nyma
1987 3206 2127 3245 esse.
2164 3191 2319 3246 Certe
2350 3203 2670 3260 argumenta
2702 3210 2823 3263 quae
2850 3195 3113 3248 hactenus
3142 3192 3377 3246 adducta

1792 3293 1941 3350 sunt,
1969 3300 2079 3337 non
2106 3284 2159 3338 id
2189 3284 2409 3340 credere
2436 3301 2536 3340 nos
2568 3286 2882 3342 necessario
2917 3293 3155 3356 cogunt;
3189 3292 3242 3339 et
3281 3299 3379 3350 po—

1792 3376 1902 3430 tius
1942 3376 2222 3444 probabile
2255 3386 2339 3431 est
2368 3377 2527 3431 talem
2571 3377 2765 3431 harum
2797 3392 2996 3432 vocum
3030 3376 3380 3432 communio--

1794 3483 1917 3521 nem
1943 3468 1995 3520 in
2028 3468 2397 3536 apostolorum
2424 3469 2645 3539 scriptis
2673 3471 2897 3524 minime
2925 3484 3048 3524 esse
3075 3469 3382 3524 admitten-

1792 3561 1939 3616 dam.
1976 3559 2182 3627 Primo,
2202 3561 2331 3631 quia
2357 3562 2401 3615 si
2424 3561 2688 3633 originem
2716 3561 2880 3631 hujus
2905 3561 3379 3632 interpretationis

1792 3669 2139 3724 quzeramus,
2183 3656 2422 3724 primum
2470 3657 2716 3711 omnium
2766 3656 2861 3726 qui
2905 3657 3053 3711 illam
3105 3657 3172 3711 ad
3217 3673 3375 3711 suam

1795 3746 2120 3803 sententiam
2153 3747 2585 3802 conﬁrmandam
2618 3749 2862 3818 protulit,
2897 3750 3117 3803 Aerium
3155 3749 3377 3803 hatreti-

1796 3853 1920 3893 cum
1950 3837 2123 3892 fuisse
2148 3839 2581 3907 comperiemus;
2610 3839 2769 3909 cujus
2801 3840 3067 3895 sententia
3098 3840 3381 3909 quampri-

1794 3948 1946 3987 mum
1988 3932 2260 4001 publicata
2293 3939 2398 3996 est,
2431 3947 2460 3985 a
2502 3931 2561 3987 S.
2590 3931 2896 4002 Epiphanio
2937 3934 3119 3988 statim
3153 3933 3379 4003 explosa

1795 4036 1898 4080 est.
1935 4023 2209 4090 Secundo,
2244 4020 2319 4077 illi
2354 4024 2633 4089 catholici,
2674 4025 2768 4095 qui
2797 4024 3045 4080 eamdem
3074 4034 3261 4095 postea
3290 4027 3379 4081 in-

1796 4117 2278 4188 terpretationem,
2310 4118 2402 4174 sed
2434 4118 2488 4170 in
2524 4118 2690 4171 alium
2726 4118 2886 4171 tinem
2908 4159 2922 4184 ,
2949 4118 3183 4187 amplexi
3228 4127 3378 4183 sunt,

1797 4210 1913 4264 sive
1945 4218 2193 4275 veteres,
2226 4210 2341 4264 sive
2386 4211 2682 4263 modernos
2725 4210 3064 4273 consideres,
3098 4226 3381 4279 nunquam

1798 4302 1852 4356 in
1880 4317 1943 4357 ea
1971 4301 2288 4370 explicanda
2316 4300 2625 4355 consentire
2650 4308 2964 4368 potuerunt.
2994 4297 3050 4352 Si
3081 4300 3227 4359 modi
3258 4316 3381 4353 om-

1799 4410 1897 4449 nes
1918 4393 2289 4455 excutiantur,
2315 4392 2409 4461 qui
2440 4392 2506 4445 ad
2541 4396 2983 4446 communionem
3014 4391 3248 4444 duorum
3283 4406 3383 4445 no-

126 4486 344 4549 apostolis
376 4500 732 4546 reservasse,
784 4482 1026 4554 episcopi
1066 4490 1248 4537 autem
1292 4499 1493 4538 nomen
1529 4482 1691 4553 primi
1725 4481 1770 4535 D
1800 4486 2012 4539 minum
2041 4484 2419 4553 explicandam
2448 4482 2532 4536 vel
2554 4482 2850 4551 excogitari
2876 4482 2959 4535 vel
2988 4481 3115 4551 tingi
3144 4482 3379 4550 possint,

124 4573 295 4629 ordinis
323 4574 733 4631 sacerdotibus
761 4572 1075 4641 assignasse
1102 4573 1402 4642 perhibuit.
1437 4573 1494 4629 S.
1518 4573 1695 4645 Chry-

125 4678 382 4732 sostomus,
406 4666 874 4739 TheOphylaetus
893 4676 946 4719 et
962 4666 1332 4724 ()Ecumenius
1354 4682 1449 4723 eos
1468 4668 1561 4738 qui
1579 4669 1696 4739 epi—

123 4761 241 4829 scopi
273 4776 458 4829 erant,
496 4762 572 4816 ab
603 4757 878 4828 apostolis
914 4773 1020 4813 non
1058 4769 1269 4814 tantum
1314 4762 1693 4832 presbyteros,

124 4850 266 4907 sedet
290 4855 565 4909 diaconos
614 4852 798 4906 dictos
847 4848 1022 4906 fuisse
1060 4852 1361 4921 putabant;
1416 4852 1695 4907 neminem

122 4947 267 5001 tamen
297 4948 715 5003 existimabant
764 4944 913 4997 hunc
959 4959 1266 4998 sermonem
1320 4946 1694 5017 apostolicum

124 5049 334 5094 secutum
389 5057 545 5096 esse.
577 5038 723 5105 Quis
773 5036 919 5091 enim
974 5053 1215 5107 unquam
1266 5039 1432 5108 primi
1480 5038 1696 5093 ordinis

120 5135 433 5202 prepositum
464 5134 779 5187 diaconum
812 5129 1143 5197 appellavit?
1178 5128 1546 5201 Hieronymus
1579 5134 1697 5198 ipse

121 5224 351 5280 neminem
411 5232 549 5296 post
613 5220 903 5291 apostolos
968 5235 1277 5275 sermonem
1330 5220 1692 5290 apostolicum

120 5309 352 5373 imitatum
406 5334 542 5375 esse
586 5313 953 5377 existimavit,
983 5313 1078 5369 sed
1120 5328 1574 5384 unumquemque
1608 5313 1693 5368 sui

120 5412 344 5477 lemporis
390 5412 451 5467 in
502 5407 798 5480 loquendo
855 5422 1065 5461 morem
1113 5417 1424 5476 spectasse;
1459 5422 1528 5460 ne
1563 5420 1697 5474 apo-

119 5502 259 5560 stolas
287 5507 517 5577 quidem
557 5505 719 5575 ipsos
752 5500 919 5554 aliter‘
939 5500 1155 5554 locutos
1184 5516 1307 5554 esse
1335 5501 1567 5570 putavit.
1615 5499 1694 5553 Ita

118 5592 231 5645 enim
280 5595 333 5648 in
366 5591 807 5650 Commentario
856 5590 911 5643 in
944 5588 1247 5659 Epistolam
1291 5589 1360 5644 ad
1387 5590 1570 5643 Titum
1614 5590 1699 5644 ὶοσ

118 5682 274 5747 quitur
303 5702 316 5737 :
350 5706 369 5738 ι
398 5686 551 5754 Quia
596 5684 829 5739 eosdem
859 5682 1149 5752 episcopos
1180 5697 1246 5737 eo
1274 5690 1519 5751 tempore
1557 5696 1696 5751 quos

118 5781 156 5825 ει
174 5778 522 5850 presbyteros
558 5774 933 5848 appellabant,
976 5782 1267 5846 propterea
1320 5772 1696 5832 indiﬂ'ercnter

1798 4579 1890 4632 vix
1920 4592 2092 4633 unum
2122 4586 2218 4631 aut
2243 4578 2473 4630 alterum
2500 4575 2763 4638 invenies,
2796 4590 2958 4644 quem
2989 4591 3153 4632 nemo
3182 4576 3383 4646 ample-

1798 4688 1903 4727 xus
1931 4680 2034 4734 est,
2082 4669 2291 4724 nullum
2325 4683 2456 4722 sane
2499 4667 2551 4721 in
2589 4682 2699 4737 quo
2733 4675 2867 4733 tres,
2895 4668 3117 4723 vel'dno
3148 4667 3383 4724 fortasse

1799 4772 2193 4830 convenerunt,
2237 4764 2283 4819 si
2334 4764 2457 4818 illos
2491 4761 2753 4832 excipias,
2796 4760 2890 4830 qui
2945 4761 3129 4816 omnia
3160 4762 3230 4815 ab
3261 4761 3403 4835 aliis

1800 4878 1866 4916 ex
1892 4856 2137 4929 professo
2165 4856 2657 4925 transcripserunt.
2689 4853 3014 4923 Quicunque
3038 4853 3381 4917 communio-

1799 4967 1923 5013 nem
1974 4950 2171 5003 horum
2223 4948 2456 5002 duorum
2496 4947 2782 5001 nominum
2819 4954 3001 5001 mente
3039 4945 3379 5013 concipiunt,

1800 5057 2022 5099 necesse
2051 5050 2135 5095 est
2165 5050 2225 5095 ut
2261 5048 2356 5093 aut
2384 5054 2551 5093 unum
2582 5038 2832 5093 ordinem
2877 5047 3087 5097 tantum
3119 5038 3172 5090 in
3204 5036 3382 5090 eccle-

1800 5135 1899 5189 siis
1933 5134 2304 5203 apostolorum
2353 5132 2591 5203 primum
2644 5146 2772 5184 cura
2814 5139 2868 5185 et
2898 5130 3221 5184 auctoritate
3261 5126 3383 5203 fun-

1798 5224 1963 5289 datis,
2001 5234 2095 5281 aut
2142 5225 2282 5280 duos
2334 5223 2613 5279 exstitisse
2658 5227 2991 5290 supponant.
3046 5217 3111 5271 Et
3157 5218 3379 5287 quidem

1799 5317 1894 5387 qui
1928 5316 2070 5371 hanc
2098 5315 2547 5371 communionem
2593 5312 2878 5365 nominum
2922 5318 3179 5373 tuentur,
3214 5306 3267 5359 in
3296 5305 3382 5359 di-

1799 5422 1988 5463 versas
2016 5407 2082 5460 de
2106 5420 2337 5461 numero
2371 5405 2626 5459 ordinum
2658 5411 2790 5456 tunc
2820 5400 3082 5469 temporis
3110 5400 3383 5455 exsisten-

1798 5497 1935 5550 tium
1970 5496 2267 5551 sententias
2289 5496 2449 5550 divisi
2478 5502 2625 5549 sunt.
2648 5489 2850 5545 Omnes
2872 5496 3203 5558 agnoscunt,
3230 5497 3381 5559 post-

1798 5603 1962 5657 quam
2001 5585 2136 5641 Novi
2179 5585 2423 5642 Fmderis
2452 5585 2574 5639 libri
2608 5583 2817 5637 exarati
2849 5592 2997 5648 sunt,
3031 5582 3216 5652 aliquo
3243 5592 3384 5637 tem-

1803 5680 1948 5749 poris
1974 5680 2283 5744 intervallo,
2316 5678 2455 5733 duos
2486 5676 2709 5731 ordines
2748 5691 2843 5731 seu
2891 5676 3092 5746 gradus
3122 5675 3381 5730 ecclesia—

1803 5772 1968 5831 sticus
2006 5780 2069 5847 et
2106 5770 2304 5842 cilicio,
2352 5779 2402 5828 ct
2447 5769 2709 5842 dignitate
2758 5768 3080 5840 distinctos,
3116 5768 3229 5825 sive
3261 5768 3383 5836 iure
