  <div class='ocr_page' id='page_1' title='image "/cluster/home/n/w/nwhite01/storage/ocr_20150623/5/hvd.32044019206598/227.png"; bbox 0 0 3800 6208; ppageno 0'>
   <div class='ocr_carea' id='block_1_1' title="bbox 425 263 2548 328">
    <p class='ocr_par' dir='ltr' id='par_1_1' title="bbox 425 263 2548 328">
     <span class='ocr_line' id='line_1_1' title="bbox 425 263 2548 328; baseline -0.006 0"><span class='ocrx_word' id='word_1_1' title='bbox 425 274 496 328; x_wconf 73' lang='lat'><strong>59</strong></span> <span class='ocrx_word' id='word_1_2' title='bbox 1216 286 1222 291; x_wconf 84' lang='lat'><strong><em>‘</em></strong></span> <span class='ocrx_word' id='word_1_3' title='bbox 1412 272 1474 326; x_wconf 87' lang='lat' dir='ltr'><strong>S.</strong></span> <span class='ocrx_word' id='word_1_4' title='bbox 1521 267 1870 326; x_wconf 79' lang='lat' dir='ltr'><strong>lGNATlUS.</strong></span> <span class='ocrx_word' id='word_1_5' title='bbox 1912 286 1978 309; x_wconf 62' lang='lat'><strong>‘-—</strong></span> <span class='ocrx_word' id='word_1_6' title='bbox 2018 263 2548 323; x_wconf 75' lang='lat' dir='ltr'><strong>PROLEGOMENA.</strong></span> 
     </span>
    </p>
   </div>
   <div class='ocr_carea' id='block_1_2' title="bbox 3550 266 3643 321">
    <p class='ocr_par' dir='ltr' id='par_1_2' title="bbox 3550 266 3643 321">
     <span class='ocr_line' id='line_1_2' title="bbox 3550 266 3643 321; baseline 0.011 -2"><span class='ocrx_word' id='word_1_7' title='bbox 3550 266 3643 321; x_wconf 61' lang='lat' dir='ltr'><strong>‘Tii</strong></span> 
     </span>
    </p>
   </div>
   <div class='ocr_carea' id='block_1_3' title="bbox 388 382 3645 465">
    <p class='ocr_par' dir='ltr' id='par_1_3' title="bbox 388 382 3645 465">
     <span class='ocr_line' id='line_1_3' title="bbox 388 382 3645 465; baseline -0.004 -15"><span class='ocrx_word' id='word_1_8' title='bbox 388 398 505 450; x_wconf 80' lang='lat' dir='ltr'><strong>sive</strong></span> <span class='ocrx_word' id='word_1_9' title='bbox 535 395 758 465; x_wconf 79' lang='lat' dir='ltr'><strong>injuria,</strong></span> <span class='ocrx_word' id='word_1_10' title='bbox 788 394 1115 457; x_wconf 87' lang='lat' dir='ltr'><strong>obtinuisse,</strong></span> <span class='ocrx_word' id='word_1_11' title='bbox 1145 405 1385 462; x_wconf 91' lang='lat' dir='ltr'><strong>quorum</strong></span> <span class='ocrx_word' id='word_1_12' title='bbox 1419 390 1691 461; x_wconf 83' lang='lat' dir='ltr'><strong>superiori</strong></span> <span class='ocrx_word' id='word_1_13' title='bbox 1713 388 1976 460; x_wconf 89' lang='lat' dir='ltr'><strong>episcopi,</strong></span> <span class='ocrx_word' id='word_1_14' title='bbox 2006 394 2056 451; x_wconf 77' lang='grc' dir='ltr'><strong>Α</strong></span> <span class='ocrx_word' id='word_1_15' title='bbox 2084 387 2450 456; x_wconf 79' lang='lat' dir='ltr'><strong>Hieronymus</strong></span> <span class='ocrx_word' id='word_1_16' title='bbox 2476 383 2698 453; x_wconf 90' lang='lat' dir='ltr'><strong>aliique.</strong></span> <span class='ocrx_word' id='word_1_17' title='bbox 2731 382 2801 435; x_wconf 78' lang='lat' dir='ltr'><strong>At</strong></span> <span class='ocrx_word' id='word_1_18' title='bbox 2829 382 2933 437; x_wconf 88' lang='lat' dir='ltr'><strong>hoc</strong></span> <span class='ocrx_word' id='word_1_19' title='bbox 2962 395 3056 435; x_wconf 88' lang='lat' dir='ltr'><strong>aut</strong></span> <span class='ocrx_word' id='word_1_20' title='bbox 3080 395 3292 448; x_wconf 88' lang='lat' dir='ltr'><strong>verum,</strong></span> <span class='ocrx_word' id='word_1_21' title='bbox 3324 391 3421 437; x_wconf 91' lang='lat' dir='ltr'><strong>aut</strong></span> <span class='ocrx_word' id='word_1_22' title='bbox 3450 394 3645 440; x_wconf 88' lang='lat' dir='ltr'><strong>certum</strong></span> 
     </span>
    </p>
   </div>
   <div class='ocr_carea' id='block_1_4' title="bbox 387 482 1967 559">
    <p class='ocr_par' dir='ltr' id='par_1_4' title="bbox 387 482 1967 559">
     <span class='ocr_line' id='line_1_4' title="bbox 387 482 1967 559; baseline -0.002 -18"><span class='ocrx_word' id='word_1_23' title='bbox 387 486 634 543; x_wconf 87' lang='lat' dir='ltr'><strong>inferiori</strong></span> <span class='ocrx_word' id='word_1_24' title='bbox 675 487 974 559; x_wconf 92' lang='lat' dir='ltr'><strong>presbyteri</strong></span> <span class='ocrx_word' id='word_1_25' title='bbox 1016 499 1211 540; x_wconf 88' lang='lat' dir='ltr'><strong>nomen</strong></span> <span class='ocrx_word' id='word_1_26' title='bbox 1254 484 1503 539; x_wconf 74' lang='lat' dir='ltr'><strong>adluesit.</strong></span> <span class='ocrx_word' id='word_1_27' title='bbox 1536 482 1642 549; x_wconf 86' lang='lat' dir='ltr'><strong>Qui</strong></span> <span class='ocrx_word' id='word_1_28' title='bbox 1686 498 1857 537; x_wconf 91' lang='lat' dir='ltr'><strong>unum</strong></span> <span class='ocrx_word' id='word_1_29' title='bbox 1899 497 1967 538; x_wconf 78' lang='lat' dir='ltr'><strong>ex</strong></span> 
     </span>
    </p>
   </div>
   <div class='ocr_carea' id='block_1_5' title="bbox 384 575 1969 634">
    <p class='ocr_par' dir='ltr' id='par_1_5' title="bbox 384 575 1969 634">
     <span class='ocr_line' id='line_1_5' title="bbox 384 575 1969 634; baseline -0.004 0"><span class='ocrx_word' id='word_1_30' title='bbox 384 578 456 634; x_wconf 82' lang='lat' dir='ltr'><strong>iis</strong></span> <span class='ocrx_word' id='word_1_31' title='bbox 489 580 867 634; x_wconf 89' lang='lat' dir='ltr'><strong>tantummodo</strong></span> <span class='ocrx_word' id='word_1_32' title='bbox 911 587 1028 632; x_wconf 87' lang='lat' dir='ltr'><strong>tum</strong></span> <span class='ocrx_word' id='word_1_33' title='bbox 1078 592 1204 632; x_wconf 91' lang='lat' dir='ltr'><strong>cum</strong></span> <span class='ocrx_word' id='word_1_34' title='bbox 1254 576 1400 631; x_wconf 82' lang='lat' dir='ltr'><strong>sacri</strong></span> <span class='ocrx_word' id='word_1_35' title='bbox 1433 575 1559 632; x_wconf 81' lang='lat' dir='ltr'><strong>libri</strong></span> <span class='ocrx_word' id='word_1_36' title='bbox 1598 575 1969 632; x_wconf 75' lang='lat' dir='ltr'><strong>scriberentur</strong></span> 
     </span>
    </p>
   </div>
   <div class='ocr_carea' id='block_1_6' title="bbox 383 669 1965 741">
    <p class='ocr_par' dir='ltr' id='par_1_6' title="bbox 383 669 1965 741">
     <span class='ocr_line' id='line_1_6' title="bbox 383 669 1965 741; baseline -0.002 -15"><span class='ocrx_word' id='word_1_37' title='bbox 383 672 659 726; x_wconf 73' lang='lat' dir='ltr'><strong>exstitisse</strong></span> <span class='ocrx_word' id='word_1_38' title='bbox 698 679 913 741; x_wconf 84' lang='lat' dir='ltr'><strong>putant,</strong></span> <span class='ocrx_word' id='word_1_39' title='bbox 944 670 1177 724; x_wconf 89' lang='lat' dir='ltr'><strong>alterum</strong></span> <span class='ocrx_word' id='word_1_40' title='bbox 1207 678 1387 725; x_wconf 90' lang='lat' dir='ltr'><strong>autem</strong></span> <span class='ocrx_word' id='word_1_41' title='bbox 1433 677 1624 739; x_wconf 87' lang='lat' dir='ltr'><strong>postea</strong></span> <span class='ocrx_word' id='word_1_42' title='bbox 1658 669 1965 739; x_wconf 77' lang='lat' dir='ltr'><strong>adjectum;</strong></span> 
     </span>
    </p>
   </div>
   <div class='ocr_carea' id='block_1_7' title="bbox 383 760 1966 832">
    <p class='ocr_par' dir='ltr' id='par_1_7' title="bbox 383 760 1966 832">
     <span class='ocr_line' id='line_1_7' title="bbox 383 760 1966 832; baseline -0.001 -17"><span class='ocrx_word' id='word_1_43' title='bbox 383 764 465 816; x_wconf 90' lang='lat' dir='ltr'><strong>vel</strong></span> <span class='ocrx_word' id='word_1_44' title='bbox 518 760 827 817; x_wconf 82' lang='lat' dir='ltr'><strong>inferiorem</strong></span> <span class='ocrx_word' id='word_1_45' title='bbox 878 761 1125 817; x_wconf 89' lang='lat' dir='ltr'><strong>ordinem</strong></span> <span class='ocrx_word' id='word_1_46' title='bbox 1188 770 1528 832; x_wconf 83' lang='lat' dir='ltr'><strong>agnoscunt,</strong></span> <span class='ocrx_word' id='word_1_47' title='bbox 1574 761 1666 816; x_wconf 93' lang='lat' dir='ltr'><strong>cui</strong></span> <span class='ocrx_word' id='word_1_48' title='bbox 1717 761 1966 831; x_wconf 83' lang='lat' dir='ltr'><strong>superior</strong></span> 
     </span>
    </p>
   </div>
   <div class='ocr_carea' id='block_1_8' title="bbox 382 851 1967 923">
    <p class='ocr_par' dir='ltr' id='par_1_8' title="bbox 382 851 1967 923">
     <span class='ocr_line' id='line_1_8' title="bbox 382 851 1967 923; baseline 0 -16"><span class='ocrx_word' id='word_1_49' title='bbox 382 862 567 922; x_wconf 89' lang='lat' dir='ltr'><strong>postea</strong></span> <span class='ocrx_word' id='word_1_50' title='bbox 601 853 1082 922; x_wconf 86' lang='lat' dir='ltr'><strong>superimpositus,</strong></span> <span class='ocrx_word' id='word_1_51' title='bbox 1108 854 1195 908; x_wconf 88' lang='lat' dir='ltr'><strong>vel</strong></span> <span class='ocrx_word' id='word_1_52' title='bbox 1223 854 1590 923; x_wconf 85' lang='lat' dir='ltr'><strong>superiorem,</strong></span> <span class='ocrx_word' id='word_1_53' title='bbox 1620 853 1709 908; x_wconf 92' lang='lat' dir='ltr'><strong>cui</strong></span> <span class='ocrx_word' id='word_1_54' title='bbox 1737 851 1967 907; x_wconf 89' lang='lat' dir='ltr'><strong>inferior</strong></span> 
     </span>
    </p>
   </div>
   <div class='ocr_carea' id='block_1_9' title="bbox 381 943 1961 1016">
    <p class='ocr_par' dir='ltr' id='par_1_9' title="bbox 381 943 1961 1016">
     <span class='ocr_line' id='line_1_9' title="bbox 381 943 1961 1016; baseline 0.004 -20"><span class='ocrx_word' id='word_1_55' title='bbox 381 943 728 1011; x_wconf 80' lang='lat' dir='ltr'><strong>postmodum</strong></span> <span class='ocrx_word' id='word_1_56' title='bbox 758 943 1020 1000; x_wconf 78' lang='lat' dir='ltr'><strong>suﬁ‘ectus</strong></span> <span class='ocrx_word' id='word_1_57' title='bbox 1044 952 1148 1000; x_wconf 91' lang='lat' dir='ltr'><strong>est.</strong></span> <span class='ocrx_word' id='word_1_58' title='bbox 1176 943 1315 1000; x_wconf 85' lang='lat' dir='ltr'><strong>Hinc</strong></span> <span class='ocrx_word' id='word_1_59' title='bbox 1345 954 1635 1016; x_wconf 84' lang='lat' dir='ltr'><strong>emergunt</strong></span> <span class='ocrx_word' id='word_1_60' title='bbox 1669 947 1779 1000; x_wconf 92' lang='lat' dir='ltr'><strong>duo</strong></span> <span class='ocrx_word' id='word_1_61' title='bbox 1811 947 1961 1003; x_wconf 92' lang='lat' dir='ltr'><strong>modi</strong></span> 
     </span>
    </p>
   </div>
   <div class='ocr_carea' id='block_1_10' title="bbox 375 1033 1962 1104">
    <p class='ocr_par' dir='ltr' id='par_1_10' title="bbox 375 1033 1962 1104">
     <span class='ocr_line' id='line_1_10' title="bbox 375 1033 1962 1104; baseline 0.001 -15"><span class='ocrx_word' id='word_1_62' title='bbox 375 1035 816 1090; x_wconf 87' lang='lat' dir='ltr'><strong>communionem</strong></span> <span class='ocrx_word' id='word_1_63' title='bbox 863 1036 1151 1090; x_wconf 91' lang='lat' dir='ltr'><strong>nominum</strong></span> <span class='ocrx_word' id='word_1_64' title='bbox 1199 1033 1540 1104; x_wconf 75' lang='lat' dir='ltr'><strong>explicandi,</strong></span> <span class='ocrx_word' id='word_1_65' title='bbox 1575 1050 1719 1090; x_wconf 88' lang='lat' dir='ltr'><strong>unus</strong></span> <span class='ocrx_word' id='word_1_66' title='bbox 1754 1044 1815 1090; x_wconf 92' lang='lat' dir='ltr'><strong>ut</strong></span> <span class='ocrx_word' id='word_1_67' title='bbox 1859 1052 1962 1091; x_wconf 81' lang='lat' dir='ltr'><strong>no-</strong></span> 
     </span>
    </p>
   </div>
   <div class='ocr_carea' id='block_1_11' title="bbox 378 1128 1962 1199">
    <p class='ocr_par' dir='ltr' id='par_1_11' title="bbox 378 1128 1962 1199">
     <span class='ocr_line' id='line_1_11' title="bbox 378 1128 1962 1199; baseline 0.003 -18"><span class='ocrx_word' id='word_1_68' title='bbox 378 1129 526 1183; x_wconf 88' lang='lat' dir='ltr'><strong>mina</strong></span> <span class='ocrx_word' id='word_1_69' title='bbox 554 1128 798 1198; x_wconf 86' lang='lat' dir='ltr'><strong>episcopi</strong></span> <span class='ocrx_word' id='word_1_70' title='bbox 840 1136 895 1183; x_wconf 90' lang='lat' dir='ltr'><strong>ct</strong></span> <span class='ocrx_word' id='word_1_71' title='bbox 930 1128 1237 1199; x_wconf 82' lang='lat' dir='ltr'><strong>presbyteri</strong></span> <span class='ocrx_word' id='word_1_72' title='bbox 1270 1129 1435 1184; x_wconf 89' lang='lat' dir='ltr'><strong>unius</strong></span> <span class='ocrx_word' id='word_1_73' title='bbox 1466 1129 1679 1184; x_wconf 87' lang='lat' dir='ltr'><strong>ordinis</strong></span> <span class='ocrx_word' id='word_1_74' title='bbox 1705 1132 1962 1185; x_wconf 88' lang='lat' dir='ltr'><strong>sacerdo-</strong></span> 
     </span>
    </p>
   </div>
   <div class='ocr_carea' id='block_1_12' title="bbox 377 1219 1962 1291">
    <p class='ocr_par' dir='ltr' id='par_1_12' title="bbox 377 1219 1962 1291">
     <span class='ocr_line' id='line_1_12' title="bbox 377 1219 1962 1291; baseline 0.003 -18"><span class='ocrx_word' id='word_1_75' title='bbox 377 1220 523 1275; x_wconf 92' lang='lat' dir='ltr'><strong>tibus</strong></span> <span class='ocrx_word' id='word_1_76' title='bbox 552 1220 864 1289; x_wconf 91' lang='lat' dir='ltr'><strong>promiscue</strong></span> <span class='ocrx_word' id='word_1_77' title='bbox 887 1219 1283 1285; x_wconf 87' lang='lat' dir='ltr'><strong>tribuerentur,</strong></span> <span class='ocrx_word' id='word_1_78' title='bbox 1314 1221 1409 1291; x_wconf 90' lang='lat' dir='ltr'><strong>qui</strong></span> <span class='ocrx_word' id='word_1_79' title='bbox 1448 1219 1723 1276; x_wconf 86' lang='lat' dir='ltr'><strong>inferioris</strong></span> <span class='ocrx_word' id='word_1_80' title='bbox 1749 1222 1962 1277; x_wconf 88' lang='lat' dir='ltr'><strong>ordinis</strong></span> 
     </span>
    </p>
   </div>
   <div class='ocr_carea' id='block_1_13' title="bbox 377 1310 1958 1384">
    <p class='ocr_par' dir='ltr' id='par_1_13' title="bbox 377 1310 1958 1384">
     <span class='ocr_line' id='line_1_13' title="bbox 377 1310 1958 1384; baseline 0.003 -20"><span class='ocrx_word' id='word_1_81' title='bbox 377 1311 722 1374; x_wconf 82' lang='lat' dir='ltr'><strong>sacerdotes,</strong></span> <span class='ocrx_word' id='word_1_82' title='bbox 758 1310 874 1365; x_wconf 84' lang='lat' dir='ltr'><strong>sive</strong></span> <span class='ocrx_word' id='word_1_83' title='bbox 913 1310 1216 1382; x_wconf 81' lang='lat' dir='ltr'><strong>presbyteri</strong></span> <span class='ocrx_word' id='word_1_84' title='bbox 1267 1312 1595 1367; x_wconf 86' lang='lat' dir='ltr'><strong>dicebantur</strong></span> <span class='ocrx_word' id='word_1_85' title='bbox 1621 1355 1634 1379; x_wconf 95' lang='lat'><strong>,</strong></span> <span class='ocrx_word' id='word_1_86' title='bbox 1668 1324 1958 1384; x_wconf 81' lang='lat' dir='ltr'><strong>postquam</strong></span> 
     </span>
    </p>
   </div>
   <div class='ocr_carea' id='block_1_14' title="bbox 374 1402 1957 1479">
    <p class='ocr_par' dir='ltr' id='par_1_14' title="bbox 374 1402 1957 1479">
     <span class='ocr_line' id='line_1_14' title="bbox 374 1402 1957 1479; baseline 0.003 -21"><span class='ocrx_word' id='word_1_87' title='bbox 374 1402 625 1472; x_wconf 74' lang='lat' dir='ltr'><strong>superior</strong></span> <span class='ocrx_word' id='word_1_88' title='bbox 668 1405 805 1460; x_wconf 90' lang='lat' dir='ltr'><strong>ordo</strong></span> <span class='ocrx_word' id='word_1_89' title='bbox 850 1406 1195 1463; x_wconf 87' lang='lat' dir='ltr'><strong>introductus</strong></span> <span class='ocrx_word' id='word_1_90' title='bbox 1230 1416 1286 1462; x_wconf 92' lang='lat' dir='ltr'><strong>et</strong></span> <span class='ocrx_word' id='word_1_91' title='bbox 1329 1409 1789 1479; x_wconf 91' lang='lat' dir='ltr'><strong>superimpositus</strong></span> <span class='ocrx_word' id='word_1_92' title='bbox 1833 1419 1957 1476; x_wconf 86' lang='lat' dir='ltr'><strong>est;</strong></span> 
     </span>
    </p>
   </div>
   <div class='ocr_carea' id='block_1_15' title="bbox 372 1495 1960 1572">
    <p class='ocr_par' dir='ltr' id='par_1_15' title="bbox 372 1495 1960 1572">
     <span class='ocr_line' id='line_1_15' title="bbox 372 1495 1960 1572; baseline 0.009 -30"><span class='ocrx_word' id='word_1_93' title='bbox 372 1508 535 1560; x_wconf 85' lang='lat' dir='ltr'><strong>quam</strong></span> <span class='ocrx_word' id='word_1_94' title='bbox 591 1495 781 1549; x_wconf 87' lang='lat' dir='ltr'><strong>volunt</strong></span> <span class='ocrx_word' id='word_1_95' title='bbox 828 1511 951 1551; x_wconf 89' lang='lat' dir='ltr'><strong>esse</strong></span> <span class='ocrx_word' id='word_1_96' title='bbox 1004 1499 1331 1552; x_wconf 90' lang='lat' dir='ltr'><strong>sententiam</strong></span> <span class='ocrx_word' id='word_1_97' title='bbox 1384 1498 1442 1554; x_wconf 91' lang='lat' dir='ltr'><strong>S.</strong></span> <span class='ocrx_word' id='word_1_98' title='bbox 1485 1498 1827 1572; x_wconf 86' lang='lat' dir='ltr'><strong>Hieronymi,</strong></span> <span class='ocrx_word' id='word_1_99' title='bbox 1871 1516 1960 1557; x_wconf 91' lang='lat' dir='ltr'><strong>me</strong></span> 
     </span>
    </p>
   </div>
   <div class='ocr_carea' id='block_1_16' title="bbox 374 1586 1961 1660">
    <p class='ocr_par' dir='ltr' id='par_1_16' title="bbox 374 1586 1961 1660">
     <span class='ocr_line' id='line_1_16' title="bbox 374 1586 1961 1660; baseline 0.008 -22"><span class='ocrx_word' id='word_1_100' title='bbox 374 1586 516 1641; x_wconf 87' lang='lat' dir='ltr'><strong>baud</strong></span> <span class='ocrx_word' id='word_1_101' title='bbox 562 1602 929 1660; x_wconf 83' lang='lat' dir='ltr'><strong>repugnante;</strong></span> <span class='ocrx_word' id='word_1_102' title='bbox 966 1593 1124 1659; x_wconf 88' lang='lat' dir='ltr'><strong>alter,</strong></span> <span class='ocrx_word' id='word_1_103' title='bbox 1176 1602 1236 1647; x_wconf 90' lang='lat' dir='ltr'><strong>ut</strong></span> <span class='ocrx_word' id='word_1_104' title='bbox 1281 1594 1473 1650; x_wconf 86' lang='lat' dir='ltr'><strong>eadem</strong></span> <span class='ocrx_word' id='word_1_105' title='bbox 1523 1596 1749 1651; x_wconf 89' lang='lat' dir='ltr'><strong>nomina</strong></span> <span class='ocrx_word' id='word_1_106' title='bbox 1795 1598 1961 1652; x_wconf 90' lang='lat' dir='ltr'><strong>unius</strong></span> 
     </span>
    </p>
   </div>
   <div class='ocr_carea' id='block_1_17' title="bbox 369 1678 1952 1761">
    <p class='ocr_par' dir='ltr' id='par_1_17' title="bbox 369 1678 1952 1761">
     <span class='ocr_line' id='line_1_17' title="bbox 369 1678 1952 1761; baseline 0.012 -35"><span class='ocrx_word' id='word_1_107' title='bbox 369 1678 580 1734; x_wconf 86' lang='lat' dir='ltr'><strong>ordinis</strong></span> <span class='ocrx_word' id='word_1_108' title='bbox 627 1683 1009 1740; x_wconf 85' lang='lat' dir='ltr'><strong>sacerdotibus</strong></span> <span class='ocrx_word' id='word_1_109' title='bbox 1056 1687 1372 1755; x_wconf 89' lang='lat' dir='ltr'><strong>promiscue</strong></span> <span class='ocrx_word' id='word_1_110' title='bbox 1421 1688 1815 1756; x_wconf 84' lang='lat' dir='ltr'><strong>tribuerentur,</strong></span> <span class='ocrx_word' id='word_1_111' title='bbox 1858 1690 1952 1761; x_wconf 87' lang='lat' dir='ltr'><strong>qui</strong></span> 
     </span>
    </p>
   </div>
   <div class='ocr_carea' id='block_1_18' title="bbox 2081 472 3649 543">
    <p class='ocr_par' dir='ltr' id='par_1_18' title="bbox 2081 472 3649 543">
     <span class='ocr_line' id='line_1_18' title="bbox 2081 472 3649 543; baseline -0.003 -8"><span class='ocrx_word' id='word_1_112' title='bbox 2081 496 2191 535; x_wconf 89' lang='lat' dir='ltr'><strong>non</strong></span> <span class='ocrx_word' id='word_1_113' title='bbox 2222 489 2326 533; x_wconf 90' lang='lat' dir='ltr'><strong>est.</strong></span> <span class='ocrx_word' id='word_1_114' title='bbox 2358 476 2506 533; x_wconf 85' lang='lat' dir='ltr'><strong>Duas</strong></span> <span class='ocrx_word' id='word_1_115' title='bbox 2547 475 2692 531; x_wconf 87' lang='lat' dir='ltr'><strong>enim</strong></span> <span class='ocrx_word' id='word_1_116' title='bbox 2721 473 2774 528; x_wconf 93' lang='lat' dir='ltr'><strong>in</strong></span> <span class='ocrx_word' id='word_1_117' title='bbox 2802 472 3129 543; x_wconf 87' lang='lat' dir='ltr'><strong>quibusdam</strong></span> <span class='ocrx_word' id='word_1_118' title='bbox 3178 474 3499 529; x_wconf 83' lang='lat' dir='ltr'><strong>civitatibus</strong></span> <span class='ocrx_word' id='word_1_119' title='bbox 3526 487 3649 531; x_wconf 83' lang='lat' dir='ltr'><strong>tem-</strong></span> 
     </span>
    </p>
   </div>
   <div class='ocr_carea' id='block_1_19' title="bbox 2074 565 3647 644">
    <p class='ocr_par' dir='ltr' id='par_1_19' title="bbox 2074 565 3647 644">
     <span class='ocr_line' id='line_1_19' title="bbox 2074 565 3647 644; baseline -0.001 -18"><span class='ocrx_word' id='word_1_120' title='bbox 2074 572 2303 644; x_wconf 87' lang='lat' dir='ltr'><strong>poribus</strong></span> <span class='ocrx_word' id='word_1_121' title='bbox 2358 569 2735 640; x_wconf 88' lang='lat' dir='ltr'><strong>apostolorum</strong></span> <span class='ocrx_word' id='word_1_122' title='bbox 2801 565 3099 631; x_wconf 87' lang='lat' dir='ltr'><strong>ecclesias,</strong></span> <span class='ocrx_word' id='word_1_123' title='bbox 3166 566 3308 622; x_wconf 91' lang='lat' dir='ltr'><strong>duos</strong></span> <span class='ocrx_word' id='word_1_124' title='bbox 3362 568 3647 637; x_wconf 80' lang='lat' dir='ltr'><strong>episcopos</strong></span> 
     </span>
    </p>
   </div>
   <div class='ocr_carea' id='block_1_20' title="bbox 2069 656 3647 731">
    <p class='ocr_par' dir='ltr' id='par_1_20' title="bbox 2069 656 3647 731">
     <span class='ocr_line' id='line_1_20' title="bbox 2069 656 3647 731; baseline -0.003 -11"><span class='ocrx_word' id='word_1_125' title='bbox 2069 664 2262 731; x_wconf 87' lang='lat' dir='ltr'><strong>fuisse,</strong></span> <span class='ocrx_word' id='word_1_126' title='bbox 2292 662 2465 717; x_wconf 86' lang='lat' dir='ltr'><strong>donec</strong></span> <span class='ocrx_word' id='word_1_127' title='bbox 2494 660 2725 731; x_wconf 80' lang='lat' dir='ltr'><strong>gentiles</strong></span> <span class='ocrx_word' id='word_1_128' title='bbox 2755 674 2878 712; x_wconf 85' lang='lat' dir='ltr'><strong>cum</strong></span> <span class='ocrx_word' id='word_1_129' title='bbox 2918 656 3121 712; x_wconf 66' lang='lat' dir='ltr'><strong>Iudaeis</strong></span> <span class='ocrx_word' id='word_1_130' title='bbox 3159 658 3212 712; x_wconf 94' lang='lat' dir='ltr'><strong>in</strong></span> <span class='ocrx_word' id='word_1_131' title='bbox 3252 674 3426 713; x_wconf 90' lang='lat' dir='ltr'><strong>unum</strong></span> <span class='ocrx_word' id='word_1_132' title='bbox 3460 674 3647 729; x_wconf 88' lang='lat' dir='ltr'><strong>corpus</strong></span> 
     </span>
    </p>
   </div>
   <div class='ocr_carea' id='block_1_21' title="bbox 2068 746 3648 819">
    <p class='ocr_par' dir='ltr' id='par_1_21' title="bbox 2068 746 3648 819">
     <span class='ocr_line' id='line_1_21' title="bbox 2068 746 3648 819; baseline -0.003 -13"><span class='ocrx_word' id='word_1_133' title='bbox 2068 750 2459 813; x_wconf 85' lang='lat' dir='ltr'><strong>coalescerent,</strong></span> <span class='ocrx_word' id='word_1_134' title='bbox 2489 746 2993 819; x_wconf 90' lang='lat' dir='ltr'><strong>probabilissimum</strong></span> <span class='ocrx_word' id='word_1_135' title='bbox 3021 762 3086 801; x_wconf 67' lang='lat' dir='ltr'><strong>ea</strong></span> <span class='ocrx_word' id='word_1_136' title='bbox 3117 746 3253 816; x_wconf 90' lang='lat' dir='ltr'><strong>ipsis</strong></span> <span class='ocrx_word' id='word_1_137' title='bbox 3278 747 3505 817; x_wconf 87' lang='lat' dir='ltr'><strong>scriptis</strong></span> <span class='ocrx_word' id='word_1_138' title='bbox 3528 764 3648 817; x_wconf 65' lang='lat' dir='ltr'><strong>apo.</strong></span> 
     </span>
    </p>
   </div>
   <div class='ocr_carea' id='block_1_22' title="bbox 2068 840 3647 912">
    <p class='ocr_par' dir='ltr' id='par_1_22' title="bbox 2068 840 3647 912">
     <span class='ocr_line' id='line_1_22' title="bbox 2068 840 3647 912; baseline 0 -13"><span class='ocrx_word' id='word_1_139' title='bbox 2068 844 2283 901; x_wconf 87' lang='lat' dir='ltr'><strong>stolicis</strong></span> <span class='ocrx_word' id='word_1_140' title='bbox 2333 842 2467 897; x_wconf 83' lang='lat' dir='ltr'><strong>facit</strong></span> <span class='ocrx_word' id='word_1_141' title='bbox 2515 840 2899 904; x_wconf 81' lang='lat' dir='ltr'><strong>Hammondus</strong></span> <span class='ocrx_word' id='word_1_142' title='bbox 2930 850 3137 896; x_wconf 87' lang='lat' dir='ltr'><strong>noster.</strong></span> <span class='ocrx_word' id='word_1_143' title='bbox 3171 840 3517 912; x_wconf 87' lang='lat' dir='ltr'><strong>Epiphanius</strong></span> <span class='ocrx_word' id='word_1_144' title='bbox 3542 844 3647 899; x_wconf 72' lang='lat' dir='ltr'><strong>ha:-</strong></span> 
     </span>
    </p>
   </div>
   <div class='ocr_carea' id='block_1_23' title="bbox 2066 933 3650 1008">
    <p class='ocr_par' dir='ltr' id='par_1_23' title="bbox 2066 933 3650 1008">
     <span class='ocr_line' id='line_1_23' title="bbox 2066 933 3650 1008; baseline 0 -18"><span class='ocrx_word' id='word_1_145' title='bbox 2066 936 2176 992; x_wconf 86' lang='lat' dir='ltr'><strong>resi</strong></span> <span class='ocrx_word' id='word_1_146' title='bbox 2219 935 2288 990; x_wconf 84' lang='lat'><strong>68</strong></span> <span class='ocrx_word' id='word_1_147' title='bbox 2318 954 2331 992; x_wconf 89' lang='lat'><strong>:</strong></span> <span class='ocrx_word' id='word_1_148' title='bbox 2357 936 2430 991; x_wconf 83' lang='grc' dir='ltr'><strong>Οὐ</strong></span> <span class='ocrx_word' id='word_1_149' title='bbox 2484 936 2592 1008; x_wconf 81' lang='grc' dir='ltr'><strong>γάρ</strong></span> <span class='ocrx_word' id='word_1_150' title='bbox 2625 952 2756 989; x_wconf 85' lang='grc' dir='ltr'><strong>ποτε</strong></span> <span class='ocrx_word' id='word_1_151' title='bbox 2787 936 2823 1007; x_wconf 83' lang='grc' dir='ltr'><strong>ἠ</strong></span> <span class='ocrx_word' id='word_1_152' title='bbox 2870 933 3247 1005; x_wconf 78' lang='grc' dir='ltr'><strong>Ἀλεξάνδρεια</strong></span> <span class='ocrx_word' id='word_1_153' title='bbox 3295 935 3391 989; x_wconf 82' lang='grc' dir='ltr'><strong>δύο</strong></span> <span class='ocrx_word' id='word_1_154' title='bbox 3440 938 3650 991; x_wconf 71' lang='grc' dir='ltr'><strong>ἐπισκό-</strong></span> 
     </span>
    </p>
   </div>
   <div class='ocr_carea' id='block_1_24' title="bbox 2065 1023 3647 1099">
    <p class='ocr_par' dir='ltr' id='par_1_24' title="bbox 2065 1023 3647 1099">
     <span class='ocr_line' id='line_1_24' title="bbox 2065 1023 3647 1099; baseline 0.002 -18"><span class='ocrx_word' id='word_1_155' title='bbox 2065 1045 2200 1093; x_wconf 87' lang='grc' dir='ltr'><strong>πους</strong></span> <span class='ocrx_word' id='word_1_156' title='bbox 2233 1023 2399 1099; x_wconf 76' lang='grc' dir='ltr'><strong>εἶχεν,</strong></span> <span class='ocrx_word' id='word_1_157' title='bbox 2432 1026 2507 1091; x_wconf 82' lang='grc' dir='ltr'><strong>ὡς</strong></span> <span class='ocrx_word' id='word_1_158' title='bbox 2541 1030 2595 1082; x_wconf 84' lang='grc' dir='ltr'><strong>αἱ</strong></span> <span class='ocrx_word' id='word_1_159' title='bbox 2628 1027 2782 1081; x_wconf 81' lang='grc' dir='ltr'>ἄλλαι</span> <span class='ocrx_word' id='word_1_160' title='bbox 2815 1025 3120 1099; x_wconf 71' lang='grc' dir='ltr'><strong>ἐκκλησίαι.</strong></span> <span class='ocrx_word' id='word_1_161' title='bbox 3151 1025 3486 1097; x_wconf 71' lang='lat' dir='ltr'><strong>«Nunquam</strong></span> <span class='ocrx_word' id='word_1_162' title='bbox 3510 1028 3647 1084; x_wconf 91' lang='lat' dir='ltr'><strong>enim</strong></span> 
     </span>
    </p>
   </div>
   <div class='ocr_carea' id='block_1_25' title="bbox 2063 1120 3648 1191">
    <p class='ocr_par' dir='ltr' id='par_1_25' title="bbox 2063 1120 3648 1191">
     <span class='ocr_line' id='line_1_25' title="bbox 2063 1120 3648 1191; baseline 0.002 -17"><span class='ocrx_word' id='word_1_163' title='bbox 2063 1121 2392 1176; x_wconf 77' lang='lat' dir='ltr'><strong>Alexandria</strong></span> <span class='ocrx_word' id='word_1_164' title='bbox 2434 1120 2575 1177; x_wconf 92' lang='lat' dir='ltr'><strong>duos</strong></span> <span class='ocrx_word' id='word_1_165' title='bbox 2616 1120 2904 1191; x_wconf 85' lang='lat' dir='ltr'><strong>episcopos</strong></span> <span class='ocrx_word' id='word_1_166' title='bbox 2954 1121 3165 1187; x_wconf 83' lang='lat' dir='ltr'><strong>habuit,</strong></span> <span class='ocrx_word' id='word_1_167' title='bbox 3199 1130 3259 1174; x_wconf 91' lang='lat' dir='ltr'><strong>ut</strong></span> <span class='ocrx_word' id='word_1_168' title='bbox 3303 1121 3431 1175; x_wconf 72' lang='lat' dir='ltr'><strong>aliae</strong></span> <span class='ocrx_word' id='word_1_169' title='bbox 3470 1120 3648 1177; x_wconf 85' lang='lat' dir='ltr'><strong>Eccle-</strong></span> 
     </span>
    </p>
   </div>
   <div class='ocr_carea' id='block_1_26' title="bbox 2064 1212 3647 1286">
    <p class='ocr_par' dir='ltr' id='par_1_26' title="bbox 2064 1212 3647 1286">
     <span class='ocr_line' id='line_1_26' title="bbox 2064 1212 3647 1286; baseline 0.003 -17"><span class='ocrx_word' id='word_1_170' title='bbox 2064 1214 2179 1269; x_wconf 60' lang='lat' dir='ltr'><strong>sia}.</strong></span> <span class='ocrx_word' id='word_1_171' title='bbox 2208 1232 2227 1266; x_wconf 70' lang='grc' dir='ltr'><strong><em>ι</em></strong></span> <span class='ocrx_word' id='word_1_172' title='bbox 2258 1212 2393 1280; x_wconf 70' lang='lat' dir='ltr'><strong>Quae</strong></span> <span class='ocrx_word' id='word_1_173' title='bbox 2424 1213 2742 1269; x_wconf 80' lang='lat' dir='ltr'><strong>observatio</strong></span> <span class='ocrx_word' id='word_1_174' title='bbox 2773 1214 2841 1268; x_wconf 89' lang='lat' dir='ltr'><strong>ad</strong></span> <span class='ocrx_word' id='word_1_175' title='bbox 2870 1215 3169 1283; x_wconf 88' lang='lat' dir='ltr'><strong>apostolica</strong></span> <span class='ocrx_word' id='word_1_176' title='bbox 3208 1215 3377 1269; x_wconf 89' lang='lat' dir='ltr'><strong>etiam</strong></span> <span class='ocrx_word' id='word_1_177' title='bbox 3407 1224 3647 1286; x_wconf 86' lang='lat' dir='ltr'><strong>tempora</strong></span> 
     </span>
    </p>
   </div>
   <div class='ocr_carea' id='block_1_27' title="bbox 2060 1305 3645 1378">
    <p class='ocr_par' dir='ltr' id='par_1_27' title="bbox 2060 1305 3645 1378">
     <span class='ocr_line' id='line_1_27' title="bbox 2060 1305 3645 1378; baseline 0.002 -16"><span class='ocrx_word' id='word_1_178' title='bbox 2060 1305 2280 1362; x_wconf 79' lang='lat' dir='ltr'><strong>extendi</strong></span> <span class='ocrx_word' id='word_1_179' title='bbox 2311 1307 2431 1362; x_wconf 91' lang='lat' dir='ltr'><strong>sine</strong></span> <span class='ocrx_word' id='word_1_180' title='bbox 2475 1306 2644 1362; x_wconf 91' lang='lat' dir='ltr'><strong>dubio</strong></span> <span class='ocrx_word' id='word_1_181' title='bbox 2687 1307 2879 1363; x_wconf 90' lang='lat' dir='ltr'><strong>debet:</strong></span> <span class='ocrx_word' id='word_1_182' title='bbox 2911 1308 3061 1378; x_wconf 87' lang='lat' dir='ltr'><strong>quod</strong></span> <span class='ocrx_word' id='word_1_183' title='bbox 3092 1306 3313 1364; x_wconf 82' lang='lat' dir='ltr'><strong>Marcus</strong></span> <span class='ocrx_word' id='word_1_184' title='bbox 3341 1324 3471 1364; x_wconf 90' lang='lat' dir='ltr'><strong>cum</strong></span> <span class='ocrx_word' id='word_1_185' title='bbox 3500 1311 3645 1366; x_wconf 89' lang='lat' dir='ltr'><strong>solus</strong></span> 
     </span>
    </p>
   </div>
   <div class='ocr_carea' id='block_1_28' title="bbox 2061 1398 3645 1471">
    <p class='ocr_par' dir='ltr' id='par_1_28' title="bbox 2061 1398 3645 1471">
     <span class='ocr_line' id='line_1_28' title="bbox 2061 1398 3645 1471; baseline 0.003 -18"><span class='ocrx_word' id='word_1_186' title='bbox 2061 1398 2136 1453; x_wconf 89' lang='lat' dir='ltr'><strong>ibi</strong></span> <span class='ocrx_word' id='word_1_187' title='bbox 2183 1398 2582 1469; x_wconf 64' lang='lat' dir='ltr'><strong>praedicaverit,</strong></span> <span class='ocrx_word' id='word_1_188' title='bbox 2632 1399 2857 1471; x_wconf 86' lang='lat' dir='ltr'><strong>unicum</strong></span> <span class='ocrx_word' id='word_1_189' title='bbox 2903 1400 3222 1469; x_wconf 87' lang='lat' dir='ltr'><strong>episcopum</strong></span> <span class='ocrx_word' id='word_1_190' title='bbox 3266 1416 3645 1458; x_wconf 88' lang='lat' dir='ltr'><strong>successorem</strong></span> 
     </span>
    </p>
   </div>
   <div class='ocr_carea' id='block_1_29' title="bbox 2060 1490 3646 1563">
    <p class='ocr_par' dir='ltr' id='par_1_29' title="bbox 2060 1490 3646 1563">
     <span class='ocr_line' id='line_1_29' title="bbox 2060 1490 3646 1563; baseline 0.003 -19"><span class='ocrx_word' id='word_1_191' title='bbox 2060 1490 2303 1561; x_wconf 87' lang='lat' dir='ltr'><strong>reliquit,</strong></span> <span class='ocrx_word' id='word_1_192' title='bbox 2341 1490 2397 1545; x_wconf 90' lang='lat' dir='ltr'><strong>in</strong></span> <span class='ocrx_word' id='word_1_193' title='bbox 2435 1491 2557 1545; x_wconf 84' lang='lat' dir='ltr'><strong>aliis</strong></span> <span class='ocrx_word' id='word_1_194' title='bbox 2598 1501 2783 1547; x_wconf 88' lang='lat' dir='ltr'><strong>autem</strong></span> <span class='ocrx_word' id='word_1_195' title='bbox 2832 1492 3147 1547; x_wconf 85' lang='lat' dir='ltr'><strong>civitatibus</strong></span> <span class='ocrx_word' id='word_1_196' title='bbox 3189 1492 3496 1563; x_wconf 87' lang='lat' dir='ltr'><strong>aliquando</strong></span> <span class='ocrx_word' id='word_1_197' title='bbox 3541 1495 3646 1550; x_wconf 91' lang='lat' dir='ltr'><strong>duo</strong></span> 
     </span>
    </p>
   </div>
   <div class='ocr_carea' id='block_1_30' title="bbox 2059 1582 3645 1657">
    <p class='ocr_par' dir='ltr' id='par_1_30' title="bbox 2059 1582 3645 1657">
     <span class='ocr_line' id='line_1_30' title="bbox 2059 1582 3645 1657; baseline 0.003 -20"><span class='ocrx_word' id='word_1_198' title='bbox 2059 1582 2295 1652; x_wconf 89' lang='lat' dir='ltr'><strong>apostoli</strong></span> <span class='ocrx_word' id='word_1_199' title='bbox 2335 1582 2607 1639; x_wconf 88' lang='lat' dir='ltr'><strong>Ecclesias</strong></span> <span class='ocrx_word' id='word_1_200' title='bbox 2652 1583 3075 1654; x_wconf 80' lang='lat' dir='ltr'><strong>congregabant,</strong></span> <span class='ocrx_word' id='word_1_201' title='bbox 3111 1593 3167 1639; x_wconf 93' lang='lat' dir='ltr'><strong>et</strong></span> <span class='ocrx_word' id='word_1_202' title='bbox 3207 1586 3331 1640; x_wconf 91' lang='lat' dir='ltr'><strong>loco</strong></span> <span class='ocrx_word' id='word_1_203' title='bbox 3364 1601 3471 1640; x_wconf 91' lang='lat' dir='ltr'><strong>suo</strong></span> <span class='ocrx_word' id='word_1_204' title='bbox 3498 1588 3645 1657; x_wconf 81' lang='lat' dir='ltr'><strong>quis-</strong></span> 
     </span>
    </p>
   </div>
   <div class='ocr_carea' id='block_1_31' title="bbox 2059 1671 3645 1753">
    <p class='ocr_par' dir='ltr' id='par_1_31' title="bbox 2059 1671 3645 1753">
     <span class='ocr_line' id='line_1_31' title="bbox 2059 1671 3645 1753; baseline 0.004 -26"><span class='ocrx_word' id='word_1_205' title='bbox 2059 1688 2168 1742; x_wconf 90' lang='lat' dir='ltr'><strong>que</strong></span> <span class='ocrx_word' id='word_1_206' title='bbox 2197 1672 2515 1743; x_wconf 88' lang='lat' dir='ltr'><strong>episcopum</strong></span> <span class='ocrx_word' id='word_1_207' title='bbox 2565 1672 2807 1743; x_wconf 89' lang='lat' dir='ltr'><strong>reliquit.</strong></span> <span class='ocrx_word' id='word_1_208' title='bbox 2844 1671 3003 1739; x_wconf 86' lang='lat' dir='ltr'><strong>Quod</strong></span> <span class='ocrx_word' id='word_1_209' title='bbox 3034 1674 3149 1744; x_wconf 89' lang='lat' dir='ltr'><strong>ipse</strong></span> <span class='ocrx_word' id='word_1_210' title='bbox 3203 1675 3554 1753; x_wconf 76' lang='lat' dir='ltr'><strong>Epiphanius</strong></span> <span class='ocrx_word' id='word_1_211' title='bbox 3582 1678 3645 1733; x_wconf 88' lang='lat' dir='ltr'><strong>de</strong></span> 
     </span>
    </p>
   </div>
   <div class='ocr_carea' id='block_1_32' title="bbox 368 1752 1938 1850">
    <p class='ocr_par' dir='ltr' id='par_1_32' title="bbox 368 1771 1938 1850">
     <span class='ocr_line' id='line_1_32' title="bbox 368 1771 1938 1850; baseline 0.008 -28"><span class='ocrx_word' id='word_1_212' title='bbox 368 1771 667 1838; x_wconf 82' lang='lat' dir='ltr'><strong>superioris</strong></span> <span class='ocrx_word' id='word_1_213' title='bbox 698 1774 905 1830; x_wconf 86' lang='lat' dir='ltr'><strong>ordinis</strong></span> <span class='ocrx_word' id='word_1_214' title='bbox 942 1777 1253 1833; x_wconf 89' lang='lat' dir='ltr'><strong>sacerdotes</strong></span> <span class='ocrx_word' id='word_1_215' title='bbox 1284 1779 1400 1832; x_wconf 90' lang='lat' dir='ltr'><strong>sive</strong></span> <span class='ocrx_word' id='word_1_216' title='bbox 1436 1779 1676 1849; x_wconf 88' lang='lat' dir='ltr'><strong>episcopi</strong></span> <span class='ocrx_word' id='word_1_217' title='bbox 1709 1782 1938 1850; x_wconf 88' lang='lat' dir='ltr'><strong>appella-</strong></span> 
     </span>
    </p>
   </div>
   <div class='ocr_carea' id='block_1_33' title="bbox 2077 1752 3645 1850">
    <p class='ocr_par' dir='ltr' id='par_1_33' title="bbox 2077 1764 3645 1843">
     <span class='ocr_line' id='line_1_33' title="bbox 2077 1764 3645 1843; baseline 0.003 -26"><span class='ocrx_word' id='word_1_218' title='bbox 2077 1766 2297 1821; x_wconf 73' lang='lat' dir='ltr'><strong>Ecclesia</strong></span> <span class='ocrx_word' id='word_1_219' title='bbox 2329 1764 2598 1830; x_wconf 83' lang='lat' dir='ltr'><strong>Romana,</strong></span> <span class='ocrx_word' id='word_1_220' title='bbox 2625 1765 2813 1819; x_wconf 77' lang='lat' dir='ltr'><strong>lueresi</strong></span> <span class='ocrx_word' id='word_1_221' title='bbox 2844 1765 2934 1843; x_wconf 63' lang='grc' dir='ltr'><strong>εἴ,</strong></span> <span class='ocrx_word' id='word_1_222' title='bbox 2967 1765 3224 1821; x_wconf 73' lang='lat' dir='ltr'><strong>observat</strong></span> <span class='ocrx_word' id='word_1_223' title='bbox 3265 1785 3277 1819; x_wconf 92' lang='lat'>:</span> <span class='ocrx_word' id='word_1_224' title='bbox 3322 1768 3417 1819; x_wconf 84' lang='grc' dir='ltr'>Ἐν</span> <span class='ocrx_word' id='word_1_225' title='bbox 3465 1767 3645 1842; x_wconf 79' lang='grc' dir='ltr'><strong>Ῥώμῃ</strong></span> 
     </span>
    </p>
   </div>
   <div class='ocr_carea' id='block_1_34' title="bbox 367 1859 1947 1936">
    <p class='ocr_par' dir='ltr' id='par_1_34' title="bbox 367 1859 1947 1936">
     <span class='ocr_line' id='line_1_34' title="bbox 367 1859 1947 1936; baseline 0.011 -26"><span class='ocrx_word' id='word_1_226' title='bbox 367 1859 587 1928; x_wconf 88' lang='lat' dir='ltr'><strong>bantur,</strong></span> <span class='ocrx_word' id='word_1_227' title='bbox 620 1873 911 1933; x_wconf 87' lang='lat' dir='ltr'><strong>postquam</strong></span> <span class='ocrx_word' id='word_1_228' title='bbox 941 1866 1168 1922; x_wconf 89' lang='lat' dir='ltr'><strong>inferior</strong></span> <span class='ocrx_word' id='word_1_229' title='bbox 1200 1870 1336 1924; x_wconf 92' lang='lat' dir='ltr'><strong>ordo</strong></span> <span class='ocrx_word' id='word_1_230' title='bbox 1370 1870 1738 1936; x_wconf 88' lang='lat' dir='ltr'><strong>introductus,</strong></span> <span class='ocrx_word' id='word_1_231' title='bbox 1772 1881 1826 1927; x_wconf 91' lang='lat' dir='ltr'><strong>et</strong></span> <span class='ocrx_word' id='word_1_232' title='bbox 1853 1888 1947 1927; x_wconf 75' lang='lat' dir='ltr'><strong>su-</strong></span> 
     </span>
    </p>
   </div>
   <div class='ocr_carea' id='block_1_35' title="bbox 368 1953 1945 2036">
    <p class='ocr_par' dir='ltr' id='par_1_35' title="bbox 368 1953 1945 2036">
     <span class='ocr_line' id='line_1_35' title="bbox 368 1953 1945 2036; baseline 0.007 -28"><span class='ocrx_word' id='word_1_233' title='bbox 368 1953 566 2020; x_wconf 83' lang='lat' dir='ltr'><strong>periori</strong></span> <span class='ocrx_word' id='word_1_234' title='bbox 594 1958 923 2028; x_wconf 91' lang='lat' dir='ltr'><strong>subjunctus</strong></span> <span class='ocrx_word' id='word_1_235' title='bbox 951 1969 1064 2027; x_wconf 89' lang='lat' dir='ltr'><strong>est;</strong></span> <span class='ocrx_word' id='word_1_236' title='bbox 1097 1977 1263 2031; x_wconf 90' lang='lat' dir='ltr'><strong>quam</strong></span> <span class='ocrx_word' id='word_1_237' title='bbox 1308 1965 1637 2019; x_wconf 86' lang='lat' dir='ltr'><strong>sententiam</strong></span> <span class='ocrx_word' id='word_1_238' title='bbox 1683 1974 1945 2036; x_wconf 90' lang='lat' dir='ltr'><strong>tanquam</strong></span> 
     </span>
    </p>
   </div>
   <div class='ocr_carea' id='block_1_36' title="bbox 365 2046 1948 2123">
    <p class='ocr_par' dir='ltr' id='par_1_36' title="bbox 365 2046 1948 2123">
     <span class='ocr_line' id='line_1_36' title="bbox 365 2046 1948 2123; baseline 0.008 -27"><span class='ocrx_word' id='word_1_239' title='bbox 365 2046 603 2102; x_wconf 78' lang='lat' dir='ltr'><strong>.naxime</strong></span> <span class='ocrx_word' id='word_1_240' title='bbox 635 2050 973 2118; x_wconf 89' lang='lat' dir='ltr'><strong>probabilem</strong></span> <span class='ocrx_word' id='word_1_241' title='bbox 1020 2052 1266 2109; x_wconf 84' lang='lat' dir='ltr'><strong>defendit</strong></span> <span class='ocrx_word' id='word_1_242' title='bbox 1312 2053 1694 2112; x_wconf 82' lang='lat' dir='ltr'><strong>Hammondus</strong></span> <span class='ocrx_word' id='word_1_243' title='bbox 1736 2066 1948 2123; x_wconf 92' lang='lat' dir='ltr'><strong>noster,</strong></span> 
     </span>
    </p>
   </div>
   <div class='ocr_carea' id='block_1_37' title="bbox 362 2144 1949 2214">
    <p class='ocr_par' dir='ltr' id='par_1_37' title="bbox 362 2144 1949 2214">
     <span class='ocr_line' id='line_1_37' title="bbox 362 2144 1949 2214; baseline 0.008 -25"><span class='ocrx_word' id='word_1_244' title='bbox 362 2152 477 2208; x_wconf 77' lang='lat' dir='ltr'><strong>quo</strong></span> <span class='ocrx_word' id='word_1_245' title='bbox 504 2155 665 2195; x_wconf 90' lang='lat' dir='ltr'><strong>nemo</strong></span> <span class='ocrx_word' id='word_1_246' title='bbox 692 2144 1007 2198; x_wconf 72' lang='lat' dir='ltr'><strong>accuratius</strong></span> <span class='ocrx_word' id='word_1_247' title='bbox 1031 2146 1147 2201; x_wconf 82' lang='lat' dir='ltr'><strong>haec</strong></span> <span class='ocrx_word' id='word_1_248' title='bbox 1176 2148 1457 2203; x_wconf 87' lang='lat' dir='ltr'><strong>tractavit.</strong></span> <span class='ocrx_word' id='word_1_249' title='bbox 1492 2147 1597 2214; x_wconf 88' lang='lat' dir='ltr'><strong>Qui</strong></span> <span class='ocrx_word' id='word_1_250' title='bbox 1624 2148 1767 2204; x_wconf 92' lang='lat' dir='ltr'><strong>duos</strong></span> <span class='ocrx_word' id='word_1_251' title='bbox 1798 2148 1949 2203; x_wconf 83' lang='lat' dir='ltr'><strong>ordi-</strong></span> 
     </span>
    </p>
   </div>
   <div class='ocr_carea' id='block_1_38' title="bbox 364 2232 1949 2311">
    <p class='ocr_par' dir='ltr' id='par_1_38' title="bbox 364 2232 1949 2311">
     <span class='ocr_line' id='line_1_38' title="bbox 364 2232 1949 2311; baseline 0.009 -30"><span class='ocrx_word' id='word_1_252' title='bbox 364 2245 463 2287; x_wconf 83' lang='lat' dir='ltr'><strong>nes</strong></span> <span class='ocrx_word' id='word_1_253' title='bbox 486 2240 540 2286; x_wconf 87' lang='lat' dir='ltr'><strong>et</strong></span> <span class='ocrx_word' id='word_1_254' title='bbox 585 2232 763 2288; x_wconf 78' lang='lat' dir='ltr'><strong>oﬂicio</strong></span> <span class='ocrx_word' id='word_1_255' title='bbox 808 2245 862 2289; x_wconf 90' lang='lat' dir='ltr'><strong>et</strong></span> <span class='ocrx_word' id='word_1_256' title='bbox 892 2235 1159 2306; x_wconf 83' lang='lat' dir='ltr'><strong>dignitate</strong></span> <span class='ocrx_word' id='word_1_257' title='bbox 1203 2239 1499 2295; x_wconf 91' lang='lat' dir='ltr'><strong>distinctos</strong></span> <span class='ocrx_word' id='word_1_258' title='bbox 1545 2240 1649 2295; x_wconf 89' lang='lat' dir='ltr'><strong>sub</strong></span> <span class='ocrx_word' id='word_1_259' title='bbox 1683 2241 1949 2311; x_wconf 73' lang='lat' dir='ltr'><strong>apostolis</strong></span> 
     </span>
    </p>
   </div>
   <div class='ocr_carea' id='block_1_39' title="bbox 361 2323 1949 2401">
    <p class='ocr_par' dir='ltr' id='par_1_39' title="bbox 361 2323 1949 2401">
     <span class='ocr_line' id='line_1_39' title="bbox 361 2323 1949 2401; baseline 0.005 -25"><span class='ocrx_word' id='word_1_260' title='bbox 361 2323 552 2390; x_wconf 76' lang='lat' dir='ltr'><strong>fuisse,</strong></span> <span class='ocrx_word' id='word_1_261' title='bbox 582 2336 639 2380; x_wconf 93' lang='lat' dir='ltr'><strong>et</strong></span> <span class='ocrx_word' id='word_1_262' title='bbox 668 2327 737 2381; x_wconf 91' lang='lat' dir='ltr'><strong>ab</strong></span> <span class='ocrx_word' id='word_1_263' title='bbox 762 2326 871 2381; x_wconf 89' lang='lat' dir='ltr'><strong>illis</strong></span> <span class='ocrx_word' id='word_1_264' title='bbox 902 2327 1186 2385; x_wconf 90' lang='lat' dir='ltr'><strong>institutos</strong></span> <span class='ocrx_word' id='word_1_265' title='bbox 1223 2345 1334 2385; x_wconf 91' lang='lat' dir='ltr'><strong>non</strong></span> <span class='ocrx_word' id='word_1_266' title='bbox 1367 2331 1715 2399; x_wconf 86' lang='lat' dir='ltr'><strong>dubitabant,</strong></span> <span class='ocrx_word' id='word_1_267' title='bbox 1744 2332 1799 2385; x_wconf 91' lang='lat' dir='ltr'><strong>in</strong></span> <span class='ocrx_word' id='word_1_268' title='bbox 1827 2332 1949 2401; x_wconf 84' lang='lat' dir='ltr'><strong>plu-</strong></span> 
     </span>
    </p>
   </div>
   <div class='ocr_carea' id='block_1_40' title="bbox 360 2414 1947 2479">
    <p class='ocr_par' dir='ltr' id='par_1_40' title="bbox 360 2414 1947 2479">
     <span class='ocr_line' id='line_1_40' title="bbox 360 2414 1947 2479; baseline 0.007 -12"><span class='ocrx_word' id='word_1_269' title='bbox 360 2428 449 2470; x_wconf 84' lang='lat' dir='ltr'><strong>res</strong></span> <span class='ocrx_word' id='word_1_270' title='bbox 495 2414 563 2470; x_wconf 90' lang='lat' dir='ltr'><strong>de</strong></span> <span class='ocrx_word' id='word_1_271' title='bbox 616 2418 1007 2474; x_wconf 83' lang='lat' dir='ltr'><strong>communione</strong></span> <span class='ocrx_word' id='word_1_272' title='bbox 1074 2420 1363 2475; x_wconf 90' lang='lat' dir='ltr'><strong>nominum</strong></span> <span class='ocrx_word' id='word_1_273' title='bbox 1417 2424 1720 2479; x_wconf 89' lang='lat' dir='ltr'><strong>sententias</strong></span> <span class='ocrx_word' id='word_1_274' title='bbox 1782 2423 1947 2478; x_wconf 88' lang='lat' dir='ltr'><strong>divisi</strong></span> 
     </span>
    </p>
   </div>
   <div class='ocr_carea' id='block_1_41' title="bbox 360 2503 1947 2581">
    <p class='ocr_par' dir='ltr' id='par_1_41' title="bbox 360 2503 1947 2581">
     <span class='ocr_line' id='line_1_41' title="bbox 360 2503 1947 2581; baseline 0.006 -25"><span class='ocrx_word' id='word_1_275' title='bbox 360 2512 509 2557; x_wconf 76' lang='lat' dir='ltr'><strong>sunt.</strong></span> <span class='ocrx_word' id='word_1_276' title='bbox 535 2503 780 2571; x_wconf 91' lang='lat' dir='ltr'><strong>Quarum</strong></span> <span class='ocrx_word' id='word_1_277' title='bbox 810 2506 985 2576; x_wconf 90' lang='lat' dir='ltr'><strong>prima</strong></span> <span class='ocrx_word' id='word_1_278' title='bbox 1007 2508 1121 2563; x_wconf 57' lang='lat' dir='ltr'><strong>hac</strong></span> <span class='ocrx_word' id='word_1_279' title='bbox 1144 2508 1267 2574; x_wconf 88' lang='lat' dir='ltr'><strong>fuit,</strong></span> <span class='ocrx_word' id='word_1_280' title='bbox 1293 2511 1511 2581; x_wconf 89' lang='lat' dir='ltr'><strong>utrique</strong></span> <span class='ocrx_word' id='word_1_281' title='bbox 1534 2512 1713 2568; x_wconf 89' lang='lat' dir='ltr'><strong>ordini</strong></span> <span class='ocrx_word' id='word_1_282' title='bbox 1739 2522 1947 2567; x_wconf 89' lang='lat' dir='ltr'><strong>utrum-</strong></span> 
     </span>
    </p>
   </div>
   <div class='ocr_carea' id='block_1_42' title="bbox 358 2599 1945 2668">
    <p class='ocr_par' dir='ltr' id='par_1_42' title="bbox 358 2599 1945 2668">
     <span class='ocr_line' id='line_1_42' title="bbox 358 2599 1945 2668; baseline 0.008 -24"><span class='ocrx_word' id='word_1_283' title='bbox 358 2606 467 2659; x_wconf 83' lang='lat' dir='ltr'><strong>que</strong></span> <span class='ocrx_word' id='word_1_284' title='bbox 506 2607 705 2647; x_wconf 91' lang='lat' dir='ltr'><strong>nomen</strong></span> <span class='ocrx_word' id='word_1_285' title='bbox 750 2608 1046 2650; x_wconf 89' lang='lat' dir='ltr'><strong>commune</strong></span> <span class='ocrx_word' id='word_1_286' title='bbox 1090 2612 1155 2651; x_wconf 91' lang='lat' dir='ltr'><strong>ea</strong></span> <span class='ocrx_word' id='word_1_287' title='bbox 1192 2605 1515 2668; x_wconf 88' lang='lat' dir='ltr'><strong>tempestate</strong></span> <span class='ocrx_word' id='word_1_288' title='bbox 1557 2599 1759 2667; x_wconf 89' lang='lat' dir='ltr'><strong>fuisse,</strong></span> <span class='ocrx_word' id='word_1_289' title='bbox 1789 2611 1848 2657; x_wconf 92' lang='lat' dir='ltr'><strong>ut</strong></span> <span class='ocrx_word' id='word_1_290' title='bbox 1876 2601 1945 2656; x_wconf 92' lang='lat' dir='ltr'><strong>ad</strong></span> 
     </span>
    </p>
   </div>
   <div class='ocr_carea' id='block_1_43' title="bbox 360 2685 1944 2764">
    <p class='ocr_par' dir='ltr' id='par_1_43' title="bbox 360 2685 1944 2764">
     <span class='ocr_line' id='line_1_43' title="bbox 360 2685 1944 2764; baseline 0.008 -27"><span class='ocrx_word' id='word_1_291' title='bbox 360 2685 702 2755; x_wconf 79' lang='lat' dir='ltr'><strong>superiorem</strong></span> <span class='ocrx_word' id='word_1_292' title='bbox 739 2687 987 2742; x_wconf 88' lang='lat' dir='ltr'><strong>ordinem</strong></span> <span class='ocrx_word' id='word_1_293' title='bbox 1036 2694 1275 2758; x_wconf 87' lang='lat' dir='ltr'><strong>promoti</strong></span> <span class='ocrx_word' id='word_1_294' title='bbox 1319 2709 1466 2748; x_wconf 91' lang='lat' dir='ltr'><strong>nunc</strong></span> <span class='ocrx_word' id='word_1_295' title='bbox 1497 2694 1763 2764; x_wconf 89' lang='lat' dir='ltr'><strong>episcopi,</strong></span> <span class='ocrx_word' id='word_1_296' title='bbox 1799 2710 1944 2750; x_wconf 87' lang='lat' dir='ltr'><strong>nunc</strong></span> 
     </span>
    </p>
   </div>
   <div class='ocr_carea' id='block_1_44' title="bbox 360 2775 1941 2855">
    <p class='ocr_par' dir='ltr' id='par_1_44' title="bbox 360 2775 1941 2855">
     <span class='ocr_line' id='line_1_44' title="bbox 360 2775 1941 2855; baseline 0.008 -28"><span class='ocrx_word' id='word_1_297' title='bbox 360 2775 659 2846; x_wconf 88' lang='lat' dir='ltr'><strong>presbyteri</strong></span> <span class='ocrx_word' id='word_1_298' title='bbox 679 2777 1105 2846; x_wconf 86' lang='lat' dir='ltr'><strong>appellarentur,</strong></span> <span class='ocrx_word' id='word_1_299' title='bbox 1124 2790 1177 2835; x_wconf 92' lang='lat' dir='ltr'><strong>et</strong></span> <span class='ocrx_word' id='word_1_300' title='bbox 1199 2782 1399 2850; x_wconf 90' lang='lat' dir='ltr'><strong>pariter</strong></span> <span class='ocrx_word' id='word_1_301' title='bbox 1423 2782 1476 2837; x_wconf 90' lang='lat' dir='ltr'><strong>in</strong></span> <span class='ocrx_word' id='word_1_302' title='bbox 1500 2783 1744 2838; x_wconf 88' lang='lat' dir='ltr'><strong>inferiori</strong></span> <span class='ocrx_word' id='word_1_303' title='bbox 1771 2786 1941 2855; x_wconf 86' lang='lat' dir='ltr'><strong>gradu</strong></span> 
     </span>
    </p>
   </div>
   <div class='ocr_carea' id='block_1_45' title="bbox 360 2866 1943 2947">
    <p class='ocr_par' dir='ltr' id='par_1_45' title="bbox 360 2866 1943 2947">
     <span class='ocr_line' id='line_1_45' title="bbox 360 2866 1943 2947; baseline 0.011 -31"><span class='ocrx_word' id='word_1_304' title='bbox 360 2866 647 2923; x_wconf 69' lang='lat' dir='ltr'><strong>constituti</strong></span> <span class='ocrx_word' id='word_1_305' title='bbox 677 2884 824 2924; x_wconf 91' lang='lat' dir='ltr'><strong>nunc</strong></span> <span class='ocrx_word' id='word_1_306' title='bbox 849 2871 1174 2943; x_wconf 87' lang='lat' dir='ltr'><strong>presbyteri,</strong></span> <span class='ocrx_word' id='word_1_307' title='bbox 1209 2890 1357 2930; x_wconf 91' lang='lat' dir='ltr'><strong>nunc</strong></span> <span class='ocrx_word' id='word_1_308' title='bbox 1400 2876 1645 2947; x_wconf 83' lang='lat' dir='ltr'><strong>episcopi</strong></span> <span class='ocrx_word' id='word_1_309' title='bbox 1686 2878 1943 2933; x_wconf 88' lang='lat' dir='ltr'><strong>nomina-</strong></span> 
     </span>
    </p>
   </div>
   <div class='ocr_carea' id='block_1_46' title="bbox 358 2961 1933 3040">
    <p class='ocr_par' dir='ltr' id='par_1_46' title="bbox 358 2961 1933 3040">
     <span class='ocr_line' id='line_1_46' title="bbox 358 2961 1933 3040; baseline 0.008 -28"><span class='ocrx_word' id='word_1_310' title='bbox 358 2971 579 3027; x_wconf 85' lang='lat' dir='ltr'><strong>rentur;</strong></span> <span class='ocrx_word' id='word_1_311' title='bbox 613 2976 736 3030; x_wconf 74' lang='lat' dir='ltr'><strong>quze</strong></span> <span class='ocrx_word' id='word_1_312' title='bbox 774 2961 877 3017; x_wconf 90' lang='lat' dir='ltr'><strong>fuit</strong></span> <span class='ocrx_word' id='word_1_313' title='bbox 922 2966 1194 3020; x_wconf 88' lang='lat' dir='ltr'><strong>sententia</strong></span> <span class='ocrx_word' id='word_1_314' title='bbox 1225 2966 1602 3038; x_wconf 82' lang='lat' dir='ltr'><strong>Chrysostomi</strong></span> <span class='ocrx_word' id='word_1_315' title='bbox 1638 2978 1693 3024; x_wconf 91' lang='lat' dir='ltr'><strong>et</strong></span> <span class='ocrx_word' id='word_1_316' title='bbox 1740 2985 1933 3040; x_wconf 87' lang='lat' dir='ltr'><strong>sequa-</strong></span> 
     </span>
    </p>
   </div>
   <div class='ocr_carea' id='block_1_47' title="bbox 2056 1842 3646 1929">
    <p class='ocr_par' dir='ltr' id='par_1_47' title="bbox 2056 1842 3646 1929">
     <span class='ocr_line' id='line_1_47' title="bbox 2056 1842 3646 1929; baseline 0.003 -19"><span class='ocrx_word' id='word_1_317' title='bbox 2056 1857 2165 1929; x_wconf 70' lang='grc' dir='ltr'>γὰρ</span> <span class='ocrx_word' id='word_1_318' title='bbox 2197 1858 2450 1927; x_wconf 84' lang='grc' dir='ltr'>γεγόνασι</span> <span class='ocrx_word' id='word_1_319' title='bbox 2487 1856 2694 1929; x_wconf 82' lang='grc' dir='ltr'>πρῶτοι</span> <span class='ocrx_word' id='word_1_320' title='bbox 2726 1842 2935 1929; x_wconf 78' lang='grc' dir='ltr'><strong>Πέτρος</strong></span> <span class='ocrx_word' id='word_1_321' title='bbox 2969 1857 3062 1911; x_wconf 76' lang='grc' dir='ltr'><strong>καὶ</strong></span> <span class='ocrx_word' id='word_1_322' title='bbox 3096 1856 3311 1922; x_wconf 79' lang='grc' dir='ltr'><strong>Παῦλος</strong></span> <span class='ocrx_word' id='word_1_323' title='bbox 3333 1861 3385 1912; x_wconf 82' lang='grc' dir='ltr'>οἱ</span> <span class='ocrx_word' id='word_1_324' title='bbox 3412 1860 3646 1914; x_wconf 81' lang='grc' dir='ltr'><strong>ἀπόστο-</strong></span> 
     </span>
    </p>
   </div>
   <div class='ocr_carea' id='block_1_48' title="bbox 2056 1947 3646 2021">
    <p class='ocr_par' dir='ltr' id='par_1_48' title="bbox 2056 1947 3646 2021">
     <span class='ocr_line' id='line_1_48' title="bbox 2056 1947 3646 2021; baseline 0.004 -17"><span class='ocrx_word' id='word_1_325' title='bbox 2056 1952 2137 2004; x_wconf 80' lang='grc' dir='ltr'><strong>λοι</strong></span> <span class='ocrx_word' id='word_1_326' title='bbox 2168 1951 2322 2003; x_wconf 76' lang='grc' dir='ltr'>αὐτοὶ</span> <span class='ocrx_word' id='word_1_327' title='bbox 2355 1952 2448 2005; x_wconf 75' lang='grc' dir='ltr'>καὶ</span> <span class='ocrx_word' id='word_1_328' title='bbox 2472 1950 2780 2005; x_wconf 82' lang='grc' dir='ltr'><strong>ἐπίσκοποι.</strong></span> <span class='ocrx_word' id='word_1_329' title='bbox 2825 1970 2842 2000; x_wconf 76' lang='grc' dir='ltr'>ι</span> <span class='ocrx_word' id='word_1_330' title='bbox 2868 1947 3055 2006; x_wconf 68' lang='lat' dir='ltr'><strong>Romae</strong></span> <span class='ocrx_word' id='word_1_331' title='bbox 3083 1952 3400 2021; x_wconf 84' lang='lat' dir='ltr'><strong>enitnprimi</strong></span> <span class='ocrx_word' id='word_1_332' title='bbox 3424 1951 3646 2010; x_wconf 87' lang='lat' dir='ltr'><strong>fuerunt</strong></span> 
     </span>
    </p>
   </div>
   <div class='ocr_carea' id='block_1_49' title="bbox 2052 2046 3643 2118">
    <p class='ocr_par' dir='ltr' id='par_1_49' title="bbox 2052 2046 3643 2118">
     <span class='ocr_line' id='line_1_49' title="bbox 2052 2046 3643 2118; baseline 0.004 -19"><span class='ocrx_word' id='word_1_333' title='bbox 2052 2046 2246 2103; x_wconf 89' lang='lat' dir='ltr'><strong>Petrus</strong></span> <span class='ocrx_word' id='word_1_334' title='bbox 2276 2056 2329 2103; x_wconf 91' lang='lat' dir='ltr'><strong>et</strong></span> <span class='ocrx_word' id='word_1_335' title='bbox 2350 2046 2574 2114; x_wconf 86' lang='lat' dir='ltr'><strong>Paulus,</strong></span> <span class='ocrx_word' id='word_1_336' title='bbox 2603 2046 2766 2102; x_wconf 89' lang='lat' dir='ltr'><strong>iidem</strong></span> <span class='ocrx_word' id='word_1_337' title='bbox 2796 2046 3030 2116; x_wconf 87' lang='lat' dir='ltr'><strong>apostoli</strong></span> <span class='ocrx_word' id='word_1_338' title='bbox 3059 2056 3113 2102; x_wconf 89' lang='lat' dir='ltr'><strong>et</strong></span> <span class='ocrx_word' id='word_1_339' title='bbox 3137 2047 3407 2118; x_wconf 89' lang='lat' dir='ltr'><strong>episcopi.</strong></span> <span class='ocrx_word' id='word_1_340' title='bbox 3440 2068 3461 2101; x_wconf 77' lang='grc' dir='ltr'><strong><em>ι</em></strong></span> <span class='ocrx_word' id='word_1_341' title='bbox 3492 2048 3643 2105; x_wconf 90' lang='lat' dir='ltr'><strong>Unde</strong></span> 
     </span>
    </p>
   </div>
   <div class='ocr_carea' id='block_1_50' title="bbox 2051 2139 3639 2212">
    <p class='ocr_par' dir='ltr' id='par_1_50' title="bbox 2051 2139 3639 2212">
     <span class='ocr_line' id='line_1_50' title="bbox 2051 2139 3639 2212; baseline 0.006 -21"><span class='ocrx_word' id='word_1_342' title='bbox 2051 2139 2267 2194; x_wconf 89' lang='lat' dir='ltr'><strong>dubitat</strong></span> <span class='ocrx_word' id='word_1_343' title='bbox 2300 2156 2373 2193; x_wconf 90' lang='lat' dir='ltr'><strong>an</strong></span> <span class='ocrx_word' id='word_1_344' title='bbox 2418 2140 2581 2195; x_wconf 89' lang='lat' dir='ltr'><strong>etiam</strong></span> <span class='ocrx_word' id='word_1_345' title='bbox 2618 2155 2745 2195; x_wconf 91' lang='lat' dir='ltr'><strong>cum</strong></span> <span class='ocrx_word' id='word_1_346' title='bbox 2776 2140 2846 2194; x_wconf 87' lang='lat' dir='ltr'><strong>iis</strong></span> <span class='ocrx_word' id='word_1_347' title='bbox 2873 2140 2964 2194; x_wconf 90' lang='lat' dir='ltr'><strong>alii</strong></span> <span class='ocrx_word' id='word_1_348' title='bbox 3012 2140 3121 2195; x_wconf 92' lang='lat' dir='ltr'><strong>duo</strong></span> <span class='ocrx_word' id='word_1_349' title='bbox 3157 2141 3405 2212; x_wconf 87' lang='lat' dir='ltr'><strong>episcopi</strong></span> <span class='ocrx_word' id='word_1_350' title='bbox 3436 2154 3639 2206; x_wconf 83' lang='lat' dir='ltr'><strong>essent,</strong></span> 
     </span>
    </p>
   </div>
   <div class='ocr_carea' id='block_1_51' title="bbox 2050 2231 3641 2303">
    <p class='ocr_par' dir='ltr' id='par_1_51' title="bbox 2050 2231 3641 2303">
     <span class='ocr_line' id='line_1_51' title="bbox 2050 2231 3641 2303; baseline 0.004 -18"><span class='ocrx_word' id='word_1_351' title='bbox 2050 2231 2145 2303; x_wconf 90' lang='lat' dir='ltr'><strong>qui</strong></span> <span class='ocrx_word' id='word_1_352' title='bbox 2171 2246 2365 2286; x_wconf 91' lang='lat' dir='ltr'><strong>eorum</strong></span> <span class='ocrx_word' id='word_1_353' title='bbox 2401 2231 2568 2299; x_wconf 87' lang='lat' dir='ltr'><strong>vices,</strong></span> <span class='ocrx_word' id='word_1_354' title='bbox 2600 2247 2724 2287; x_wconf 91' lang='lat' dir='ltr'><strong>cum</strong></span> <span class='ocrx_word' id='word_1_355' title='bbox 2766 2232 3045 2298; x_wconf 87' lang='lat' dir='ltr'><strong>abessent,</strong></span> <span class='ocrx_word' id='word_1_356' title='bbox 3071 2233 3415 2302; x_wconf 88' lang='lat' dir='ltr'><strong>supplerent.</strong></span> <span class='ocrx_word' id='word_1_357' title='bbox 3450 2233 3641 2291; x_wconf 79' lang='lat' dir='ltr'><strong>Hiero-</strong></span> 
     </span>
    </p>
   </div>
   <div class='ocr_carea' id='block_1_52' title="bbox 2050 2324 3639 2398">
    <p class='ocr_par' dir='ltr' id='par_1_52' title="bbox 2050 2324 3639 2398">
     <span class='ocr_line' id='line_1_52' title="bbox 2050 2324 3639 2398; baseline 0.004 -21"><span class='ocrx_word' id='word_1_358' title='bbox 2050 2339 2249 2395; x_wconf 91' lang='lat' dir='ltr'><strong>nymus</strong></span> <span class='ocrx_word' id='word_1_359' title='bbox 2282 2324 2397 2395; x_wconf 86' lang='lat' dir='ltr'><strong>ipse</strong></span> <span class='ocrx_word' id='word_1_360' title='bbox 2443 2325 2588 2380; x_wconf 91' lang='lat' dir='ltr'><strong>hanc</strong></span> <span class='ocrx_word' id='word_1_361' title='bbox 2630 2325 2964 2380; x_wconf 88' lang='lat' dir='ltr'><strong>solutionem</strong></span> <span class='ocrx_word' id='word_1_362' title='bbox 3013 2326 3287 2395; x_wconf 69' lang='lat' dir='ltr'><strong>praevidit,</strong></span> <span class='ocrx_word' id='word_1_363' title='bbox 3320 2325 3556 2398; x_wconf 90' lang='lat' dir='ltr'><strong>ideoque</strong></span> <span class='ocrx_word' id='word_1_364' title='bbox 3585 2328 3639 2383; x_wconf 91' lang='lat' dir='ltr'><strong>in</strong></span> 
     </span>
    </p>
   </div>
   <div class='ocr_carea' id='block_1_53' title="bbox 2048 2415 3641 2488">
    <p class='ocr_par' dir='ltr' id='par_1_53' title="bbox 2048 2415 3641 2488">
     <span class='ocr_line' id='line_1_53' title="bbox 2048 2415 3641 2488; baseline 0.003 -19"><span class='ocrx_word' id='word_1_365' title='bbox 2048 2417 2277 2486; x_wconf 90' lang='lat' dir='ltr'><strong>epistola</strong></span> <span class='ocrx_word' id='word_1_366' title='bbox 2294 2417 2360 2471; x_wconf 90' lang='lat' dir='ltr'><strong>ad</strong></span> <span class='ocrx_word' id='word_1_367' title='bbox 2376 2415 2667 2488; x_wconf 86' lang='lat' dir='ltr'><strong>Evagrium</strong></span> <span class='ocrx_word' id='word_1_368' title='bbox 2687 2458 2700 2481; x_wconf 93' lang='lat'><strong>,</strong></span> <span class='ocrx_word' id='word_1_369' title='bbox 2717 2431 2841 2471; x_wconf 90' lang='lat' dir='ltr'><strong>cum</strong></span> <span class='ocrx_word' id='word_1_370' title='bbox 2858 2415 3056 2486; x_wconf 86' lang='lat' dir='ltr'><strong>Philip.</strong></span> <span class='ocrx_word' id='word_1_371' title='bbox 3084 2433 3123 2480; x_wconf 86' lang='grc' dir='ltr'><strong>ι,</strong></span> <span class='ocrx_word' id='word_1_372' title='bbox 3160 2418 3211 2483; x_wconf 79' lang='grc' dir='ltr'><strong>Ι,</strong></span> <span class='ocrx_word' id='word_1_373' title='bbox 3231 2429 3287 2472; x_wconf 93' lang='lat' dir='ltr'><strong>et</strong></span> <span class='ocrx_word' id='word_1_374' title='bbox 3308 2418 3437 2473; x_wconf 80' lang='lat' dir='ltr'><strong>Act.</strong></span> <span class='ocrx_word' id='word_1_375' title='bbox 3455 2434 3547 2483; x_wconf 78' lang='lat' dir='ltr'><strong>xx,</strong></span> <span class='ocrx_word' id='word_1_376' title='bbox 3570 2418 3641 2474; x_wconf 73' lang='lat'><strong>9.8</strong></span> 
     </span>
    </p>
   </div>
   <div class='ocr_carea' id='block_1_54' title="bbox 2047 2508 3641 2579">
    <p class='ocr_par' dir='ltr' id='par_1_54' title="bbox 2047 2508 3641 2579">
     <span class='ocr_line' id='line_1_54' title="bbox 2047 2508 3641 2579; baseline 0.002 -17"><span class='ocrx_word' id='word_1_377' title='bbox 2047 2511 2306 2564; x_wconf 89' lang='lat' dir='ltr'><strong>citasset:</strong></span> <span class='ocrx_word' id='word_1_378' title='bbox 2340 2527 2359 2560; x_wconf 74' lang='grc' dir='ltr'><strong><em>ι</em></strong></span> <span class='ocrx_word' id='word_1_379' title='bbox 2389 2508 2467 2565; x_wconf 80' lang='lat' dir='ltr'><strong>Ac</strong></span> <span class='ocrx_word' id='word_1_380' title='bbox 2512 2524 2582 2564; x_wconf 92' lang='lat' dir='ltr'><strong>ne</strong></span> <span class='ocrx_word' id='word_1_381' title='bbox 2624 2510 2786 2579; x_wconf 88' lang='lat' dir='ltr'><strong>quis,</strong></span> <span class='ocrx_word' id='word_1_382' title='bbox 2817 2508 3014 2578; x_wconf 92' lang='lat' dir='ltr'><strong>inquit,</strong></span> <span class='ocrx_word' id='word_1_383' title='bbox 3062 2510 3410 2565; x_wconf 90' lang='lat' dir='ltr'><strong>contentiose</strong></span> <span class='ocrx_word' id='word_1_384' title='bbox 3444 2510 3499 2564; x_wconf 94' lang='lat' dir='ltr'><strong>in</strong></span> <span class='ocrx_word' id='word_1_385' title='bbox 3534 2525 3641 2566; x_wconf 74' lang='lat' dir='ltr'><strong>una</strong></span> 
     </span>
    </p>
   </div>
   <div class='ocr_carea' id='block_1_55' title="bbox 2047 2599 3642 2673">
    <p class='ocr_par' dir='ltr' id='par_1_55' title="bbox 2047 2599 3642 2673">
     <span class='ocr_line' id='line_1_55' title="bbox 2047 2599 3642 2673; baseline 0.001 -17"><span class='ocrx_word' id='word_1_386' title='bbox 2047 2599 2291 2663; x_wconf 85' lang='lat' dir='ltr'><strong>Ecclesia</strong></span> <span class='ocrx_word' id='word_1_387' title='bbox 2324 2600 2512 2672; x_wconf 90' lang='lat' dir='ltr'><strong>plures</strong></span> <span class='ocrx_word' id='word_1_388' title='bbox 2537 2602 2825 2673; x_wconf 84' lang='lat' dir='ltr'><strong>episcopos</strong></span> <span class='ocrx_word' id='word_1_389' title='bbox 2866 2599 3035 2656; x_wconf 89' lang='lat' dir='ltr'><strong>fuisse</strong></span> <span class='ocrx_word' id='word_1_390' title='bbox 3069 2603 3394 2670; x_wconf 86' lang='lat' dir='ltr'><strong>contendat,</strong></span> <span class='ocrx_word' id='word_1_391' title='bbox 3425 2603 3556 2658; x_wconf 91' lang='lat' dir='ltr'><strong>audi</strong></span> <span class='ocrx_word' id='word_1_392' title='bbox 3585 2611 3642 2659; x_wconf 82' lang='lat' dir='ltr'><strong>et</strong></span> 
     </span>
    </p>
   </div>
   <div class='ocr_carea' id='block_1_56' title="bbox 2046 2691 3641 2766">
    <p class='ocr_par' dir='ltr' id='par_1_56' title="bbox 2046 2691 3641 2766">
     <span class='ocr_line' id='line_1_56' title="bbox 2046 2691 3641 2766; baseline 0.003 -20"><span class='ocrx_word' id='word_1_393' title='bbox 2046 2691 2196 2746; x_wconf 86' lang='lat' dir='ltr'><strong>aliud</strong></span> <span class='ocrx_word' id='word_1_394' title='bbox 2227 2692 2625 2758; x_wconf 89' lang='lat' dir='ltr'><strong>testimonium,</strong></span> <span class='ocrx_word' id='word_1_395' title='bbox 2662 2693 2720 2747; x_wconf 92' lang='lat' dir='ltr'><strong>in</strong></span> <span class='ocrx_word' id='word_1_396' title='bbox 2750 2707 2861 2762; x_wconf 92' lang='lat' dir='ltr'><strong>quo</strong></span> <span class='ocrx_word' id='word_1_397' title='bbox 2893 2691 3348 2751; x_wconf 79' lang='lat' dir='ltr'><strong>manifestissime</strong></span> <span class='ocrx_word' id='word_1_398' title='bbox 3376 2711 3641 2766; x_wconf 73' lang='lat' dir='ltr'><strong>compro-</strong></span> 
     </span>
    </p>
   </div>
   <div class='ocr_carea' id='block_1_57' title="bbox 2044 2782 3634 2856">
    <p class='ocr_par' dir='ltr' id='par_1_57' title="bbox 2044 2782 3634 2856">
     <span class='ocr_line' id='line_1_57' title="bbox 2044 2782 3634 2856; baseline 0.003 -20"><span class='ocrx_word' id='word_1_399' title='bbox 2044 2783 2207 2836; x_wconf 82' lang='lat' dir='ltr'><strong>batur</strong></span> <span class='ocrx_word' id='word_1_400' title='bbox 2243 2782 2495 2837; x_wconf 90' lang='lat' dir='ltr'><strong>eumdem</strong></span> <span class='ocrx_word' id='word_1_401' title='bbox 2545 2797 2666 2837; x_wconf 86' lang='lat' dir='ltr'><strong>esse</strong></span> <span class='ocrx_word' id='word_1_402' title='bbox 2716 2783 3033 2853; x_wconf 87' lang='lat' dir='ltr'><strong>episcopum</strong></span> <span class='ocrx_word' id='word_1_403' title='bbox 3080 2793 3135 2845; x_wconf 83' lang='lat' dir='ltr'><strong>et</strong></span> <span class='ocrx_word' id='word_1_404' title='bbox 3170 2785 3585 2856; x_wconf 87' lang='lat' dir='ltr'><strong>presbyterum.</strong></span> <span class='ocrx_word' id='word_1_405' title='bbox 3612 2806 3634 2840; x_wconf 70' lang='grc' dir='ltr'><strong><em>ι</em></strong></span> 
     </span>
    </p>
   </div>
   <div class='ocr_carea' id='block_1_58' title="bbox 2045 2870 3641 2945">
    <p class='ocr_par' dir='ltr' id='par_1_58' title="bbox 2045 2870 3641 2945">
     <span class='ocr_line' id='line_1_58' title="bbox 2045 2870 3641 2945; baseline 0.007 -21"><span class='ocrx_word' id='word_1_406' title='bbox 2045 2870 2250 2928; x_wconf 84' lang='lat' dir='ltr'><strong>ﬂorum</strong></span> <span class='ocrx_word' id='word_1_407' title='bbox 2278 2872 2513 2928; x_wconf 81' lang='lat' dir='ltr'><strong>duorum</strong></span> <span class='ocrx_word' id='word_1_408' title='bbox 2539 2874 2787 2929; x_wconf 88' lang='lat' dir='ltr'><strong>locorum</strong></span> <span class='ocrx_word' id='word_1_409' title='bbox 2826 2876 3224 2945; x_wconf 84' lang='lat' dir='ltr'><strong>expositionem</strong></span> <span class='ocrx_word' id='word_1_410' title='bbox 3258 2876 3313 2930; x_wconf 92' lang='lat' dir='ltr'><strong>in</strong></span> <span class='ocrx_word' id='word_1_411' title='bbox 3341 2876 3641 2934; x_wconf 90' lang='lat' dir='ltr'><strong>Commen-</strong></span> 
     </span>
    </p>
   </div>
   <div class='ocr_carea' id='block_1_59' title="bbox 2044 2962 3638 3035">
    <p class='ocr_par' dir='ltr' id='par_1_59' title="bbox 2044 2962 3638 3035">
     <span class='ocr_line' id='line_1_59' title="bbox 2044 2962 3638 3035; baseline 0.006 -19"><span class='ocrx_word' id='word_1_412' title='bbox 2044 2964 2185 3017; x_wconf 84' lang='lat' dir='ltr'><strong>tario</strong></span> <span class='ocrx_word' id='word_1_413' title='bbox 2212 2963 2280 3017; x_wconf 91' lang='lat' dir='ltr'><strong>ad</strong></span> <span class='ocrx_word' id='word_1_414' title='bbox 2310 2962 2493 3017; x_wconf 91' lang='lat' dir='ltr'><strong>Titum</strong></span> <span class='ocrx_word' id='word_1_415' title='bbox 2522 2964 2578 3018; x_wconf 93' lang='lat' dir='ltr'><strong>in</strong></span> <span class='ocrx_word' id='word_1_416' title='bbox 2608 2965 2699 3019; x_wconf 89' lang='lat' dir='ltr'><strong>illa</strong></span> <span class='ocrx_word' id='word_1_417' title='bbox 2735 2964 2895 3020; x_wconf 90' lang='lat' dir='ltr'><strong>unica</strong></span> <span class='ocrx_word' id='word_1_418' title='bbox 2929 2967 3241 3022; x_wconf 88' lang='lat' dir='ltr'><strong>assertione</strong></span> <span class='ocrx_word' id='word_1_419' title='bbox 3283 2966 3638 3035; x_wconf 88' lang='lat' dir='ltr'><strong>fundaverat,</strong></span> 
     </span>
    </p>
   </div>
   <div class='ocr_carea' id='block_1_60' title="bbox 358 3051 3642 3143">
    <p class='ocr_par' dir='ltr' id='par_1_60' title="bbox 358 3051 3642 3143">
     <span class='ocr_line' id='line_1_60' title="bbox 358 3051 3642 3143; baseline 0.005 -41"><span class='ocrx_word' id='word_1_420' title='bbox 358 3051 527 3115; x_wconf 82' lang='lat' dir='ltr'><strong>cium.</strong></span> <span class='ocrx_word' id='word_1_421' title='bbox 549 3051 799 3107; x_wconf 89' lang='lat' dir='ltr'><strong>Secunda</strong></span> <span class='ocrx_word' id='word_1_422' title='bbox 824 3065 1005 3108; x_wconf 88' lang='lat' dir='ltr'><strong>autem</strong></span> <span class='ocrx_word' id='word_1_423' title='bbox 1035 3058 1304 3112; x_wconf 87' lang='lat' dir='ltr'><strong>sententia</strong></span> <span class='ocrx_word' id='word_1_424' title='bbox 1332 3057 1455 3126; x_wconf 91' lang='lat' dir='ltr'><strong>fuit,</strong></span> <span class='ocrx_word' id='word_1_425' title='bbox 1471 3074 1668 3114; x_wconf 90' lang='lat' dir='ltr'><strong>nomen</strong></span> <span class='ocrx_word' id='word_1_426' title='bbox 1699 3060 1940 3130; x_wconf 84' lang='lat' dir='ltr'><strong>episc0pi</strong></span> <span class='ocrx_word' id='word_1_427' title='bbox 1968 3088 2011 3143; x_wconf 71' lang='grc' dir='ltr'>α</span> <span class='ocrx_word' id='word_1_428' title='bbox 2045 3054 2190 3125; x_wconf 76' lang='lat' dir='ltr'><strong>Quod</strong></span> <span class='ocrx_word' id='word_1_429' title='bbox 2224 3056 2277 3109; x_wconf 85' lang='lat' dir='ltr'><strong>in</strong></span> <span class='ocrx_word' id='word_1_430' title='bbox 2321 3071 2429 3110; x_wconf 80' lang='lat' dir='ltr'><strong>una</strong></span> <span class='ocrx_word' id='word_1_431' title='bbox 2459 3056 2683 3111; x_wconf 73' lang='lat' dir='ltr'><strong>civitate</strong></span> <span class='ocrx_word' id='word_1_432' title='bbox 2717 3057 2902 3127; x_wconf 66' lang='lat' dir='ltr'><strong>plures</strong></span> <span class='ocrx_word' id='word_1_433' title='bbox 2934 3059 3177 3129; x_wconf 87' lang='lat' dir='ltr'><strong>episcopi</strong></span> <span class='ocrx_word' id='word_1_434' title='bbox 3207 3074 3334 3114; x_wconf 84' lang='lat' dir='ltr'><strong>esse</strong></span> <span class='ocrx_word' id='word_1_435' title='bbox 3365 3077 3478 3116; x_wconf 85' lang='lat' dir='ltr'><strong>non</strong></span> <span class='ocrx_word' id='word_1_436' title='bbox 3512 3078 3642 3132; x_wconf 81' lang='lat' dir='ltr'><strong>pos-</strong></span> 
     </span>
    </p>
   </div>
   <div class='ocr_carea' id='block_1_61' title="bbox 360 3143 1941 3214">
    <p class='ocr_par' dir='ltr' id='par_1_61' title="bbox 360 3143 1941 3214">
     <span class='ocr_line' id='line_1_61' title="bbox 360 3143 1941 3214; baseline 0.008 -20"><span class='ocrx_word' id='word_1_437' title='bbox 360 3149 414 3196; x_wconf 75' lang='lat' dir='ltr'><strong>ct</strong></span> <span class='ocrx_word' id='word_1_438' title='bbox 436 3143 741 3214; x_wconf 87' lang='lat' dir='ltr'><strong>presbyteri</strong></span> <span class='ocrx_word' id='word_1_439' title='bbox 768 3143 1047 3201; x_wconf 85' lang='lat' dir='ltr'><strong>inferioris</strong></span> <span class='ocrx_word' id='word_1_440' title='bbox 1082 3147 1293 3202; x_wconf 90' lang='lat' dir='ltr'><strong>ordinis</strong></span> <span class='ocrx_word' id='word_1_441' title='bbox 1320 3149 1698 3205; x_wconf 80' lang='lat' dir='ltr'><strong>sacerdotibus</strong></span> <span class='ocrx_word' id='word_1_442' title='bbox 1727 3150 1941 3206; x_wconf 70' lang='lat' dir='ltr'><strong>indiffe-</strong></span> 
     </span>
    </p>
   </div>
   <div class='ocr_carea' id='block_1_62' title="bbox 360 3236 1940 3306">
    <p class='ocr_par' dir='ltr' id='par_1_62' title="bbox 360 3236 1940 3306">
     <span class='ocr_line' id='line_1_62' title="bbox 360 3236 1940 3306; baseline 0.006 -18"><span class='ocrx_word' id='word_1_443' title='bbox 360 3243 542 3290; x_wconf 86' lang='lat' dir='ltr'><strong>renter</strong></span> <span class='ocrx_word' id='word_1_444' title='bbox 560 3245 613 3290; x_wconf 91' lang='lat' dir='ltr'><strong>et</strong></span> <span class='ocrx_word' id='word_1_445' title='bbox 634 3236 946 3305; x_wconf 90' lang='lat' dir='ltr'><strong>promiscue</strong></span> <span class='ocrx_word' id='word_1_446' title='bbox 966 3238 1286 3293; x_wconf 89' lang='lat' dir='ltr'><strong>attributum</strong></span> <span class='ocrx_word' id='word_1_447' title='bbox 1311 3256 1453 3306; x_wconf 88' lang='lat' dir='ltr'><strong>esse,</strong></span> <span class='ocrx_word' id='word_1_448' title='bbox 1475 3251 1729 3297; x_wconf 90' lang='lat' dir='ltr'><strong>neutrum</strong></span> <span class='ocrx_word' id='word_1_449' title='bbox 1756 3255 1940 3298; x_wconf 88' lang='lat' dir='ltr'><strong>autem</strong></span> 
     </span>
    </p>
   </div>
   <div class='ocr_carea' id='block_1_63' title="bbox 359 3326 1940 3405">
    <p class='ocr_par' dir='ltr' id='par_1_63' title="bbox 359 3326 1940 3405">
     <span class='ocr_line' id='line_1_63' title="bbox 359 3326 1940 3405; baseline 0.007 -26"><span class='ocrx_word' id='word_1_450' title='bbox 359 3326 518 3392; x_wconf 62' lang='lat' dir='ltr'><strong>primi</strong></span> <span class='ocrx_word' id='word_1_451' title='bbox 552 3327 785 3393; x_wconf 87' lang='lat' dir='ltr'><strong>ordinis,</strong></span> <span class='ocrx_word' id='word_1_452' title='bbox 817 3344 912 3383; x_wconf 91' lang='lat' dir='ltr'><strong>seu</strong></span> <span class='ocrx_word' id='word_1_453' title='bbox 949 3330 1255 3400; x_wconf 82' lang='lat' dir='ltr'><strong>episcopis;</strong></span> <span class='ocrx_word' id='word_1_454' title='bbox 1308 3332 1453 3400; x_wconf 91' lang='lat' dir='ltr'><strong>quod</strong></span> <span class='ocrx_word' id='word_1_455' title='bbox 1499 3342 1627 3388; x_wconf 93' lang='lat' dir='ltr'><strong>tunc</strong></span> <span class='ocrx_word' id='word_1_456' title='bbox 1677 3334 1940 3405; x_wconf 90' lang='lat' dir='ltr'><strong>temporis</strong></span> 
     </span>
    </p>
   </div>
   <div class='ocr_carea' id='block_1_64' title="bbox 358 3419 1944 3497">
    <p class='ocr_par' dir='ltr' id='par_1_64' title="bbox 358 3419 1944 3497">
     <span class='ocr_line' id='line_1_64' title="bbox 358 3419 1944 3497; baseline 0.007 -26"><span class='ocrx_word' id='word_1_457' title='bbox 358 3419 521 3487; x_wconf 81' lang='lat' dir='ltr'><strong>primi</strong></span> <span class='ocrx_word' id='word_1_458' title='bbox 550 3420 771 3477; x_wconf 90' lang='lat' dir='ltr'><strong>ordines</strong></span> <span class='ocrx_word' id='word_1_459' title='bbox 820 3422 1134 3477; x_wconf 82' lang='lat' dir='ltr'><strong>sacerdotes</strong></span> <span class='ocrx_word' id='word_1_460' title='bbox 1175 3424 1409 3492; x_wconf 88' lang='lat' dir='ltr'><strong>apostoli</strong></span> <span class='ocrx_word' id='word_1_461' title='bbox 1440 3424 1756 3480; x_wconf 90' lang='lat' dir='ltr'><strong>dicerentur</strong></span> <span class='ocrx_word' id='word_1_462' title='bbox 1781 3445 1796 3481; x_wconf 90' lang='lat'><strong>:</strong></span> <span class='ocrx_word' id='word_1_463' title='bbox 1820 3442 1944 3497; x_wconf 70' lang='lat' dir='ltr'><strong>quae</strong></span> 
     </span>
    </p>
   </div>
   <div class='ocr_carea' id='block_1_65' title="bbox 356 3511 1943 3587">
    <p class='ocr_par' dir='ltr' id='par_1_65' title="bbox 356 3511 1943 3587">
     <span class='ocr_line' id='line_1_65' title="bbox 356 3511 1943 3587; baseline 0.004 -24"><span class='ocrx_word' id='word_1_464' title='bbox 356 3511 459 3565; x_wconf 64' lang='lat' dir='ltr'><strong>fuit</strong></span> <span class='ocrx_word' id='word_1_465' title='bbox 488 3512 673 3583; x_wconf 93' lang='lat' dir='ltr'><strong>opinio</strong></span> <span class='ocrx_word' id='word_1_466' title='bbox 696 3512 757 3565; x_wconf 89' lang='grc' dir='ltr'><strong>Β.</strong></span> <span class='ocrx_word' id='word_1_467' title='bbox 793 3511 1142 3569; x_wconf 90' lang='lat' dir='ltr'><strong>Theodoreti.</strong></span> <span class='ocrx_word' id='word_1_468' title='bbox 1180 3513 1383 3570; x_wconf 63' lang='lat' dir='ltr'><strong>Praeter</strong></span> <span class='ocrx_word' id='word_1_469' title='bbox 1416 3516 1516 3571; x_wconf 88' lang='lat' dir='ltr'><strong>has</strong></span> <span class='ocrx_word' id='word_1_470' title='bbox 1551 3516 1679 3587; x_wconf 81' lang='lat' dir='ltr'><strong>tingi</strong></span> <span class='ocrx_word' id='word_1_471' title='bbox 1710 3522 1943 3587; x_wconf 84' lang='lat' dir='ltr'><strong>possunt</strong></span> 
     </span>
    </p>
   </div>
   <div class='ocr_carea' id='block_1_66' title="bbox 354 3605 1943 3676">
    <p class='ocr_par' dir='ltr' id='par_1_66' title="bbox 354 3605 1943 3676">
     <span class='ocr_line' id='line_1_66' title="bbox 354 3605 1943 3676; baseline 0.004 -19"><span class='ocrx_word' id='word_1_472' title='bbox 354 3613 410 3658; x_wconf 61' lang='lat' dir='ltr'><strong>tt</strong></span> <span class='ocrx_word' id='word_1_473' title='bbox 452 3606 573 3660; x_wconf 75' lang='lat' dir='ltr'><strong>alia:</strong></span> <span class='ocrx_word' id='word_1_474' title='bbox 605 3605 746 3672; x_wconf 66' lang='lat' dir='ltr'><strong>duae,</strong></span> <span class='ocrx_word' id='word_1_475' title='bbox 794 3607 1104 3676; x_wconf 83' lang='lat' dir='ltr'><strong>superioris</strong></span> <span class='ocrx_word' id='word_1_476' title='bbox 1155 3609 1369 3663; x_wconf 91' lang='lat' dir='ltr'><strong>ordinis</strong></span> <span class='ocrx_word' id='word_1_477' title='bbox 1410 3609 1747 3676; x_wconf 87' lang='lat' dir='ltr'><strong>sacerdotes,</strong></span> <span class='ocrx_word' id='word_1_478' title='bbox 1793 3624 1943 3664; x_wconf 91' lang='lat' dir='ltr'><strong>nunc</strong></span> 
     </span>
    </p>
   </div>
   <div class='ocr_carea' id='block_1_67' title="bbox 357 3698 1941 3770">
    <p class='ocr_par' dir='ltr' id='par_1_67' title="bbox 357 3698 1941 3770">
     <span class='ocr_line' id='line_1_67' title="bbox 357 3698 1941 3770; baseline 0.006 -22"><span class='ocrx_word' id='word_1_479' title='bbox 357 3698 665 3768; x_wconf 73' lang='lat' dir='ltr'><strong>episcopos,</strong></span> <span class='ocrx_word' id='word_1_480' title='bbox 703 3714 851 3753; x_wconf 87' lang='lat' dir='ltr'><strong>nunc</strong></span> <span class='ocrx_word' id='word_1_481' title='bbox 880 3699 1251 3770; x_wconf 87' lang='lat' dir='ltr'><strong>presbyteros,</strong></span> <span class='ocrx_word' id='word_1_482' title='bbox 1282 3699 1558 3757; x_wconf 82' lang='lat' dir='ltr'><strong>inferioris</strong></span> <span class='ocrx_word' id='word_1_483' title='bbox 1599 3711 1780 3757; x_wconf 91' lang='lat' dir='ltr'><strong>autem</strong></span> <span class='ocrx_word' id='word_1_484' title='bbox 1816 3711 1941 3757; x_wconf 89' lang='lat' dir='ltr'><strong>tan-</strong></span> 
     </span>
    </p>
   </div>
   <div class='ocr_carea' id='block_1_68' title="bbox 358 3790 1939 3862">
    <p class='ocr_par' dir='ltr' id='par_1_68' title="bbox 358 3790 1939 3862">
     <span class='ocr_line' id='line_1_68' title="bbox 358 3790 1939 3862; baseline 0.003 -20"><span class='ocrx_word' id='word_1_485' title='bbox 358 3798 472 3843; x_wconf 89' lang='lat' dir='ltr'><strong>tum</strong></span> <span class='ocrx_word' id='word_1_486' title='bbox 505 3790 852 3860; x_wconf 89' lang='lat' dir='ltr'><strong>presbyteros</strong></span> <span class='ocrx_word' id='word_1_487' title='bbox 886 3792 1187 3860; x_wconf 87' lang='lat' dir='ltr'><strong>appellatos</strong></span> <span class='ocrx_word' id='word_1_488' title='bbox 1216 3808 1358 3858; x_wconf 84' lang='lat' dir='ltr'><strong>esse,</strong></span> <span class='ocrx_word' id='word_1_489' title='bbox 1394 3808 1559 3862; x_wconf 88' lang='lat' dir='ltr'><strong>quam</strong></span> <span class='ocrx_word' id='word_1_490' title='bbox 1592 3802 1651 3847; x_wconf 91' lang='lat' dir='ltr'><strong>ut</strong></span> <span class='ocrx_word' id='word_1_491' title='bbox 1677 3793 1939 3862; x_wconf 88' lang='lat' dir='ltr'><strong>probabi-</strong></span> 
     </span>
    </p>
   </div>
   <div class='ocr_carea' id='block_1_69' title="bbox 358 3881 1941 3951">
    <p class='ocr_par' dir='ltr' id='par_1_69' title="bbox 358 3881 1941 3951">
     <span class='ocr_line' id='line_1_69' title="bbox 358 3881 1941 3951; baseline 0.004 -16"><span class='ocrx_word' id='word_1_492' title='bbox 358 3884 465 3936; x_wconf 78' lang='lat' dir='ltr'><strong>iem</strong></span> <span class='ocrx_word' id='word_1_493' title='bbox 510 3882 750 3936; x_wconf 87' lang='lat' dir='ltr'><strong>admittit</strong></span> <span class='ocrx_word' id='word_1_494' title='bbox 799 3881 1213 3951; x_wconf 80' lang='lat' dir='ltr'><strong>Hammondus;</strong></span> <span class='ocrx_word' id='word_1_495' title='bbox 1268 3886 1354 3940; x_wconf 90' lang='lat' dir='ltr'><strong>vel</strong></span> <span class='ocrx_word' id='word_1_496' title='bbox 1405 3884 1683 3941; x_wconf 89' lang='lat' dir='ltr'><strong>inferioris</strong></span> <span class='ocrx_word' id='word_1_497' title='bbox 1728 3885 1941 3941; x_wconf 89' lang='lat' dir='ltr'><strong>ordinis</strong></span> 
     </span>
    </p>
   </div>
   <div class='ocr_carea' id='block_1_70' title="bbox 359 3974 1941 4051">
    <p class='ocr_par' dir='ltr' id='par_1_70' title="bbox 359 3974 1941 4051">
     <span class='ocr_line' id='line_1_70' title="bbox 359 3974 1941 4051; baseline 0.004 -24"><span class='ocrx_word' id='word_1_498' title='bbox 359 3974 674 4030; x_wconf 75' lang='lat' dir='ltr'><strong>sacerdotes</strong></span> <span class='ocrx_word' id='word_1_499' title='bbox 720 3990 868 4030; x_wconf 86' lang='lat' dir='ltr'><strong>nunc</strong></span> <span class='ocrx_word' id='word_1_500' title='bbox 911 3977 1281 4049; x_wconf 76' lang='lat' dir='ltr'><strong>presbyteros,</strong></span> <span class='ocrx_word' id='word_1_501' title='bbox 1324 3996 1473 4033; x_wconf 89' lang='lat' dir='ltr'><strong>nunc</strong></span> <span class='ocrx_word' id='word_1_502' title='bbox 1503 3981 1811 4051; x_wconf 86' lang='lat' dir='ltr'><strong>episcopos,</strong></span> <span class='ocrx_word' id='word_1_503' title='bbox 1845 3996 1941 4034; x_wconf 84' lang='lat' dir='ltr'><strong>su-</strong></span> 
     </span>
    </p>
   </div>
   <div class='ocr_carea' id='block_1_71' title="bbox 361 4064 1937 4143">
    <p class='ocr_par' dir='ltr' id='par_1_71' title="bbox 361 4064 1937 4143">
     <span class='ocr_line' id='line_1_71' title="bbox 361 4064 1937 4143; baseline 0.006 -25"><span class='ocrx_word' id='word_1_504' title='bbox 361 4064 593 4133; x_wconf 84' lang='lat' dir='ltr'><strong>perioris</strong></span> <span class='ocrx_word' id='word_1_505' title='bbox 613 4081 746 4121; x_wconf 88' lang='lat' dir='ltr'><strong>vero</strong></span> <span class='ocrx_word' id='word_1_506' title='bbox 768 4068 1058 4139; x_wconf 84' lang='lat' dir='ltr'><strong>episcopos</strong></span> <span class='ocrx_word' id='word_1_507' title='bbox 1083 4080 1293 4125; x_wconf 91' lang='lat' dir='ltr'><strong>tantum</strong></span> <span class='ocrx_word' id='word_1_508' title='bbox 1316 4080 1538 4127; x_wconf 84' lang='lat' dir='ltr'><strong>vocatos</strong></span> <span class='ocrx_word' id='word_1_509' title='bbox 1564 4071 1752 4136; x_wconf 89' lang='lat' dir='ltr'><strong>fuisse,</strong></span> <span class='ocrx_word' id='word_1_510' title='bbox 1771 4090 1937 4143; x_wconf 90' lang='lat' dir='ltr'><strong>quam</strong></span> 
     </span>
    </p>
   </div>
   <div class='ocr_carea' id='block_1_72' title="bbox 356 4156 1938 4235">
    <p class='ocr_par' dir='ltr' id='par_1_72' title="bbox 356 4156 1938 4235">
     <span class='ocr_line' id='line_1_72' title="bbox 356 4156 1938 4235; baseline 0.005 -24"><span class='ocrx_word' id='word_1_511' title='bbox 356 4156 643 4226; x_wconf 77' lang='lat' dir='ltr'><strong>amplexus</strong></span> <span class='ocrx_word' id='word_1_512' title='bbox 668 4168 754 4213; x_wconf 89' lang='lat' dir='ltr'><strong>est</strong></span> <span class='ocrx_word' id='word_1_513' title='bbox 774 4176 958 4218; x_wconf 88' lang='lat' dir='ltr'><strong>nemo.</strong></span> <span class='ocrx_word' id='word_1_514' title='bbox 989 4160 1129 4216; x_wconf 90' lang='lat' dir='ltr'><strong>Cum</strong></span> <span class='ocrx_word' id='word_1_515' title='bbox 1160 4173 1309 4217; x_wconf 89' lang='lat' dir='ltr'><strong>tanta</strong></span> <span class='ocrx_word' id='word_1_516' title='bbox 1336 4165 1407 4218; x_wconf 88' lang='lat' dir='ltr'><strong>sit</strong></span> <span class='ocrx_word' id='word_1_517' title='bbox 1433 4164 1576 4218; x_wconf 91' lang='lat' dir='ltr'><strong>inter</strong></span> <span class='ocrx_word' id='word_1_518' title='bbox 1598 4178 1813 4229; x_wconf 89' lang='lat' dir='ltr'><strong>omnes,</strong></span> <span class='ocrx_word' id='word_1_519' title='bbox 1844 4166 1938 4235; x_wconf 91' lang='lat' dir='ltr'><strong>qui</strong></span> 
     </span>
    </p>
   </div>
   <div class='ocr_carea' id='block_1_73' title="bbox 357 4252 1939 4327">
    <p class='ocr_par' dir='ltr' id='par_1_73' title="bbox 357 4252 1939 4327">
     <span class='ocr_line' id='line_1_73' title="bbox 357 4252 1939 4327; baseline 0.006 -23"><span class='ocrx_word' id='word_1_520' title='bbox 357 4252 800 4307; x_wconf 84' lang='lat' dir='ltr'><strong>communionem</strong></span> <span class='ocrx_word' id='word_1_521' title='bbox 851 4253 1047 4309; x_wconf 92' lang='lat' dir='ltr'><strong>horum</strong></span> <span class='ocrx_word' id='word_1_522' title='bbox 1098 4257 1385 4309; x_wconf 91' lang='lat' dir='ltr'><strong>nominum</strong></span> <span class='ocrx_word' id='word_1_523' title='bbox 1428 4256 1482 4309; x_wconf 92' lang='lat' dir='ltr'><strong>in</strong></span> <span class='ocrx_word' id='word_1_524' title='bbox 1535 4256 1836 4327; x_wconf 90' lang='lat' dir='ltr'><strong>Scripturis</strong></span> <span class='ocrx_word' id='word_1_525' title='bbox 1880 4274 1939 4316; x_wconf 93' lang='lat' dir='ltr'><strong>se</strong></span> 
     </span>
    </p>
   </div>
   <div class='ocr_carea' id='block_1_74' title="bbox 356 4342 1935 4419">
    <p class='ocr_par' dir='ltr' id='par_1_74' title="bbox 356 4342 1935 4419">
     <span class='ocr_line' id='line_1_74' title="bbox 356 4342 1935 4419; baseline 0.006 -24"><span class='ocrx_word' id='word_1_526' title='bbox 356 4342 779 4413; x_wconf 86' lang='lat' dir='ltr'><strong>deprehendisse</strong></span> <span class='ocrx_word' id='word_1_527' title='bbox 808 4349 1094 4417; x_wconf 89' lang='lat' dir='ltr'><strong>putabant,</strong></span> <span class='ocrx_word' id='word_1_528' title='bbox 1112 4348 1405 4413; x_wconf 90' lang='lat' dir='ltr'><strong>dissensio,</strong></span> <span class='ocrx_word' id='word_1_529' title='bbox 1435 4348 1710 4419; x_wconf 69' lang='lat' dir='ltr'><strong>variaeque</strong></span> <span class='ocrx_word' id='word_1_530' title='bbox 1743 4365 1935 4405; x_wconf 88' lang='lat' dir='ltr'><strong>eorum</strong></span> 
     </span>
    </p>
   </div>
   <div class='ocr_carea' id='block_1_75' title="bbox 2044 3149 3642 3211">
    <p class='ocr_par' dir='ltr' id='par_1_75' title="bbox 2044 3149 3642 3211">
     <span class='ocr_line' id='line_1_75' title="bbox 2044 3149 3642 3211; baseline 0.008 -12"><span class='ocrx_word' id='word_1_531' title='bbox 2044 3155 2199 3211; x_wconf 90' lang='lat' dir='ltr'><strong>sent;</strong></span> <span class='ocrx_word' id='word_1_532' title='bbox 2232 3161 2358 3202; x_wconf 92' lang='lat' dir='ltr'><strong>cum</strong></span> <span class='ocrx_word' id='word_1_533' title='bbox 2390 3156 2574 3202; x_wconf 91' lang='lat' dir='ltr'><strong>autem</strong></span> <span class='ocrx_word' id='word_1_534' title='bbox 2606 3149 2657 3203; x_wconf 90' lang='lat' dir='ltr'><strong>id</strong></span> <span class='ocrx_word' id='word_1_535' title='bbox 2685 3157 2780 3203; x_wconf 91' lang='lat' dir='ltr'><strong>aut</strong></span> <span class='ocrx_word' id='word_1_536' title='bbox 2804 3164 2991 3204; x_wconf 90' lang='lat' dir='ltr'><strong>verum</strong></span> <span class='ocrx_word' id='word_1_537' title='bbox 3013 3159 3108 3204; x_wconf 89' lang='lat' dir='ltr'><strong>aut</strong></span> <span class='ocrx_word' id='word_1_538' title='bbox 3136 3160 3349 3206; x_wconf 90' lang='lat' dir='ltr'><strong>certum</strong></span> <span class='ocrx_word' id='word_1_539' title='bbox 3380 3169 3493 3209; x_wconf 88' lang='lat' dir='ltr'><strong>non</strong></span> <span class='ocrx_word' id='word_1_540' title='bbox 3515 3170 3642 3210; x_wconf 84' lang='lat' dir='ltr'><strong>esse</strong></span> 
     </span>
    </p>
   </div>
   <div class='ocr_carea' id='block_1_76' title="bbox 2042 3237 3637 3311">
    <p class='ocr_par' dir='ltr' id='par_1_76' title="bbox 2042 3237 3637 3311">
     <span class='ocr_line' id='line_1_76' title="bbox 2042 3237 3637 3311; baseline 0.007 -24"><span class='ocrx_word' id='word_1_541' title='bbox 2042 3237 2128 3291; x_wconf 81' lang='lat' dir='ltr'><strong>vel</strong></span> <span class='ocrx_word' id='word_1_542' title='bbox 2161 3237 2277 3307; x_wconf 92' lang='lat' dir='ltr'><strong>ipse</strong></span> <span class='ocrx_word' id='word_1_543' title='bbox 2306 3239 2659 3309; x_wconf 87' lang='lat' dir='ltr'><strong>perspiceret,</strong></span> <span class='ocrx_word' id='word_1_544' title='bbox 2701 3240 2786 3295; x_wconf 92' lang='lat' dir='ltr'><strong>vel</strong></span> <span class='ocrx_word' id='word_1_545' title='bbox 2818 3240 2887 3294; x_wconf 91' lang='lat' dir='ltr'><strong>ab</strong></span> <span class='ocrx_word' id='word_1_546' title='bbox 2932 3239 3055 3295; x_wconf 88' lang='lat' dir='ltr'><strong>aliis</strong></span> <span class='ocrx_word' id='word_1_547' title='bbox 3099 3242 3424 3299; x_wconf 89' lang='lat' dir='ltr'><strong>admonitus</strong></span> <span class='ocrx_word' id='word_1_548' title='bbox 3454 3254 3637 3311; x_wconf 88' lang='lat' dir='ltr'><strong>esset;</strong></span> 
     </span>
    </p>
   </div>
   <div class='ocr_carea' id='block_1_77' title="bbox 2044 3327 3642 3401">
    <p class='ocr_par' dir='ltr' id='par_1_77' title="bbox 2044 3327 3642 3401">
     <span class='ocr_line' id='line_1_77' title="bbox 2044 3327 3642 3401; baseline 0.004 -21"><span class='ocrx_word' id='word_1_549' title='bbox 2044 3327 2212 3382; x_wconf 90' lang='lat' dir='ltr'><strong>alium</strong></span> <span class='ocrx_word' id='word_1_550' title='bbox 2240 3328 2329 3384; x_wconf 91' lang='lat' dir='ltr'><strong>hic</strong></span> <span class='ocrx_word' id='word_1_551' title='bbox 2357 3327 2538 3384; x_wconf 89' lang='lat' dir='ltr'><strong>locum</strong></span> <span class='ocrx_word' id='word_1_552' title='bbox 2567 3330 2838 3397; x_wconf 85' lang='lat' dir='ltr'><strong>adhibuit,</strong></span> <span class='ocrx_word' id='word_1_553' title='bbox 2871 3347 2981 3401; x_wconf 91' lang='lat' dir='ltr'><strong>quo</strong></span> <span class='ocrx_word' id='word_1_554' title='bbox 3016 3348 3133 3386; x_wconf 90' lang='lat' dir='ltr'><strong>rem</strong></span> <span class='ocrx_word' id='word_1_555' title='bbox 3165 3334 3424 3389; x_wconf 91' lang='lat' dir='ltr'><strong>eamdem</strong></span> <span class='ocrx_word' id='word_1_556' title='bbox 3458 3334 3642 3389; x_wconf 85' lang='lat' dir='ltr'><strong>mani-</strong></span> 
     </span>
    </p>
   </div>
   <div class='ocr_carea' id='block_1_78' title="bbox 2043 3416 3637 3492">
    <p class='ocr_par' dir='ltr' id='par_1_78' title="bbox 2043 3416 3637 3492">
     <span class='ocr_line' id='line_1_78' title="bbox 2043 3416 3637 3492; baseline 0.007 -20"><span class='ocrx_word' id='word_1_557' title='bbox 2043 3416 2238 3473; x_wconf 83' lang='lat' dir='ltr'><strong>festius</strong></span> <span class='ocrx_word' id='word_1_558' title='bbox 2271 3419 2490 3488; x_wconf 90' lang='lat' dir='ltr'><strong>probari</strong></span> <span class='ocrx_word' id='word_1_559' title='bbox 2538 3422 2769 3490; x_wconf 83' lang='lat' dir='ltr'><strong>putavit.</strong></span> <span class='ocrx_word' id='word_1_560' title='bbox 2812 3420 3126 3488; x_wconf 89' lang='lat' dir='ltr'><strong>Quinetiam</strong></span> <span class='ocrx_word' id='word_1_561' title='bbox 3158 3424 3206 3478; x_wconf 92' lang='lat' dir='ltr'><strong>si</strong></span> <span class='ocrx_word' id='word_1_562' title='bbox 3239 3440 3434 3479; x_wconf 82' lang='lat' dir='ltr'><strong>verum</strong></span> <span class='ocrx_word' id='word_1_563' title='bbox 3466 3435 3637 3492; x_wconf 84' lang='lat' dir='ltr'><strong>esset,</strong></span> 
     </span>
    </p>
   </div>
   <div class='ocr_carea' id='block_1_79' title="bbox 2044 3510 3638 3589">
    <p class='ocr_par' dir='ltr' id='par_1_79' title="bbox 2044 3510 3638 3589">
     <span class='ocr_line' id='line_1_79' title="bbox 2044 3510 3638 3589; baseline 0.006 -24"><span class='ocrx_word' id='word_1_564' title='bbox 2044 3510 2208 3566; x_wconf 92' lang='lat' dir='ltr'><strong>unius</strong></span> <span class='ocrx_word' id='word_1_565' title='bbox 2238 3511 2474 3567; x_wconf 87' lang='lat' dir='ltr'><strong>civitatis</strong></span> <span class='ocrx_word' id='word_1_566' title='bbox 2525 3529 2697 3568; x_wconf 90' lang='lat' dir='ltr'><strong>unum</strong></span> <span class='ocrx_word' id='word_1_567' title='bbox 2742 3515 3124 3570; x_wconf 89' lang='lat' dir='ltr'><strong>tantummodo</strong></span> <span class='ocrx_word' id='word_1_568' title='bbox 3159 3526 3291 3571; x_wconf 90' lang='lat' dir='ltr'><strong>tunc</strong></span> <span class='ocrx_word' id='word_1_569' title='bbox 3322 3516 3497 3573; x_wconf 88' lang='lat' dir='ltr'><strong>fuisse</strong></span> <span class='ocrx_word' id='word_1_570' title='bbox 3523 3520 3638 3589; x_wconf 86' lang='lat' dir='ltr'><strong>epi-</strong></span> 
     </span>
    </p>
   </div>
   <div class='ocr_carea' id='block_1_80' title="bbox 2043 3605 3636 3677">
    <p class='ocr_par' dir='ltr' id='par_1_80' title="bbox 2043 3605 3636 3677">
     <span class='ocr_line' id='line_1_80' title="bbox 2043 3605 3636 3677; baseline 0.004 -20"><span class='ocrx_word' id='word_1_571' title='bbox 2043 3617 2298 3672; x_wconf 90' lang='lat' dir='ltr'><strong>scopum,</strong></span> <span class='ocrx_word' id='word_1_572' title='bbox 2329 3619 2439 3659; x_wconf 89' lang='lat' dir='ltr'><strong>non</strong></span> <span class='ocrx_word' id='word_1_573' title='bbox 2473 3613 2655 3660; x_wconf 89' lang='lat' dir='ltr'><strong>tamen</strong></span> <span class='ocrx_word' id='word_1_574' title='bbox 2695 3605 2819 3661; x_wconf 92' lang='lat' dir='ltr'><strong>inde</strong></span> <span class='ocrx_word' id='word_1_575' title='bbox 2850 3606 3033 3661; x_wconf 89' lang='lat' dir='ltr'><strong>statim</strong></span> <span class='ocrx_word' id='word_1_576' title='bbox 3079 3617 3410 3677; x_wconf 89' lang='lat' dir='ltr'><strong>sequeretur</strong></span> <span class='ocrx_word' id='word_1_577' title='bbox 3442 3626 3636 3666; x_wconf 87' lang='lat' dir='ltr'><strong>vocem</strong></span> 
     </span>
    </p>
   </div>
   <div class='ocr_carea' id='block_1_81' title="bbox 2042 3695 3637 3773">
    <p class='ocr_par' dir='ltr' id='par_1_81' title="bbox 2042 3695 3637 3773">
     <span class='ocr_line' id='line_1_81' title="bbox 2042 3695 3637 3773; baseline 0.007 -27"><span class='ocrx_word' id='word_1_578' title='bbox 2042 3695 2363 3758; x_wconf 78' lang='grc' dir='ltr'><strong>ἐπισκόποις</strong></span> <span class='ocrx_word' id='word_1_579' title='bbox 2390 3696 2457 3750; x_wconf 90' lang='lat' dir='ltr'><strong>ad</strong></span> <span class='ocrx_word' id='word_1_580' title='bbox 2487 3697 2779 3767; x_wconf 86' lang='lat' dir='ltr'><strong>episcopos</strong></span> <span class='ocrx_word' id='word_1_581' title='bbox 2819 3698 3037 3768; x_wconf 83' lang='lat' dir='ltr'><strong>proprie</strong></span> <span class='ocrx_word' id='word_1_582' title='bbox 3085 3699 3266 3755; x_wconf 91' lang='lat' dir='ltr'><strong>dictos</strong></span> <span class='ocrx_word' id='word_1_583' title='bbox 3315 3716 3429 3756; x_wconf 91' lang='lat' dir='ltr'><strong>non</strong></span> <span class='ocrx_word' id='word_1_584' title='bbox 3460 3704 3637 3773; x_wconf 83' lang='lat' dir='ltr'><strong>perti-</strong></span> 
     </span>
    </p>
   </div>
   <div class='ocr_carea' id='block_1_82' title="bbox 2043 3786 3637 3865">
    <p class='ocr_par' dir='ltr' id='par_1_82' title="bbox 2043 3786 3637 3865">
     <span class='ocr_line' id='line_1_82' title="bbox 2043 3786 3637 3865; baseline 0.008 -28"><span class='ocrx_word' id='word_1_585' title='bbox 2043 3800 2206 3851; x_wconf 89' lang='lat' dir='ltr'><strong>nere;</strong></span> <span class='ocrx_word' id='word_1_586' title='bbox 2240 3801 2349 3839; x_wconf 92' lang='lat' dir='ltr'><strong>non</strong></span> <span class='ocrx_word' id='word_1_587' title='bbox 2380 3786 2523 3841; x_wconf 90' lang='lat' dir='ltr'><strong>enim</strong></span> <span class='ocrx_word' id='word_1_588' title='bbox 2554 3804 2649 3842; x_wconf 91' lang='lat' dir='ltr'><strong>eos</strong></span> <span class='ocrx_word' id='word_1_589' title='bbox 2673 3787 3040 3859; x_wconf 87' lang='lat' dir='ltr'><strong>Philippensis</strong></span> <span class='ocrx_word' id='word_1_590' title='bbox 3068 3790 3317 3847; x_wconf 67' lang='lat' dir='ltr'><strong>ecclesia1</strong></span> <span class='ocrx_word' id='word_1_591' title='bbox 3339 3794 3637 3865; x_wconf 88' lang='lat' dir='ltr'><strong>episcopos</strong></span> 
     </span>
    </p>
   </div>
   <div class='ocr_carea' id='block_1_83' title="bbox 2043 3879 3637 3956">
    <p class='ocr_par' dir='ltr' id='par_1_83' title="bbox 2043 3879 3637 3956">
     <span class='ocr_line' id='line_1_83' title="bbox 2043 3879 3637 3956; baseline 0.006 -25"><span class='ocrx_word' id='word_1_592' title='bbox 2043 3886 2202 3932; x_wconf 88' lang='lat' dir='ltr'><strong>vocat</strong></span> <span class='ocrx_word' id='word_1_593' title='bbox 2247 3887 2342 3933; x_wconf 89' lang='lat' dir='ltr'><strong>aut</strong></span> <span class='ocrx_word' id='word_1_594' title='bbox 2384 3879 2643 3948; x_wconf 88' lang='lat' dir='ltr'><strong>civitatis,</strong></span> <span class='ocrx_word' id='word_1_595' title='bbox 2672 3882 2766 3937; x_wconf 87' lang='lat' dir='ltr'><strong>sed</strong></span> <span class='ocrx_word' id='word_1_596' title='bbox 2798 3891 3011 3936; x_wconf 89' lang='lat' dir='ltr'><strong>tantum</strong></span> <span class='ocrx_word' id='word_1_597' title='bbox 3044 3896 3141 3936; x_wconf 90' lang='lat' dir='ltr'><strong>eos</strong></span> <span class='ocrx_word' id='word_1_598' title='bbox 3183 3890 3319 3939; x_wconf 89' lang='lat' dir='ltr'><strong>tunc</strong></span> <span class='ocrx_word' id='word_1_599' title='bbox 3361 3883 3637 3956; x_wconf 88' lang='lat' dir='ltr'><strong>Philippis</strong></span> 
     </span>
    </p>
   </div>
   <div class='ocr_carea' id='block_1_84' title="bbox 2042 3969 3636 4046">
    <p class='ocr_par' dir='ltr' id='par_1_84' title="bbox 2042 3969 3636 4046">
     <span class='ocr_line' id='line_1_84' title="bbox 2042 3969 3636 4046; baseline 0.005 -23"><span class='ocrx_word' id='word_1_600' title='bbox 2042 3969 2215 4025; x_wconf 87' lang='lat' dir='ltr'><strong>fuisse</strong></span> <span class='ocrx_word' id='word_1_601' title='bbox 2253 3970 2464 4029; x_wconf 88' lang='lat' dir='ltr'><strong>innuit:</strong></span> <span class='ocrx_word' id='word_1_602' title='bbox 2497 3972 2737 4028; x_wconf 89' lang='lat' dir='ltr'><strong>scribere</strong></span> <span class='ocrx_word' id='word_1_603' title='bbox 2773 3982 2954 4028; x_wconf 89' lang='lat' dir='ltr'><strong>autem</strong></span> <span class='ocrx_word' id='word_1_604' title='bbox 2986 3974 3055 4028; x_wconf 90' lang='lat' dir='ltr'><strong>ad</strong></span> <span class='ocrx_word' id='word_1_605' title='bbox 3087 3974 3211 4029; x_wconf 92' lang='lat' dir='ltr'><strong>illos</strong></span> <span class='ocrx_word' id='word_1_606' title='bbox 3251 3977 3456 4045; x_wconf 90' lang='lat' dir='ltr'><strong>potuit,</strong></span> <span class='ocrx_word' id='word_1_607' title='bbox 3490 3992 3636 4046; x_wconf 88' lang='lat' dir='ltr'><strong>quos</strong></span> 
     </span>
    </p>
   </div>
   <div class='ocr_carea' id='block_1_85' title="bbox 2041 4059 3633 4136">
    <p class='ocr_par' dir='ltr' id='par_1_85' title="bbox 2041 4059 3633 4136">
     <span class='ocr_line' id='line_1_85' title="bbox 2041 4059 3633 4136; baseline 0.003 -21"><span class='ocrx_word' id='word_1_608' title='bbox 2041 4073 2174 4116; x_wconf 92' lang='lat' dir='ltr'><strong>tunc</strong></span> <span class='ocrx_word' id='word_1_609' title='bbox 2202 4059 2467 4131; x_wconf 90' lang='lat' dir='ltr'><strong>Philippis</strong></span> <span class='ocrx_word' id='word_1_610' title='bbox 2512 4078 2635 4119; x_wconf 91' lang='lat' dir='ltr'><strong>esse</strong></span> <span class='ocrx_word' id='word_1_611' title='bbox 2676 4074 3038 4136; x_wconf 79' lang='lat' dir='ltr'><strong>cognoverat,</strong></span> <span class='ocrx_word' id='word_1_612' title='bbox 3072 4065 3200 4121; x_wconf 90' lang='lat' dir='ltr'><strong>licet</strong></span> <span class='ocrx_word' id='word_1_613' title='bbox 3226 4067 3463 4121; x_wconf 89' lang='lat' dir='ltr'><strong>aliarum</strong></span> <span class='ocrx_word' id='word_1_614' title='bbox 3493 4068 3633 4122; x_wconf 81' lang='lat' dir='ltr'><strong>civi-</strong></span> 
     </span>
    </p>
   </div>
   <div class='ocr_carea' id='block_1_86' title="bbox 2040 4154 3634 4228">
    <p class='ocr_par' dir='ltr' id='par_1_86' title="bbox 2040 4154 3634 4228">
     <span class='ocr_line' id='line_1_86' title="bbox 2040 4154 3634 4228; baseline 0.004 -21"><span class='ocrx_word' id='word_1_615' title='bbox 2040 4163 2217 4210; x_wconf 91' lang='lat' dir='ltr'><strong>tatum</strong></span> <span class='ocrx_word' id='word_1_616' title='bbox 2265 4155 2508 4226; x_wconf 89' lang='lat' dir='ltr'><strong>episcopi</strong></span> <span class='ocrx_word' id='word_1_617' title='bbox 2559 4166 2763 4212; x_wconf 89' lang='lat' dir='ltr'><strong>essent.</strong></span> <span class='ocrx_word' id='word_1_618' title='bbox 2810 4156 3190 4215; x_wconf 88' lang='lat' dir='ltr'><strong>Theodoretus</strong></span> <span class='ocrx_word' id='word_1_619' title='bbox 3249 4159 3421 4228; x_wconf 78' lang='lat' dir='ltr'><strong>igitur</strong></span> <span class='ocrx_word' id='word_1_620' title='bbox 3464 4154 3634 4214; x_wconf 77' lang='lat' dir='ltr'><strong>aliam</strong></span> 
     </span>
    </p>
   </div>
   <div class='ocr_carea' id='block_1_87' title="bbox 2041 4248 3636 4322">
    <p class='ocr_par' dir='ltr' id='par_1_87' title="bbox 2041 4248 3636 4322">
     <span class='ocr_line' id='line_1_87' title="bbox 2041 4248 3636 4322; baseline 0.001 -19"><span class='ocrx_word' id='word_1_621' title='bbox 2041 4250 2307 4303; x_wconf 89' lang='lat' dir='ltr'><strong>rationem</strong></span> <span class='ocrx_word' id='word_1_622' title='bbox 2338 4248 2513 4316; x_wconf 89' lang='lat' dir='ltr'><strong>addit,</strong></span> <span class='ocrx_word' id='word_1_623' title='bbox 2543 4250 2690 4318; x_wconf 92' lang='lat' dir='ltr'><strong>quod</strong></span> <span class='ocrx_word' id='word_1_624' title='bbox 2714 4264 2780 4305; x_wconf 94' lang='lat' dir='ltr'><strong>eo</strong></span> <span class='ocrx_word' id='word_1_625' title='bbox 2802 4250 2907 4305; x_wconf 91' lang='lat' dir='ltr'><strong>loci</strong></span> <span class='ocrx_word' id='word_1_626' title='bbox 2936 4250 3242 4322; x_wconf 87' lang='lat' dir='ltr'><strong>presbyteri</strong></span> <span class='ocrx_word' id='word_1_627' title='bbox 3282 4252 3420 4306; x_wconf 90' lang='lat' dir='ltr'><strong>nulli</strong></span> <span class='ocrx_word' id='word_1_628' title='bbox 3452 4252 3636 4306; x_wconf 84' lang='lat' dir='ltr'><strong>norni-</strong></span> 
     </span>
    </p>
   </div>
   <div class='ocr_carea' id='block_1_88' title="bbox 2040 4339 3636 4415">
    <p class='ocr_par' dir='ltr' id='par_1_88' title="bbox 2040 4339 3636 4415">
     <span class='ocr_line' id='line_1_88' title="bbox 2040 4339 3636 4415; baseline 0.001 -19"><span class='ocrx_word' id='word_1_629' title='bbox 2040 4350 2240 4396; x_wconf 92' lang='lat' dir='ltr'><strong>nentur</strong></span> <span class='ocrx_word' id='word_1_630' title='bbox 2295 4339 2437 4393; x_wconf 92' lang='lat' dir='ltr'><strong>inter</strong></span> <span class='ocrx_word' id='word_1_631' title='bbox 2487 4340 2779 4410; x_wconf 90' lang='lat' dir='ltr'><strong>episcopos</strong></span> <span class='ocrx_word' id='word_1_632' title='bbox 2820 4350 2875 4397; x_wconf 91' lang='lat' dir='ltr'><strong>et</strong></span> <span class='ocrx_word' id='word_1_633' title='bbox 2929 4343 3193 4398; x_wconf 88' lang='lat' dir='ltr'><strong>diaconos</strong></span> <span class='ocrx_word' id='word_1_634' title='bbox 3227 4360 3241 4397; x_wconf 90' lang='lat'><strong>:</strong></span> <span class='ocrx_word' id='word_1_635' title='bbox 3274 4358 3405 4398; x_wconf 91' lang='lat' dir='ltr'><strong>cum</strong></span> <span class='ocrx_word' id='word_1_636' title='bbox 3465 4344 3636 4415; x_wconf 78' lang='lat' dir='ltr'><strong>igitur</strong></span> 
     </span>
    </p>
   </div>
   <div class='ocr_carea' id='block_1_89' title="bbox 353 4430 1938 4510">
    <p class='ocr_par' dir='ltr' id='par_1_89' title="bbox 353 4438 1937 4510">
     <span class='ocr_line' id='line_1_89' title="bbox 353 4438 1937 4510; baseline 0.004 -19"><span class='ocrx_word' id='word_1_637' title='bbox 353 4438 659 4505; x_wconf 67' lang='lat' dir='ltr'><strong>sententiae,</strong></span> <span class='ocrx_word' id='word_1_638' title='bbox 685 4454 807 4508; x_wconf 69' lang='lat' dir='ltr'><strong>qua:</strong></span> <span class='ocrx_word' id='word_1_639' title='bbox 840 4447 921 4495; x_wconf 91' lang='lat' dir='ltr'><strong>tot</strong></span> <span class='ocrx_word' id='word_1_640' title='bbox 964 4439 1076 4495; x_wconf 88' lang='lat' dir='ltr'><strong>fere</strong></span> <span class='ocrx_word' id='word_1_641' title='bbox 1105 4450 1244 4510; x_wconf 87' lang='lat' dir='ltr'><strong>quot</strong></span> <span class='ocrx_word' id='word_1_642' title='bbox 1289 4440 1541 4497; x_wconf 90' lang='lat' dir='ltr'><strong>homines</strong></span> <span class='ocrx_word' id='word_1_643' title='bbox 1571 4451 1721 4508; x_wconf 90' lang='lat' dir='ltr'><strong>sunt,</strong></span> <span class='ocrx_word' id='word_1_644' title='bbox 1751 4444 1937 4498; x_wconf 88' lang='lat' dir='ltr'><strong>conci-</strong></span> 
     </span>
    </p>
   </div>
   <div class='ocr_carea' id='block_1_90' title="bbox 2077 4430 3638 4510">
    <p class='ocr_par' dir='ltr' id='par_1_90' title="bbox 2080 4432 3638 4504">
     <span class='ocr_line' id='line_1_90' title="bbox 2080 4432 3638 4504; baseline 0.002 -18"><span class='ocrx_word' id='word_1_645' title='bbox 2080 4432 2341 4504; x_wconf 82' lang='lat' dir='ltr'><strong>reshyteri</strong></span> <span class='ocrx_word' id='word_1_646' title='bbox 2390 4432 2639 4487; x_wconf 88' lang='lat' dir='ltr'><strong>diaconis</strong></span> <span class='ocrx_word' id='word_1_647' title='bbox 2682 4434 2920 4503; x_wconf 79' lang='lat' dir='ltr'><strong>proximi</strong></span> <span class='ocrx_word' id='word_1_648' title='bbox 2967 4434 3114 4501; x_wconf 90' lang='lat' dir='ltr'><strong>sint,</strong></span> <span class='ocrx_word' id='word_1_649' title='bbox 3165 4450 3398 4491; x_wconf 88' lang='lat' dir='ltr'><strong>necesse</strong></span> <span class='ocrx_word' id='word_1_650' title='bbox 3441 4444 3529 4491; x_wconf 89' lang='lat' dir='ltr'><strong>est</strong></span> <span class='ocrx_word' id='word_1_651' title='bbox 3574 4446 3638 4489; x_wconf 93' lang='lat' dir='ltr'><strong>ut</strong></span> 
     </span>
    </p>
   </div>
   <div class='ocr_carea' id='block_1_91' title="bbox 352 4529 1939 4604">
    <p class='ocr_par' dir='ltr' id='par_1_91' title="bbox 352 4529 1939 4604">
     <span class='ocr_line' id='line_1_91' title="bbox 352 4529 1939 4604; baseline 0.006 -23"><span class='ocrx_word' id='word_1_652' title='bbox 352 4529 474 4583; x_wconf 79' lang='lat' dir='ltr'><strong>liari</strong></span> <span class='ocrx_word' id='word_1_653' title='bbox 520 4529 669 4585; x_wconf 87' lang='lat' dir='ltr'><strong>nullo</strong></span> <span class='ocrx_word' id='word_1_654' title='bbox 719 4532 880 4587; x_wconf 92' lang='lat' dir='ltr'><strong>modo</strong></span> <span class='ocrx_word' id='word_1_655' title='bbox 933 4533 1168 4602; x_wconf 87' lang='lat' dir='ltr'><strong>possint,</strong></span> <span class='ocrx_word' id='word_1_656' title='bbox 1207 4533 1383 4604; x_wconf 85' lang='lat' dir='ltr'><strong>magis</strong></span> <span class='ocrx_word' id='word_1_657' title='bbox 1434 4532 1615 4589; x_wconf 91' lang='lat' dir='ltr'><strong>adhuc</strong></span> <span class='ocrx_word' id='word_1_658' title='bbox 1657 4535 1939 4603; x_wconf 89' lang='lat' dir='ltr'><strong>probabile</strong></span> 
     </span>
    </p>
   </div>
   <div class='ocr_carea' id='block_1_92' title="bbox 352 4618 1938 4678">
    <p class='ocr_par' dir='ltr' id='par_1_92' title="bbox 352 4618 1938 4678">
     <span class='ocr_line' id='line_1_92' title="bbox 352 4618 1938 4678; baseline 0.005 -8"><span class='ocrx_word' id='word_1_659' title='bbox 352 4618 598 4673; x_wconf 87' lang='lat' dir='ltr'><strong>redditur</strong></span> <span class='ocrx_word' id='word_1_660' title='bbox 639 4621 802 4676; x_wconf 88' lang='lat' dir='ltr'><strong>talem</strong></span> <span class='ocrx_word' id='word_1_661' title='bbox 845 4621 1292 4676; x_wconf 92' lang='lat' dir='ltr'><strong>communionem</strong></span> <span class='ocrx_word' id='word_1_662' title='bbox 1325 4623 1610 4678; x_wconf 91' lang='lat' dir='ltr'><strong>nominum</strong></span> <span class='ocrx_word' id='word_1_663' title='bbox 1648 4638 1834 4678; x_wconf 91' lang='lat' dir='ltr'><strong>revera</strong></span> <span class='ocrx_word' id='word_1_664' title='bbox 1880 4624 1938 4678; x_wconf 91' lang='lat' dir='ltr'><strong>in</strong></span> 
     </span>
    </p>
   </div>
   <div class='ocr_carea' id='block_1_93' title="bbox 353 4709 1071 4784">
    <p class='ocr_par' dir='ltr' id='par_1_93' title="bbox 353 4709 1071 4784">
     <span class='ocr_line' id='line_1_93' title="bbox 353 4709 1071 4784; baseline 0 -19"><span class='ocrx_word' id='word_1_665' title='bbox 353 4709 653 4780; x_wconf 76' lang='lat' dir='ltr'><strong>Scripturis</strong></span> <span class='ocrx_word' id='word_1_666' title='bbox 688 4729 797 4768; x_wconf 91' lang='lat' dir='ltr'><strong>non</strong></span> <span class='ocrx_word' id='word_1_667' title='bbox 824 4712 1071 4784; x_wconf 90' lang='lat' dir='ltr'><strong>reperiri.</strong></span> 
     </span>
    </p>
   </div>
   <div class='ocr_carea' id='block_1_94' title="bbox 424 4799 1937 4874">
    <p class='ocr_par' dir='ltr' id='par_1_94' title="bbox 424 4799 1937 4874">
     <span class='ocr_line' id='line_1_94' title="bbox 424 4799 1937 4874; baseline 0.004 -22"><span class='ocrx_word' id='word_1_668' title='bbox 424 4799 629 4856; x_wconf 85' lang='lat' dir='ltr'><strong>Tertio.</strong></span> <span class='ocrx_word' id='word_1_669' title='bbox 664 4801 926 4859; x_wconf 82' lang='lat' dir='ltr'><strong>Rationes</strong></span> <span class='ocrx_word' id='word_1_670' title='bbox 953 4804 1086 4874; x_wconf 76' lang='lat' dir='ltr'><strong>ipsa:</strong></span> <span class='ocrx_word' id='word_1_671' title='bbox 1114 4803 1281 4873; x_wconf 82' lang='lat' dir='ltr'><strong>hujus</strong></span> <span class='ocrx_word' id='word_1_672' title='bbox 1312 4806 1614 4869; x_wconf 73' lang='lat' dir='ltr'><strong>sententiae,</strong></span> <span class='ocrx_word' id='word_1_673' title='bbox 1643 4819 1783 4873; x_wconf 89' lang='lat' dir='ltr'><strong>quas</strong></span> <span class='ocrx_word' id='word_1_674' title='bbox 1805 4802 1937 4858; x_wconf 82' lang='lat' dir='ltr'><strong>aﬂ‘e-</strong></span> 
     </span>
    </p>
   </div>
   <div class='ocr_carea' id='block_1_95' title="bbox 350 4895 1937 4961">
    <p class='ocr_par' dir='ltr' id='par_1_95' title="bbox 350 4895 1937 4961">
     <span class='ocr_line' id='line_1_95' title="bbox 350 4895 1937 4961; baseline 0.002 -14"><span class='ocrx_word' id='word_1_675' title='bbox 350 4903 481 4949; x_wconf 85' lang='lat' dir='ltr'><strong>runt</strong></span> <span class='ocrx_word' id='word_1_676' title='bbox 513 4897 923 4951; x_wconf 88' lang='lat' dir='ltr'><strong>communionis</strong></span> <span class='ocrx_word' id='word_1_677' title='bbox 949 4897 1149 4951; x_wconf 91' lang='lat' dir='ltr'><strong>horum</strong></span> <span class='ocrx_word' id='word_1_678' title='bbox 1178 4895 1465 4949; x_wconf 88' lang='lat' dir='ltr'><strong>nominum</strong></span> <span class='ocrx_word' id='word_1_679' title='bbox 1492 4904 1817 4961; x_wconf 89' lang='lat' dir='ltr'><strong>assertores,</strong></span> <span class='ocrx_word' id='word_1_680' title='bbox 1842 4909 1937 4950; x_wconf 83' lang='lat' dir='ltr'><strong>aut</strong></span> 
     </span>
    </p>
   </div>
   <div class='ocr_carea' id='block_1_96' title="bbox 351 4984 1936 5056">
    <p class='ocr_par' dir='ltr' id='par_1_96' title="bbox 351 4984 1936 5056">
     <span class='ocr_line' id='line_1_96' title="bbox 351 4984 1936 5056; baseline 0.003 -20"><span class='ocrx_word' id='word_1_681' title='bbox 351 4984 521 5052; x_wconf 67' lang='lat' dir='ltr'><strong>falsae,</strong></span> <span class='ocrx_word' id='word_1_682' title='bbox 555 4996 648 5040; x_wconf 90' lang='lat' dir='ltr'><strong>aut</strong></span> <span class='ocrx_word' id='word_1_683' title='bbox 682 4986 903 5041; x_wconf 70' lang='lat' dir='ltr'><strong>incerta:</strong></span> <span class='ocrx_word' id='word_1_684' title='bbox 939 4996 1089 5053; x_wconf 87' lang='lat' dir='ltr'><strong>sunt,</strong></span> <span class='ocrx_word' id='word_1_685' title='bbox 1128 4994 1224 5040; x_wconf 89' lang='lat' dir='ltr'><strong>aut</strong></span> <span class='ocrx_word' id='word_1_686' title='bbox 1265 4987 1320 5041; x_wconf 89' lang='lat' dir='ltr'><strong>id</strong></span> <span class='ocrx_word' id='word_1_687' title='bbox 1364 5002 1471 5041; x_wconf 92' lang='lat' dir='ltr'><strong>non</strong></span> <span class='ocrx_word' id='word_1_688' title='bbox 1518 4988 1759 5042; x_wconf 74' lang='lat' dir='ltr'><strong>efﬁciunt</strong></span> <span class='ocrx_word' id='word_1_689' title='bbox 1788 4988 1936 5056; x_wconf 90' lang='lat' dir='ltr'><strong>quod</strong></span> 
     </span>
    </p>
   </div>
   <div class='ocr_carea' id='block_1_97' title="bbox 350 5077 1937 5149">
    <p class='ocr_par' dir='ltr' id='par_1_97' title="bbox 350 5077 1937 5149">
     <span class='ocr_line' id='line_1_97' title="bbox 350 5077 1937 5149; baseline 0.003 -21"><span class='ocrx_word' id='word_1_690' title='bbox 350 5078 451 5147; x_wconf 88' lang='lat' dir='ltr'><strong>ipsi</strong></span> <span class='ocrx_word' id='word_1_691' title='bbox 492 5079 696 5133; x_wconf 68' lang='lat' dir='ltr'><strong>volunt.</strong></span> <span class='ocrx_word' id='word_1_692' title='bbox 727 5077 963 5149; x_wconf 89' lang='lat' dir='ltr'><strong>Philipp.</strong></span> <span class='ocrx_word' id='word_1_693' title='bbox 996 5093 1036 5141; x_wconf 81' lang='grc' dir='ltr'><strong>ι,</strong></span> <span class='ocrx_word' id='word_1_694' title='bbox 1064 5078 1116 5142; x_wconf 67' lang='grc'><strong>1,</strong></span> <span class='ocrx_word' id='word_1_695' title='bbox 1149 5078 1421 5148; x_wconf 80' lang='lat' dir='ltr'><strong>legimus:</strong></span> <span class='ocrx_word' id='word_1_696' title='bbox 1450 5078 1654 5132; x_wconf 78' lang='lat' dir='ltr'><strong>Paulus</strong></span> <span class='ocrx_word' id='word_1_697' title='bbox 1676 5088 1724 5131; x_wconf 81' lang='lat' dir='ltr'><strong>et</strong></span> <span class='ocrx_word' id='word_1_698' title='bbox 1759 5077 1937 5133; x_wconf 86' lang='lat' dir='ltr'><strong>Timo-</strong></span> 
     </span>
    </p>
   </div>
   <div class='ocr_carea' id='block_1_98' title="bbox 349 5166 1939 5223">
    <p class='ocr_par' dir='ltr' id='par_1_98' title="bbox 349 5166 1939 5223">
     <span class='ocr_line' id='line_1_98' title="bbox 349 5166 1939 5223; baseline 0.003 -4"><span class='ocrx_word' id='word_1_699' title='bbox 349 5168 497 5221; x_wconf 77' lang='lat' dir='ltr'><strong>theus</strong></span> <span class='ocrx_word' id='word_1_700' title='bbox 524 5185 705 5222; x_wconf 66' lang='lat' dir='ltr'><strong>servus</strong></span> <span class='ocrx_word' id='word_1_701' title='bbox 736 5167 865 5223; x_wconf 82' lang='lat' dir='ltr'><strong>Jesu</strong></span> <span class='ocrx_word' id='word_1_702' title='bbox 900 5166 1105 5222; x_wconf 79' lang='lat' dir='ltr'><strong>Christi</strong></span> <span class='ocrx_word' id='word_1_703' title='bbox 1138 5170 1381 5221; x_wconf 73' lang='lat' dir='ltr'><strong>erunibus</strong></span> <span class='ocrx_word' id='word_1_704' title='bbox 1422 5169 1624 5222; x_wconf 79' lang='lat' dir='ltr'><strong>sanctis</strong></span> <span class='ocrx_word' id='word_1_705' title='bbox 1648 5168 1700 5221; x_wconf 86' lang='lat' dir='ltr'><strong>in</strong></span> <span class='ocrx_word' id='word_1_706' title='bbox 1725 5167 1939 5223; x_wconf 81' lang='lat' dir='ltr'><strong>Christo</strong></span> 
     </span>
    </p>
   </div>
   <div class='ocr_carea' id='block_1_99' title="bbox 348 5257 1935 5330">
    <p class='ocr_par' dir='ltr' id='par_1_99' title="bbox 348 5257 1935 5330">
     <span class='ocr_line' id='line_1_99' title="bbox 348 5257 1935 5330; baseline 0.003 -18"><span class='ocrx_word' id='word_1_707' title='bbox 348 5257 499 5323; x_wconf 59' lang='lat' dir='ltr'><strong>c&#39;esu,</strong></span> <span class='ocrx_word' id='word_1_708' title='bbox 539 5276 661 5313; x_wconf 87' lang='lat' dir='ltr'><strong>cum</strong></span> <span class='ocrx_word' id='word_1_709' title='bbox 709 5262 965 5330; x_wconf 84' lang='lat' dir='ltr'><strong>episcopis</strong></span> <span class='ocrx_word' id='word_1_710' title='bbox 998 5270 1047 5314; x_wconf 87' lang='lat' dir='ltr'><strong>et</strong></span> <span class='ocrx_word' id='word_1_711' title='bbox 1075 5261 1337 5316; x_wconf 74' lang='lat' dir='ltr'><strong>diaconis.</strong></span> <span class='ocrx_word' id='word_1_712' title='bbox 1388 5258 1549 5315; x_wconf 83' lang='lat' dir='ltr'><strong>Hunc</strong></span> <span class='ocrx_word' id='word_1_713' title='bbox 1594 5260 1776 5315; x_wconf 90' lang='lat' dir='ltr'><strong>locum</strong></span> <span class='ocrx_word' id='word_1_714' title='bbox 1812 5280 1831 5313; x_wconf 73' lang='grc' dir='ltr'><strong><em>ι</em></strong></span> <span class='ocrx_word' id='word_1_715' title='bbox 1868 5263 1935 5317; x_wconf 88' lang='lat' dir='ltr'><strong>de</strong></span> 
     </span>
    </p>
   </div>
   <div class='ocr_carea' id='block_1_100' title="bbox 350 5354 1936 5424">
    <p class='ocr_par' dir='ltr' id='par_1_100' title="bbox 350 5354 1936 5424">
     <span class='ocr_line' id='line_1_100' title="bbox 350 5354 1936 5424; baseline 0.003 -17"><span class='ocrx_word' id='word_1_716' title='bbox 350 5355 693 5409; x_wconf 85' lang='lat' dir='ltr'><strong>secundariis</strong></span> <span class='ocrx_word' id='word_1_717' title='bbox 754 5355 1135 5410; x_wconf 88' lang='lat' dir='ltr'><strong>sacerdotibus</strong></span> <span class='ocrx_word' id='word_1_718' title='bbox 1196 5371 1307 5410; x_wconf 90' lang='lat' dir='ltr'><strong>non</strong></span> <span class='ocrx_word' id='word_1_719' title='bbox 1362 5354 1523 5424; x_wconf 90' lang='lat' dir='ltr'><strong>pauci</strong></span> <span class='ocrx_word' id='word_1_720' title='bbox 1576 5369 1754 5424; x_wconf 88' lang='lat' dir='ltr'><strong>neque</strong></span> <span class='ocrx_word' id='word_1_721' title='bbox 1802 5371 1936 5411; x_wconf 87' lang='lat' dir='ltr'><strong>con—</strong></span> 
     </span>
    </p>
   </div>
   <div class='ocr_carea' id='block_1_101' title="bbox 352 5446 1934 5503">
    <p class='ocr_par' dir='ltr' id='par_1_101' title="bbox 352 5446 1934 5503">
     <span class='ocr_line' id='line_1_101' title="bbox 352 5446 1934 5503; baseline 0.004 -6"><span class='ocrx_word' id='word_1_722' title='bbox 352 5446 627 5500; x_wconf 82' lang='lat' dir='ltr'><strong>temnendi</strong></span> <span class='ocrx_word' id='word_1_723' title='bbox 662 5456 775 5500; x_wconf 92' lang='lat' dir='ltr'><strong>tum</strong></span> <span class='ocrx_word' id='word_1_724' title='bbox 810 5446 1008 5501; x_wconf 90' lang='lat' dir='ltr'><strong>veteris</strong></span> <span class='ocrx_word' id='word_1_725' title='bbox 1040 5455 1153 5500; x_wconf 89' lang='lat' dir='ltr'><strong>tum</strong></span> <span class='ocrx_word' id='word_1_726' title='bbox 1188 5446 1425 5501; x_wconf 87' lang='lat' dir='ltr'><strong>recentis</strong></span> <span class='ocrx_word' id='word_1_727' title='bbox 1449 5446 1729 5502; x_wconf 64' lang='lat' dir='ltr'><strong>memoriae</strong></span> <span class='ocrx_word' id='word_1_728' title='bbox 1763 5447 1934 5503; x_wconf 83' lang='lat' dir='ltr'><strong>inter-</strong></span> 
     </span>
    </p>
   </div>
   <div class='ocr_carea' id='block_1_102' title="bbox 355 5537 1933 5608">
    <p class='ocr_par' dir='ltr' id='par_1_102' title="bbox 355 5537 1933 5608">
     <span class='ocr_line' id='line_1_102' title="bbox 355 5537 1933 5608; baseline 0.005 -20"><span class='ocrx_word' id='word_1_729' title='bbox 355 5545 535 5603; x_wconf 82' lang='lat' dir='ltr'><strong>pretes</strong></span> <span class='ocrx_word' id='word_1_730' title='bbox 584 5537 926 5608; x_wconf 49' lang='lat' dir='ltr'><strong>accipiunt”</strong></span> <span class='ocrx_word' id='word_1_731' title='bbox 988 5540 1166 5607; x_wconf 84' lang='lat' dir='ltr'><strong>inquit</strong></span> <span class='ocrx_word' id='word_1_732' title='bbox 1208 5539 1463 5594; x_wconf 75' lang='lat' dir='ltr'><strong>Dallzens.</strong></span> <span class='ocrx_word' id='word_1_733' title='bbox 1517 5537 1623 5594; x_wconf 91' lang='lat' dir='ltr'><strong>Sed</strong></span> <span class='ocrx_word' id='word_1_734' title='bbox 1664 5540 1933 5596; x_wconf 87' lang='lat' dir='ltr'><strong>rationem</strong></span> 
     </span>
    </p>
   </div>
   <div class='ocr_carea' id='block_1_103' title="bbox 354 5626 1935 5698">
    <p class='ocr_par' dir='ltr' id='par_1_103' title="bbox 354 5626 1935 5698">
     <span class='ocr_line' id='line_1_103' title="bbox 354 5626 1935 5698; baseline 0.007 -21"><span class='ocrx_word' id='word_1_735' title='bbox 354 5626 498 5679; x_wconf 81' lang='lat' dir='ltr'><strong>hanc</strong></span> <span class='ocrx_word' id='word_1_736' title='bbox 522 5638 734 5681; x_wconf 87' lang='lat' dir='ltr'><strong>tantum</strong></span> <span class='ocrx_word' id='word_1_737' title='bbox 772 5629 1010 5684; x_wconf 76' lang='lat' dir='ltr'><strong>afferunt</strong></span> <span class='ocrx_word' id='word_1_738' title='bbox 1046 5638 1274 5692; x_wconf 82' lang='lat' dir='ltr'><strong>veteres,</strong></span> <span class='ocrx_word' id='word_1_739' title='bbox 1311 5630 1457 5698; x_wconf 89' lang='lat' dir='ltr'><strong>quod</strong></span> <span class='ocrx_word' id='word_1_740' title='bbox 1490 5630 1544 5684; x_wconf 93' lang='lat' dir='ltr'><strong>in</strong></span> <span class='ocrx_word' id='word_1_741' title='bbox 1580 5646 1687 5685; x_wconf 85' lang='lat' dir='ltr'><strong>una</strong></span> <span class='ocrx_word' id='word_1_742' title='bbox 1716 5631 1935 5688; x_wconf 86' lang='lat' dir='ltr'><strong>civitate</strong></span> 
     </span>
    </p>
   </div>
   <div class='ocr_carea' id='block_1_104' title="bbox 356 5718 1935 5792">
    <p class='ocr_par' dir='ltr' id='par_1_104' title="bbox 356 5718 1935 5792">
     <span class='ocr_line' id='line_1_104' title="bbox 356 5718 1935 5792; baseline 0.006 -24"><span class='ocrx_word' id='word_1_743' title='bbox 356 5731 495 5770; x_wconf 73' lang='lat' dir='ltr'><strong>uitus</strong></span> <span class='ocrx_word' id='word_1_744' title='bbox 527 5724 737 5773; x_wconf 87' lang='lat' dir='ltr'><strong>tantum</strong></span> <span class='ocrx_word' id='word_1_745' title='bbox 767 5726 911 5773; x_wconf 85' lang='lat' dir='ltr'><strong>esset</strong></span> <span class='ocrx_word' id='word_1_746' title='bbox 941 5719 1253 5789; x_wconf 84' lang='lat' dir='ltr'><strong>episcopus.</strong></span> <span class='ocrx_word' id='word_1_747' title='bbox 1283 5718 1361 5774; x_wconf 84' lang='lat' dir='ltr'><strong>lta</strong></span> <span class='ocrx_word' id='word_1_748' title='bbox 1393 5718 1450 5774; x_wconf 86' lang='lat' dir='ltr'><strong>S.</strong></span> <span class='ocrx_word' id='word_1_749' title='bbox 1481 5720 1935 5792; x_wconf 80' lang='lat' dir='ltr'><strong>Chrysostomus,</strong></span> 
     </span>
    </p>
   </div>
   <div class='ocr_carea' id='block_1_105' title="bbox 2037 4522 3635 4595">
    <p class='ocr_par' dir='ltr' id='par_1_105' title="bbox 2037 4522 3635 4595">
     <span class='ocr_line' id='line_1_105' title="bbox 2037 4522 3635 4595; baseline 0.002 -17"><span class='ocrx_word' id='word_1_750' title='bbox 2037 4522 2277 4594; x_wconf 89' lang='lat' dir='ltr'><strong>episcopi</strong></span> <span class='ocrx_word' id='word_1_751' title='bbox 2317 4537 2416 4592; x_wconf 89' lang='lat' dir='ltr'><strong>pro</strong></span> <span class='ocrx_word' id='word_1_752' title='bbox 2456 4523 2775 4594; x_wconf 83' lang='lat' dir='ltr'><strong>presbyteris</strong></span> <span class='ocrx_word' id='word_1_753' title='bbox 2814 4525 3178 4595; x_wconf 88' lang='lat' dir='ltr'><strong>accipiantur.</strong></span> <span class='ocrx_word' id='word_1_754' title='bbox 3226 4525 3337 4582; x_wconf 89' lang='lat' dir='ltr'><strong>Sed</strong></span> <span class='ocrx_word' id='word_1_755' title='bbox 3384 4529 3635 4583; x_wconf 85' lang='lat' dir='ltr'><strong>nondum</strong></span> 
     </span>
    </p>
   </div>
   <div class='ocr_carea' id='block_1_106' title="bbox 2038 4616 3634 4686">
    <p class='ocr_par' dir='ltr' id='par_1_106' title="bbox 2038 4616 3634 4686">
     <span class='ocr_line' id='line_1_106' title="bbox 2038 4616 3634 4686; baseline 0.002 -16"><span class='ocrx_word' id='word_1_756' title='bbox 2038 4616 2257 4686; x_wconf 90' lang='lat' dir='ltr'><strong>probari</strong></span> <span class='ocrx_word' id='word_1_757' title='bbox 2301 4617 2479 4686; x_wconf 88' lang='lat' dir='ltr'><strong>potuit</strong></span> <span class='ocrx_word' id='word_1_758' title='bbox 2518 4617 2660 4672; x_wconf 88' lang='lat' dir='ltr'><strong>ullos</strong></span> <span class='ocrx_word' id='word_1_759' title='bbox 2690 4617 2917 4672; x_wconf 89' lang='lat' dir='ltr'><strong>secundi</strong></span> <span class='ocrx_word' id='word_1_760' title='bbox 2944 4618 3159 4674; x_wconf 90' lang='lat' dir='ltr'><strong>ordinis</strong></span> <span class='ocrx_word' id='word_1_761' title='bbox 3192 4622 3510 4677; x_wconf 83' lang='lat' dir='ltr'><strong>sacerdOtes</strong></span> <span class='ocrx_word' id='word_1_762' title='bbox 3534 4636 3634 4675; x_wconf 90' lang='lat' dir='ltr'><strong>seu</strong></span> 
     </span>
    </p>
   </div>
   <div class='ocr_carea' id='block_1_107' title="bbox 2038 4708 3631 4780">
    <p class='ocr_par' dir='ltr' id='par_1_107' title="bbox 2038 4708 3631 4780">
     <span class='ocr_line' id='line_1_107' title="bbox 2038 4708 3631 4780; baseline 0.002 -17"><span class='ocrx_word' id='word_1_763' title='bbox 2038 4709 2384 4779; x_wconf 84' lang='lat' dir='ltr'><strong>presbyteros</strong></span> <span class='ocrx_word' id='word_1_764' title='bbox 2433 4718 2562 4763; x_wconf 91' lang='lat' dir='ltr'><strong>tunc</strong></span> <span class='ocrx_word' id='word_1_765' title='bbox 2608 4708 2879 4780; x_wconf 86' lang='lat' dir='ltr'><strong>Philippis</strong></span> <span class='ocrx_word' id='word_1_766' title='bbox 2923 4712 3238 4778; x_wconf 76' lang='lat' dir='ltr'><strong>exstitisse;</strong></span> <span class='ocrx_word' id='word_1_767' title='bbox 3274 4713 3427 4767; x_wconf 88' lang='lat' dir='ltr'><strong>nulla</strong></span> <span class='ocrx_word' id='word_1_768' title='bbox 3479 4716 3631 4768; x_wconf 91' lang='lat' dir='ltr'><strong>enim</strong></span> 
     </span>
    </p>
   </div>
   <div class='ocr_carea' id='block_1_108' title="bbox 2036 4800 3637 4872">
    <p class='ocr_par' dir='ltr' id='par_1_108' title="bbox 2036 4800 3637 4872">
     <span class='ocr_line' id='line_1_108' title="bbox 2036 4800 3637 4872; baseline 0.001 -17"><span class='ocrx_word' id='word_1_769' title='bbox 2036 4816 2227 4855; x_wconf 91' lang='lat' dir='ltr'><strong>eorum</strong></span> <span class='ocrx_word' id='word_1_770' title='bbox 2267 4810 2444 4854; x_wconf 87' lang='lat' dir='ltr'><strong>exstat</strong></span> <span class='ocrx_word' id='word_1_771' title='bbox 2488 4800 2775 4856; x_wconf 88' lang='lat' dir='ltr'><strong>memoria.</strong></span> <span class='ocrx_word' id='word_1_772' title='bbox 2804 4802 3146 4872; x_wconf 81' lang='lat' dir='ltr'><strong>Epiphanius</strong></span> <span class='ocrx_word' id='word_1_773' title='bbox 3179 4815 3363 4859; x_wconf 90' lang='lat' dir='ltr'><strong>autem</strong></span> <span class='ocrx_word' id='word_1_774' title='bbox 3394 4820 3463 4859; x_wconf 77' lang='lat' dir='ltr'><strong>ex</strong></span> <span class='ocrx_word' id='word_1_775' title='bbox 3490 4805 3637 4859; x_wconf 89' lang='lat' dir='ltr'><strong>anti-</strong></span> 
     </span>
    </p>
   </div>
   <div class='ocr_carea' id='block_1_109' title="bbox 2037 4889 3632 4965">
    <p class='ocr_par' dir='ltr' id='par_1_109' title="bbox 2037 4889 3632 4965">
     <span class='ocr_line' id='line_1_109' title="bbox 2037 4889 3632 4965; baseline 0.001 -20"><span class='ocrx_word' id='word_1_776' title='bbox 2037 4891 2322 4961; x_wconf 90' lang='lat' dir='ltr'><strong>quissimis</strong></span> <span class='ocrx_word' id='word_1_777' title='bbox 2366 4889 2625 4946; x_wconf 69' lang='lat' dir='ltr'><strong>Ecclesire</strong></span> <span class='ocrx_word' id='word_1_778' title='bbox 2653 4894 3025 4948; x_wconf 90' lang='lat' dir='ltr'><strong>monumentis</strong></span> <span class='ocrx_word' id='word_1_779' title='bbox 3055 4894 3215 4949; x_wconf 91' lang='lat' dir='ltr'><strong>docet</strong></span> <span class='ocrx_word' id='word_1_780' title='bbox 3258 4897 3543 4965; x_wconf 85' lang='lat' dir='ltr'><strong>apostolos</strong></span> <span class='ocrx_word' id='word_1_781' title='bbox 3576 4895 3632 4948; x_wconf 90' lang='lat' dir='ltr'><strong>in</strong></span> 
     </span>
    </p>
   </div>
   <div class='ocr_carea' id='block_1_110' title="bbox 2037 4983 3636 5056">
    <p class='ocr_par' dir='ltr' id='par_1_110' title="bbox 2037 4983 3636 5056">
     <span class='ocr_line' id='line_1_110' title="bbox 2037 4983 3636 5056; baseline 0.003 -19"><span class='ocrx_word' id='word_1_782' title='bbox 2037 4983 2315 5053; x_wconf 91' lang='lat' dir='ltr'><strong>aliquibus</strong></span> <span class='ocrx_word' id='word_1_783' title='bbox 2345 4983 2663 5039; x_wconf 87' lang='lat' dir='ltr'><strong>civitatibus</strong></span> <span class='ocrx_word' id='word_1_784' title='bbox 2698 4986 2989 5056; x_wconf 89' lang='lat' dir='ltr'><strong>episcopos</strong></span> <span class='ocrx_word' id='word_1_785' title='bbox 3017 4987 3309 5041; x_wconf 89' lang='lat' dir='ltr'><strong>ordinasse</strong></span> <span class='ocrx_word' id='word_1_786' title='bbox 3355 5005 3483 5043; x_wconf 90' lang='lat' dir='ltr'><strong>cum</strong></span> <span class='ocrx_word' id='word_1_787' title='bbox 3515 4990 3636 5043; x_wconf 88' lang='lat' dir='ltr'><strong>suis</strong></span> 
     </span>
    </p>
   </div>
   <div class='ocr_carea' id='block_1_111' title="bbox 2035 5076 3643 5149">
    <p class='ocr_par' dir='ltr' id='par_1_111' title="bbox 2035 5076 3643 5149">
     <span class='ocr_line' id='line_1_111' title="bbox 2035 5076 3643 5149; baseline 0 -18"><span class='ocrx_word' id='word_1_788' title='bbox 2035 5076 2286 5131; x_wconf 90' lang='lat' dir='ltr'><strong>diaconis</strong></span> <span class='ocrx_word' id='word_1_789' title='bbox 2307 5116 2323 5143; x_wconf 98' lang='lat'><strong>,</strong></span> <span class='ocrx_word' id='word_1_790' title='bbox 2356 5077 2523 5132; x_wconf 88' lang='lat' dir='ltr'><strong>nullis</strong></span> <span class='ocrx_word' id='word_1_791' title='bbox 2555 5077 2784 5133; x_wconf 93' lang='lat' dir='ltr'><strong>omnino</strong></span> <span class='ocrx_word' id='word_1_792' title='bbox 2817 5078 3152 5149; x_wconf 83' lang='lat' dir='ltr'><strong>presbyteris</strong></span> <span class='ocrx_word' id='word_1_793' title='bbox 3189 5078 3397 5132; x_wconf 90' lang='lat' dir='ltr'><strong>ibidem</strong></span> <span class='ocrx_word' id='word_1_794' title='bbox 3430 5079 3643 5134; x_wconf 84' lang='lat' dir='ltr'><strong>consti-</strong></span> 
     </span>
    </p>
   </div>
   <div class='ocr_carea' id='block_1_112' title="bbox 2038 5166 3632 5240">
    <p class='ocr_par' dir='ltr' id='par_1_112' title="bbox 2038 5166 3632 5240">
     <span class='ocr_line' id='line_1_112' title="bbox 2038 5166 3632 5240; baseline 0.003 -20"><span class='ocrx_word' id='word_1_795' title='bbox 2038 5169 2189 5222; x_wconf 88' lang='lat' dir='ltr'><strong>tutis.</strong></span> <span class='ocrx_word' id='word_1_796' title='bbox 2225 5166 2469 5238; x_wconf 89' lang='lat' dir='ltr'><strong>Deniquc</strong></span> <span class='ocrx_word' id='word_1_797' title='bbox 2513 5178 2722 5224; x_wconf 90' lang='lat' dir='ltr'><strong>certum</strong></span> <span class='ocrx_word' id='word_1_798' title='bbox 2757 5186 2866 5224; x_wconf 94' lang='lat' dir='ltr'><strong>non</strong></span> <span class='ocrx_word' id='word_1_799' title='bbox 2913 5180 2998 5225; x_wconf 89' lang='lat' dir='ltr'><strong>est</strong></span> <span class='ocrx_word' id='word_1_800' title='bbox 3034 5169 3149 5224; x_wconf 83' lang='lat' dir='ltr'><strong>haec</strong></span> <span class='ocrx_word' id='word_1_801' title='bbox 3182 5170 3267 5224; x_wconf 90' lang='lat' dir='ltr'><strong>vel</strong></span> <span class='ocrx_word' id='word_1_802' title='bbox 3298 5170 3366 5224; x_wconf 90' lang='lat' dir='ltr'><strong>ad</strong></span> <span class='ocrx_word' id='word_1_803' title='bbox 3414 5170 3632 5240; x_wconf 59' lang='lat' dir='ltr'><strong>episco.</strong></span> 
     </span>
    </p>
   </div>
   <div class='ocr_carea' id='block_1_113' title="bbox 2036 5260 3635 5333">
    <p class='ocr_par' dir='ltr' id='par_1_113' title="bbox 2036 5260 3635 5333">
     <span class='ocr_line' id='line_1_113' title="bbox 2036 5260 3635 5333; baseline 0.001 -19"><span class='ocrx_word' id='word_1_804' title='bbox 2036 5276 2158 5333; x_wconf 88' lang='lat' dir='ltr'><strong>pos,</strong></span> <span class='ocrx_word' id='word_1_805' title='bbox 2198 5261 2286 5315; x_wconf 88' lang='lat' dir='ltr'><strong>vel</strong></span> <span class='ocrx_word' id='word_1_806' title='bbox 2318 5260 2386 5315; x_wconf 85' lang='lat' dir='ltr'><strong>ad</strong></span> <span class='ocrx_word' id='word_1_807' title='bbox 2423 5262 2767 5333; x_wconf 88' lang='lat' dir='ltr'><strong>presbyteros</strong></span> <span class='ocrx_word' id='word_1_808' title='bbox 2799 5261 3181 5332; x_wconf 91' lang='lat' dir='ltr'><strong>Philippenses</strong></span> <span class='ocrx_word' id='word_1_809' title='bbox 3223 5263 3435 5331; x_wconf 90' lang='lat' dir='ltr'><strong>scripta</strong></span> <span class='ocrx_word' id='word_1_810' title='bbox 3468 5275 3635 5326; x_wconf 87' lang='lat' dir='ltr'><strong>esse;</strong></span> 
     </span>
    </p>
   </div>
   <div class='ocr_carea' id='block_1_114' title="bbox 2036 5353 3637 5426">
    <p class='ocr_par' dir='ltr' id='par_1_114' title="bbox 2036 5353 3637 5426">
     <span class='ocr_line' id='line_1_114' title="bbox 2036 5353 3637 5426; baseline 0.001 -19"><span class='ocrx_word' id='word_1_811' title='bbox 2036 5370 2163 5408; x_wconf 89' lang='lat' dir='ltr'><strong>nam</strong></span> <span class='ocrx_word' id='word_1_812' title='bbox 2196 5353 2491 5423; x_wconf 78' lang='lat' dir='ltr'><strong>Apostolus</strong></span> <span class='ocrx_word' id='word_1_813' title='bbox 2523 5370 2803 5425; x_wconf 88' lang='lat' dir='ltr'><strong>nunquam</strong></span> <span class='ocrx_word' id='word_1_814' title='bbox 2833 5356 2889 5411; x_wconf 90' lang='lat' dir='ltr'><strong>in</strong></span> <span class='ocrx_word' id='word_1_815' title='bbox 2917 5355 3166 5426; x_wconf 88' lang='lat' dir='ltr'><strong>epistolis</strong></span> <span class='ocrx_word' id='word_1_816' title='bbox 3196 5356 3285 5409; x_wconf 88' lang='lat' dir='ltr'><strong>vel</strong></span> <span class='ocrx_word' id='word_1_817' title='bbox 3311 5356 3637 5426; x_wconf 82' lang='lat' dir='ltr'><strong>episc0pos,</strong></span> 
     </span>
    </p>
   </div>
   <div class='ocr_carea' id='block_1_115' title="bbox 2036 5445 3637 5518">
    <p class='ocr_par' dir='ltr' id='par_1_115' title="bbox 2036 5445 3637 5518">
     <span class='ocr_line' id='line_1_115' title="bbox 2036 5445 3637 5518; baseline 0.002 -20"><span class='ocrx_word' id='word_1_818' title='bbox 2036 5445 2121 5499; x_wconf 89' lang='lat' dir='ltr'><strong>vel</strong></span> <span class='ocrx_word' id='word_1_819' title='bbox 2174 5445 2540 5515; x_wconf 90' lang='lat' dir='ltr'><strong>presbyteros,</strong></span> <span class='ocrx_word' id='word_1_820' title='bbox 2573 5447 2653 5501; x_wconf 88' lang='lat' dir='ltr'><strong>vel</strong></span> <span class='ocrx_word' id='word_1_821' title='bbox 2701 5447 2966 5504; x_wconf 89' lang='lat' dir='ltr'><strong>diaconos</strong></span> <span class='ocrx_word' id='word_1_822' title='bbox 3013 5448 3268 5504; x_wconf 80' lang='lat' dir='ltr'><strong>ﬁdelibus</strong></span> <span class='ocrx_word' id='word_1_823' title='bbox 3319 5449 3637 5518; x_wconf 78' lang='lat' dir='ltr'><strong>subjunxit,</strong></span> 
     </span>
    </p>
   </div>
   <div class='ocr_carea' id='block_1_116' title="bbox 2037 5536 3639 5613">
    <p class='ocr_par' dir='ltr' id='par_1_116' title="bbox 2037 5536 3639 5613">
     <span class='ocr_line' id='line_1_116' title="bbox 2037 5536 3639 5613; baseline 0.002 -24"><span class='ocrx_word' id='word_1_824' title='bbox 2037 5552 2320 5605; x_wconf 85' lang='lat' dir='ltr'><strong>nunquam</strong></span> <span class='ocrx_word' id='word_1_825' title='bbox 2355 5536 2424 5591; x_wconf 90' lang='lat' dir='ltr'><strong>ad</strong></span> <span class='ocrx_word' id='word_1_826' title='bbox 2451 5537 2685 5609; x_wconf 84' lang='lat' dir='ltr'><strong>alicujus</strong></span> <span class='ocrx_word' id='word_1_827' title='bbox 2708 5538 2969 5596; x_wconf 67' lang='lat' dir='ltr'><strong>Ecclesiae</strong></span> <span class='ocrx_word' id='word_1_828' title='bbox 2993 5542 3347 5613; x_wconf 84' lang='lat' dir='ltr'><strong>presbyteros</strong></span> <span class='ocrx_word' id='word_1_829' title='bbox 3380 5540 3639 5611; x_wconf 77' lang='lat' dir='ltr'><strong>scripsit,</strong></span> 
     </span>
    </p>
   </div>
   <div class='ocr_carea' id='block_1_117' title="bbox 2037 5631 3640 5705">
    <p class='ocr_par' dir='ltr' id='par_1_117' title="bbox 2037 5631 3640 5705">
     <span class='ocr_line' id='line_1_117' title="bbox 2037 5631 3640 5705; baseline 0.002 -21"><span class='ocrx_word' id='word_1_830' title='bbox 2037 5631 2183 5699; x_wconf 88' lang='lat' dir='ltr'><strong>quod</strong></span> <span class='ocrx_word' id='word_1_831' title='bbox 2206 5646 2237 5684; x_wconf 92' lang='lat' dir='ltr'><strong>a</strong></span> <span class='ocrx_word' id='word_1_832' title='bbox 2260 5631 2536 5688; x_wconf 86' lang='lat' dir='ltr'><strong>veteribus</strong></span> <span class='ocrx_word' id='word_1_833' title='bbox 2565 5634 2885 5689; x_wconf 88' lang='lat' dir='ltr'><strong>adnotatum</strong></span> <span class='ocrx_word' id='word_1_834' title='bbox 2909 5643 3013 5689; x_wconf 90' lang='lat' dir='ltr'><strong>est.</strong></span> <span class='ocrx_word' id='word_1_835' title='bbox 3048 5632 3210 5689; x_wconf 83' lang='lat' dir='ltr'><strong>Ratio</strong></span> <span class='ocrx_word' id='word_1_836' title='bbox 3242 5644 3427 5690; x_wconf 83' lang='lat' dir='ltr'><strong>autem</strong></span> <span class='ocrx_word' id='word_1_837' title='bbox 3456 5644 3640 5705; x_wconf 83' lang='lat' dir='ltr'><strong>quam</strong></span> 
     </span>
    </p>
   </div>
   <div class='ocr_carea' id='block_1_118' title="bbox 2039 5722 3645 5799">
    <p class='ocr_par' dir='ltr' id='par_1_118' title="bbox 2039 5722 3645 5799">
     <span class='ocr_line' id='line_1_118' title="bbox 2039 5722 3645 5799; baseline 0.004 -24"><span class='ocrx_word' id='word_1_838' title='bbox 2039 5722 2292 5790; x_wconf 69' lang='lat' dir='ltr'><strong>atterunt,</strong></span> <span class='ocrx_word' id='word_1_839' title='bbox 2321 5738 2419 5779; x_wconf 90' lang='lat' dir='ltr'><strong>cur</strong></span> <span class='ocrx_word' id='word_1_840' title='bbox 2445 5724 2533 5781; x_wconf 89' lang='lat' dir='ltr'><strong>hic</strong></span> <span class='ocrx_word' id='word_1_841' title='bbox 2567 5726 2632 5781; x_wconf 91' lang='lat' dir='ltr'><strong>ad</strong></span> <span class='ocrx_word' id='word_1_842' title='bbox 2659 5726 3007 5799; x_wconf 80' lang='lat' dir='ltr'><strong>presbyteros</strong></span> <span class='ocrx_word' id='word_1_843' title='bbox 3035 5734 3090 5781; x_wconf 92' lang='lat' dir='ltr'><strong>et</strong></span> <span class='ocrx_word' id='word_1_844' title='bbox 3122 5726 3390 5784; x_wconf 74' lang='lat' dir='ltr'><strong>diaconos</strong></span> <span class='ocrx_word' id='word_1_845' title='bbox 3417 5726 3645 5783; x_wconf 51' lang='lat' dir='ltr'><strong>scribe.</strong></span> 
     </span>
    </p>
   </div>
  </div>
