3800 6208
125 302 211 356 ιιι

884 305 935 361 J.
978 304 1344 363 PEARSONII
1389 305 1715 362 VINDICUE
1744 308 2169 367 lGNATlANA-Z.
2201 340 2269 353 --—
2308 311 2491 369 PARS
2526 312 2590 367 If.

3289 314 3397 371 ΗΞ

127 429 215 481 ret,
238 417 622 476 incertissima
648 431 738 479 est
765 434 816 478 et
845 424 1259 481 invalidissima.
1290 424 1348 482 S.
1382 426 1709 499 Chrysosto-
1736 443 1786 502 Α
1810 430 2169 489 doctissimus
2221 433 2380 489 ﬁnxit
2438 443 2492 490 et
2541 433 2786 489 omnium
2840 432 3051 505 primus
3104 433 3394 498 formavit;

126 529 233 567 mus
258 532 270 565 :
298 512 582 566 Ἐνταῦθα
618 515 909 587 ζητήσειεν
939 518 1003 571 ἀν
1032 532 1118 581 τις
1148 518 1404 583 εἰκότως,
1431 518 1485 571 τί
1509 518 1708 589 δήποτε

123 606 341 675 οὖδαμοῦ
374 606 458 677 τῷ
492 607 694 679 κλήρῳ
724 610 949 681 γράφων
979 610 1236 680 ἀλλαχοῦ,
1272 611 1372 664 οὐκ
1400 614 1459 664 ὲν
1497 613 1705 683 Ῥώμῃ,

124 698 210 751 οὐκ
239 700 294 751 ὲν
326 698 622 772 Κορίνθῳ,
660 701 766 753 οὐκ
811 702 871 753 ἐν
901 700 1146 771 Ἐφέσῳ,
1182 701 1317 754 ἀλλά
1370 704 1520 773 κοινῇ
1574 704 1709 756 πᾶσι

125 793 222 851 τοῖς
250 790 446 858 ἀγξοις,
482 790 518 862 ἦ
557 794 680 855 τοῖς
713 795 949 857 πιστοῖς,
984 791 1153 862 ἦτοῖς
1180 794 1581 864 ἠγαπημένοις,
1616 797 1707 849 ἐν·

126 881 278 935 ταῦθα
308 882 388 952 τῷ
434 883 641 956 κλήρῳ
692 885 894 957 γράφει
922 900 936 949 ;
970 902 988 935 ι
1020 882 1121 938 Hic
1164 884 1289 955 jure
1320 886 1446 956 quis
1476 896 1706 957 quaerat,

128 974 238 1041 quid
282 974 511 1029 demum
569 976 677 1042 sit,
708 978 855 1047 quod
891 994 1015 1033 cum
1063 995 1347 1049 nunquam
1392 979 1459 1033 ad
1498 979 1705 1033 clerum

127 1064 237 1118 alibi
281 1066 601 1136 scripserit,
637 1085 751 1124 non
796 1070 862 1125 ad
896 1068 1225 1135 Romanum,
1258 1087 1367 1125 non
1407 1072 1475 1126 ad
1516 1070 1708 1125 Corin-

126 1158 368 1223 thiacum,
401 1176 519 1215 non
566 1160 641 1216 ad
687 1160 1049 1232 Ephesinum,
1081 1164 1175 1219 sed
1224 1164 1591 1220 communiter
1638 1164 1706 1218 ad

126 1266 297 1307 omnes
322 1262 585 1317 sanctos,
614 1255 705 1309 vel
737 1254 941 1319 fideles,
960 1256 1044 1310 vel
1072 1255 1324 1322 dilectos,
1356 1254 1470 1311 haec
1496 1256 1562 1310 ad
1595 1256 1709 1309 cle-

126 1362 229 1400 rum
256 1347 484 1400 scribit?
507 1367 526 1398 ι
564 1347 701 1403 "me
740 1350 1031 1405 dillicultas
1062 1363 1167 1417 est,
1192 1366 1358 1421 quam
1408 1350 1488 1407 sic
1520 1351 1709 1405 tollere

126 1449 330 1492 conatur
357 1457 371 1491 :
397 1440 528 1493 Ὀτι
565 1441 731 1495 αὐτοὶ
762 1444 855 1496 καὶ
887 1443 1235 1507 ἀπέστειλαν,
1272 1444 1367 1496 κα.)⁸
1400 1443 1709 1517 ἐκαρποφό-

128 1543 295 1599 madv,
328 1528 422 1582 καὶ
458 1531 625 1583 αὐτοὶ
662 1530 915 1602 ἔπεμψαν
948 1532 1085 1604 πρὸς
1116 1533 1278 1586 αὑτὸν
1307 1533 1400 1587 τὸν
1438 1534 1711 1605 Ἐπαφρό-

125 1618 263 1673 διτον.
305 1638 322 1670 ι
352 1619 521 1687 Quod
576 1621 657 1675 illi
711 1623 969 1679 collectas
1014 1622 1274 1687 fecerint,
1321 1633 1375 1679 ct
1415 1625 1481 1679 ad
1528 1625 1705 1694 ipsum

128 1712 545 1781 Epaphroditum
600 1713 917 1769 miserint.»
973 1716 1044 1768 At
1092 1715 1199 1770 hoc
1247 1715 1548 1781 incertum;
1598 1715 1707 1768 into

1815 524 1969 578 nulla
2000 539 2104 579 vox
2135 532 2220 580 est
2253 525 2308 580 in
2351 525 2622 596 epistolis,
2655 541 2778 597 qua:
2806 526 2901 581 illo
2930 527 3196 596 temporis
3223 527 3397 581 inter--

1810 615 1957 669 vallo
1986 623 2114 670 nata
2146 615 2337 679 fuisse,
2360 617 2565 672 nullius
2591 618 2740 673 vocis
2764 632 2959 673 sensus
2981 617 3075 687 qui
3104 626 3234 673 tunc
3262 624 3401 673 ten.-

1816 706 1973 779 poris
2002 708 2241 777 primum
2269 710 2517 778 erupisse
2542 708 2788 776 dicatur,
2820 709 2970 763 nulla
2997 709 3254 779 loquendi
3285 709 3400 764 for-

1812 799 1965 856 mula
1995 816 2119 870 quae
2148 815 2257 856 non
2290 800 2347 854 S.
2382 800 2571 871 lgnatii
2615 811 2829 856 aetatem
2874 800 3033 856 ferat.
3079 799 3289 856 Nomen
3318 802 3401 857 ai-

1812 893 2092 964 ρεσιωτῶν
2134 892 2274 947 male
2302 893 2561 962 exagitat,
2584 893 2729 962 quod
2761 904 2941 947 tamen
2984 894 3162 948 nostri
3196 891 3391 963 lgnatii

1811 1001 1923 1041 non
1949 996 2064 1052 est;
2100 985 2293 1040 Latina
2322 1000 2430 1039 non
2468 993 2641 1055 urget,
2678 983 3004 1040 Hammondi
3043 984 3393 1055 responsioni

1811 1082 2201 1148 acquiescens;
2232 1084 2288 1133 et
2308 1078 2527 1147 quidem
2560 1078 2854 1148 sapienter.
2879 1075 3014 1131 Nam
3042 1088 3097 1131 et
3124 1075 3183 1132 S.
3213 1075 3394 1149 Chry-

1813 1180 2093 1226 sostomus
2124 1170 2179 1223 in
2209 1184 2317 1223 una
2347 1170 2577 1239 epistola
2604 1169 2691 1235 l5,
2725 1170 2778 1223 in
2810 1184 2917 1239 qua
2951 1179 3209 1239 tanquam
3253 1167 3395 1223 alter

1812 1260 2054 1332 lgnatius
2079 1259 2451 1333 μακροτέρους
2482 1260 2590 1314 τῶν
2618 1260 2835 1332 δρόμων
2861 1262 2987 1323 τοὺς
3019 1258 3267 1323 διαύλους
3299 1259 3395 1314 de-

1812 1352 2025 1417 scribit,
2058 1352 2157 1406 has
2187 1351 2460 1421 ejusmodi
2495 1365 2659 1406 voces
2688 1351 2869 1416 habet,
2896 1350 3180 1422 δρουγγὸς,
3219 1350 3393 1421 μίλια,

1810 1443 2109 1509 λεκτίκιον,
2147 1442 2414 1515 βούρδων,
2451 1442 2765 1509 κάστελλον,
2803 1442 3056 1514 βικαρία,
3090 1440 3397 1514 τριϐοὗνος,

1812 1536 1951 1608 ῥήξ,
1999 1551 2138 1606 quas
2199 1535 2342 1605 apud
2393 1535 2864 1606 elegantissimum
2919 1535 3401 1605 tersissimumque

1812 1630 2137 1698 scriptorem
2187 1642 2295 1683 non
2350 1628 2605 1699 quaesivit
2662 1626 2960 1683 Meursius.
3013 1624 3120 1681 Sed
3179 1636 3404 1681 movent

1810 1738 1935 1776 eum
1970 1741 1988 1773 ι
2022 1722 2243 1775 nomina
2271 1721 2420 1775 varie
2449 1720 2786 1789 composita;
2812 1728 2866 1773 et
2894 1718 3145 1780 mirilica,
3171 1720 3396 1790 quibus,

126 1804 284 1872 potius
311 1806 676 1858 contrarium
708 1816 917 1860 certum
948 1813 1067 1872 est;
1097 1822 1221 1861 cum
1252 1807 1539 1875 apostolus
1567 1823 1710 1876 saepe
1744 1807 1783 1859 Β
1816 1821 1875 1866 ut
1920 1812 2017 1877 ait,
2060 1811 2305 1881 epistolae
2350 1811 2417 1864 ad
2472 1806 2755 1865 fastidium
2809 1818 3042 1865 scatent.
3068 1828 3085 1861 ι
3138 1808 3401 1864 Producit

126 1906 386 1960 agnoscat,
419 1896 478 1951 in
534 1897 651 1951 hac
695 1912 757 1952 re
792 1898 1113 1953 charitatem
1149 1900 1397 1953 omnium
1452 1898 1520 1952 ad
1567 1894 1708 1968 quos

124 1987 310 2051 scribit,
336 2003 526 2058 neque
557 1988 738 2042 ullam
772 1989 913 2043 inter
944 1989 1166 2056 fratres,
1198 2006 1296 2046 seu
1322 1988 1707 2059 Philippesios,

125 2087 376 2133 eteorum
417 2079 650 2134 clerum
694 2078 1081 2145 differentiam,
1134 2080 1188 2135 in
1242 2082 1575 2136 necessariis
1609 2081 1711 2134 mi—

126 2172 400 2228 nistrandis
425 2182 526 2227 aut
554 2172 835 2226 mittendo
858 2171 1225 2242 Epaphrodito
1251 2173 1525 2229 observet.
1554 2171 1708 2226 Nulla

124 2264 378 2319 enimVero
428 2281 616 2320 causa
654 2274 743 2320 est
791 2266 923 2319 satis
953 2264 1101 2334 iusta
1142 2281 1241 2320 cur
1271 2264 1360 2320 hic
1404 2264 1709 2335 apostolum

126 2354 177 2407 ad
221 2356 427 2411 clerum
478 2356 793 2425 scripsisse
840 2356 1156 2411 necessario
1203 2365 1548 2421 statuamus,
1584 2372 1709 2411 cum

126 2445 211 2503 hoc
237 2449 303 2503 ab
332 2464 400 2504 eo
430 2464 742 2519 nunquam
792 2447 927 2503 alias
974 2447 1177 2503 factum
1231 2449 1333 2515 sit;
1372 2465 1496 2503 nam
1544 2447 1711 2503 verba

126 2538 199 2592 illa
244 2542 336 2594 σὺν
386 2541 736 2603 ἐπισκόποις
787 2541 879 2593 καὶ
926 2540 1193 2603 διακόνοις
1242 2557 1350 2595 non
1400 2541 1712 2596 necessario

124 2648 227 2686 cum
256 2636 466 2689 sanctis
511 2634 617 2704 qui
650 2642 811 2686 erant
844 2632 1110 2704 Philippis
1143 2634 1579 2705 coniunguntur,
1617 2634 1711 2690 sed

124 2746 228 2783 cum
263 2729 438 2787 Paulo
462 2742 523 2786 et
552 2730 854 2784 Timotheo
883 2732 1140 2803 conjungi
1172 2742 1423 2802 possunt.
1452 2734 1631 2803 Atque
1658 2733 1711 2787 in

123 2837 227 2877 eum
261 2825 496 2878 modum
535 2825 660 2878 haec
694 2823 857 2877 verba
886 2824 1083 2893 accipit
1118 2824 1548 2891 Ambrosiaster,
1578 2825 1714 2881 scri-

125 2926 226 2981 βίον
245 2918 376 2972 satis
413 2926 630 2970 acutus
657 2934 671 2969 :
706 2934 725 2966 σ
754 2914 857 2981 Qui
886 2926 1007 2969 sunt
1038 2915 1325 2986 Philippis,
1351 2917 1554 2986 quibus
1576 2917 1715 2972 scri-

125 3006 187 3060 hit
211 3008 530 3079 significat,
566 3025 695 3061 cum
741 3009 998 3079 episcopis
1040 3018 1089 3062 et
1132 3009 1468 3074 diaconibus,
1498 3010 1604 3064 hoc
1630 3018 1716 3064 est

125 3113 228 3152 cum
255 3098 436 3155 Paulo
473 3109 532 3154 et
564 3098 887 3165 Timotheo,
916 3100 1009 3168 qui
1042 3100 1231 3169 utique
1260 3100 1503 3169 episcOpi
1533 3108 1709 3165 erant,

126 3191 267 3245 simul
298 3203 352 3246 et
402 3191 760 3263 significavit
799 3201 852 3245 et
882 3192 1148 3247 diaconos
1194 3190 1287 3261 qui
1324 3190 1714 3246 ministrabant

125 3283 183 3336 ei.
207 3284 281 3338 Ad
309 3285 540 3355 plebem
575 3284 733 3338 enim
765 3284 978 3339 scribit.
1010 3282 1145 3338 Nam
1192 3284 1238 3339 si
1268 3284 1541 3354 episcopis
1571 3285 1712 3340 scri-

128 3374 274 3443 beret,
297 3387 351 3432 et
387 3378 503 3432 loci
547 3376 734 3447 ipsius
763 3376 1021 3446 episcopo
1049 3376 1403 3431 scribendum
1432 3385 1570 3441 erat,
1605 3390 1714 3430 non

127 3466 315 3523 duobus
339 3470 429 3523 vel
459 3468 676 3531 tribus,
698 3465 908 3521 sicutet
932 3468 1000 3522 ad
1024 3465 1202 3521 Titum
1220 3477 1273 3522 et
1296 3465 1667 3523 Timotheum.
1691 3484 1711 3521 ι

187 3559 303 3616 llaec
328 3578 467 3618 cum
503 3562 626 3616 sint
663 3569 911 3613 veterum
941 3558 1299 3613 fundamenta
1330 3560 1534 3629 quibus
1565 3576 1718 3614 com-

128 3648 428 3703 munionem
450 3648 758 3702 nominum
785 3648 1141 3716 apostolicam
1169 3657 1719 3719 superstruunt,quae

130 3740 310 3795 nullam
339 3741 589 3795 omnino
636 3738 1022 3793 certitudinem
1055 3755 1167 3808 pra:
1192 3755 1250 3794 se
1276 3739 1482 3805 ferunt,
1508 3749 1561 3794 et
1592 3756 1716 3794 cum

130 3832 223 3886 sint
247 3850 309 3888 ex
342 3834 509 3904 praxi
541 3842 601 3886 et
638 3833 1040 3886 consuetudine
1088 3830 1369 3888 inferioris
1399 3833 1578 3887 astatis
1620 3832 1720 3887 de-

129 3923 292 3992 ducta,
322 3925 394 3980 ad
433 3926 624 3995 prima
656 3921 919 3977 Ecclesia:
948 3932 1190 3992 tempora
1230 3942 1338 3979 non
1373 3926 1718 3995 pertingant;

130 4015 236 4083 quis
264 4032 373 4070 non
409 4014 569 4069 videt
602 4011 931 4066 imitationis
951 4011 1269 4080 apostolica:
1301 4012 1357 4065 in
1388 4028 1489 4066 usu
1519 4012 1719 4065 horum

130 4107 404 4161 verborum
442 4105 844 4160 necessitatem
875 4118 1102 4172 prorsus
1130 4104 1497 4158 evanescere?
1527 4111 1582 4157 et
1615 4100 1725 4170 pal-

134 4200 347 4254 marium
386 4206 793 4269 argumentum
825 4195 1039 4250 tandem
1076 4196 1129 4249 in
1163 4195 1392 4249 nihilum
1424 4204 1609 4265 aperte
1640 4210 1725 4249 re-

133 4288 257 4359 digi,
286 4291 435 4360 quod
486 4289 666 4343 etiam
700 4285 793 4339 illa
823 4286 1211 4341 communione
1256 4288 1562 4357 apostolica
1594 4302 1725 4341 con-

135 4396 267 4438 αδδεδ
302 4398 503 4439 revera
536 4381 698 4436 nulla
730 4378 781 4433 vi
813 4380 1011 4449 pollet?

723 4492 954 4548 CAPUT
996 4492 1135 4548 XIV.

140 4586 294 4643 Nulla
336 4587 605 4644 vocabula
650 4587 936 4640 ostendunt
967 4588 1105 4649 hunc
1137 4588 1448 4656 scriplorem
1479 4586 1572 4639 diu
1608 4594 1729 4653 post

197 4660 473 4726 Ignatium
492 4660 717 4713 vixisse.
748 4656 908 4711 Voces
932 4658 1234 4723 composita:
1254 4661 1604 4726 imposturam
1629 4672 1731 4708 non

196 4725 355 4785 olent.
411 4729 686 4795 Exempla
733 4743 797 4781 ex
853 4727 1001 4781 Novo
1049 4728 1419 4791 Testamento,
1467 4725 1732 4781 Clemente

200 4801 457 4866 Romano,
479 4801 762 4855 Cicerone.
795 4797 1021 4853 Poeticae
1046 4816 1152 4852 non
1184 4809 1329 4853 sunt.
1354 4796 1415 4851 Si
1445 4812 1733 4868 quierant:

200 4876 301 4925 sint
333 4884 425 4926 aut
446 4865 642 4933 rnovw,
675 4869 870 4939 optime
902 4868 1118 4939 lgnatio
1148 4865 1484 4939 conveniunt.
1530 4865 1733 4920 Nume-

202 4960 289 4995 rus
340 4958 534 4996 eorum
586 4940 655 4993 ab
708 4938 905 5004 ἄξιος,
942 4938 1190 5006 exemplo
1246 4938 1650 5006 Xenophontis,
1703 4954 1736 4989 a

204 5012 355 5094 φέρω
384 5012 671 5094 communi
696 5012 1059 5094 o'ntniuin‘usu
1085 5009 1409 5094 defenditur.
1446 5008 1737 5087 Verborum

205 5077 544 5138 immodestia
581 5079 869 5149 refellitur.
908 5077 1224 5149 Conjectura
1252 5082 1315 5132 de
1345 5080 1528 5147 ﬁctore
1564 5077 1739 5145 rejici-

207 5165 308 5206 tur.
346 5154 646 5221 Usurpatio
678 5166 861 5203 eorum
893 5151 1098 5219 φύσις,
1126 5161 1176 5203 et
1211 5149 1381 5221 ᾄδειν
1409 5149 1735 5217 defenditur.

210 5225 434 5281 Pltrases
460 5220 671 5293 aliqua?
700 5223 1035 5290 explicantur
1056 5238 1119 5274 ac
1144 5220 1519 5290 defenduntur.

212 5320 394 5389 Capite
426 5319 500 5372 27
535 5315 716 5371 multa
764 5315 871 5369 alia
914 5315 1063 5369 hunc
1112 5315 1437 5383 scriptorem
1468 5313 1737 5367 vocabula

152 5410 235 5466 diu
263 5422 377 5482 post
405 5412 692 5483 lgnatium
736 5408 943 5464 vixisse
973 5408 1173 5463 docere
1201 5422 1361 5477 posse
1396 5406 1695 5460 arbitratur
1720 5422 1736 5471 ;

152 5517 241 5573 ego
268 5523 392 5562 vero
419 5502 795 5561 asserendum
833 5516 955 5556 esse
995 5516 1104 5554 non
1135 5500 1327 5554 dubito
1358 5499 1413 5552 in
1453 5496 1742 5567 scriptoris

157 5609 391 5655 sermone
434 5598 583 5655 nihil
637 5594 869 5650 omnino
918 5592 1210 5659 contineri,
1251 5591 1398 5662 quod
1432 5604 1550 5645 aevo
1581 5587 1741 5660 lgna-

158 5692 291 5748 tiano
348 5696 538 5751 minus
595 5704 765 5761 quam
816 5686 1126 5744 Eusebiano
1174 5692 1467 5758 congruat.
1514 5682 1741 5739 Ducenti

162 5786 270 5842 anni
297 5796 425 5844 sunt
452 5803 483 5842 a
521 5785 582 5840 S.
618 5779 829 5854 lgnatio
853 5779 919 5836 ad
944 5779 1265 5851 scriptorem
1296 5792 1445 5848 cum,
1470 5790 1634 5849 quem
1658 5774 1743 5831 vir

1811 1904 1997 1974 itaque
2019 1904 2443 1973 quamplurima,
2467 1901 2781 1973 colligitque
2800 1910 3064 1971 tanquam
3097 1900 3265 1972 ἐσμὸν
3284 1900 3404 1956 ἀτό-

1812 2012 1929 2049 πων
1978 1996 2072 2049 καὶ
2115 1994 2456 2067 διαστρόφων
2500 1994 2799 2064 ὀνομάτων,
2839 2001 2934 2047 aut
2977 1992 3231 2046 τοσοῦτον
3274 1993 3402 2065 βόρ-

1812 2088 1971 2159 6ορον
2005 2086 2381 2157 συνερανίσας,
2424 2094 2483 2139 ut
2510 2084 2755 2154 loquitur
2779 2082 3078 2138 Lucianus.
3115 2081 3187 2137 Ut
3213 2094 3397 2138 autem

1812 2178 2073 2248 epistolas
2106 2178 2192 2231 his
2236 2186 2451 2232 scatere
2481 2176 2753 2242 ostendat,
2787 2175 2957 2230 multa
2989 2176 3399 2245 interpolatoris

1812 2281 1908 2326 aut
1956 2270 2165 2327 lictoris
2217 2269 2483 2325 vocabula
2533 2269 2601 2322 iis
2647 2284 2772 2339 quae
2821 2269 2892 2322 ab
2933 2275 3159 2321 auctore
3206 2276 3400 2322 nostro

1813 2373 2078 2434 usurpata
2102 2372 2250 2427 sunt,
2278 2362 2575 2429 admiscet;
2602 2362 2785 2431 qualia
2828 2368 2992 2416 sunt:
3014 2359 3398 2429 πνευματοφό-

1816 2474 1928 2528 ρος,
1980 2454 2496 2525 ἀξιομνημόνευτος,
2549 2452 2945 2516 ἀξιεπαίνετος,
2983 2449 3399 2522 χριστόληπτος,

1813 2548 2259 2620 ἀνθρωπομίμος,
2309 2544 2843 2617 χρηματολαίλαπες,
2876 2553 2931 2598 et
2974 2552 3164 2612 postea
3198 2557 3398 2595 κακεν-

1813 2640 2032 2714 τρεχὴς,
2082 2638 2651 2713 μεγαλορῤημοσύναι.
2699 2635 2840 2703 Quid
2902 2635 3046 2706 quod
3097 2632 3402 2704 ἀνυστέρη-

1812 2752 1905 2799 τος
1940 2735 2082 2789 inter
2111 2749 2275 2790 voces
2318 2733 2546 2787 mirifice
2589 2730 2925 2800 compositas
2973 2736 3317 2785 numeretur.
3347 2735 3403 2781 ει

1816 2827 1957 2881 inter
1976 2826 2195 2881 nomina
2223 2824 2564 2881 substantiva
2597 2819 2926 2892 ἀκαυχησία,
2948 2834 3069 2890 quae
3093 2818 3229 2873 nihil
3260 2818 3405 2875 aliud

1816 2919 2019 2974 habent
2049 2934 2215 2989 quam
2240 2920 2275 2973 ἀ
2314 2916 2629 2989 στερητικὸν
2656 2916 2975 2985 prazlixum;
3006 2926 3129 2965 cum
3166 2910 3219 2963 in
3254 2908 3406 2964 Novo

1816 3010 2169 3068 Testamento
2206 3011 2393 3066 eadem
2426 3010 2692 3081 particula
2722 3007 2949 3062 vocibus
2980 3004 3202 3059 aliunde
3232 3003 3396 3058 etiam

1817 3114 1871 3159 et
1904 3106 2054 3175 prius
2082 3104 2403 3174 compositis
2432 3102 2739 3173 stepissime
2767 3100 3021 3164 addatur,
3052 3097 3243 3168 quales
3274 3104 3405 3149 sunt

1816 3194 2266 3265 ἀγενεαλόγητος,
2288 3192 2632 3265 ἀδιαφθορία,
2658 3188 3061 3253 ἀκαταστασία,
3086 3186 3408 3255 ἀκατάγνω-

1818 3302 1973 3347 στος,
2024 3283 2425 3355 ἀμετανόητος,
2488 3282 2914 3352 ἀνεκδιήγητος,
2968 3278 3407 3351 ἀνεξιχνίαστος,

1818 3374 2258 3449 ἀνεξερεύνητος,
2290 3372 2823 3444 ἀπροσωπολήπτης,
2861 3373 3090 3442 aliaeque
3116 3370 3406 3441 quamplu-

1818 3466 2009 3523 rimas?
2040 3466 2183 3533 Quin
2224 3474 2279 3520 et
2325 3465 2467 3520 inter
2496 3465 2611 3520 btec
2646 3462 3003 3534 βεδαιοσύνην
3044 3462 3222 3517 attulit
3247 3462 3408 3531 quasi

1820 3559 2029 3631 grande
2067 3557 2414 3625 vocabulum,
2449 3556 2594 3628 quod
2635 3556 2882 3626 ejusdem
2926 3554 3119 3609 formae
3159 3563 3245 3609 cst
3279 3569 3405 3608 cum

1822 3652 2108 3707 tritissima
2161 3664 2297 3705 voce
2347 3648 2696 3719 δικαιοσύνη,
2744 3662 2922 3717 neque
2976 3647 3151 3717 magis
3202 3646 3410 3715 grande

1822 3758 1987 3812 quam
2017 3741 2148 3796 illud
2179 3756 2209 3794 a
2245 3740 2303 3794 S.
2334 3739 2506 3794 Paulo
2538 3753 2645 3792 non
2682 3738 2849 3792 semel
2886 3745 3233 3806 usurpatum,
3266 3736 3406 3804 ἀγα-

1824 3834 2061 3905 θωσύνη.
2112 3832 2208 3888 His
2257 3833 2421 3904 igitur
2462 3829 2754 3900 expunctis
2800 3843 3061 3883 numerus
3105 3827 3409 3895 decrescit,

1826 3930 2034 3999 reliqua
2076 3943 2209 3983 sane
2240 3936 2301 3980 ut
2333 3925 2485 3979 varie
2519 3923 2826 3992 composita
2857 3921 2985 3985 sint,
3016 3934 3126 3973 non
3163 3929 3293 3973 sunt
3322 3926 3409 3972 ta-

1826 4039 1949 4078 men
1979 4022 2114 4077 adeo
2146 4020 2400 4074 mirifica.
2438 4015 2573 4083 Quis
2602 4016 2747 4069 enim
2779 4028 3022 4083 unquam
3056 4010 3414 4081 compositio-

1826 4133 1923 4171 nes
1958 4117 2012 4169 in
2047 4114 2234 4169 Graeca
2268 4111 2452 4183 lingua
2485 4110 2717 4164 miratus
2748 4115 2852 4172 est,
2884 4121 3048 4176 quam
3085 4119 3279 4158 onmes
3309 4118 3412 4157 noo-

1828 4211 1957 4257 runt
1979 4202 2205 4257 vocibus
2235 4199 2557 4269 compositis
2577 4197 2814 4251 maxime
2842 4193 3158 4249 abundare?
3177 4193 3419 4263 Indeque

1827 4310 1949 4349 eam
1980 4292 2253 4364 praecipue
2283 4292 2522 4362 linguam
2547 4291 2617 4345 ob
2647 4296 3015 4353 venustatem,
3055 4285 3417 4356 elegantiam,

1831 4399 1885 4443 et
1922 4387 2296 4442 felicissimam
2341 4385 2635 4439 verborum
2677 4382 2893 4451 copiam
2936 4378 3217 4448 prmdicari
3250 4392 3421 4432 nemo

1763 4506 1807 4561 υ
1834 4480 2065 4551 ignorat.
2101 4478 2221 4548 Ipse
2258 4477 2451 4532 Cicero
2499 4474 2895 4545 elegantiarum
2943 4470 3185 4539 optimus
3220 4469 3423 4538 judex,

1832 4582 1887 4627 et
1916 4573 1971 4626 in
1999 4571 2148 4627 omni
2180 4569 2437 4640 loquendi
2480 4583 2679 4639 genere
2712 4566 2871 4622 facile
2921 4567 3149 4637 primus,
3179 4580 3303 4619 cum
3348 4566 3427 4621 ad.

1831 4662 2075 4716 Atticum
2112 4660 2394 4723 scriberet,
2428 4659 2521 4727 qui
2555 4657 2741 4712 Graeca
2770 4657 3019 4712 doctrina
3052 4656 3290 4711 maxime
3323 4656 3421 4710 de-

1835 4755 2160 4819 lectabatur,
2200 4767 2267 4808 ex
2302 4767 2366 4806 ea
2410 4751 2597 4821 lingua
2629 4750 2729 4805 has
2763 4754 2925 4805 voces
2974 4748 3185 4819 selegit,
3217 4750 3435 4819 quibus.

1836 4848 2097 4919 epistolas
2135 4861 2266 4901 suas
2296 4851 2613 4907 exornaret,
2642 4850 2697 4897 et
2730 4842 2850 4895 viro
2895 4842 3136 4897 maximo
3173 4840 3429 4907 gratissi-

1838 4956 1959 4995 mas
2008 4937 2271 5007 ediceret,
2327 4934 2640 5001 ὀξύπεινος,
2693 4935 3000 5006 καχέκτης,
3049 4932 3425 5011 ἀδικαίαρχοι,

1840 5031 2224 5105 ήμερόλεγδον,
2277 5027 2595 5101 νομανδρία,
2646 5026 3178 5098 ὑπομεμψιμοιρους,
3228 5022 3432 5074 νεόκτι-

1842 5144 1967 5190 στα,
1993 5124 2395 5196 ψευδησιόδειον
2418 5161 2433 5186 ,
2484 5121 2988 5193 φαινοπροσωπεῖν,
3034 5114 3428 5183 πειθαναγκην,

1840 5216 2254 5288 ἀνηθοποίητον,
2290 5213 2642 5278 κοιλιολυσια,
2677 5208 3127 5284 ἀπεραντολογία,
3162 5204 3431 5274 ἀνεμοφό-

1845 5327 2003 5382 ρητα,
2032 5305 2491 5378 ἀναντιφωνησία,
2527 5303 2907 5377 ρωπογραφία,
2942 5293 3343 5366 πεπλογραφία,
3376 5302 3432 5348 et

1842 5406 1911 5459 ad
1939 5404 2201 5471 Quintum
2230 5404 2478 5467 fratrem,
2514 5396 2985 5469 μουσοπάτακτος,
3021 5388 3323 5442 ἀντίεκτον.

1916 5494 2167 5567 Optimus
2218 5491 2599 5548 llammondus
2644 5488 2950 5542 adduxerat
2998 5499 3065 5539 ex
3118 5479 3219 5536 SS.
3260 5478 3433 5545 Luce,

1843 5588 2037 5651 Paulo,
2069 5584 2233 5641 Petro
2274 5594 2328 5640 et
2367 5581 2583 5637 Joanne
2612 5594 2779 5634 voces
2824 5593 2935 5633 non
2988 5575 3171 5630 minus
3199 5572 3347 5628 varie
3378 5580 3431 5627 tt

1844 5680 2076 5735 miriﬁce
2108 5674 2477 5746 compositas;
2510 5673 2605 5731 sed
2638 5671 2932 5742 respondet
2956 5667 3435 5724 Dallaeuseascsse

1847 5768 2237 5845 paucissimas.
2263 5766 2423 5825 Certe
2448 5764 2773 5845 .Blondcllus
2798 5763 2869 5820 Ἦ
2901 5762 3233 5831 adduxerat,
3265 5757 3444 5815 llam-
