3768 6296
384 289 490 342 Ηῦ

1377 289 1435 344 S.
1481 288 1835 347 IGNATIUS.
1876 322 1941 334 —
1974 291 2507 348 PROLECOMENA.

3535 292 3632 346 Nl

384 408 622 464 mundus
660 406 724 461 lO
753 416 986 474 tantum,
1022 406 1115 463 sed
1148 400 1383 476 addidit,
1414 420 1522 465 etc.
1543 451 1558 476 ,
1595 412 1742 481 quod
1774 412 1961 482 plures
1988 421 2037 474 Α
2064 413 2275 468 ratione
2309 412 2594 468 asseritur.
2635 408 2713 466 Nc
2746 426 2855 465 una
2890 409 3243 481 quidem-vos
3274 422 3302 461 a
3341 406 3545 461 Dallaeo
3573 425 3635 463 ex

381 498 629 568 ejusdem
664 501 953 555 commatis
1008 501 1063 554 in
1121 498 1272 555 Novo
1331 503 1682 559 Testamento
1738 504 1960 559 cuilibet

382 592 557 646 obviae
588 601 789 647 essent.
817 590 1083 657 Quoniam
1120 607 1249 648 vero
1288 594 1356 647 de
1400 594 1672 664 paucitate
1719 610 1961 665 conque-

384 683 564 749 ritur;
596 684 679 739 ha:
706 684 867 738 etiam
900 700 1065 739 voces
1094 685 1162 738 ad
1198 687 1479 741 cumulum
1513 687 1793 753 accedant,
1824 688 1959 757 ἀγα-

386 775 616 840 θοποιία,
645 777 1064 847 αἱματεκχυσία,
1101 778 1533 849 ἀλεκτοροφωνία
1552 819 1566 843 ,
1594 778 1959 849 ἀλλοτριοεπξ-

385 884 605 931 σκοπος,
645 868 1113 940 ἀνθρωποκτόνος,
1147 870 1576 943 ἀποκαραδοκία,
1614 870 1959 940 ἀποσυνάγω-

380 975 494 1027 γος,
523 960 917 1032 ἀργυροκόπος,
948 962 1350 1033 ἁρσενοκοίτης,
1376 962 1698 1028 δεξιολάϐος,
1720 961 1960 1033 δεύτερό-

381 1068 620 1122 πρωτος,
655 1053 1037 1124 δικαιοκρισία,
1074 1054 1523 1125 ἐθελοθρησκεία,
1548 1054 1956 1125 εὐπερίστατος,

378 1141 738 1207 καλλιέλαιος,
773 1143 1101 1213 κωμόπολις,
1141 1143 1445 1213 μογιλάλος,
1471 1142 1814 1212 οἰνοφλυγία,
1853 1144 1960 1196 ὁλοα

380 1234 579 1304 κληρία
597 1273 611 1295 ,
649 1234 992 1306 σητόϐρωτος
1016 1276 1029 1299 ,
1061 1236 1519 1307 σκωληκόϐρωτος
1539 1276 1552 1299 ,
1585 1236 1955 1307 τροποφορέω,

380 1327 755 1396 φρεναπάτης,
792 1327 1293 1398 ὑπερεκπερισσῶς,
1327 1326 1708 1397 ψευδάδελφος,
1746 1345 1957 1400 καρπο-

382 1414 547 1486 φόρος
565 1456 580 1481 ,
607 1417 1125 1488 καρποφορούμενον
1145 1458 1159 1482 ,
1191 1418 1564 1489 θανατηφόρος
1583 1459 1597 1483 ,
1632 1418 1748 1474 Jac.
1782 1436 1876 1487 ιιι,
1901 1420 1954 1487 8,

382 1504 570 1574 (quam
596 1522 785 1561 vocem
820 1508 873 1560 in
921 1508 1127 1578 lgnatio
1164 1520 1355 1563 nostro
1383 1525 1523 1579 aegre
1570 1510 1675 1564 fert
1707 1510 1959 1566 Blondel-

380 1595 488 1666 ius)
522 1598 964 1670 παραδιατριϐαί,
984 1600 1065 1654 vel
1085 1600 1531 1671 διαπαρατριὸαί,
1554 1610 1788 1672 utroque
1812 1604 1956 1657 enim

377 1688 544 1741 modo
578 1689 776 1758 legitur
810 1690 829 1743 l
868 1690 1008 1744 Tim.
1047 1707 1120 1757 vt,
1154 1692 1208 1755 5,
1238 1708 1361 1746 cum
1395 1691 1663 1764 διατριϐή,
1701 1703 1753 1748 et
1783 1711 1958 1768 παρα-

2064 504 2274 574 lgnatio
2306 514 2494 559 nostro
2534 503 2797 568 adducta,
2831 502 2973 572 apud
3002 502 3171 556 ullum
3192 543 3207 567 ,
3240 501 3465 570 opinor,
3496 511 3635 553 vete—

2060 611 2175 651 rem
2216 605 2430 665 poctam
2458 602 2667 660 exstat;
2718 594 2829 648 imo
2867 609 2931 647 ex
2970 592 3037 647 iis
3071 594 3342 662 pleraeque
3383 592 3458 645 ita
3514 603 3638 646 sunt

2060 686 2403 757 compositae,
2445 696 2506 741 ut
2546 702 2576 740 a
2617 687 2764 756 poesi
2808 686 2968 756 plane
3016 686 3369 739 abhorreant.
3409 684 3639 749 ’Δξιονό-

2064 795 2299 849 μαστος,
2353 778 2627 843 ἀξιόθεος,
2684 777 3177 848 ἀξιομακάριστος,
3236 774 3635 847 θεομακάριος,

2061 869 2647 940 θεομακαριστότατος,
2676 868 2980 939 ἁγιοφόρος,
3014 867 3452 932 ἀξιεπίτευκτος,
3483 866 3637 919 πολυ-

2059 961 2341 1032 αγάπητος
2374 970 2429 1015 et
2461 960 2658 1014 similia
2695 959 2836 1029 apud
2874 974 3035 1029 quem
3080 968 3295 1029 poetam
3358 960 3637 1029 reperien-

2061 1052 2187 1105 tur?
2227 1049 2404 1105 Poetaa
2431 1050 2576 1104 enim
2628 1050 2681 1103 in
2713 1049 3204 1118 compositionibus
3244 1050 3502 1104 brevium
3534 1049 3638 1121 syl-

2059 1143 2307 1197 labarum
2341 1142 2543 1197 coitum
2571 1142 2797 1207 evitant,
2834 1142 3077 1210 adeoque
3103 1142 3294 1196 breves
3344 1141 3401 1195 in
3441 1142 3635 1211 longas

2059 1243 2293 1288 mutant.
2329 1232 2601 1287 Caeterum
2636 1232 2689 1286 in
2727 1230 2878 1286 Novo
2916 1231 3266 1288 Testamento
3296 1248 3411 1286 non
3438 1233 3635 1287 desunt

2057 1324 2322 1378 vocabula
2376 1323 2602 1393 poeticae
2652 1323 2901 1393 originis.
2957 1322 3015 1377 S.
3059 1322 3256 1378 Petrus
3296 1322 3367 1377 de
3400 1339 3543 1377 cane
3574 1326 3634 1377 ad

2057 1415 2322 1470 vomitum
2347 1416 2608 1470 redeunte
2642 1414 2876 1483 loquens
2908 1428 3032 1467 cum
3060 1413 3249 1484 ἔμετον
3272 1428 3341 1467 ex
3376 1412 3525 1465 LXX
3560 1415 3635 1467 di-

2058 1522 2181 1561 cere
2213 1508 2472 1576 potuerit,
2496 1505 2632 1560 dixit
2661 1504 2922 1576 ἐξέραμα,
2959 1503 3104 1575 quod
3131 1520 3198 1557 ex
3233 1504 3514 1558 versiculo
3544 1505 3633 1557 ali-

2058 1616 2167 1670 quo
2184 1600 2514 1668 partemiaco
2535 1598 2785 1653 hausisse
2800 1599 3032 1660 videtur,
3059 1605 3117 1651 ut
3146 1605 3200 1651 et
3226 1597 3358 1649 illud
3396 1596 3639 1666 κύλισμα

2062 1689 2344 1763 βορϐόρου.
2378 1688 2518 1743 Idem
2539 1685 2993 1758 ὲγκομϐὡσασθαι
3019 1686 3191 1752 dixit;
3231 1686 3380 1756 quod
3408 1686 3642 1741 verbum.

377 1775 538 1849 τριϐή
574 1753 775 1834 Graecis
803 1781 937 1835 satis
965 1753 1263 1849 nomvsint,
1300 1753 1696 1856 παραδιατριέή
1726 1784 1808 1838 vel
1840 1753 1931 1838 διαι

2057 1753 2200 1851 apud
2228 1753 2432 1850 'poetas
2479 1753 2826 1835 solummodo
2876 1780 3118 1833 invenire
3169 1753 3347 1847 potuit
3383 1777 3643 1843 Photius,

379 1869 691 1941 παρατριὸή
727 1886 835 1924 ιιοιι
868 1871 1017 1925 item.
1045 1873 1481 1945 Διαπαρατριόαί
1510 1884 1691 1929 autem
1717 1877 1954 1947 antiqui-

379 1966 467 2011 tus
485 1961 748 2028 scriptum
783 1960 950 2015 fuisse
970 1977 1076 2016 non
1111 1972 1320 2017 tantum
1344 1965 1514 2019 codex
1544 1967 1951 2023 vetustissimus

374 2054 803 2119 Alexandrinus,
839 2064 894 2109 et
925 2054 1238 2125 Stephanici
1272 2073 1494 2127 omnes,
1528 2070 1580 2115 et
1622 2061 1950 2133 Cbrysosto-

374 2145 451 2198 mi
480 2154 532 2199 ct
563 2145 893 2202 Theodoreti
928 2149 1198 2206 editiones
1225 2152 1506 2215 evincunt,
1535 2155 1629 2208 sed
1667 2155 1831 2208 etiam
1859 2170 1953 2209 ex-

373 2237 676 2305 positiones
707 2239 826 2308 ejus
856 2241 1009 2296 voris
1067 2259 1189 2312 qua:
1242 2260 1387 2300 nunc
1437 2246 1579 2314 apud
1621 2245 1948 2318 Hesychium

373 2336 611 2393 exstant,
643 2339 696 2383 et
729 2330 974 2385 Snidam.
1010 2330 1313 2404 Hesychius
1336 2353 1348 2387 :
1375 2336 1809 2407 Διαπεριτριϐαί,
1838 2338 1952 2408 lege

374 2431 437 2469 ex
469 2416 773 2471 litterarum
804 2421 965 2482 serie,
985 2423 1436 2494 Διαπαρατριὸαὶ,
1470 2425 1952 2496 ὲνδελεχισμοὶ,ὲν-

372 2505 653 2577 δελέχειαι.
674 2507 874 2564 Snidas
895 2529 907 2564 :
929 2512 1383 2585 Διαπαρατριϐαὶ,
1407 2514 1749 2586 ὲνδελέχειαι.
1766 2517 1953 2570 ΑΙίιιιι-

372 2598 442 2652 de
479 2610 659 2654 autem
694 2601 768 2655 illi
803 2617 911 2656 non
944 2603 1255 2659 habuerunt
1285 2621 1449 2675 quam
1484 2622 1549 2661 ex
1584 2608 1688 2662 hoc
1734 2608 1853 2662 loco
1888 2608 1945 2663 S.

371 2688 550 2746 Pauli.
588 2692 727 2757 Quid
748 2695 891 2763 quod
908 2693 1282 2751 Andronicum
1309 2707 1363 2752 et
1392 2697 1615 2753 Junium
1651 2709 1802 2755 vocet
1826 2718 1950 2752 συν-

373 2781 753 2854 αιχμαλώτους
792 2800 961 2850 suos,
1011 2800 1134 2839 cum
1184 2786 1301 2855 ipse
1350 2796 1553 2853 tamen,
1606 2797 1665 2843 ut
1699 2789 1951 2844 observat

372 2874 824 2946 Chrysostomns,
854 2876 1196 2947 αἰχμάλωτος
1229 2893 1334 2931 non
1371 2877 1569 2933 fuerit?
1598 2878 1651 2932 Si
1676 2880 1757 2934 ha:
1786 2896 1948 2936 voces

372 2967 528 3023 varie
578 2970 897 3040 composita).
930 2971 1037 3026 illis
1070 2972 1338 3026 addantur
1383 2989 1521 3042 quas
1550 2973 1945 3041 Hammondius,

374 3068 469 3115 aut
505 3076 605 3115 nos
641 3070 767 3117 ante
794 3064 1229 3128 numeravimus,
1258 3079 1443 3133 paucae
1470 3082 1578 3120 non
1614 3074 1803 3134 erunt;
1836 3067 1947 3120 imo

345 3152 795 3221 'quamplurimze
855 3164 1061 3220 essent,
1093 3157 1139 3211 si
1164 3172 1354 3212 omnes
1387 3174 1452 3212 ex
1490 3158 1710 3226 scriptis
1729 3168 1947 3228 aposto—

373 3244 494 3300 licis
527 3256 966 3316 ettcerpcrentur.
1005 3248 1199 3303 Mirum
1234 3250 1401 3318 igitur
1426 3251 1593 3305 vidcri
1626 3267 1733 3306 non
1766 3252 1943 3318 debet,

374 3334 421 3388 si
452 3334 557 3388 viri
588 3336 873 3405 apostolici
900 3346 996 3391 aut
1032 3338 1223 3394 iisdem
1249 3349 1342 3393 aut
1366 3340 1637 3395 similibus
1669 3341 1944 3410 composi—

374 3423 617 3480 tionibus
663 3436 980 3496 uterentur;
1019 3431 1318 3499 praesertim
1351 3447 1474 3485 cum
1509 3430 1709 3487 Graecae
1746 3434 1946 3504 linguae

373 3516 508 3572 adeo
529 3528 712 3572 essent
744 3518 1044 3575 familiares
1075 3530 1169 3575 aut
1197 3522 1397 3577 eadem
1427 3532 1521 3577 aut
1548 3524 1754 3580 similes
1798 3542 1946 3581 com-

372 3609 690 3676 positiones.
722 3609 888 3665 Unica
922 3613 1010 3666 illa
1042 3612 1337 3667 Clementis
1356 3612 1587 3669 Romani
1616 3616 1867 3685 epistola,
1887 3625 1946 3670 ut

372 3715 520 3754 nunc
557 3710 754 3768 exstat,
803 3703 849 3757 si
901 3704 1017 3758 loca
1050 3720 1115 3758 ex
1154 3702 1453 3773 Scripturis
1496 3717 1750 3777 excerpta
1783 3723 1945 3777 sepo-

374 3810 494 3860 nas,
520 3797 807 3864 epistolico
846 3812 1008 3865 opere
1040 3797 1232 3868 lgnatii
1271 3800 1443 3854 multo
1472 3800 1706 3867 brevior,
1743 3801 1944 3857 talibus

373 3888 866 3955 compositionibus
897 3890 1070 3961 magis
1104 3900 1295 3945 scatet.
1334 3891 1532 3956 Quales
1570 3902 1737 3946 sunt:
1780 3893 1942 3960 Ἀγα-

375 3977 608 4042 θοποιὶα,
641 3980 1027 4053 ἁγιοπρεπείς,
1068 3981 1487 4050 ἁδελφοκτονία,
1522 3983 1941 4054 ἀμϐλυωπῆσαι,

372 4068 875 4141 ἀναζωπυρησὰτω,
900 4072 1274 4143 ἁξιαγαπητός
1297 4076 1479 4143 (quam
1512 4089 1697 4129 vocem
1721 4077 1772 4129 in
1792 4075 1946 4146 lgna-

373 4162 448 4219 lio
472 4162 750 4231 culpant),
781 4164 1164 4235 ἀντοφθαλμεῖ,
1193 4166 1577 4236 ἀπροσκόπως,
1615 4166 1941 4238 ἀπροσωπο⁸

368 4253 608 4325 λήπτως,
634 4256 1038 4321 αύτεπαίνετος,
1062 4257 1505 4329 αύτομολοῦντες,
1534 4257 1939 4329 δικαιοπραγία,

368 4344 886 4419 δωδεκάσκηπτρον,
921 4349 1364 4421 ὲργοπαρὲκτης,
1402 4348 1777 4421 ἑτεροκλινεῖς,
1826 4352 1942 4403 ἑτε-

2053 1872 2439 1943 Epicharmum
2497 1872 2706 1927 scilicet
2758 1880 2812 1925 et
2858 1871 3245 1940 Apollodorum
3294 1870 3629 1941 Carystium.

2053 1965 2195 2031 Quid
2226 1974 2409 2019 autem
2442 1963 2531 2017 ille
2552 1964 2618 2017 de
2644 1962 2701 2017 S.
2732 1961 2897 2017 Petro
2926 1960 3272 2030 judicaverit,
3292 1961 3460 2015 velim
3487 1961 3633 2014 intel-

2052 2056 2222 2127 ligant
2264 2055 2342 2109 illi
2381 2054 2474 2124 qui
2516 2051 2785 2124 lgnatium
2831 2061 3076 2106 nostrum
3110 2052 3246 2105 adeo
3294 2066 3495 2106 severe
3526 2061 3631 2104 tra—

2052 2155 2236 2203 ctant:
2268 2147 2325 2200 '0
2360 2147 2458 2217 μὲν
2490 2145 2600 2217 γὰρ
2640 2144 2907 2215 μακάριος
2935 2144 3028 2196 καὶ
3061 2145 3358 2214 κορυφαῖος
3402 2143 3629 2215 Πέτρος,

2051 2240 2199 2292 οὐδὲν
2244 2237 2372 2310 περὶ
2410 2236 2506 2308 τὴν
2543 2234 2771 2306 ἐκλογὴν
2824 2233 2931 2287 τῶν
2981 2234 3304 2305 Ἑλληνικῶν
3350 2235 3630 2303 ὀνομάτων

2053 2328 2384 2393 σπουδάζων,
2417 2328 2617 2397 ταύτην
2659 2330 2771 2389 τοῖς
2798 2324 2992 2379 ἑαυτοῦ
3027 2326 3331 2396 παρείληφε
3372 2326 3631 2397 γράμμα-

2054 2437 2155 2473 σιν’
2193 2420 2252 2472 ού
2294 2418 2403 2491 γὰρ
2442 2417 2557 2489 ἠχώ
2597 2435 2719 2470 τινα
2747 2418 2840 2470 καὶ
2860 2415 3052 2487 τέχνην
3085 2415 3368 2488 ῥημάτων,
3396 2416 3523 2470 οὐδὲ
3551 2417 3629 2469 λε-

2053 2509 2229 2576 ξιδίων
2270 2510 2439 2581 ψόφον
2488 2510 2581 2563 καὶ
2625 2510 2894 2563 κτύπον...
2935 2507 3072 2561 ἀλλὰ
3121 2507 3307 2577 ψυχῶν
3358 2511 3633 2579 σωτηρίας

2049 2606 2161 2665 τοῖς
2207 2602 2499 2673 ἀκροαταῖς
2533 2599 2762 2653 ἐνθεῖναι
2805 2597 3059 2670 φροντίδα
3103 2597 3328 2651 ἐτίθετο.
3373 2617 3393 2649 ι
3432 2598 3625 2654 Beatus

2049 2696 2195 2749 enim
2230 2704 2284 2748 et
2320 2692 2641 2763 coryphaeus
2684 2690 2897 2757 Petrus,
2953 2691 3167 2744 nullum
3213 2692 3271 2745 in
3307 2690 3625 2747 Graecorum

2050 2788 2335 2841 nominum
2376 2785 2642 2840 electione
2696 2783 2939 2838 studium
2983 2798 3211 2853 ponens,
3267 2784 3412 2839 hanc
3437 2798 3621 2839 vocem

2050 2876 2501 2950 ἐγκομϐώσασθαι
2519 2875 2635 2931 suis
2659 2878 2874 2945 scriptis
2897 2874 3145 2929 inseruit.
3177 2871 3295 2929 Non
3320 2876 3472 2930 enim
3492 2876 3624 2931 echo

2051 2978 2145 3024 aut
2173 2969 2465 3024 artiﬁcium
2496 2968 2812 3033 verborum,
2846 2981 3022 3037 neque
3056 2966 3455 3021 vocabulorum
3482 2968 3625 3022 soni-

2051 3074 2198 3123 tum,
2250 3058 2343 3113 sed
2391 3059 2694 3113 animarum
2742 3057 2973 3113 salutem
3004 3056 3351 3112 auditoribus
3386 3056 3621 3112 inserere

2050 3167 2240 3207 curam
2271 3150 2481 3206 habuit.
2511 3171 2531 3203 ι
3219 3201 3227 3209 ,

2117 3243 2187 3296 At
2217 3241 2263 3297 si
2296 3243 2505 3311 poetica
2546 3257 2653 3297 non
2698 3242 2841 3309 sint,
2889 3258 3014 3297 rara
3049 3251 3233 3297 tamen
3264 3252 3397 3298 sunt
3434 3250 3491 3296 et
3540 3242 3617 3295 in-

2048 3332 2271 3387 usitata.
2301 3332 2576 3387 Fortasse.
2613 3332 2777 3387 Multa
2804 3333 3023 3403 quidem
3052 3333 3318 3387 vocabula
3351 3333 3621 3401 ejusmodi

2046 3433 2193 3487 sunt,
2230 3432 2290 3478 ut
2312 3424 2414 3478 sub
2442 3424 2598 3478 initio
2631 3424 3033 3480 Christianismi
3067 3440 3173 3478 non
3207 3426 3491 3494 potuerint
3518 3440 3617 3475 non

2045 3530 2166 3570 esse
2198 3514 2453 3570 inusitata
2473 3556 2488 3582 ,
2518 3531 2639 3585 qua:
2683 3532 2751 3569 ex
2801 3517 3065 3586 religione
3095 3514 3414 3571 Christiana
3460 3516 3620 3585 origi-

2046 3622 2169 3660 nem
2205 3617 2578 3676 sumpserunt,
2612 3617 2671 3662 ut
2703 3608 3054 3679 σαρκοφόρος,
3086 3608 3373 3678 θεοφόρος,
3407 3624 3617 3680 χριστο-

2047 3696 2229 3768 φόρος,
2264 3698 2547 3769 ναοφόρος,
2582 3697 2979 3771 χριστώνυμος.
3032 3698 3182 3753 Talia
3212 3699 3614 3769 quamplurima

2046 3788 2099 3842 in
2127 3789 2278 3844 Novo
2312 3789 2665 3846 Testamento
2700 3802 2936 3858 exstant,
2970 3807 3091 3861 quae
3123 3806 3249 3845 cum
3283 3792 3465 3860 prima
3494 3806 3617 3859 apo-

2046 3883 2310 3935 stolorum
2340 3883 2726 3951 prardicatioue
2755 3894 2883 3937 nata
2915 3895 3064 3947 sunt,
3109 3891 3168 3936 ut
3208 3882 3613 3953 ψευδόχριστος,

2045 3974 2403 4046 ἀντίχριστος,
2448 3974 2838 4045 ψευδάδελφος,
2882 3975 3257 4046 κατανάθεμα.
3309 3972 3426 4029 Hoc
3463 3984 3517 4028 et
3566 3974 3612 4026 in

2044 4066 2210 4130 sectis,
2231 4065 2687 4134 phiIOSOphorum
2720 4081 2934 4135 semper
2962 4066 3310 4119 observatum
3340 4074 3445 4119 est.
3471 4083 3491 4115 ‹
3524 4063 3615 4118 Ze-

2044 4171 2115 4210 no
2147 4156 2397 4225 plurimis
2436 4158 2594 4212 novis
2627 4158 2808 4212 verbis
2845 4174 2976 4213 usus
3009 4167 3123 4220 est;
3159 4172 3300 4212 nova
3346 4160 3497 4212 enim
3533 4159 3612 4211 di-

2043 4248 2270 4307 cebat.)
2306 4248 2460 4319 Apud
2485 4250 2748 4304 Arianum
2776 4250 3095 4319 scriptorem
3127 4251 3263 4304 satis
3289 4252 3609 4321 castigatum

2042 4356 2203 4395 voces
2238 4340 2373 4395 mire
2405 4342 2737 4412 compositas
2783 4342 3031 4397 invenies
3059 4382 3073 4408 ,
3106 4357 3227 4411 quae
3270 4357 3301 4395 a
3331 4344 3525 4397 stoicis
3551 4359 3610 4396 ex

371 4433 696 4506 ρογνὼμων,
752 4438 1159 4510 εὐπρόσδεκτα,
1221 4438 1543 4508 θεοστυγία,
1595 4441 1931 4509 κοινωφελές,

2044 4433 2289 4504 ipsorum
2318 4434 2567 4489 doctrina
2596 4444 2725 4490 sunt
2757 4436 3095 4506 excogitata},
3138 4444 3198 4488 ut
3244 4436 3607 4506 μικρὸὁουλον,

367 4523 726 4595 κυοφοροῦσα,
762 4525 1153 4593 λειποτακτεῖν,
1189 4529 1561 4599 ματαιοπονία,
1600 4530 1939 4602 μεγαλορρη-

371 4616 587 4682 μονεῖν,
657 4619 1118 4689 μωμοσκοπηθὲν,
1195 4622 1532 4693 οἰκουργείν,
1612 4627 1935 4695 πτεροφυεῖ,

367 4704 949 4777 προοδοιπορήσαντες,
990 4710 1394 4780 ῥιψοκινδύνως,
1429 4715 1935 4785 χρησμοδοτείσθαι,

365 4792 714 4871 φυλλορροεῖ,
747 4797 1062 4868 φιλαδελφία
1082 4842 1097 4867 ,
1127 4814 1181 4856 et
1208 4819 1237 4856 a
1269 4806 1375 4856 πᾶν
1405 4809 1706 4875 composita
1747 4823 1940 4876 quam-

363 4888 622 4959 plurima,
660 4888 726 4944 de
758 4891 958 4959 quibus
992 4895 1258 4963 agendum
1291 4908 1497 4966 postea.
1530 4899 1606 4954 De
1634 4901 1939 4956 multitudi-

367 4996 434 5035 ne
475 4996 669 5035 vocum
711 4983 860 5036 varie
915 4987 1345 5054 compositarum
1397 4989 1590 5045 frivola
1641 4993 1800 5061 plane
1852 5004 1937 5048 est

363 5074 609 5143 exceptio
641 5084 692 5128 et
750 5076 959 5133 criticis
1012 5080 1216 5135 nostris
1270 5081 1491 5152 indigna
1517 5124 1533 5149 ,
1569 5085 1637 5140 de
1670 5087 1934 5155 qualitate

363 5163 535 5218 multo
564 5166 759 5235 magis.

433 5258 632 5327 Objicit
677 5261 820 5314 enim
857 5262 1097 5317 secundo
1144 5262 1373 5319 Dallzeus
1399 5266 1665 5321 vocabula
1699 5268 1813 5322 haec
1833 5268 1936 5322 mi-

361 5345 515 5401 riﬁce
547 5350 849 5418 composita
890 5366 1011 5406 esse
1053 5352 1286 5421 poetica,
1319 5354 1463 5423 quod
1495 5366 1679 5424 aperte
1730 5355 1930 5412 falsum

359 5445 467 5491 est.
490 5436 743 5493 Veterum
776 5441 993 5510 quidem
1026 5444 1501 5512 grammaticorum
1533 5448 1797 5501 sententia
1816 5458 1927 5502 est:

359 5528 517 5582 Ξέναι
546 5529 818 5596 συνθέσεις
861 5534 1099 5604 ποιητῶν
1128 5535 1479 5607 τολμήματα,
1528 5543 1581 5590 et
1620 5538 1687 5591 ad
1721 5540 1929 5593 oratio-

360 5620 447 5674 nis
477 5620 608 5690 ’ύψος
638 5638 797 5677 voces
830 5626 1070 5694 poeticas
1103 5624 1397 5697 aliquando
1430 5638 1721 5697 usurpatas
1752 5630 1931 5685 facere

364 5712 805 5797 notaruntcritici
819 5724 1025 5772 veteres
1040 5734 1054 5785 ;
1072 5717 1162 5774 sed
1182 5719 1314 5774 tales
1326 5734 1445 5776 esse
1458 5720 1768 5792 lgnatianas
1783 5721 1927 5777 nulla

2040 4536 2095 4581 et
2132 4526 2539 4597 μεγαλόδουλον,
2574 4527 2885 4598 θεοχόλωτοι
2906 4567 2921 4591 ,
2970 4527 3369 4597 ὑποληψείδιον,
3416 4529 3608 4580 ἀναπο-

2039 4618 2391 4689 τευκτότερον
2417 4657 2431 4680 ,
2471 4619 2931 4690 ἀπεκλεγόμενον,
2985 4619 3526 4690 ἀπεριπτωτότερον,
3560 4629 3608 4672 et

2040 4711 2262 4765 similia.
2304 4710 2573 4780 Loquitur
2615 4710 2858 4781 lguatius
2901 4718 2960 4766 ut
3011 4711 3394 4777 Christianus;
3451 4711 3603 4765 verba

2038 4802 2201 4856 habet
2228 4818 2341 4857 suae
2378 4803 2628 4873 religioni
2655 4804 2897 4873 propria,
2929 4812 3033 4859 eta
3058 4804 3358 4874 gentilibus
3390 4804 3605 4857 minime

2039 4903 2330 4963 usurpata;
2368 4896 2514 4963 quod
2549 4895 2625 4949 illi
2653 4895 2785 4949 vitio
2809 4896 2947 4950 verti
2986 4911 3092 4950 non
3144 4897 3325 4951 debet.
3364 4895 3602 4950 Demodi-

2037 5001 2135 5040 cus
2166 4986 2308 5054 apud
2348 4985 2631 5041 Platonem
2671 4990 2829 5056 quasi
2859 4988 3099 5057 agricola
3132 4988 3377 5057 loquitur
3412 5007 3425 5041 :
3462 4986 3601 5056 Ἐμοὶ

2041 5075 2158 5145 μὲν,
2189 5069 2234 5128 ὦ
2264 5074 2569 5145 Σώκρατες,
2600 5077 2633 5146 ἢ
2660 5076 2851 5129 τούτου
2886 5076 2979 5131 τοῦ
3010 5077 3197 5140 παιδὸς
3229 5077 3340 5131 εἴτε
3390 5076 3600 5145 φυτείαν

2035 5167 2145 5221 εἴτε
2180 5168 2522 5222 παιδοποιίαν
2570 5169 2673 5240 χρὴ
2720 5170 2903 5238 φάναι.
2942 5169 3023 5223 Ad
3064 5186 3185 5240 qua:
3207 5170 3374 5225 verba
3420 5169 3597 5238 Diony.

2034 5259 2149 5315 sius
2196 5258 2647 5315 Halicarnasseus
2693 5260 2881 5314 critice
2920 5260 3214 5314 observat:
3250 5260 3423 5313 Τοῦτο
3452 5260 3505 5312 δὲ
3542 5258 3593 5309 οὐ

2032 5351 2137 5424 χρὴ
2162 5348 2420 5422 νομίζειν,
2447 5352 2528 5404 ὅτι
2565 5351 2772 5422 μεγάλῃ
2808 5354 2873 5422 τῇ
2898 5354 3047 5421 φωνῇ
3075 5351 3275 5424 χρῆται
3302 5354 3331 5404 ό
3363 5351 3591 5408 Πλάτων,

2032 5444 2146 5498 ἀλλ’
2176 5443 2396 5497 ἐπειδὰν
2428 5445 2456 5495 ὁ
2483 5442 2780 5514 Δημόδικος
2810 5443 3098 5515 ἐργατικὸς
3128 5443 3220 5497 κοιλ¹
3241 5444 3480 5513 γεωργὸς
3502 5458 3594 5509 φω-

2032 5535 2127 5598 νὰς
2170 5535 2363 5606 ἀφίησι
2407 5535 2507 5604 τῆς
2558 5535 2770 5605 τέχνης.
2815 5553 2833 5586 ι
2872 5534 2990 5588 Non
3037 5536 3354 5590 existimare
3395 5541 3591 5605 oportet

2031 5630 2221 5700 grandi
2255 5646 2387 5685 voce
2424 5630 2503 5684 uti
2541 5629 2855 5693 Platenem,
2890 5629 2982 5685 sed
3027 5627 3389 5695 Demodicus,
3424 5635 3589 5695 utpote

2031 5721 2271 5795 agricola
2297 5765 2311 5793 ,
2343 5725 2505 5779 verba
2548 5738 2662 5779 suae
2704 5722 2837 5777 artis
2870 5721 3087 5779 emittit.
3146 5740 3166 5774 ι
3210 5723 3328 5778 lmo
3374 5729 3427 5776 et
3466 5715 3587 5772 Novi
