3768 6320
127 358 221 414 4ίό

858 355 909 412 J.
952 357 1323 413 PEARSONII
1366 356 1687 413 V'lNDlClE
1728 355 2147 412 lGNATlANE.
2186 387 2254 398 —-
2290 354 2471 411 PARS
2506 355 2570 409 ll.

3249 354 3363 408 ne

130 477 354 532 Foederis
368 476 664 546 scriptores
682 491 817 532 nova
842 478 1006 532 etiam
1030 477 1206 533 obiter
1230 479 1492 533 vocabula
1517 494 1679 533 usur-
1706 486 1753 543 Α
1783 491 1904 530 rum
1941 474 2355 531 similitudinem
2388 488 2553 527 voces
2584 470 2777 525 eodem
2828 469 2991 524 modo
3022 467 3357 537 compositas

129 583 270 637 passe
292 583 320 621 a
352 568 624 622 veteribus
656 584 799 639 saepe
830 568 1180 624 observatum
1210 577 1313 625 est.
1346 567 1509 624 Notat
1545 568 1680 623 Gre-

130 661 298 732 gorius
327 660 605 731 Nyssenus
636 658 694 714 S.
725 660 1060 727 Matthmum,
1092 662 1183 716 ubi
1210 662 1289 716 ait
1316 661 1388 733 μὴ
1432 660 1681 731 βαττολο-

128 754 311 823 γήσητε
334 791 348 815 ,
384 750 481 822 τὴν
514 750 670 823 ξένην
708 753 912 821 ταύτην
949 753 1051 823 τῆς
1092 753 1288 818 λέξεως
1330 752 1681 823 καινοτομίαν

129 843 489 914 ἐξευρηκέναι,
532 863 552 895 ι
592 844 932 914 peregrinam
972 855 1026 900 et
1066 861 1261 900 novam
1309 845 1451 899 hanc
1480 844 1677 899 dictio-

130 953 237 991 nem
268 937 627 1007 excogitasse.
665 956 683 989 ι
718 937 859 992 Idem
886 941 953 993 de
980 953 1112 992 voce
1134 938 1407 1001 ὲπιούσιος
1427 939 1678 993 observat

130 1028 369 1100 Origenes
399 1030 453 1084 iu
480 1030 621 1084 libro
648 1029 722 1083 De
744 1031 986 1084 oratione
1030 1032 1271 1085 nondum
1297 1032 1445 1087 edito
1476 1049 1490 1085 :
1522 1031 1681 1102 Πρῶ-

130 1136 208 1173 τον
242 1115 328 1172 οὖν
375 1120 570 1181 ἰστέον,
612 1120 695 1172 ὅτι
721 1119 755 1189 ἡ
790 1117 987 1189 λέξιςή
1014 1118 1325 1184 ἐπιούσιος
1343 1119 1472 1189 παρ’
1505 1117 1681 1171 οὐδενὶ

129 1210 221 1264 τῶν
257 1210 514 1282 Ἑλλήνων
544 1210 665 1263 οὐδὲ
693 1210 800 1264 τῶν
824 1210 1002 1280 σοφῶν
1034 1209 1365 1280 ὠνόμασται,
1393 1208 1512 1261 οὐδὲ
1538 1212 1594 1262 ὲν
1611 1212 1676 1281 τῇ

129 1299 223 1353 τῶν
255 1300 469 1352 ἰδιωτῶν
498 1299 758 1370 συνηθείᾳ
792 1300 1092 1371 τέτριπται,
1138 1298 1254 1352 ἀλλ’
1295 1299 1437 1353 ἔοικε
1476 1300 1684 1353 πεπλά-

133 1393 239 1446 σθαι
266 1392 368 1445 ὑπὸ
389 1392 499 1444 τῶν
522 1392 944 1461 εὐαγγελιστῶν.
980 1409 1000 1443 ι
1034 1391 1277 1445 Primum
1312 1392 1479 1463 igitur
1503 1393 1683 1447 scien-

131 1486 242 1539 dum
265 1526 280 1551 ,
312 1485 457 1555 quod
510 1485 839 1539 vocabulum
875 1485 1188 1550 ἐπιούσιος
1231 1484 1373 1555 apud
1408 1487 1679 1540 neminem

130 1575 423 1632 Grazcorum
468 1586 566 1631 aut
613 1577 942 1647 sapientium
992 1578 1360 1643 nominatum,
1416 1594 1592 1648 neque
1626 1579 1680 1633 in

130 1669 255 1739 vulgi
281 1683 537 1724 sermone
566 1671 846 1725 communi
882 1673 1143 1727 usitatum
1174 1682 1293 1737 est;
1342 1673 1435 1727 sed
1471 1674 1684 1727 videtur

130 1763 189 1816 ab
205 1762 547 1831 evangelistis
574 1762 865 1817 conﬁctum
897 1779 1037 1818 esse.
1075 1782 1094 1815 ›
1126 1764 1273 1818 ldem
1304 1765 1370 1819 de
1401 1779 1532 1818 voce
1554 1781 1684 1835 περ·

133 1851 395 1923 περεύεται
427 1852 962 1921 νειετυιηίυόίοἰυηι
1000 1854 1119 1909 fuit.
1152 1854 1218 1909 Et
1246 1857 1389 1925 quod
1422 1856 1680 1924 objicitur
1710 1839 1753 1892 Β

131 1944 315 2010 lgnatio
347 1951 579 2010 nostro,
625 1944 997 1999 celeberrimis
1029 1946 1166 2001 viris
1210 1947 1682 2017 scriptoribusque

130 2034 328 2103 optimis
354 2034 633 2103 objectum
659 2034 831 2090 fuisse
864 2036 1116 2105 legimus.
1144 2036 1221 2091 Ita
1253 2036 1602 2093 Marcellinus
1626 2040 1679 2093 in

133 2124 234 2180 Vita
254 2125 587 2197 Thucydidis
615 2148 628 2181 :
664 2126 840 2191 Ὂλως
876 2129 1173 2199 ὲφευρετής
1203 2131 1320 2181 ἐστι
1342 2128 1542 2182 καινῶν
1566 2131 1682 2182 ὀνο-

134 2218 313 2286 μάτων.
356 2236 374 2268 ι
406 2217 512 2271 Per
541 2228 714 2272 totum
740 2218 992 2272 inventor
1015 2228 1097 2274 est
1121 2234 1317 2273 Vucum
1351 2235 1674 2273 novarumn

132 2307 194 2363 De
214 2309 566 2379 Xenophonte
592 2308 811 2373 Suidas,
840 2309 901 2366 V.
938 2311 1187 2380 Ἀγυιάντ
1215 2310 1391 2375 Ὂλως
1423 2311 1589 2364 πολλά
1615 2311 1682 2365 τὰ

131 2401 541 2474 γλωσσηματικά
572 2404 706 2473 παρ’
737 2402 904 2472 αὐτῷ.
931 2401 1171 2457 Galenus
1200 2402 1294 2456 lib.
1330 2419 1346 2456 ι
1382 2403 1437 2455 in
1481 2402 1685 2471 Hippo-

133 2506 303 2548 cratem
327 2495 389 2549 de
421 2495 699 2559 articulis,
733 2494 800 2548 de
829 2495 1021 2549 eodem
1054 2512 1067 2550 :
1110 2495 1218 2547 Καὶ
1238 2494 1345 2567 γὰρ
1373 2497 1577 2558 ἐκεῖνος
1610 2496 1684 2547 εῖ-

133 2603 220 2655 περ
261 2604 339 2649 τις
367 2587 460 2640 καὶ
508 2585 667 2649 ἄλλος
699 2584 1015 2656 ἑρμηνεύων
1048 2584 1339 2648 πολιτικῶς
1372 2586 1522 2657 ὅμως
1546 2602 1685 2656 παρ-

134 2676 359 2747 εμϐάλλει
432 2676 697 2741 πολλάκις
769 2676 1221 2748 γλωσσηματικά.
1288 2677 1682 2733 Glossematica

133 2780 289 2825 autem
321 2779 447 2825 sunt
477 2786 625 2836 rara,
657 2770 915 2825 inusitata
950 2778 1003 2823 et
1023 2770 1329 2840 peregrina.

191 2862 448 2929 Quazritur
475 2864 628 2934 quod
660 2876 768 2919 tam
817 2864 988 2918 multa
1037 2862 1106 2917 ab
1137 2877 1246 2916 uno
1282 2861 1550 2915 vocabulo
1584 2862 1684 2914 lia-

134 2954 254 3017 beat,
282 2965 338 3010 ut
369 2972 399 3009 a
430 2957 588 3028 φέρω
621 2967 675 3011 et
718 2956 787 3011 ab
830 2955 998 3020 ἄξιος,
1024 2969 1148 3009 cum
1186 2953 1333 3007 nulla
1364 2952 1685 3021 compositio

136 3046 439 3117 frequentior
475 3057 534 3103 et
574 3049 756 3103 tritior
793 3049 864 3103 sit
909 3047 1049 3116 apud
1079 3047 1314 3115 optimos
1340 3055 1394 3100 et
1432 3046 1684 3115 vulgares

134 3138 327 3195 Grazcire
381 3142 699 3210 scriptorcs.
749 3140 1144 3210 Ἀξιαγάπητος
1194 3138 1423 3207 lgnatii,
1484 3139 1580 3193 sed
1630 3146 1683 3191 et

140 3230 405 3286 Clementis
442 3231 710 3299 Romani;
757 3232 1209 3302 ἀξιοθαύμαστος,
1261 3230 1685 3301 ἀξιομνημόνευ-

136 3340 227 3387 τθς,
256 3324 768 3397 ἀξιοπρεπέστατος,
795 3324 1411 3396 ἀξιομακαριστότατος,
1442 3322 1687 3385 ἀξιέπαι-

137 3415 356 3482 νοςεριιιι
386 3424 663 3481 nostrum,
697 3415 789 3469 sed
815 3424 867 3468 et
893 3415 1034 3483 apud
1055 3412 1469 3482 Xenophontem
1496 3413 1685 3482 legun-

138 3512 239 3569 tur;
269 3509 403 3576 apud
437 3523 602 3577 quem
634 3516 689 3559 et
719 3506 834 3562 hate
862 3517 1121 3577 praeterea
1175 3506 1427 3575 legimus,
1453 3504 1683 3572 ἀξιάγα-

140 3611 257 3661 στος,
297 3599 668 3663 ἀξιάκουστος,
714 3599 1093 3672 ἀξιακρόατος,
1124 3596 1515 3660 ἀξιεπαίνετος,
1550 3595 1687 3661 ἀξιέ-

141 3703 306 3755 ραστος
327 3730 341 3753 ,
370 3690 708 3755 ἀξιοϐίωτος,
742 3689 1041 3761 ἀξιόεργος,
1079 3688 1416 3755 ἀξιοθέατος,
1441 3689 1687 3758 ἀξιόκτηο

139 3793 227 3840 τος,
247 3777 658 3851 ἀξιολογώτερος
681 3820 696 3843 ,
732 3779 1029 3846 ἀξιόνικος,
1065 3779 1395 3844 ἀξιόπιστος,
1440 3778 1688 3844 ἀξιόσκε-

140 3884 266 3933 πτος,
310 3871 783 3937 ἁξιοσπούδαστος,
833 3873 1278 3944 ἀξιοτέκμαρτος,
1320 3870 1682 3943 ἀξιοφίλητος,

140 3958 552 4033 ἀξιοχρεώτατος.
591 3963 894 4034 XenOphon
939 3973 1118 4018 tamen
1145 4006 1159 4027 ,
1198 3964 1356 4031 cujus
1397 3978 1563 4032 opera
1601 3963 1686 4018 his

140 4056 388 4111 vocabulis
415 4066 654 4122 scatent,
686 4072 715 4111 a
745 4057 1022 4111 veteribus
1062 4057 1268 4112 criticis
1300 4056 1541 4127 καθαρὸς
1573 4059 1685 4120 τοῖς

140 4145 353 4215 ὀνόμασι,
390 4150 483 4202 καὶ
514 4148 716 4218 σαφὴς,
755 4149 848 4202 καὶ
875 4149 1135 4220 ἐναργής,
1176 4166 1194 4197 ι
1228 4164 1400 4219 purus
1436 4156 1489 4201 et
1531 4164 1685 4217 pers-

141 4237 305 4304 picuus
338 4259 355 4290 ι
380 4241 660 4309 judicatus
692 4250 776 4295 est
803 4259 816 4296 :
846 4241 1005 4310 cujus
1037 4255 1344 4296 sermonem
1381 4241 1512 4310 ipsa;
1545 4240 1685 4295 Gra-

142 4326 213 4378 tia:
232 4326 561 4392 Quintiliano
587 4331 814 4385 tinxisse
846 4331 1206 4393 videbantur;
1233 4331 1287 4384 in
1323 4348 1433 4400 quo
1461 4342 1512 4385 et
1537 4350 1555 4382 ι
1590 4334 1685 4401 ju-

141 4422 438 4479 cunditatem
485 4424 854 4480 inaffectatam
908 4444 926 4476 ι
970 4425 1241 4479 observat.
1291 4424 1603 4494 Composita
1654 4440 1685 4478 a

1779 567 1847 623 ad
1875 582 2063 621 veram
2109 567 2453 621 sanctitatem
2482 581 2546 621 ac
2586 565 2746 634 plane
2769 562 3041 616 internam
3071 559 3354 627 excogita—

1777 660 1857 713 vit
1888 668 1940 713 et
1965 658 2250 729 usurpavit
2271 656 2530 727 lgnatius.
2561 656 2735 722 Quam
2777 654 2948 726 multa
2978 661 3102 708 sunt
3129 666 3252 719 quae
3285 664 3356 701 ex

1779 768 1888 806 una
1922 766 2058 806 voce
2096 754 2205 805 πᾶν
2253 750 2307 804 in
2352 750 2513 805 unica
2546 748 2776 818 epistola
2816 745 3047 800 arcessit
3099 742 3359 797 Clemens

1780 845 2090 900 Romanus!
2122 842 2506 915 παμμεγέθης,
2530 838 3070 911 παμμεγεθέστατος,
3097 834 3358 905 παμπλή-

1779 937 1898 1007 θης,
1934 938 2215 1005 πανάγιος,
2245 936 2567 1007 πανάρετος,
2597 932 3010 1003 παντοκράτωρ,
3048 943 3359 999 παντοκρα-

1778 1030 2014 1102 τορικός,
2046 1029 2466 1099 παντοποιητής,
2503 1025 2906 1095 παντεπόπτης.

1850 1122 2015 1176 Plura
2044 1122 2213 1191 igitur
2241 1118 2558 1189 hujusmodi
2592 1132 2757 1187 quam
2781 1131 2948 1170 unum
2972 1122 3066 1168 aut
3095 1113 3354 1175 alterum,

1781 1214 1851 1269 ab
1882 1214 2104 1284 optimis
2133 1211 2498 1281 scriptoribus
2532 1217 2585 1262 et
2622 1209 2674 1262 in
2709 1222 2873 1277 opere
2903 1203 3161 1259 laudabili
3192 1217 3357 1255 usur-

1780 1315 1907 1378 pata
1944 1306 2113 1360 fuisse
2146 1315 2205 1360 ut
2229 1303 2555 1359 concederet
2578 1300 2813 1354 Dallaeus
2842 1311 3066 1352 necesse
3100 1294 3235 1358 fuit;
3261 1292 3356 1347 sed

1780 1407 1914 1454 sunt
1951 1398 2041 1451 illa
2070 1396 2374 1466 epistolicis
2415 1394 2610 1457 multo,
2648 1401 2708 1445 ut
2742 1392 2857 1461 ipse
2886 1390 3130 1459 judicat,
3169 1386 3360 1440 mode-

1781 1490 1974 1547 stiora.
2011 1488 2252 1543 Modesta
2289 1487 2570 1541 enimvero
2618 1492 2745 1539 sunt
2796 1482 2885 1535 illa
2923 1479 3185 1534 vocabula
3234 1492 3359 1546 qua:

1782 1584 1875 1639 alii
1910 1588 2265 1650 usurparunt,
2296 1578 2629 1632 immodesta
2671 1590 2794 1644 qum
2837 1573 3073 1642 scriptor
3114 1569 3360 1640 epistoli-

1782 1689 1901 1730 cus.
1937 1674 2005 1727 At
2032 1670 2233 1733 multa,
2285 1678 2345 1723 ut
2385 1666 2754 1728 ostendimus,
2807 1662 2999 1716 eadem
3047 1667 3220 1714 sunt:
3262 1672 3360 1724 par

1783 1766 2011 1838 proinde
2044 1764 2099 1817 in
2143 1763 2211 1817 iis
2266 1759 2554 1814 modestia.
2595 1756 2726 1823 Qua:
2762 1755 2831 1809 ab
2877 1754 3002 1807 aliis
3050 1759 3175 1804 ante
3231 1762 3361 1801 eum

1782 1859 1987 1927 scripta
2020 1870 2130 1908 non
2173 1852 2461 1919 videntur,
2500 1857 2647 1903 certe
2697 1846 3019 1900 immodesta
3054 1857 3161 1895 non
3206 1850 3357 1893 sunt.

1780 1947 1917 2003 Nam
1950 1947 2099 2001 illam
2132 1943 2535 1999 immodestiam
2568 1940 2652 1994 vel
2687 1940 2741 1991 in
2773 1933 3170 2005 compositione
3196 1932 3279 1985 vel
3305 1933 3363 1983 in

1781 2039 2181 2109 signiﬁcatione
2218 2035 2519 2091 consistere
2552 2030 2842 2087 dicendum
2885 2037 2987 2082 est.
3025 2025 3081 2078 ln
3130 2037 3360 2092 compo-

1781 2135 1980 2190 sitione
2009 2132 2370 2187 immodestus
2392 2128 2500 2183 dici
2524 2142 2633 2181 non
2660 2132 2838 2195 potest
2866 2121 3221 2191 epistularum
3262 2134 3363 2172 au—

1781 2235 1902 2281 ctor
1937 2240 2104 2280 :cum
2140 2232 2234 2278 aut
2272 2223 2461 2277 eadem
2495 2229 2591 2273 aut
2617 2220 2777 2288 plane
2807 2215 3003 2271 similis
3032 2211 3361 2281 compositio

1782 2320 1838 2372 in
1880 2318 2004 2372 aliis
2033 2318 2210 2385 iisque
2242 2314 2463 2383 optimis
2495 2309 2861 2381 scriptoribus
2895 2308 3241 2362 observetur.
3271 2302 3362 2356 Si-

1783 2409 2060 2481 gni-ticalio
2108 2418 2290 2463 autem
2332 2421 2565 2470 vocum,
2604 2404 2650 2459 si
2691 2418 2813 2473 qum
2851 2400 2992 2455 forte
3015 2400 3083 2453 ab
3113 2398 3234 2466 ipso
3257 2411 3364 2463 pu-

1784 2510 1968 2555 tentur
1991 2500 2334 2569 excogitatm,
2367 2495 2690 2550 immodesta
2720 2491 2932 2548 censeri
2963 2504 3075 2543 non
3102 2487 3285 2551 debet,
3312 2483 3361 2538 si

1783 2607 1872 2646 res
1912 2591 2029 2661 ipsa
2061 2590 2149 2643 bis
2175 2587 2491 2643 nominibus
2516 2587 2773 2641 denotata
2792 2583 2954 2637 fuerit
2977 2598 3006 2635 a
3036 2577 3211 2635 sacris
3235 2592 3365 2631 εει-ι-

1784 2684 2039 2756 ptoribus
2066 2680 2288 2735 tradita.
2320 2677 2488 2733 Docet
2513 2676 2571 2731 S.
2605 2675 2808 2729 Paulus
2838 2673 3117 2727 Christum
3156 2669 3211 2722 in
3237 2683 3366 2721 san--

1786 2779 1889 2832 ctis
1918 2774 2224 2830 habitare“
2267 2791 2281 2827 :
2324 2772 2543 2827 eosdem
2580 2770 2746 2839 igitur
2790 2767 3033 2837 lgnatius
3076 2759 3367 2834 χριστοφό-

1787 2886 1914 2942 ρους
1942 2876 1999 2921 et
2044 2867 2234 2920 eodem
2273 2879 2436 2919 sensu
2465 2860 2777 2932 appellavit.
2818 2858 3009 2913 Tradit
3053 2858 3195 2911 idem
3233 2869 3367 2924 apo-

1786 2958 1963 3013 stolus
2013 2970 2245 3025 corpora
2310 2961 2625 3009 sanctorum
2687 2965 2811 3004 esse
2863 2948 3063 3017 templa
3128 2946 3366 3015 Spiritus

1788 3049 1963 3104 sancti
1991 3050 2074 3101 "z
2105 3062 2276 3117 quare
2313 3046 2534 3100 eosdem
2564 3052 2749 3099 noster
2795 3042 3012 3098 vocavit
3043 3040 3363 3108 ναοφόρους.

1788 3139 2037 3196 Ostendit
2092 3138 2388 3209 Apostolus
2438 3137 2657 3205 impios,
2688 3133 2819 3188 dum
2868 3133 3080 3198 vivunt,
3119 3138 3368 3183 mortuos

1786 3250 1911 3289 esse
1926 3234 2008 3287 “z
2054 3247 2152 3287 eos
2195 3232 2286 3287 ille
2324 3230 2689 3302 νεκροφόρους
2729 3226 2976 3281 nominat
3009 3239 3173 3279 sensu
3208 3220 3371 3275 Clari-

1787 3327 1991 3391 stiano,
2022 3340 2147 3380 cum
2189 3322 2363 3377 Graeci
2413 3338 2477 3377 ea
2521 3336 2658 3377 voce
2698 3318 3033 3374 libitinarios
3081 3313 3363 3368 intellexe-

1787 3420 1917 3474 rint.
1948 3418 2159 3471 Monuit
2187 3416 2463 3471 S.Paulus
2490 3413 2835 3469 Christianos
2859 3410 3177 3465 utvivcrent
3200 3404 3365 3469 ἀξίως

1785 3512 1880 3565 τοῦ
1914 3509 2049 3564 Θεοῦ
2071 3510 2137 3575 ⁸⁵,
2169 3524 2263 3564 eos
2293 3509 2388 3577 qui
2418 3508 2493 3561 ita
2524 3507 2774 3560 vixerant
2812 3500 3053 3573 lgnatius
3088 3495 3367 3561 ἀξιοθὲους

1786 3614 1966 3659 vocat.
1996 3602 2257 3668 Quaenam
2280 3641 2295 3664 ,
2324 3600 2521 3654 amabo
2541 3640 2556 3665 ,
2605 3599 2657 3651 in
2687 3597 2772 3650 bis
2812 3591 3129 3655 vocabulis,
3167 3588 3214 3642 si
3249 3600 3367 3640 rem

1788 3697 1962 3767 ipsam
1995 3704 2049 3749 et
2070 3693 2525 3765 signiﬁcationem
2557 3697 2791 3758 spectes,
2830 3681 3214 3739 immodestia?
3242 3694 3367 3732 om-

1787 3786 1920 3841 nino
1942 3784 2111 3838 nulla.
2138 3783 2377 3852 Apparet
2410 3779 2628 3834 tandem
2663 3791 2729 3832 ex
2758 3775 2844 3829 his
2871 3772 3154 3828 vocabulis
3182 3776 3366 3823 tanto-

1787 3892 1915 3947 pere
1944 3874 2248 3945 deturpatis
2269 3873 2480 3942 poetica
2509 3884 2633 3923 esse
2649 3866 2818 3931 nulla,
2853 3862 3176 3919 immodesta
3196 3859 3367 3924 nulla,

1787 3980 1911 4020 rara
1952 3964 2172 4034 quidem
2215 3969 2271 4016 et
2316 3960 2573 4015 inusitata
2615 3954 3078 4027 perpaucissima;
3137 3964 3369 4018 eamque

1787 4057 2194 4113 accusationem
2221 4068 2330 4107 non
2366 4053 2419 4105 in
2450 4061 2752 4115 auctorem,
2793 4048 2887 4103 sed
2917 4047 2971 4101 in
2995 4044 3367 4101 Christianum

1788 4151 2070 4215 recidere,
2112 4148 2209 4218 qui
2257 4162 2381 4201 cum
2428 4144 2619 4214 lgnatii
2666 4158 2881 4208 novus,
2920 4150 2976 4195 et
3020 4148 3081 4193 ut
3125 4138 3370 4207 loquitur

1789 4241 2193 4306 Tertullianus,
2224 4239 2517 4293 hesternus
2551 4234 2689 4302 luit,
2719 4249 2858 4288 nova
2896 4232 3162 4287 vocabula
3208 4246 3372 4300 pepe-

1786 4334 1879 4387 rit.

1862 4423 1999 4478 Cum
2024 4422 2091 4478 de
2115 4420 2349 4491 singulis
2376 4428 2489 4473 tam
2526 4418 2688 4481 male,
2720 4416 3007 4472 videamus
3031 4431 3098 4468 an
3134 4415 3201 4471 de
3234 4429 3372 4468 con-

142 4513 265 4585 φέρω
295 4519 430 4586 apud
464 4518 687 4573 Graecos
714 4534 852 4588 pene
886 4518 1094 4571 inlinita
1141 4526 1298 4579 sunt.
1342 4526 1397 4571 et
1441 4517 1495 4570 iu
1538 4517 1687 4571 omni
1718 4516 1765 4573 D
1786 4516 1996 4586 junctis
2025 4516 2222 4568 melius
2251 4510 2633 4582 disputaverit.
2666 4508 2914 4574 Quatuor
2948 4506 3068 4575 ejus
3095 4505 3371 4572 composi-

143 4619 293 4661 rerum
323 4625 517 4677 genere
556 4610 795 4664 maxime
829 4609 1047 4664 usitata.
1081 4608 1319 4679 lgnatius
1352 4624 1473 4678 quae
1500 4608 1681 4672 habet,

144 4697 232 4754 lere
265 4702 575 4774 religionem
625 4713 681 4759 et
717 4703 1156 4759 Christianorum
1189 4702 1532 4757 sanctitatem
1561 4718 1686 4772 spe-

143 4800 294 4859 ctant;
322 4810 493 4866 eaque
527 4796 831 4866 compluria
862 4796 1238 4865 composuisse
1268 4810 1379 4849 non
1411 4795 1685 4849 immerito

143 4886 318 4939 censeri
340 4888 520 4953 debet,
552 4888 695 4958 quod
739 4889 791 4942 in
823 4888 1107 4958 gentilium
1145 4887 1319 4942 sacris
1353 4902 1433 4940 ea:
1463 4902 1687 4955 compo-

144 4971 336 5030 sitiones
388 4976 833 5048 frequentissime
886 4978 1315 5046 usurpabantur.
1372 4978 1430 5029 In
1488 4976 1683 5030 ritibus

143 5077 301 5119 eorum
329 5069 729 5138 superstitiosis
760 5070 965 5138 ubique
983 5078 1304 5135 occurrunt,
1336 5068 1680 5139 ἀνθεσφόροι,

146 5155 426 5231 ἀῤῥηφόροι,
468 5162 824 5233 δαφνηφόροι,
874 5162 1253 5233 δειπνοφόροι,
1301 5161 1681 5231 διονυσιφόροι,

143 5246 439 5325 διφροφόροι,
476 5255 773 5326 ἐρρηφόροι
803 5265 857 5310 et
886 5255 1184 5325 ὲρσιφόροι,
1218 5254 1523 5325 όσχοφόροι,
1558 5253 1686 5307 θαλ-

144 5336 343 5413 imper,
378 5344 729 5418 Θεσμοφόροι,
753 5347 1045 5418 ἱεροφόροι,
1082 5348 1402 5418 κανηφόροι,
1434 5346 1685 5415 κιστοφό-

150 5449 231 5499 pos.
260 5436 579 5511 λικνοφόροι,
612 5440 986 5511 λουτροφόροι,
1021 5438 1440 5513 ναρθηκοφόροι,
1484 5437 1687 5490 πεπλο-

148 5522 292 5596 96ροι,
325 5530 608 5601 πυρφόροι,
639 5532 1001 5601 σκαφηφόροι,
1042 5530 1383 5602 σκιροφόροι,
1416 5544 1685 5596 στεφανη-

150 5617 293 5688 etiam,
324 5622 633 5694 ὑδριαφόροι
656 5663 671 5687 ,
702 5631 757 5677 et
786 5622 1094 5695 ὑδροφόροι,
1129 5622 1423 5692 φωσφόροι.
1468 5621 1547 5675 Ad
1596 5636 1689 5675 eo-

205 5783 244 5815 'i
272 5783 454 5857 Ephcs.
491 5806 578 5847 tu.
615 5790 698 5847 Π.
777 5791 820 5824 ⁵¹
856 5789 1010 5851 lCnr
1068 5807 1142 5857 vt,
1180 5790 1266 5847 l9.
1344 5790 1389 5822 ⁸³
1424 5789 1583 5847 Boni.
1614 5805 1691 5856 γι,
1734 5789 1793 5842 9.

1791 4610 1958 4665 tionis
1986 4623 2149 4662 voces
2174 4606 2227 4659 in
2263 4620 2372 4659 una
2402 4603 2667 4658 sententia
2702 4598 3048 4664 observavit,
3096 4597 3369 4669 Θεοφόροι,

1791 4705 1884 4757 καὶ
1911 4702 2186 4771 ναοφόροι,
2214 4697 2562 4768 χριστοφόροι
2580 4735 2594 4759 ,
2629 4695 2919 4765 ἀγνοφόροι
2941 4732 2956 4756 ,
2985 4705 3187 4761 easque
3234 4707 3372 4746 naul-

1790 4808 1938 4849 seam
1966 4792 2246 4846 excituras
2269 4787 2513 4857 putavit,
2551 4787 2634 4838 vir
2677 4794 2947 4838 emunctae
2982 4784 3130 4836 naris
3154 4823 3170 4847 ,
3203 4790 3262 4835 ut
3291 4782 3371 4833 vi-

1789 4888 1970 4947 detur,
2024 4891 2158 4953 quot
2204 4888 2288 4935 tot
2336 4880 2580 4949 ejusdem
2636 4875 3053 4946 compositionis
3107 4871 3369 4927 vocabula

1791 4978 1955 5033 simul
1988 4974 2368 5029 enuntientur.
2405 4971 2475 5025 At
2509 4971 2620 5025 duo
2656 4954 2949 5039 Apostolus
2979 4966 3144 5021 simul
3184 4966 3372 5033 posuit

1789 5069 2074 5131 ὁλοτελεῖς,
2111 5068 2205 5120 καὶ
2235 5064 2549 5137 ὁλόκληρον,
2585 5062 2604 5114 1
2632 5061 2827 5116 Thess.
2860 5076 2892 5113 v
2912 5101 2926 5127 ,
2954 5059 3061 5123 25;
3111 5058 3215 5110 tria
3260 5053 3369 5108 Xe-

1790 5161 2035 5229 nophon,
2062 5158 2595 5229 φιλανθρωπότατος,
2632 5154 2726 5207 καὶ
2759 5150 3239 5222 φιλομαθέστατος,
3275 5147 3369 5199 καὶ

1793 5254 2222 5324 φιλοτιμότατος.
2264 5251 2513 5306 Justinus
2561 5258 2768 5318 martyr
2813 5243 3071 5314 Apologia
3126 5242 3150 5294 1
3200 5238 3370 5294 εΚᾶν

1792 5344 1898 5397 ὑπὸ
1929 5343 2264 5416 Κρίσκεντος
2301 5342 2395 5395 τοῦ
2429 5340 2723 5411 φιλοψόφου
2756 5337 2848 5390 καὶ
2881 5333 3218 5405 φιλοκόμπου
3238 5346 3251 5359 ·
3302 5329 3371 5383 οὐ

1791 5436 1901 5507 γάρ
1950 5434 2235 5502 φιλόσοφον
2274 5435 2448 5486 εἰπεῖν
2492 5430 2638 5495 ἄξιον
2660 5429 2747 5482 τὸν
2785 5427 2973 5497 ἄνδρα.
3024 5424 3090 5478 Ει
3133 5423 3315 5478 statim
3347 5438 3367 5478 :

1798 5528 1891 5589 Ὧς
1925 5524 2188 5596 προέφην,
2216 5524 2277 5577 οὐ
2312 5523 2599 5593 φιλόσοφος
2628 5519 2760 5573 ἀλλά
2784 5516 3055 5588 φιλόδοξος
3088 5515 3225 5587 ἀνὴρ
3261 5512 3375 5568 δεεη

1798 5634 2006 5681 κνυται,
2035 5617 2094 5679 ὃς
2128 5633 2191 5685 γε
2227 5616 2361 5687 μηδὲ
2392 5615 2453 5668 τὸ
2480 5611 2825 5685 Σωκρατικὸν
2857 5609 3173 5683 ἀξιέραστον
3197 5605 3258 5661 θν
3289 5622 3375 5660 τι·-

1886 5789 1930 5820 “
1976 5786 2090 5843 Col.
2131 5782 2289 5861 v.10.
