  <div class='ocr_page' id='page_1' title='image "/cluster/home/n/w/nwhite01/storage/ocr_20150623/5/hvd.32044019206598/231.png"; bbox 0 0 3768 6324; ppageno 0'>
   <div class='ocr_carea' id='block_1_1' title="bbox 397 326 501 382">
    <p class='ocr_par' dir='ltr' id='par_1_1' title="bbox 397 326 501 382">
     <span class='ocr_line' id='line_1_1' title="bbox 397 326 501 382; baseline -0.048 0"><span class='ocrx_word' id='word_1_1' title='bbox 397 326 501 382; x_wconf 68' lang='grc' dir='ltr'><strong>ιὶτ</strong></span> 
     </span>
    </p>
   </div>
   <div class='ocr_carea' id='block_1_2' title="bbox 400 436 1979 516">
    <p class='ocr_par' dir='ltr' id='par_1_2' title="bbox 400 436 1979 516">
     <span class='ocr_line' id='line_1_2' title="bbox 400 436 1979 516; baseline -0.004 -19"><span class='ocrx_word' id='word_1_2' title='bbox 400 445 497 516; x_wconf 79' lang='grc' dir='ltr'><strong>μᾷ.</strong></span> <span class='ocrx_word' id='word_1_3' title='bbox 534 442 828 513; x_wconf 69' lang='lat' dir='ltr'><strong>Gregorius</strong></span> <span class='ocrx_word' id='word_1_4' title='bbox 855 439 1262 497; x_wconf 81' lang='lat' dir='ltr'><strong>Nazianzenus:</strong></span> <span class='ocrx_word' id='word_1_5' title='bbox 1293 440 1402 512; x_wconf 83' lang='grc' dir='ltr'><strong>Τὴν</strong></span> <span class='ocrx_word' id='word_1_6' title='bbox 1432 441 1711 512; x_wconf 81' lang='grc' dir='ltr'><strong>ὁμότιμον,</strong></span> <span class='ocrx_word' id='word_1_7' title='bbox 1738 438 1833 492; x_wconf 79' lang='grc' dir='ltr'>καὶ</span> <span class='ocrx_word' id='word_1_8' title='bbox 1855 436 1979 507; x_wconf 80' lang='grc' dir='ltr'>ὁμό-</span> 
     </span>
    </p>
   </div>
   <div class='ocr_carea' id='block_1_3' title="bbox 399 529 1980 605">
    <p class='ocr_par' dir='ltr' id='par_1_3' title="bbox 399 529 1980 605">
     <span class='ocr_line' id='line_1_3' title="bbox 399 529 1980 605; baseline -0.004 -18"><span class='ocrx_word' id='word_1_9' title='bbox 399 551 571 605; x_wconf 97' lang='grc' dir='ltr'>φρονα</span> <span class='ocrx_word' id='word_1_10' title='bbox 596 574 611 598; x_wconf 92' lang='grc'><strong>,</strong></span> <span class='ocrx_word' id='word_1_11' title='bbox 648 537 741 586; x_wconf 66' lang='grc' dir='ltr'>καὶ</span> <span class='ocrx_word' id='word_1_12' title='bbox 773 532 1064 603; x_wconf 69' lang='grc' dir='ltr'>ὁμόψυχον.</span> <span class='ocrx_word' id='word_1_13' title='bbox 1114 532 1258 586; x_wconf 80' lang='lat' dir='ltr'><strong>Alibi</strong></span> <span class='ocrx_word' id='word_1_14' title='bbox 1286 549 1297 583; x_wconf 93' lang='lat'>:</span> <span class='ocrx_word' id='word_1_15' title='bbox 1326 533 1435 585; x_wconf 74' lang='grc' dir='ltr'><strong>Καὶ</strong></span> <span class='ocrx_word' id='word_1_16' title='bbox 1465 532 1670 602; x_wconf 78' lang='grc' dir='ltr'>πτωχοὶ</span> <span class='ocrx_word' id='word_1_17' title='bbox 1710 530 1803 584; x_wconf 79' lang='grc' dir='ltr'><strong>τὸν</strong></span> <span class='ocrx_word' id='word_1_18' title='bbox 1832 529 1980 598; x_wconf 80' lang='grc' dir='ltr'>φιλό-</span> 
     </span>
    </p>
   </div>
   <div class='ocr_carea' id='block_1_4' title="bbox 399 618 1977 695">
    <p class='ocr_par' dir='ltr' id='par_1_4' title="bbox 399 618 1977 695">
     <span class='ocr_line' id='line_1_4' title="bbox 399 618 1977 695; baseline -0.006 -15"><span class='ocrx_word' id='word_1_19' title='bbox 399 642 613 695; x_wconf 79' lang='grc' dir='ltr'>πτωχον</span> <span class='ocrx_word' id='word_1_20' title='bbox 648 626 739 677; x_wconf 78' lang='grc' dir='ltr'><strong>καὶ</strong></span> <span class='ocrx_word' id='word_1_21' title='bbox 770 625 860 676; x_wconf 85' lang='grc' dir='ltr'><strong>τὸν</strong></span> <span class='ocrx_word' id='word_1_22' title='bbox 893 622 1163 693; x_wconf 80' lang='grc' dir='ltr'>φιλόξενον</span> <span class='ocrx_word' id='word_1_23' title='bbox 1202 625 1251 675; x_wconf 80' lang='lat' dir='ltr'><strong>oi</strong></span> <span class='ocrx_word' id='word_1_24' title='bbox 1296 622 1437 687; x_wconf 80' lang='grc' dir='ltr'>ξένοι</span> <span class='ocrx_word' id='word_1_25' title='bbox 1459 663 1473 687; x_wconf 93' lang='grc'><strong>,</strong></span> <span class='ocrx_word' id='word_1_26' title='bbox 1511 622 1604 676; x_wconf 68' lang='grc' dir='ltr'><strong>καὶ</strong></span> <span class='ocrx_word' id='word_1_27' title='bbox 1648 619 1865 689; x_wconf 60' lang='grc' dir='ltr'><strong>ἀδελφοὶ⁹</strong></span> <span class='ocrx_word' id='word_1_28' title='bbox 1888 618 1977 672; x_wconf 85' lang='grc' dir='ltr'><strong>τὸν</strong></span> 
     </span>
    </p>
   </div>
   <div class='ocr_carea' id='block_1_5' title="bbox 400 714 1980 790">
    <p class='ocr_par' dir='ltr' id='par_1_5' title="bbox 400 714 1980 790">
     <span class='ocr_line' id='line_1_5' title="bbox 400 714 1980 790; baseline -0.004 -17"><span class='ocrx_word' id='word_1_29' title='bbox 400 720 738 790; x_wconf 73' lang='grc' dir='ltr'><strong>φιλάδελφον.</strong></span> <span class='ocrx_word' id='word_1_30' title='bbox 798 720 1011 775; x_wconf 83' lang='lat' dir='ltr'><strong>Rursus</strong></span> <span class='ocrx_word' id='word_1_31' title='bbox 1054 738 1067 773; x_wconf 91' lang='lat'><strong>:</strong></span> <span class='ocrx_word' id='word_1_32' title='bbox 1116 718 1436 782; x_wconf 78' lang='grc' dir='ltr'>Φιλόπαιδες</span> <span class='ocrx_word' id='word_1_33' title='bbox 1475 717 1643 789; x_wconf 77' lang='grc' dir='ltr'><strong>ἄμφω</strong></span> <span class='ocrx_word' id='word_1_34' title='bbox 1689 716 1781 770; x_wconf 80' lang='grc' dir='ltr'>καὶ</span> <span class='ocrx_word' id='word_1_35' title='bbox 1831 714 1980 785; x_wconf 89' lang='grc' dir='ltr'>φιλό-</span> 
     </span>
    </p>
   </div>
   <div class='ocr_carea' id='block_1_6' title="bbox 396 810 2041 885">
    <p class='ocr_par' dir='ltr' id='par_1_6' title="bbox 396 810 2041 885">
     <span class='ocr_line' id='line_1_6' title="bbox 396 810 2041 885; baseline -0.003 -18"><span class='ocrx_word' id='word_1_36' title='bbox 396 831 624 885; x_wconf 86' lang='grc' dir='ltr'>χριστοι,</span> <span class='ocrx_word' id='word_1_37' title='bbox 667 814 727 867; x_wconf 78' lang='grc' dir='ltr'>τὸ</span> <span class='ocrx_word' id='word_1_38' title='bbox 770 812 1225 885; x_wconf 78' lang='grc' dir='ltr'>παραδοξότατον,</span> <span class='ocrx_word' id='word_1_39' title='bbox 1280 811 1476 883; x_wconf 82' lang='grc' dir='ltr'>μᾶλλον</span> <span class='ocrx_word' id='word_1_40' title='bbox 1528 812 1585 865; x_wconf 82' lang='grc' dir='ltr'><strong>δὲ</strong></span> <span class='ocrx_word' id='word_1_41' title='bbox 1647 810 1978 881; x_wconf 82' lang='grc' dir='ltr'>φιλόχριστοι</span> <span class='ocrx_word' id='word_1_42' title='bbox 2034 862 2041 868; x_wconf 76' lang='grc'><strong>,</strong></span> 
     </span>
    </p>
   </div>
   <div class='ocr_carea' id='block_1_7' title="bbox 395 901 1977 975">
    <p class='ocr_par' dir='ltr' id='par_1_7' title="bbox 395 901 1977 975">
     <span class='ocr_line' id='line_1_7' title="bbox 395 901 1977 975; baseline -0.003 -16"><span class='ocrx_word' id='word_1_43' title='bbox 395 904 430 975; x_wconf 69' lang='grc' dir='ltr'><strong>ἢ</strong></span> <span class='ocrx_word' id='word_1_44' title='bbox 467 907 802 975; x_wconf 84' lang='grc' dir='ltr'>φιλόπαιδες.</span> <span class='ocrx_word' id='word_1_45' title='bbox 841 905 1090 971; x_wconf 78' lang='lat' dir='ltr'><strong>Quatuor</strong></span> <span class='ocrx_word' id='word_1_46' title='bbox 1116 905 1282 960; x_wconf 89' lang='lat' dir='ltr'><strong>simul</strong></span> <span class='ocrx_word' id='word_1_47' title='bbox 1315 904 1631 973; x_wconf 88' lang='lat' dir='ltr'><strong>Simplicius</strong></span> <span class='ocrx_word' id='word_1_48' title='bbox 1660 903 1713 957; x_wconf 90' lang='lat' dir='ltr'><strong>in</strong></span> <span class='ocrx_word' id='word_1_49' title='bbox 1760 901 1977 971; x_wconf 87' lang='lat' dir='ltr'><strong>Epicte-</strong></span> 
     </span>
    </p>
   </div>
   <div class='ocr_carea' id='block_1_8' title="bbox 396 989 1981 1065">
    <p class='ocr_par' dir='ltr' id='par_1_8' title="bbox 396 989 1981 1065">
     <span class='ocr_line' id='line_1_8' title="bbox 396 989 1981 1065; baseline -0.004 -18"><span class='ocrx_word' id='word_1_50' title='bbox 396 1003 511 1047; x_wconf 87' lang='lat' dir='ltr'><strong>tum</strong></span> <span class='ocrx_word' id='word_1_51' title='bbox 540 1012 554 1048; x_wconf 88' lang='lat'><strong>:</strong></span> <span class='ocrx_word' id='word_1_52' title='bbox 595 994 719 1046; x_wconf 81' lang='grc' dir='ltr'>’Ὀδε</span> <span class='ocrx_word' id='word_1_53' title='bbox 757 993 855 1065; x_wconf 84' lang='grc' dir='ltr'>μὲν</span> <span class='ocrx_word' id='word_1_54' title='bbox 886 993 1164 1063; x_wconf 78' lang='grc' dir='ltr'>φιλήδονος</span> <span class='ocrx_word' id='word_1_55' title='bbox 1194 991 1364 1045; x_wconf 75' lang='grc' dir='ltr'>ἔσται·</span> <span class='ocrx_word' id='word_1_56' title='bbox 1391 991 1476 1045; x_wconf 85' lang='grc' dir='ltr'><strong>ὅδε</strong></span> <span class='ocrx_word' id='word_1_57' title='bbox 1508 990 1603 1045; x_wconf 82' lang='grc' dir='ltr'>καὶ</span> <span class='ocrx_word' id='word_1_58' title='bbox 1641 989 1981 1061; x_wconf 81' lang='grc' dir='ltr'>φιλοχρήμα-</span> 
     </span>
    </p>
   </div>
   <div class='ocr_carea' id='block_1_9' title="bbox 393 1080 1979 1155">
    <p class='ocr_par' dir='ltr' id='par_1_9' title="bbox 393 1080 1979 1155">
     <span class='ocr_line' id='line_1_9' title="bbox 393 1080 1979 1155; baseline -0.004 -14"><span class='ocrx_word' id='word_1_59' title='bbox 393 1104 506 1151; x_wconf 83' lang='grc' dir='ltr'>τος,</span> <span class='ocrx_word' id='word_1_60' title='bbox 543 1088 637 1140; x_wconf 75' lang='grc' dir='ltr'>καὶ</span> <span class='ocrx_word' id='word_1_61' title='bbox 680 1086 838 1149; x_wconf 81' lang='grc' dir='ltr'>ἄλλος</span> <span class='ocrx_word' id='word_1_62' title='bbox 876 1085 1205 1155; x_wconf 82' lang='grc' dir='ltr'>φιλόμουσος</span> <span class='ocrx_word' id='word_1_63' title='bbox 1238 1084 1333 1138; x_wconf 80' lang='grc' dir='ltr'><strong>καὶ</strong></span> <span class='ocrx_word' id='word_1_64' title='bbox 1368 1083 1674 1153; x_wconf 89' lang='grc' dir='ltr'>φιλόσοφος.</span> <span class='ocrx_word' id='word_1_65' title='bbox 1727 1080 1979 1135; x_wconf 75' lang='lat' dir='ltr'><strong>Clemens</strong></span> 
     </span>
    </p>
   </div>
   <div class='ocr_carea' id='block_1_10' title="bbox 398 1171 1975 1245">
    <p class='ocr_par' dir='ltr' id='par_1_10' title="bbox 398 1171 1975 1245">
     <span class='ocr_line' id='line_1_10' title="bbox 398 1171 1975 1245; baseline -0.006 -13"><span class='ocrx_word' id='word_1_66' title='bbox 398 1176 683 1232; x_wconf 83' lang='lat' dir='ltr'><strong>Romanus</strong></span> <span class='ocrx_word' id='word_1_67' title='bbox 715 1197 728 1231; x_wconf 91' lang='lat'>:</span> <span class='ocrx_word' id='word_1_68' title='bbox 761 1176 834 1230; x_wconf 88' lang='grc' dir='ltr'>Ού</span> <span class='ocrx_word' id='word_1_69' title='bbox 864 1176 1066 1239; x_wconf 77' lang='grc' dir='ltr'>πάντες</span> <span class='ocrx_word' id='word_1_70' title='bbox 1095 1177 1234 1229; x_wconf 67' lang='grc' dir='ltr'>εἰσιν</span> <span class='ocrx_word' id='word_1_71' title='bbox 1258 1175 1509 1245; x_wconf 79' lang='grc' dir='ltr'><strong>ἔπαρχοι,</strong></span> <span class='ocrx_word' id='word_1_72' title='bbox 1539 1172 1659 1226; x_wconf 74' lang='grc' dir='ltr'>οὐδὲ</span> <span class='ocrx_word' id='word_1_73' title='bbox 1690 1171 1975 1243; x_wconf 82' lang='grc' dir='ltr'>χιλίαρχοι,</span> 
     </span>
    </p>
   </div>
   <div class='ocr_carea' id='block_1_11' title="bbox 394 1262 1981 1339">
    <p class='ocr_par' dir='ltr' id='par_1_11' title="bbox 394 1262 1981 1339">
     <span class='ocr_line' id='line_1_11' title="bbox 394 1262 1981 1339; baseline -0.002 -18"><span class='ocrx_word' id='word_1_74' title='bbox 394 1268 515 1322; x_wconf 75' lang='grc' dir='ltr'>οὐδὲ</span> <span class='ocrx_word' id='word_1_75' title='bbox 548 1268 966 1339; x_wconf 80' lang='grc' dir='ltr'><strong>ἑκατόνταρχοι,</strong></span> <span class='ocrx_word' id='word_1_76' title='bbox 1015 1266 1134 1320; x_wconf 84' lang='grc' dir='ltr'>οὐδὲ</span> <span class='ocrx_word' id='word_1_77' title='bbox 1176 1265 1655 1336; x_wconf 74' lang='grc' dir='ltr'>πεντηκόνταρχοι.</span> <span class='ocrx_word' id='word_1_78' title='bbox 1701 1262 1981 1332; x_wconf 78' lang='lat' dir='ltr'><strong>Epictetus</strong></span> 
     </span>
    </p>
   </div>
   <div class='ocr_carea' id='block_1_12' title="bbox 398 1355 1980 1432">
    <p class='ocr_par' dir='ltr' id='par_1_12' title="bbox 398 1355 1980 1432">
     <span class='ocr_line' id='line_1_12' title="bbox 398 1355 1980 1432; baseline -0.006 -16"><span class='ocrx_word' id='word_1_79' title='bbox 398 1363 515 1432; x_wconf 87' lang='lat' dir='ltr'><strong>ipsc</strong></span> <span class='ocrx_word' id='word_1_80' title='bbox 549 1360 694 1431; x_wconf 88' lang='lat' dir='ltr'><strong>apud</strong></span> <span class='ocrx_word' id='word_1_81' title='bbox 746 1361 1021 1415; x_wconf 65' lang='lat' dir='ltr'><strong>Stobaaum</strong></span> <span class='ocrx_word' id='word_1_82' title='bbox 1054 1358 1318 1428; x_wconf 85' lang='lat' dir='ltr'><strong>quinque,</strong></span> <span class='ocrx_word' id='word_1_83' title='bbox 1365 1357 1540 1419; x_wconf 76' lang='grc' dir='ltr'>οὐδεὶς</span> <span class='ocrx_word' id='word_1_84' title='bbox 1578 1355 1980 1427; x_wconf 81' lang='grc' dir='ltr'>φιλοχρήματος</span> 
     </span>
    </p>
   </div>
   <div class='ocr_carea' id='block_1_13' title="bbox 398 1442 1983 1521">
    <p class='ocr_par' dir='ltr' id='par_1_13' title="bbox 398 1442 1983 1521">
     <span class='ocr_line' id='line_1_13' title="bbox 398 1442 1983 1521; baseline -0.002 -20"><span class='ocrx_word' id='word_1_85' title='bbox 398 1449 494 1502; x_wconf 78' lang='grc' dir='ltr'>καὶ</span> <span class='ocrx_word' id='word_1_86' title='bbox 527 1448 827 1521; x_wconf 83' lang='grc' dir='ltr'>φιλήδονος,</span> <span class='ocrx_word' id='word_1_87' title='bbox 864 1449 958 1502; x_wconf 75' lang='grc' dir='ltr'><strong>καὶ</strong></span> <span class='ocrx_word' id='word_1_88' title='bbox 988 1446 1263 1517; x_wconf 81' lang='grc' dir='ltr'>φιλόδοξος</span> <span class='ocrx_word' id='word_1_89' title='bbox 1294 1446 1691 1517; x_wconf 84' lang='grc' dir='ltr'>φιλάνθρωπος,</span> <span class='ocrx_word' id='word_1_90' title='bbox 1727 1442 1860 1499; x_wconf 79' lang='grc' dir='ltr'>ἀλλὰ</span> <span class='ocrx_word' id='word_1_91' title='bbox 1888 1444 1983 1515; x_wconf 79' lang='grc' dir='ltr'><strong>μό-</strong></span> 
     </span>
    </p>
   </div>
   <div class='ocr_carea' id='block_1_14' title="bbox 398 1540 879 1609">
    <p class='ocr_par' dir='ltr' id='par_1_14' title="bbox 398 1540 879 1609">
     <span class='ocr_line' id='line_1_14' title="bbox 398 1540 879 1609; baseline 0 -16"><span class='ocrx_word' id='word_1_92' title='bbox 398 1558 488 1604; x_wconf 92' lang='grc' dir='ltr'><strong>νος</strong></span> <span class='ocrx_word' id='word_1_93' title='bbox 517 1543 546 1593; x_wconf 87' lang='grc' dir='ltr'>ὁ</span> <span class='ocrx_word' id='word_1_94' title='bbox 572 1540 879 1609; x_wconf 84' lang='grc' dir='ltr'>φιλόκαλος.</span> 
     </span>
    </p>
   </div>
   <div class='ocr_carea' id='block_1_15' title="bbox 472 1626 1981 1701">
    <p class='ocr_par' dir='ltr' id='par_1_15' title="bbox 472 1626 1981 1701">
     <span class='ocr_line' id='line_1_15' title="bbox 472 1626 1981 1701; baseline -0.001 -18"><span class='ocrx_word' id='word_1_95' title='bbox 472 1628 767 1701; x_wconf 84' lang='lat' dir='ltr'><strong>Hucusque</strong></span> <span class='ocrx_word' id='word_1_96' title='bbox 796 1629 1133 1700; x_wconf 75' lang='lat' dir='ltr'><strong>argumentis</strong></span> <span class='ocrx_word' id='word_1_97' title='bbox 1154 1628 1290 1682; x_wconf 85' lang='lat' dir='ltr'><strong>nihil</strong></span> <span class='ocrx_word' id='word_1_98' title='bbox 1318 1627 1589 1697; x_wconf 76' lang='lat' dir='ltr'><strong>promovit</strong></span> <span class='ocrx_word' id='word_1_99' title='bbox 1616 1627 1700 1681; x_wconf 86' lang='lat' dir='ltr'><strong>vir</strong></span> <span class='ocrx_word' id='word_1_100' title='bbox 1728 1626 1981 1682; x_wconf 85' lang='lat' dir='ltr'><strong>doctissi-</strong></span> 
     </span>
    </p>
   </div>
   <div class='ocr_carea' id='block_1_16' title="bbox 402 1718 1975 1791">
    <p class='ocr_par' dir='ltr' id='par_1_16' title="bbox 402 1718 1975 1791">
     <span class='ocr_line' id='line_1_16' title="bbox 402 1718 1975 1791; baseline -0.001 -15"><span class='ocrx_word' id='word_1_101' title='bbox 402 1738 561 1788; x_wconf 90' lang='lat' dir='ltr'><strong>mus;</strong></span> <span class='ocrx_word' id='word_1_102' title='bbox 600 1722 886 1777; x_wconf 80' lang='lat' dir='ltr'><strong>videamus</strong></span> <span class='ocrx_word' id='word_1_103' title='bbox 920 1722 1051 1791; x_wconf 90' lang='lat' dir='ltr'><strong>quid</strong></span> <span class='ocrx_word' id='word_1_104' title='bbox 1090 1720 1424 1791; x_wconf 82' lang='lat' dir='ltr'><strong>conjecturis</strong></span> <span class='ocrx_word' id='word_1_105' title='bbox 1466 1719 1661 1791; x_wconf 89' lang='lat' dir='ltr'><strong>possit.</strong></span> <span class='ocrx_word' id='word_1_106' title='bbox 1717 1738 1736 1771; x_wconf 86' lang='grc'><strong>‹</strong></span> <span class='ocrx_word' id='word_1_107' title='bbox 1795 1718 1975 1785; x_wconf 84' lang='lat' dir='ltr'><strong>Ratio,</strong></span> 
     </span>
    </p>
   </div>
   <div class='ocr_carea' id='block_1_17' title="bbox 404 1811 1981 1884">
    <p class='ocr_par' dir='ltr' id='par_1_17' title="bbox 404 1811 1981 1884">
     <span class='ocr_line' id='line_1_17' title="bbox 404 1811 1981 1884; baseline -0.001 -17"><span class='ocrx_word' id='word_1_108' title='bbox 404 1814 603 1884; x_wconf 85' lang='lat' dir='ltr'><strong>inquit,</strong></span> <span class='ocrx_word' id='word_1_109' title='bbox 630 1831 730 1869; x_wconf 90' lang='lat' dir='ltr'><strong>cur</strong></span> <span class='ocrx_word' id='word_1_110' title='bbox 766 1814 869 1869; x_wconf 87' lang='lat' dir='ltr'><strong>ista</strong></span> <span class='ocrx_word' id='word_1_111' title='bbox 911 1823 1017 1869; x_wconf 91' lang='lat' dir='ltr'><strong>tam</strong></span> <span class='ocrx_word' id='word_1_112' title='bbox 1056 1813 1217 1868; x_wconf 84' lang='lat' dir='ltr'><strong>avide</strong></span> <span class='ocrx_word' id='word_1_113' title='bbox 1261 1822 1484 1882; x_wconf 85' lang='lat' dir='ltr'><strong>tamque</strong></span> <span class='ocrx_word' id='word_1_114' title='bbox 1516 1811 1760 1867; x_wconf 89' lang='lat' dir='ltr'><strong>studiose</strong></span> <span class='ocrx_word' id='word_1_115' title='bbox 1787 1826 1981 1866; x_wconf 85' lang='lat' dir='ltr'><strong>conse-</strong></span> 
     </span>
    </p>
   </div>
   <div class='ocr_carea' id='block_1_18' title="bbox 400 1901 1980 1971">
    <p class='ocr_par' dir='ltr' id='par_1_18' title="bbox 400 1901 1980 1971">
     <span class='ocr_line' id='line_1_18' title="bbox 400 1901 1980 1971; baseline -0.003 -13"><span class='ocrx_word' id='word_1_116' title='bbox 400 1912 581 1959; x_wconf 87' lang='lat' dir='ltr'><strong>ctatus</strong></span> <span class='ocrx_word' id='word_1_117' title='bbox 604 1906 694 1970; x_wconf 89' lang='lat' dir='ltr'><strong>sit,</strong></span> <span class='ocrx_word' id='word_1_118' title='bbox 728 1920 836 1959; x_wconf 89' lang='lat' dir='ltr'><strong>non</strong></span> <span class='ocrx_word' id='word_1_119' title='bbox 882 1913 964 1958; x_wconf 83' lang='lat' dir='ltr'><strong>est</strong></span> <span class='ocrx_word' id='word_1_120' title='bbox 988 1904 1245 1960; x_wconf 89' lang='lat' dir='ltr'><strong>obscura.</strong></span> <span class='ocrx_word' id='word_1_121' title='bbox 1276 1901 1549 1956; x_wconf 88' lang='lat' dir='ltr'><strong>Nimirum</strong></span> <span class='ocrx_word' id='word_1_122' title='bbox 1581 1901 1679 1969; x_wconf 85' lang='lat' dir='ltr'><strong>qui</strong></span> <span class='ocrx_word' id='word_1_123' title='bbox 1719 1916 1980 1971; x_wconf 85' lang='lat' dir='ltr'><strong>magnum</strong></span> 
     </span>
    </p>
   </div>
   <div class='ocr_carea' id='block_1_19' title="bbox 401 1997 1984 2069">
    <p class='ocr_par' dir='ltr' id='par_1_19' title="bbox 401 1997 1984 2069">
     <span class='ocr_line' id='line_1_19' title="bbox 401 1997 1984 2069; baseline -0.003 -14"><span class='ocrx_word' id='word_1_124' title='bbox 401 2002 577 2056; x_wconf 89' lang='lat' dir='ltr'><strong>virum</strong></span> <span class='ocrx_word' id='word_1_125' title='bbox 613 2002 984 2055; x_wconf 91' lang='lat' dir='ltr'><strong>simulandum</strong></span> <span class='ocrx_word' id='word_1_126' title='bbox 1023 2000 1180 2054; x_wconf 83' lang='lat' dir='ltr'><strong>finxit</strong></span> <span class='ocrx_word' id='word_1_127' title='bbox 1212 2003 1279 2069; x_wconf 91' lang='lat' dir='ltr'><strong>(si</strong></span> <span class='ocrx_word' id='word_1_128' title='bbox 1310 2000 1358 2054; x_wconf 90' lang='lat' dir='ltr'><strong>ci</strong></span> <span class='ocrx_word' id='word_1_129' title='bbox 1392 1998 1684 2053; x_wconf 86' lang='lat' dir='ltr'><strong>credamus</strong></span> <span class='ocrx_word' id='word_1_130' title='bbox 1708 1997 1803 2067; x_wconf 91' lang='lat' dir='ltr'><strong>qui</strong></span> <span class='ocrx_word' id='word_1_131' title='bbox 1836 1998 1984 2052; x_wconf 85' lang='lat' dir='ltr'><strong>licto-</strong></span> 
     </span>
    </p>
   </div>
   <div class='ocr_carea' id='block_1_20' title="bbox 399 2089 1984 2164">
    <p class='ocr_par' dir='ltr' id='par_1_20' title="bbox 399 2089 1984 2164">
     <span class='ocr_line' id='line_1_20' title="bbox 399 2089 1984 2164; baseline -0.003 -17"><span class='ocrx_word' id='word_1_132' title='bbox 399 2109 514 2148; x_wconf 90' lang='lat' dir='ltr'><strong>rcm</strong></span> <span class='ocrx_word' id='word_1_133' title='bbox 548 2094 726 2163; x_wconf 90' lang='lat' dir='ltr'><strong>ipsum</strong></span> <span class='ocrx_word' id='word_1_134' title='bbox 746 2093 1173 2164; x_wconf 76' lang='lat' dir='ltr'><strong>finxit),putavit</strong></span> <span class='ocrx_word' id='word_1_135' title='bbox 1199 2093 1441 2163; x_wconf 86' lang='lat' dir='ltr'><strong>aliquam</strong></span> <span class='ocrx_word' id='word_1_136' title='bbox 1465 2092 1762 2161; x_wconf 67' lang='lat' dir='ltr'><strong>lgnatiante</strong></span> <span class='ocrx_word' id='word_1_137' title='bbox 1779 2089 1984 2161; x_wconf 86' lang='lat' dir='ltr'><strong>magni-</strong></span> 
     </span>
    </p>
   </div>
   <div class='ocr_carea' id='block_1_21' title="bbox 400 2182 1984 2254">
    <p class='ocr_par' dir='ltr' id='par_1_21' title="bbox 400 2182 1984 2254">
     <span class='ocr_line' id='line_1_21' title="bbox 400 2182 1984 2254; baseline -0.001 -16"><span class='ocrx_word' id='word_1_138' title='bbox 400 2184 605 2240; x_wconf 86' lang='lat' dir='ltr'><strong>tudinis</strong></span> <span class='ocrx_word' id='word_1_139' title='bbox 628 2185 865 2254; x_wconf 87' lang='lat' dir='ltr'><strong>speciem</strong></span> <span class='ocrx_word' id='word_1_140' title='bbox 890 2185 1247 2254; x_wconf 66' lang='lat' dir='ltr'><strong>praabiturum</strong></span> <span class='ocrx_word' id='word_1_141' title='bbox 1277 2198 1586 2243; x_wconf 87' lang='lat' dir='ltr'><strong>sermonem</strong></span> <span class='ocrx_word' id='word_1_142' title='bbox 1609 2199 1674 2238; x_wconf 81' lang='lat' dir='ltr'><strong>ex</strong></span> <span class='ocrx_word' id='word_1_143' title='bbox 1696 2182 1984 2252; x_wconf 73' lang='lat' dir='ltr'><strong>huiusmo-</strong></span> 
     </span>
    </p>
   </div>
   <div class='ocr_carea' id='block_1_22' title="bbox 398 2274 1984 2347">
    <p class='ocr_par' dir='ltr' id='par_1_22' title="bbox 398 2274 1984 2347">
     <span class='ocr_line' id='line_1_22' title="bbox 398 2274 1984 2347; baseline -0.001 -17"><span class='ocrx_word' id='word_1_144' title='bbox 398 2276 454 2330; x_wconf 88' lang='lat' dir='ltr'><strong>di</strong></span> <span class='ocrx_word' id='word_1_145' title='bbox 494 2276 575 2330; x_wconf 88' lang='lat' dir='ltr'><strong>vel</strong></span> <span class='ocrx_word' id='word_1_146' title='bbox 616 2278 834 2345; x_wconf 85' lang='lat' dir='ltr'><strong>priscis,</strong></span> <span class='ocrx_word' id='word_1_147' title='bbox 862 2278 946 2331; x_wconf 89' lang='lat' dir='ltr'><strong>vel</strong></span> <span class='ocrx_word' id='word_1_148' title='bbox 979 2278 1121 2332; x_wconf 91' lang='lat' dir='ltr'><strong>raris</strong></span> <span class='ocrx_word' id='word_1_149' title='bbox 1153 2277 1238 2333; x_wconf 88' lang='lat' dir='ltr'><strong>vel</strong></span> <span class='ocrx_word' id='word_1_150' title='bbox 1270 2276 1594 2347; x_wconf 82' lang='lat' dir='ltr'><strong>grandibus,</strong></span> <span class='ocrx_word' id='word_1_151' title='bbox 1630 2275 1713 2330; x_wconf 88' lang='lat' dir='ltr'><strong>vel</strong></span> <span class='ocrx_word' id='word_1_152' title='bbox 1759 2274 1984 2329; x_wconf 87' lang='lat' dir='ltr'><strong>audaci-</strong></span> 
     </span>
    </p>
   </div>
   <div class='ocr_carea' id='block_1_23' title="bbox 399 2368 1981 2424">
    <p class='ocr_par' dir='ltr' id='par_1_23' title="bbox 399 2368 1981 2424">
     <span class='ocr_line' id='line_1_23' title="bbox 399 2368 1981 2424; baseline 0 -1"><span class='ocrx_word' id='word_1_153' title='bbox 399 2368 504 2423; x_wconf 83' lang='lat' dir='ltr'><strong>bus</strong></span> <span class='ocrx_word' id='word_1_154' title='bbox 536 2370 715 2424; x_wconf 82' lang='lat' dir='ltr'><strong>verbis</strong></span> <span class='ocrx_word' id='word_1_155' title='bbox 738 2380 1025 2424; x_wconf 88' lang='lat' dir='ltr'><strong>structum.</strong></span> <span class='ocrx_word' id='word_1_156' title='bbox 1050 2390 1068 2421; x_wconf 74' lang='grc' dir='ltr'><strong>ι</strong></span> <span class='ocrx_word' id='word_1_157' title='bbox 1094 2370 1423 2424; x_wconf 68' lang='grc' dir='ltr'>Ρταξοιιινιιηι</span> <span class='ocrx_word' id='word_1_158' title='bbox 1461 2385 1592 2424; x_wconf 86' lang='lat' dir='ltr'><strong>sane</strong></span> <span class='ocrx_word' id='word_1_159' title='bbox 1608 2377 1981 2424; x_wconf 85' lang='lat' dir='ltr'><strong>commentum</strong></span> 
     </span>
    </p>
   </div>
   <div class='ocr_carea' id='block_1_24' title="bbox 399 2457 1983 2529">
    <p class='ocr_par' dir='ltr' id='par_1_24' title="bbox 399 2457 1983 2529">
     <span class='ocr_line' id='line_1_24' title="bbox 399 2457 1983 2529; baseline 0.001 -17"><span class='ocrx_word' id='word_1_160' title='bbox 399 2466 457 2512; x_wconf 87' lang='lat' dir='ltr'><strong>et</strong></span> <span class='ocrx_word' id='word_1_161' title='bbox 502 2458 835 2513; x_wconf 90' lang='lat' dir='ltr'><strong>bariolatore</strong></span> <span class='ocrx_word' id='word_1_162' title='bbox 887 2459 1153 2528; x_wconf 82' lang='lat' dir='ltr'><strong>dignum!</strong></span> <span class='ocrx_word' id='word_1_163' title='bbox 1205 2458 1345 2524; x_wconf 85' lang='lat' dir='ltr'><strong>Quid</strong></span> <span class='ocrx_word' id='word_1_164' title='bbox 1377 2458 1560 2512; x_wconf 81' lang='lat' dir='ltr'><strong>enim?</strong></span> <span class='ocrx_word' id='word_1_165' title='bbox 1588 2474 1655 2513; x_wconf 89' lang='lat' dir='ltr'><strong>an</strong></span> <span class='ocrx_word' id='word_1_166' title='bbox 1704 2457 1983 2529; x_wconf 74' lang='lat' dir='ltr'><strong>lgnatiana</strong></span> 
     </span>
    </p>
   </div>
   <div class='ocr_carea' id='block_1_25' title="bbox 402 2548 1984 2620">
    <p class='ocr_par' dir='ltr' id='par_1_25' title="bbox 402 2548 1984 2620">
     <span class='ocr_line' id='line_1_25' title="bbox 402 2548 1984 2620; baseline 0.001 -18"><span class='ocrx_word' id='word_1_167' title='bbox 402 2550 722 2620; x_wconf 79' lang='lat' dir='ltr'><strong>magnitudo</strong></span> <span class='ocrx_word' id='word_1_168' title='bbox 753 2566 819 2604; x_wconf 83' lang='lat' dir='ltr'><strong>ex</strong></span> <span class='ocrx_word' id='word_1_169' title='bbox 841 2550 1030 2620; x_wconf 82' lang='lat' dir='ltr'><strong>grandi</strong></span> <span class='ocrx_word' id='word_1_170' title='bbox 1059 2564 1313 2604; x_wconf 86' lang='lat' dir='ltr'><strong>sermone</strong></span> <span class='ocrx_word' id='word_1_171' title='bbox 1339 2548 1606 2614; x_wconf 82' lang='lat' dir='ltr'><strong>conﬂata,</strong></span> <span class='ocrx_word' id='word_1_172' title='bbox 1638 2558 1695 2604; x_wconf 93' lang='lat' dir='ltr'><strong>et</strong></span> <span class='ocrx_word' id='word_1_173' title='bbox 1720 2551 1984 2605; x_wconf 80' lang='lat' dir='ltr'><strong>fortitudo</strong></span> 
     </span>
    </p>
   </div>
   <div class='ocr_carea' id='block_1_26' title="bbox 402 2640 1983 2712">
    <p class='ocr_par' dir='ltr' id='par_1_26' title="bbox 402 2640 1983 2712">
     <span class='ocr_line' id='line_1_26' title="bbox 402 2640 1983 2712; baseline -0.002 -13"><span class='ocrx_word' id='word_1_174' title='bbox 402 2641 735 2699; x_wconf 83' lang='lat' dir='ltr'><strong>sanctissimi</strong></span> <span class='ocrx_word' id='word_1_175' title='bbox 762 2641 1017 2712; x_wconf 89' lang='lat' dir='ltr'><strong>martyris</strong></span> <span class='ocrx_word' id='word_1_176' title='bbox 1044 2656 1111 2696; x_wconf 82' lang='lat' dir='ltr'><strong>ex</strong></span> <span class='ocrx_word' id='word_1_177' title='bbox 1146 2640 1324 2694; x_wconf 90' lang='lat' dir='ltr'><strong>verbis</strong></span> <span class='ocrx_word' id='word_1_178' title='bbox 1353 2640 1655 2696; x_wconf 86' lang='lat' dir='ltr'><strong>audacibus</strong></span> <span class='ocrx_word' id='word_1_179' title='bbox 1680 2641 1983 2711; x_wconf 90' lang='lat' dir='ltr'><strong>composita</strong></span> 
     </span>
    </p>
   </div>
   <div class='ocr_carea' id='block_1_27' title="bbox 402 2732 1982 2804">
    <p class='ocr_par' dir='ltr' id='par_1_27' title="bbox 402 2732 1982 2804">
     <span class='ocr_line' id='line_1_27' title="bbox 402 2732 1982 2804; baseline -0.001 -14"><span class='ocrx_word' id='word_1_180' title='bbox 402 2734 639 2804; x_wconf 89' lang='lat' dir='ltr'><strong>cuipiam</strong></span> <span class='ocrx_word' id='word_1_181' title='bbox 664 2733 835 2788; x_wconf 89' lang='lat' dir='ltr'><strong>videri</strong></span> <span class='ocrx_word' id='word_1_182' title='bbox 870 2733 1081 2803; x_wconf 88' lang='lat' dir='ltr'><strong>potuit?</strong></span> <span class='ocrx_word' id='word_1_183' title='bbox 1102 2732 1181 2786; x_wconf 86' lang='lat' dir='ltr'><strong>An</strong></span> <span class='ocrx_word' id='word_1_184' title='bbox 1216 2733 1338 2788; x_wconf 88' lang='lat' dir='ltr'><strong>ideo</strong></span> <span class='ocrx_word' id='word_1_185' title='bbox 1368 2734 1664 2803; x_wconf 87' lang='lat' dir='ltr'><strong>quisquam</strong></span> <span class='ocrx_word' id='word_1_186' title='bbox 1694 2749 1819 2789; x_wconf 90' lang='lat' dir='ltr'><strong>eum</strong></span> <span class='ocrx_word' id='word_1_187' title='bbox 1856 2735 1982 2790; x_wconf 89' lang='lat' dir='ltr'><strong>forti</strong></span> 
     </span>
    </p>
   </div>
   <div class='ocr_carea' id='block_1_28' title="bbox 403 2821 1984 2880">
    <p class='ocr_par' dir='ltr' id='par_1_28' title="bbox 403 2821 1984 2880">
     <span class='ocr_line' id='line_1_28' title="bbox 403 2821 1984 2880; baseline 0.001 -3"><span class='ocrx_word' id='word_1_188' title='bbox 403 2833 459 2878; x_wconf 74' lang='lat' dir='ltr'><strong>rt</strong></span> <span class='ocrx_word' id='word_1_189' title='bbox 492 2823 659 2878; x_wconf 89' lang='lat' dir='ltr'><strong>alacri</strong></span> <span class='ocrx_word' id='word_1_190' title='bbox 694 2824 882 2879; x_wconf 87' lang='lat' dir='ltr'><strong>animo</strong></span> <span class='ocrx_word' id='word_1_191' title='bbox 923 2822 991 2877; x_wconf 91' lang='lat' dir='ltr'><strong>ad</strong></span> <span class='ocrx_word' id='word_1_192' title='bbox 1047 2821 1515 2880; x_wconf 88' lang='lat' dir='ltr'><strong>ferocissimarum</strong></span> <span class='ocrx_word' id='word_1_193' title='bbox 1547 2824 1846 2880; x_wconf 86' lang='lat' dir='ltr'><strong>bestiarum</strong></span> <span class='ocrx_word' id='word_1_194' title='bbox 1886 2839 1984 2879; x_wconf 89' lang='lat' dir='ltr'><strong>ora</strong></span> 
     </span>
    </p>
   </div>
   <div class='ocr_carea' id='block_1_29' title="bbox 403 2913 1984 2988">
    <p class='ocr_par' dir='ltr' id='par_1_29' title="bbox 403 2913 1984 2988">
     <span class='ocr_line' id='line_1_29' title="bbox 403 2913 1984 2988; baseline 0 -20"><span class='ocrx_word' id='word_1_195' title='bbox 403 2931 728 2986; x_wconf 79' lang='lat' dir='ltr'><strong>properasse</strong></span> <span class='ocrx_word' id='word_1_196' title='bbox 760 2922 993 2985; x_wconf 75' lang='lat' dir='ltr'><strong>putaret,</strong></span> <span class='ocrx_word' id='word_1_197' title='bbox 1023 2914 1169 2985; x_wconf 89' lang='lat' dir='ltr'><strong>quod</strong></span> <span class='ocrx_word' id='word_1_198' title='bbox 1200 2913 1545 2971; x_wconf 89' lang='lat' dir='ltr'><strong>Christianos</strong></span> <span class='ocrx_word' id='word_1_199' title='bbox 1577 2925 1672 2971; x_wconf 91' lang='lat' dir='ltr'><strong>aut</strong></span> <span class='ocrx_word' id='word_1_200' title='bbox 1692 2914 1984 2988; x_wconf 84' lang='grc' dir='ltr'>θεοφόρους</span> 
     </span>
    </p>
   </div>
   <div class='ocr_carea' id='block_1_30' title="bbox 405 3008 1984 3079">
    <p class='ocr_par' dir='ltr' id='par_1_30' title="bbox 405 3008 1984 3079">
     <span class='ocr_line' id='line_1_30' title="bbox 405 3008 1984 3079; baseline 0.001 -17"><span class='ocrx_word' id='word_1_201' title='bbox 405 3016 500 3062; x_wconf 89' lang='lat' dir='ltr'><strong>aut</strong></span> <span class='ocrx_word' id='word_1_202' title='bbox 520 3008 931 3079; x_wconf 83' lang='grc' dir='ltr'>χριστοφόρους,</span> <span class='ocrx_word' id='word_1_203' title='bbox 960 3016 1053 3062; x_wconf 90' lang='lat' dir='ltr'><strong>aut</strong></span> <span class='ocrx_word' id='word_1_204' title='bbox 1101 3009 1398 3079; x_wconf 87' lang='grc' dir='ltr'>ναοφόρους</span> <span class='ocrx_word' id='word_1_205' title='bbox 1430 3008 1803 3071; x_wconf 87' lang='lat' dir='ltr'><strong>nominasset,</strong></span> <span class='ocrx_word' id='word_1_206' title='bbox 1836 3008 1984 3078; x_wconf 90' lang='lat' dir='ltr'><strong>quod</strong></span> 
     </span>
    </p>
   </div>
   <div class='ocr_carea' id='block_1_31' title="bbox 404 3101 1986 3174">
    <p class='ocr_par' dir='ltr' id='par_1_31' title="bbox 404 3101 1986 3174">
     <span class='ocr_line' id='line_1_31' title="bbox 404 3101 1986 3174; baseline 0.002 -20"><span class='ocrx_word' id='word_1_207' title='bbox 404 3101 809 3172; x_wconf 76' lang='grc' dir='ltr'>πραῦπάθειαν,</span> <span class='ocrx_word' id='word_1_208' title='bbox 841 3112 934 3156; x_wconf 91' lang='lat' dir='ltr'><strong>aut</strong></span> <span class='ocrx_word' id='word_1_209' title='bbox 961 3101 1348 3174; x_wconf 84' lang='grc' dir='ltr'>βεϐαιοσύνην,</span> <span class='ocrx_word' id='word_1_210' title='bbox 1384 3110 1479 3157; x_wconf 88' lang='lat' dir='ltr'><strong>aut</strong></span> <span class='ocrx_word' id='word_1_211' title='bbox 1521 3102 1865 3173; x_wconf 78' lang='grc' dir='ltr'>ἀκαυχησίαν</span> <span class='ocrx_word' id='word_1_212' title='bbox 1901 3102 1986 3157; x_wconf 90' lang='lat' dir='ltr'><strong>in-</strong></span> 
     </span>
    </p>
   </div>
   <div class='ocr_carea' id='block_1_32' title="bbox 404 3193 1987 3265">
    <p class='ocr_par' dir='ltr' id='par_1_32' title="bbox 404 3193 1987 3265">
     <span class='ocr_line' id='line_1_32' title="bbox 404 3193 1987 3265; baseline 0.002 -17"><span class='ocrx_word' id='word_1_213' title='bbox 404 3195 647 3249; x_wconf 86' lang='lat' dir='ltr'><strong>credibili</strong></span> <span class='ocrx_word' id='word_1_214' title='bbox 685 3195 912 3249; x_wconf 88' lang='lat' dir='ltr'><strong>audacia</strong></span> <span class='ocrx_word' id='word_1_215' title='bbox 951 3195 1004 3249; x_wconf 93' lang='lat' dir='ltr'><strong>in</strong></span> <span class='ocrx_word' id='word_1_216' title='bbox 1051 3195 1296 3265; x_wconf 86' lang='lat' dir='ltr'><strong>epistolis</strong></span> <span class='ocrx_word' id='word_1_217' title='bbox 1347 3195 1665 3265; x_wconf 78' lang='lat' dir='ltr'><strong>scripserit?</strong></span> <span class='ocrx_word' id='word_1_218' title='bbox 1718 3193 1987 3265; x_wconf 84' lang='lat' dir='ltr'><strong>Pleraque</strong></span> 
     </span>
    </p>
   </div>
   <div class='ocr_carea' id='block_1_33' title="bbox 407 3286 1987 3359">
    <p class='ocr_par' dir='ltr' id='par_1_33' title="bbox 407 3286 1987 3359">
     <span class='ocr_line' id='line_1_33' title="bbox 407 3286 1987 3359; baseline 0 -17"><span class='ocrx_word' id='word_1_219' title='bbox 407 3288 524 3342; x_wconf 70' lang='lat' dir='ltr'><strong>haec</strong></span> <span class='ocrx_word' id='word_1_220' title='bbox 560 3287 781 3357; x_wconf 84' lang='lat' dir='ltr'><strong>quidem</strong></span> <span class='ocrx_word' id='word_1_221' title='bbox 815 3304 843 3342; x_wconf 93' lang='lat' dir='ltr'><strong>a</strong></span> <span class='ocrx_word' id='word_1_222' title='bbox 876 3286 1157 3342; x_wconf 88' lang='lat' dir='ltr'><strong>Blondello</strong></span> <span class='ocrx_word' id='word_1_223' title='bbox 1190 3297 1376 3359; x_wconf 83' lang='lat' dir='ltr'><strong>notata</strong></span> <span class='ocrx_word' id='word_1_224' title='bbox 1409 3298 1568 3354; x_wconf 85' lang='lat' dir='ltr'><strong>sunt;</strong></span> <span class='ocrx_word' id='word_1_225' title='bbox 1617 3288 1713 3345; x_wconf 87' lang='lat' dir='ltr'><strong>sed</strong></span> <span class='ocrx_word' id='word_1_226' title='bbox 1738 3297 1800 3342; x_wconf 94' lang='lat' dir='ltr'><strong>ut</strong></span> <span class='ocrx_word' id='word_1_227' title='bbox 1826 3296 1987 3358; x_wconf 91' lang='lat' dir='ltr'><strong>putre</strong></span> 
     </span>
    </p>
   </div>
   <div class='ocr_carea' id='block_1_34' title="bbox 406 3379 1987 3450">
    <p class='ocr_par' dir='ltr' id='par_1_34' title="bbox 406 3379 1987 3450">
     <span class='ocr_line' id='line_1_34' title="bbox 406 3379 1987 3450; baseline -0.001 -16"><span class='ocrx_word' id='word_1_228' title='bbox 406 3380 732 3434; x_wconf 72' lang='lat' dir='ltr'><strong>fermentum</strong></span> <span class='ocrx_word' id='word_1_229' title='bbox 762 3382 830 3433; x_wconf 88' lang='lat' dir='ltr'><strong>ab</strong></span> <span class='ocrx_word' id='word_1_230' title='bbox 856 3379 1064 3450; x_wconf 86' lang='lat' dir='ltr'><strong>lgnatio</strong></span> <span class='ocrx_word' id='word_1_231' title='bbox 1089 3380 1442 3446; x_wconf 89' lang='lat' dir='ltr'><strong>amoliretur;</strong></span> <span class='ocrx_word' id='word_1_232' title='bbox 1473 3395 1646 3449; x_wconf 83' lang='lat' dir='ltr'><strong>neque</strong></span> <span class='ocrx_word' id='word_1_233' title='bbox 1672 3380 1816 3437; x_wconf 85' lang='lat' dir='ltr'><strong>enim</strong></span> <span class='ocrx_word' id='word_1_234' title='bbox 1850 3380 1987 3434; x_wconf 85' lang='lat' dir='ltr'><strong>adeo</strong></span> 
     </span>
    </p>
   </div>
   <div class='ocr_carea' id='block_1_35' title="bbox 406 3471 1989 3543">
    <p class='ocr_par' dir='ltr' id='par_1_35' title="bbox 406 3471 1989 3543">
     <span class='ocr_line' id='line_1_35' title="bbox 406 3471 1989 3543; baseline -0.001 -16"><span class='ocrx_word' id='word_1_235' title='bbox 406 3471 689 3537; x_wconf 85' lang='lat' dir='ltr'><strong>lnsanivit,</strong></span> <span class='ocrx_word' id='word_1_236' title='bbox 718 3480 778 3526; x_wconf 91' lang='lat' dir='ltr'><strong>ut</strong></span> <span class='ocrx_word' id='word_1_237' title='bbox 793 3473 859 3527; x_wconf 92' lang='lat' dir='ltr'><strong>ad</strong></span> <span class='ocrx_word' id='word_1_238' title='bbox 880 3471 1169 3543; x_wconf 76' lang='lat' dir='ltr'><strong>lgnatiana:</strong></span> <span class='ocrx_word' id='word_1_239' title='bbox 1186 3472 1575 3539; x_wconf 72' lang='lat' dir='ltr'><strong>magnitudinis</strong></span> <span class='ocrx_word' id='word_1_240' title='bbox 1597 3473 1830 3543; x_wconf 85' lang='lat' dir='ltr'><strong>speciem</strong></span> <span class='ocrx_word' id='word_1_241' title='bbox 1848 3487 1989 3542; x_wconf 59' lang='lat' dir='ltr'><strong>prae.</strong></span> 
     </span>
    </p>
   </div>
   <div class='ocr_carea' id='block_1_36' title="bbox 406 3561 1985 3631">
    <p class='ocr_par' dir='ltr' id='par_1_36' title="bbox 406 3561 1985 3631">
     <span class='ocr_line' id='line_1_36' title="bbox 406 3561 1985 3631; baseline 0 -14"><span class='ocrx_word' id='word_1_242' title='bbox 406 3561 640 3617; x_wconf 70' lang='lat' dir='ltr'><strong>lzendam</strong></span> <span class='ocrx_word' id='word_1_243' title='bbox 676 3561 791 3616; x_wconf 67' lang='lat' dir='ltr'><strong>haec</strong></span> <span class='ocrx_word' id='word_1_244' title='bbox 819 3562 1126 3631; x_wconf 74' lang='lat' dir='ltr'><strong>excogitata</strong></span> <span class='ocrx_word' id='word_1_245' title='bbox 1175 3577 1297 3617; x_wconf 89' lang='lat' dir='ltr'><strong>esse</strong></span> <span class='ocrx_word' id='word_1_246' title='bbox 1319 3562 1543 3616; x_wconf 86' lang='lat' dir='ltr'><strong>diceret.</strong></span> <span class='ocrx_word' id='word_1_247' title='bbox 1587 3561 1827 3617; x_wconf 85' lang='lat' dir='ltr'><strong>Grandia</strong></span> <span class='ocrx_word' id='word_1_248' title='bbox 1869 3563 1985 3617; x_wconf 59' lang='lat' dir='ltr'><strong>haec</strong></span> 
     </span>
    </p>
   </div>
   <div class='ocr_carea' id='block_1_37' title="bbox 407 3654 1989 3723">
    <p class='ocr_par' dir='ltr' id='par_1_37' title="bbox 407 3654 1989 3723">
     <span class='ocr_line' id='line_1_37' title="bbox 407 3654 1989 3723; baseline 0.001 -15"><span class='ocrx_word' id='word_1_249' title='bbox 407 3670 515 3708; x_wconf 89' lang='lat' dir='ltr'><strong>non</strong></span> <span class='ocrx_word' id='word_1_250' title='bbox 540 3669 661 3709; x_wconf 87' lang='lat' dir='ltr'><strong>esse</strong></span> <span class='ocrx_word' id='word_1_251' title='bbox 690 3654 953 3709; x_wconf 89' lang='lat' dir='ltr'><strong>vocabula</strong></span> <span class='ocrx_word' id='word_1_252' title='bbox 997 3663 1092 3708; x_wconf 85' lang='lat' dir='ltr'><strong>aut</strong></span> <span class='ocrx_word' id='word_1_253' title='bbox 1119 3654 1348 3709; x_wconf 90' lang='lat' dir='ltr'><strong>audacia</strong></span> <span class='ocrx_word' id='word_1_254' title='bbox 1398 3669 1565 3723; x_wconf 89' lang='lat' dir='ltr'><strong>supra</strong></span> <span class='ocrx_word' id='word_1_255' title='bbox 1597 3654 1895 3721; x_wconf 83' lang='lat' dir='ltr'><strong>evicimus;</strong></span> <span class='ocrx_word' id='word_1_256' title='bbox 1933 3663 1989 3710; x_wconf 91' lang='lat' dir='ltr'><strong>et</strong></span> 
     </span>
    </p>
   </div>
   <div class='ocr_carea' id='block_1_38' title="bbox 407 3743 1986 3814">
    <p class='ocr_par' dir='ltr' id='par_1_38' title="bbox 407 3743 1986 3814">
     <span class='ocr_line' id='line_1_38' title="bbox 407 3743 1986 3814; baseline 0 -15"><span class='ocrx_word' id='word_1_257' title='bbox 407 3743 670 3814; x_wconf 72' lang='lat' dir='ltr'><strong>frequens</strong></span> <span class='ocrx_word' id='word_1_258' title='bbox 711 3745 1099 3814; x_wconf 87' lang='lat' dir='ltr'><strong>plerorumque</strong></span> <span class='ocrx_word' id='word_1_259' title='bbox 1128 3759 1265 3799; x_wconf 90' lang='lat' dir='ltr'><strong>usus</strong></span> <span class='ocrx_word' id='word_1_260' title='bbox 1297 3745 1438 3812; x_wconf 91' lang='lat' dir='ltr'><strong>apud</strong></span> <span class='ocrx_word' id='word_1_261' title='bbox 1482 3744 1779 3814; x_wconf 88' lang='lat' dir='ltr'><strong>scriptores</strong></span> <span class='ocrx_word' id='word_1_262' title='bbox 1817 3746 1986 3800; x_wconf 88' lang='lat' dir='ltr'><strong>casti-</strong></span> 
     </span>
    </p>
   </div>
   <div class='ocr_carea' id='block_1_39' title="bbox 408 3836 1988 3907">
    <p class='ocr_par' dir='ltr' id='par_1_39' title="bbox 408 3836 1988 3907">
     <span class='ocr_line' id='line_1_39' title="bbox 408 3836 1988 3907; baseline 0.001 -17"><span class='ocrx_word' id='word_1_263' title='bbox 408 3837 725 3907; x_wconf 84' lang='lat' dir='ltr'><strong>gatissimos</strong></span> <span class='ocrx_word' id='word_1_264' title='bbox 775 3836 914 3889; x_wconf 89' lang='lat' dir='ltr'><strong>idem</strong></span> <span class='ocrx_word' id='word_1_265' title='bbox 958 3844 1210 3891; x_wconf 84' lang='lat' dir='ltr'><strong>testatur.</strong></span> <span class='ocrx_word' id='word_1_266' title='bbox 1262 3836 1534 3892; x_wconf 74' lang='lat' dir='ltr'><strong>Fictor-em</strong></span> <span class='ocrx_word' id='word_1_267' title='bbox 1569 3846 1751 3891; x_wconf 91' lang='lat' dir='ltr'><strong>autem</strong></span> <span class='ocrx_word' id='word_1_268' title='bbox 1801 3836 1988 3892; x_wconf 82' lang='lat' dir='ltr'><strong>nescio</strong></span> 
     </span>
    </p>
   </div>
   <div class='ocr_carea' id='block_1_40' title="bbox 409 3928 1990 3997">
    <p class='ocr_par' dir='ltr' id='par_1_40' title="bbox 409 3928 1990 3997">
     <span class='ocr_line' id='line_1_40' title="bbox 409 3928 1990 3997; baseline 0.003 -17"><span class='ocrx_word' id='word_1_269' title='bbox 409 3943 572 3997; x_wconf 89' lang='lat' dir='ltr'><strong>quem</strong></span> <span class='ocrx_word' id='word_1_270' title='bbox 612 3943 675 3980; x_wconf 91' lang='lat' dir='ltr'><strong>ea</strong></span> <span class='ocrx_word' id='word_1_271' title='bbox 703 3928 1043 3993; x_wconf 86' lang='lat' dir='ltr'><strong>adhibuisse,</strong></span> <span class='ocrx_word' id='word_1_272' title='bbox 1075 3929 1221 3997; x_wconf 93' lang='lat' dir='ltr'><strong>quod</strong></span> <span class='ocrx_word' id='word_1_273' title='bbox 1246 3930 1424 3997; x_wconf 91' lang='lat' dir='ltr'><strong>prisca</strong></span> <span class='ocrx_word' id='word_1_274' title='bbox 1461 3938 1697 3997; x_wconf 90' lang='lat' dir='ltr'><strong>putaret,</strong></span> <span class='ocrx_word' id='word_1_275' title='bbox 1739 3939 1793 3984; x_wconf 91' lang='lat' dir='ltr'><strong>et</strong></span> <span class='ocrx_word' id='word_1_276' title='bbox 1833 3939 1990 3986; x_wconf 66' lang='lat' dir='ltr'><strong>aztate</strong></span> 
     </span>
    </p>
   </div>
   <div class='ocr_carea' id='block_1_41' title="bbox 410 4020 1992 4089">
    <p class='ocr_par' dir='ltr' id='par_1_41' title="bbox 410 4020 1992 4089">
     <span class='ocr_line' id='line_1_41' title="bbox 410 4020 1992 4089; baseline 0.002 -17"><span class='ocrx_word' id='word_1_277' title='bbox 410 4034 509 4073; x_wconf 90' lang='lat' dir='ltr'><strong>sua</strong></span> <span class='ocrx_word' id='word_1_278' title='bbox 534 4034 681 4082; x_wconf 89' lang='lat' dir='ltr'><strong>rara,</strong></span> <span class='ocrx_word' id='word_1_279' title='bbox 707 4034 922 4073; x_wconf 87' lang='lat' dir='ltr'><strong>omnem</strong></span> <span class='ocrx_word' id='word_1_280' title='bbox 951 4029 1228 4089; x_wconf 87' lang='lat' dir='ltr'><strong>stuporem</strong></span> <span class='ocrx_word' id='word_1_281' title='bbox 1273 4028 1514 4089; x_wconf 91' lang='lat' dir='ltr'><strong>superat.</strong></span> <span class='ocrx_word' id='word_1_282' title='bbox 1566 4020 1648 4074; x_wconf 77' lang='lat' dir='ltr'><strong>An</strong></span> <span class='ocrx_word' id='word_1_283' title='bbox 1684 4020 1800 4075; x_wconf 60' lang='lat' dir='ltr'><strong>haac</strong></span> <span class='ocrx_word' id='word_1_284' title='bbox 1825 4036 1992 4075; x_wconf 79' lang='lat' dir='ltr'><strong>exco-</strong></span> 
     </span>
    </p>
   </div>
   <div class='ocr_carea' id='block_1_42' title="bbox 410 4109 1989 4180">
    <p class='ocr_par' dir='ltr' id='par_1_42' title="bbox 410 4109 1989 4180">
     <span class='ocr_line' id='line_1_42' title="bbox 410 4109 1989 4180; baseline 0.001 -16"><span class='ocrx_word' id='word_1_285' title='bbox 410 4112 585 4179; x_wconf 85' lang='lat' dir='ltr'><strong>gitare</strong></span> <span class='ocrx_word' id='word_1_286' title='bbox 617 4112 774 4165; x_wconf 88' lang='lat' dir='ltr'><strong>lictor</strong></span> <span class='ocrx_word' id='word_1_287' title='bbox 805 4111 889 4165; x_wconf 85' lang='lat' dir='ltr'><strong>vel</strong></span> <span class='ocrx_word' id='word_1_288' title='bbox 932 4110 1134 4179; x_wconf 84' lang='lat' dir='ltr'><strong>fungus</strong></span> <span class='ocrx_word' id='word_1_289' title='bbox 1178 4111 1382 4179; x_wconf 88' lang='lat' dir='ltr'><strong>potuit,</strong></span> <span class='ocrx_word' id='word_1_290' title='bbox 1413 4118 1474 4164; x_wconf 90' lang='lat' dir='ltr'><strong>ut</strong></span> <span class='ocrx_word' id='word_1_291' title='bbox 1508 4109 1784 4180; x_wconf 85' lang='lat' dir='ltr'><strong>lgnatius,</strong></span> <span class='ocrx_word' id='word_1_292' title='bbox 1826 4125 1989 4180; x_wconf 78' lang='lat' dir='ltr'><strong>quem</strong></span> 
     </span>
    </p>
   </div>
   <div class='ocr_carea' id='block_1_43' title="bbox 411 4201 1987 4268">
    <p class='ocr_par' dir='ltr' id='par_1_43' title="bbox 411 4201 1987 4268">
     <span class='ocr_line' id='line_1_43' title="bbox 411 4201 1987 4268; baseline -0.001 -12"><span class='ocrx_word' id='word_1_293' title='bbox 411 4202 673 4256; x_wconf 85' lang='lat' dir='ltr'><strong>simulare</strong></span> <span class='ocrx_word' id='word_1_294' title='bbox 707 4201 918 4268; x_wconf 91' lang='lat' dir='ltr'><strong>voluit,</strong></span> <span class='ocrx_word' id='word_1_295' title='bbox 967 4216 1111 4256; x_wconf 87' lang='lat' dir='ltr'><strong>unus</strong></span> <span class='ocrx_word' id='word_1_296' title='bbox 1161 4201 1228 4255; x_wconf 89' lang='lat' dir='ltr'><strong>de</strong></span> <span class='ocrx_word' id='word_1_297' title='bbox 1280 4201 1457 4257; x_wconf 86' lang='lat' dir='ltr'><strong>cascis</strong></span> <span class='ocrx_word' id='word_1_298' title='bbox 1496 4201 1807 4256; x_wconf 87' lang='lat' dir='ltr'><strong>videretur?</strong></span> <span class='ocrx_word' id='word_1_299' title='bbox 1850 4201 1987 4255; x_wconf 86' lang='lat' dir='ltr'><strong>Cum</strong></span> 
     </span>
    </p>
   </div>
   <div class='ocr_carea' id='block_1_44' title="bbox 417 4288 1991 4362">
    <p class='ocr_par' dir='ltr' id='par_1_44' title="bbox 417 4288 1991 4362">
     <span class='ocr_line' id='line_1_44' title="bbox 417 4288 1991 4362; baseline 0 -17"><span class='ocrx_word' id='word_1_300' title='bbox 417 4311 438 4345; x_wconf 84' lang='grc'><strong><em>‹</em></strong></span> <span class='ocrx_word' id='word_1_301' title='bbox 474 4293 652 4362; x_wconf 91' lang='lat' dir='ltr'><strong>prisca</strong></span> <span class='ocrx_word' id='word_1_302' title='bbox 687 4292 872 4358; x_wconf 86' lang='lat' dir='ltr'><strong>audio,</strong></span> <span class='ocrx_word' id='word_1_303' title='bbox 905 4290 1040 4344; x_wconf 90' lang='lat' dir='ltr'><strong>mihi</strong></span> <span class='ocrx_word' id='word_1_304' title='bbox 1071 4298 1360 4344; x_wconf 84' lang='lat' dir='ltr'><strong>versantur</strong></span> <span class='ocrx_word' id='word_1_305' title='bbox 1388 4300 1513 4345; x_wconf 82' lang='lat' dir='ltr'><strong>ante</strong></span> <span class='ocrx_word' id='word_1_306' title='bbox 1537 4291 1725 4345; x_wconf 91' lang='lat' dir='ltr'><strong>oculos</strong></span> <span class='ocrx_word' id='word_1_307' title='bbox 1767 4288 1991 4362; x_wconf 81' lang='lat' dir='ltr'><strong>Ulysses</strong></span> 
     </span>
    </p>
   </div>
   <div class='ocr_carea' id='block_1_45' title="bbox 410 4380 1990 4454">
    <p class='ocr_par' dir='ltr' id='par_1_45' title="bbox 410 4380 1990 4454">
     <span class='ocr_line' id='line_1_45' title="bbox 410 4380 1990 4454; baseline -0.002 -15"><span class='ocrx_word' id='word_1_308' title='bbox 410 4393 465 4439; x_wconf 88' lang='lat' dir='ltr'><strong>et</strong></span> <span class='ocrx_word' id='word_1_309' title='bbox 500 4382 719 4448; x_wconf 86' lang='lat' dir='ltr'><strong>Nestor,</strong></span> <span class='ocrx_word' id='word_1_310' title='bbox 749 4398 984 4454; x_wconf 91' lang='lat' dir='ltr'><strong>quorum</strong></span> <span class='ocrx_word' id='word_1_311' title='bbox 1015 4392 1147 4437; x_wconf 81' lang='lat' dir='ltr'><strong>aetas</strong></span> <span class='ocrx_word' id='word_1_312' title='bbox 1172 4381 1319 4437; x_wconf 88' lang='lat' dir='ltr'><strong>mille</strong></span> <span class='ocrx_word' id='word_1_313' title='bbox 1338 4380 1452 4437; x_wconf 90' lang='lat' dir='ltr'><strong>fere</strong></span> <span class='ocrx_word' id='word_1_314' title='bbox 1479 4382 1588 4436; x_wconf 77' lang='lat'><strong>200</strong></span> <span class='ocrx_word' id='word_1_315' title='bbox 1624 4382 1786 4438; x_wconf 90' lang='lat' dir='ltr'><strong>annis</strong></span> <span class='ocrx_word' id='word_1_316' title='bbox 1814 4397 1990 4438; x_wconf 55' lang='lat' dir='ltr'><strong>sarcu-</strong></span> 
     </span>
    </p>
   </div>
   <div class='ocr_carea' id='block_1_46' title="bbox 410 4472 1991 4547">
    <p class='ocr_par' dir='ltr' id='par_1_46' title="bbox 410 4472 1991 4547">
     <span class='ocr_line' id='line_1_46' title="bbox 410 4472 1991 4547; baseline -0.002 -17"><span class='ocrx_word' id='word_1_317' title='bbox 410 4475 523 4530; x_wconf 89' lang='lat' dir='ltr'><strong>lum</strong></span> <span class='ocrx_word' id='word_1_318' title='bbox 560 4476 901 4545; x_wconf 83' lang='lat' dir='ltr'><strong>lgnatianum</strong></span> <span class='ocrx_word' id='word_1_319' title='bbox 934 4472 1304 4540; x_wconf 87' lang='lat' dir='ltr'><strong>antecedebat,</strong></span> <span class='ocrx_word' id='word_1_320' title='bbox 1348 4492 1367 4525; x_wconf 78' lang='grc' dir='ltr'><strong>ι</strong></span> <span class='ocrx_word' id='word_1_321' title='bbox 1395 4482 1461 4529; x_wconf 82' lang='grc' dir='ltr'><strong>ιιι</strong></span> <span class='ocrx_word' id='word_1_322' title='bbox 1485 4474 1614 4529; x_wconf 90' lang='lat' dir='ltr'><strong>olim</strong></span> <span class='ocrx_word' id='word_1_323' title='bbox 1639 4474 1751 4530; x_wconf 88' lang='lat' dir='ltr'><strong>ille.</strong></span> <span class='ocrx_word' id='word_1_324' title='bbox 1778 4474 1861 4528; x_wconf 86' lang='lat' dir='ltr'><strong>An</strong></span> <span class='ocrx_word' id='word_1_325' title='bbox 1885 4475 1991 4547; x_wconf 85' lang='grc' dir='ltr'><strong>πρὸ</strong></span> 
     </span>
    </p>
   </div>
   <div class='ocr_carea' id='block_1_47' title="bbox 411 4565 1989 4641">
    <p class='ocr_par' dir='ltr' id='par_1_47' title="bbox 411 4565 1989 4641">
     <span class='ocr_line' id='line_1_47' title="bbox 411 4565 1989 4641; baseline -0.001 -19"><span class='ocrx_word' id='word_1_326' title='bbox 411 4569 598 4641; x_wconf 84' lang='grc' dir='ltr'>χιλίων</span> <span class='ocrx_word' id='word_1_327' title='bbox 626 4567 765 4622; x_wconf 80' lang='grc' dir='ltr'>ἐτῶν</span> <span class='ocrx_word' id='word_1_328' title='bbox 791 4567 1119 4635; x_wconf 79' lang='grc' dir='ltr'>διαλέγεται.</span> <span class='ocrx_word' id='word_1_329' title='bbox 1150 4574 1212 4620; x_wconf 88' lang='grc' dir='ltr'><strong>ιιι</strong></span> <span class='ocrx_word' id='word_1_330' title='bbox 1235 4566 1312 4620; x_wconf 90' lang='lat' dir='ltr'><strong>ait</strong></span> <span class='ocrx_word' id='word_1_331' title='bbox 1340 4565 1653 4622; x_wconf 84' lang='lat' dir='ltr'><strong>Lucianus?</strong></span> <span class='ocrx_word' id='word_1_332' title='bbox 1678 4565 1761 4620; x_wconf 82' lang='lat' dir='ltr'><strong>An</strong></span> <span class='ocrx_word' id='word_1_333' title='bbox 1795 4585 1813 4618; x_wconf 80' lang='grc' dir='ltr'><strong>ι</strong></span> <span class='ocrx_word' id='word_1_334' title='bbox 1849 4566 1989 4621; x_wconf 86' lang='lat' dir='ltr'><strong>duo-</strong></span> 
     </span>
    </p>
   </div>
   <div class='ocr_carea' id='block_1_48' title="bbox 412 4658 1990 4731">
    <p class='ocr_par' dir='ltr' id='par_1_48' title="bbox 412 4658 1990 4731">
     <span class='ocr_line' id='line_1_48' title="bbox 412 4658 1990 4731; baseline 0 -18"><span class='ocrx_word' id='word_1_335' title='bbox 412 4661 587 4715; x_wconf 85' lang='lat' dir='ltr'><strong>decim</strong></span> <span class='ocrx_word' id='word_1_336' title='bbox 613 4661 827 4716; x_wconf 89' lang='lat' dir='ltr'><strong>tabulas</strong></span> <span class='ocrx_word' id='word_1_337' title='bbox 851 4661 1115 4731; x_wconf 84' lang='lat' dir='ltr'><strong>loquitur,</strong></span> <span class='ocrx_word' id='word_1_338' title='bbox 1153 4680 1171 4712; x_wconf 77' lang='grc' dir='ltr'><strong>ι</strong></span> <span class='ocrx_word' id='word_1_339' title='bbox 1211 4667 1270 4714; x_wconf 82' lang='grc' dir='ltr'><strong>ιιι</strong></span> <span class='ocrx_word' id='word_1_340' title='bbox 1301 4658 1547 4714; x_wconf 86' lang='lat' dir='ltr'><strong>Seneca?</strong></span> <span class='ocrx_word' id='word_1_341' title='bbox 1582 4678 1602 4711; x_wconf 82' lang='lat'><strong>(</strong></span> <span class='ocrx_word' id='word_1_342' title='bbox 1639 4658 1842 4715; x_wconf 89' lang='lat' dir='ltr'><strong>Sordes</strong></span> <span class='ocrx_word' id='word_1_343' title='bbox 1870 4675 1990 4714; x_wconf 88' lang='lat' dir='ltr'><strong>ver-</strong></span> 
     </span>
    </p>
   </div>
   <div class='ocr_carea' id='block_1_49' title="bbox 416 4750 1989 4821">
    <p class='ocr_par' dir='ltr' id='par_1_49' title="bbox 416 4750 1989 4821">
     <span class='ocr_line' id='line_1_49' title="bbox 416 4750 1989 4821; baseline 0 -15"><span class='ocrx_word' id='word_1_344' title='bbox 416 4752 609 4806; x_wconf 85' lang='lat' dir='ltr'><strong>borum</strong></span> <span class='ocrx_word' id='word_1_345' title='bbox 633 4790 649 4813; x_wconf 92' lang='lat'><strong>,</strong></span> <span class='ocrx_word' id='word_1_346' title='bbox 702 4761 754 4806; x_wconf 90' lang='lat' dir='ltr'><strong>et</strong></span> <span class='ocrx_word' id='word_1_347' title='bbox 794 4752 952 4806; x_wconf 83' lang='lat' dir='ltr'><strong>hians</strong></span> <span class='ocrx_word' id='word_1_348' title='bbox 983 4752 1344 4821; x_wconf 87' lang='lat' dir='ltr'><strong>compositio,</strong></span> <span class='ocrx_word' id='word_1_349' title='bbox 1384 4759 1439 4806; x_wconf 91' lang='lat' dir='ltr'><strong>et</strong></span> <span class='ocrx_word' id='word_1_350' title='bbox 1479 4750 1742 4806; x_wconf 89' lang='lat' dir='ltr'><strong>inconditi</strong></span> <span class='ocrx_word' id='word_1_351' title='bbox 1790 4766 1989 4807; x_wconf 89' lang='lat' dir='ltr'><strong>sensus</strong></span> 
     </span>
    </p>
   </div>
   <div class='ocr_carea' id='block_1_50' title="bbox 414 4841 1993 4913">
    <p class='ocr_par' dir='ltr' id='par_1_50' title="bbox 414 4841 1993 4913">
     <span class='ocr_line' id='line_1_50' title="bbox 414 4841 1993 4913; baseline 0 -16"><span class='ocrx_word' id='word_1_352' title='bbox 414 4844 660 4897; x_wconf 77' lang='lat' dir='ltr'><strong>redolent</strong></span> <span class='ocrx_word' id='word_1_353' title='bbox 682 4844 1093 4912; x_wconf 88' lang='lat' dir='ltr'><strong>antiquitatem;</strong></span> <span class='ocrx_word' id='word_1_354' title='bbox 1118 4863 1137 4896; x_wconf 83' lang='grc'><strong>›</strong></span> <span class='ocrx_word' id='word_1_355' title='bbox 1161 4844 1253 4899; x_wconf 90' lang='lat' dir='ltr'><strong>sed</strong></span> <span class='ocrx_word' id='word_1_356' title='bbox 1271 4842 1475 4913; x_wconf 86' lang='lat' dir='ltr'><strong>quam?</strong></span> <span class='ocrx_word' id='word_1_357' title='bbox 1498 4858 1605 4897; x_wconf 90' lang='lat' dir='ltr'><strong>non</strong></span> <span class='ocrx_word' id='word_1_358' title='bbox 1629 4850 1844 4897; x_wconf 67' lang='lat' dir='ltr'><strong>aetatem</strong></span> <span class='ocrx_word' id='word_1_359' title='bbox 1860 4841 1993 4897; x_wconf 88' lang='lat' dir='ltr'><strong>Tra-</strong></span> 
     </span>
    </p>
   </div>
   <div class='ocr_carea' id='block_1_51' title="bbox 408 4928 1986 5007">
    <p class='ocr_par' dir='ltr' id='par_1_51' title="bbox 408 4928 1986 5007">
     <span class='ocr_line' id='line_1_51' title="bbox 408 4928 1986 5007; baseline -0.001 -18"><span class='ocrx_word' id='word_1_360' title='bbox 408 4935 547 5007; x_wconf 75' lang='lat' dir='ltr'><strong>jani.</strong></span> <span class='ocrx_word' id='word_1_361' title='bbox 581 4934 688 4989; x_wconf 89' lang='lat' dir='ltr'><strong>Sed</strong></span> <span class='ocrx_word' id='word_1_362' title='bbox 715 4951 893 5003; x_wconf 88' lang='lat' dir='ltr'><strong>neque</strong></span> <span class='ocrx_word' id='word_1_363' title='bbox 920 4928 1100 5005; x_wconf 79' lang='lat' dir='ltr'><strong>prisca</strong></span> <span class='ocrx_word' id='word_1_364' title='bbox 1129 4936 1219 4989; x_wconf 90' lang='lat' dir='ltr'><strong>illa</strong></span> <span class='ocrx_word' id='word_1_365' title='bbox 1250 4935 1427 4990; x_wconf 88' lang='lat' dir='ltr'><strong>lictori</strong></span> <span class='ocrx_word' id='word_1_366' title='bbox 1451 4934 1623 4990; x_wconf 88' lang='lat' dir='ltr'><strong>videri</strong></span> <span class='ocrx_word' id='word_1_367' title='bbox 1665 4945 1986 5004; x_wconf 91' lang='lat' dir='ltr'><strong>potuerunt.</strong></span> 
     </span>
    </p>
   </div>
   <div class='ocr_carea' id='block_1_52' title="bbox 414 5026 1989 5097">
    <p class='ocr_par' dir='ltr' id='par_1_52' title="bbox 414 5026 1989 5097">
     <span class='ocr_line' id='line_1_52' title="bbox 414 5026 1989 5097; baseline -0.003 -12"><span class='ocrx_word' id='word_1_368' title='bbox 414 5028 609 5097; x_wconf 81' lang='lat' dir='ltr'><strong>Aliqua</strong></span> <span class='ocrx_word' id='word_1_369' title='bbox 641 5044 705 5081; x_wconf 89' lang='lat' dir='ltr'><strong>ex</strong></span> <span class='ocrx_word' id='word_1_370' title='bbox 742 5027 848 5082; x_wconf 87' lang='lat' dir='ltr'><strong>illis</strong></span> <span class='ocrx_word' id='word_1_371' title='bbox 897 5026 1133 5083; x_wconf 79' lang='lat' dir='ltr'><strong>fortasse</strong></span> <span class='ocrx_word' id='word_1_372' title='bbox 1164 5043 1303 5083; x_wconf 90' lang='lat' dir='ltr'><strong>nova</strong></span> <span class='ocrx_word' id='word_1_373' title='bbox 1346 5035 1474 5082; x_wconf 92' lang='lat' dir='ltr'><strong>tunc</strong></span> <span class='ocrx_word' id='word_1_374' title='bbox 1514 5027 1621 5082; x_wconf 89' lang='lat' dir='ltr'><strong>dici</strong></span> <span class='ocrx_word' id='word_1_375' title='bbox 1671 5036 1989 5093; x_wconf 89' lang='lat' dir='ltr'><strong>potuerunt,</strong></span> 
     </span>
    </p>
   </div>
   <div class='ocr_carea' id='block_1_53' title="bbox 416 5119 1983 5190">
    <p class='ocr_par' dir='ltr' id='par_1_53' title="bbox 416 5119 1983 5190">
     <span class='ocr_line' id='line_1_53' title="bbox 416 5119 1983 5190; baseline -0.001 -17"><span class='ocrx_word' id='word_1_376' title='bbox 416 5130 602 5189; x_wconf 90' lang='lat' dir='ltr'><strong>utpote</strong></span> <span class='ocrx_word' id='word_1_377' title='bbox 626 5120 1243 5190; x_wconf 87' lang='lat' dir='ltr'><strong>postChristianismum</strong></span> <span class='ocrx_word' id='word_1_378' title='bbox 1269 5120 1604 5188; x_wconf 89' lang='lat' dir='ltr'><strong>orta,prisca</strong></span> <span class='ocrx_word' id='word_1_379' title='bbox 1631 5119 1790 5187; x_wconf 91' lang='lat' dir='ltr'><strong>plane</strong></span> <span class='ocrx_word' id='word_1_380' title='bbox 1813 5120 1983 5172; x_wconf 90' lang='lat' dir='ltr'><strong>nulla.</strong></span> 
     </span>
    </p>
   </div>
   <div class='ocr_carea' id='block_1_54' title="bbox 414 5211 1990 5283">
    <p class='ocr_par' dir='ltr' id='par_1_54' title="bbox 414 5211 1990 5283">
     <span class='ocr_line' id='line_1_54' title="bbox 414 5211 1990 5283; baseline 0.001 -18"><span class='ocrx_word' id='word_1_381' title='bbox 414 5214 707 5269; x_wconf 82' lang='lat' dir='ltr'><strong>Accusavit</strong></span> <span class='ocrx_word' id='word_1_382' title='bbox 749 5214 865 5268; x_wconf 72' lang='lat' dir='ltr'><strong>haec</strong></span> <span class='ocrx_word' id='word_1_383' title='bbox 905 5213 1020 5282; x_wconf 89' lang='lat' dir='ltr'><strong>ipsa</strong></span> <span class='ocrx_word' id='word_1_384' title='bbox 1058 5214 1211 5283; x_wconf 91' lang='lat' dir='ltr'><strong>prius</strong></span> <span class='ocrx_word' id='word_1_385' title='bbox 1252 5222 1312 5268; x_wconf 90' lang='lat' dir='ltr'><strong>ut</strong></span> <span class='ocrx_word' id='word_1_386' title='bbox 1335 5229 1495 5278; x_wconf 89' lang='lat' dir='ltr'><strong>nova,</strong></span> <span class='ocrx_word' id='word_1_387' title='bbox 1522 5228 1669 5267; x_wconf 92' lang='lat' dir='ltr'><strong>nunc</strong></span> <span class='ocrx_word' id='word_1_388' title='bbox 1714 5219 1775 5265; x_wconf 93' lang='lat' dir='ltr'><strong>ut</strong></span> <span class='ocrx_word' id='word_1_389' title='bbox 1806 5211 1990 5281; x_wconf 86' lang='lat' dir='ltr'><strong>prisca</strong></span> 
     </span>
    </p>
   </div>
   <div class='ocr_carea' id='block_1_55' title="bbox 414 5304 1992 5377">
    <p class='ocr_par' dir='ltr' id='par_1_55' title="bbox 414 5304 1992 5377">
     <span class='ocr_line' id='line_1_55' title="bbox 414 5304 1992 5377; baseline 0.002 -20"><span class='ocrx_word' id='word_1_390' title='bbox 414 5305 690 5377; x_wconf 75' lang='lat' dir='ltr'><strong>exagitat;</strong></span> <span class='ocrx_word' id='word_1_391' title='bbox 734 5322 910 5375; x_wconf 91' lang='lat' dir='ltr'><strong>neque</strong></span> <span class='ocrx_word' id='word_1_392' title='bbox 940 5322 1007 5360; x_wconf 82' lang='lat' dir='ltr'><strong>cx</strong></span> <span class='ocrx_word' id='word_1_393' title='bbox 1060 5305 1127 5361; x_wconf 87' lang='lat' dir='ltr'><strong>iis</strong></span> <span class='ocrx_word' id='word_1_394' title='bbox 1171 5321 1292 5376; x_wconf 64' lang='lat' dir='ltr'><strong>qua:</strong></span> <span class='ocrx_word' id='word_1_395' title='bbox 1334 5320 1508 5370; x_wconf 90' lang='lat' dir='ltr'><strong>nova,</strong></span> <span class='ocrx_word' id='word_1_396' title='bbox 1542 5305 1626 5359; x_wconf 87' lang='lat' dir='ltr'><strong>vel</strong></span> <span class='ocrx_word' id='word_1_397' title='bbox 1654 5320 1777 5373; x_wconf 68' lang='lat' dir='ltr'><strong>qua:</strong></span> <span class='ocrx_word' id='word_1_398' title='bbox 1811 5304 1992 5373; x_wconf 87' lang='lat' dir='ltr'><strong>prisca</strong></span> 
     </span>
    </p>
   </div>
   <div class='ocr_carea' id='block_1_56' title="bbox 415 5395 1994 5465">
    <p class='ocr_par' dir='ltr' id='par_1_56' title="bbox 415 5395 1994 5465">
     <span class='ocr_line' id='line_1_56' title="bbox 415 5395 1994 5465; baseline 0.001 -16"><span class='ocrx_word' id='word_1_399' title='bbox 415 5396 704 5452; x_wconf 85' lang='lat' dir='ltr'><strong>videantur</strong></span> <span class='ocrx_word' id='word_1_400' title='bbox 738 5398 1000 5453; x_wconf 83' lang='lat' dir='ltr'><strong>ostendit.</strong></span> <span class='ocrx_word' id='word_1_401' title='bbox 1030 5397 1215 5453; x_wconf 87' lang='lat' dir='ltr'><strong>Fictor</strong></span> <span class='ocrx_word' id='word_1_402' title='bbox 1237 5412 1369 5452; x_wconf 89' lang='lat' dir='ltr'><strong>sane</strong></span> <span class='ocrx_word' id='word_1_403' title='bbox 1399 5407 1459 5451; x_wconf 92' lang='lat' dir='ltr'><strong>ut</strong></span> <span class='ocrx_word' id='word_1_404' title='bbox 1488 5395 1713 5465; x_wconf 86' lang='lat' dir='ltr'><strong>antiqua</strong></span> <span class='ocrx_word' id='word_1_405' title='bbox 1733 5403 1789 5449; x_wconf 85' lang='lat' dir='ltr'><strong>et</strong></span> <span class='ocrx_word' id='word_1_406' title='bbox 1820 5395 1994 5453; x_wconf 87' lang='lat' dir='ltr'><strong>inusi—</strong></span> 
     </span>
    </p>
   </div>
   <div class='ocr_carea' id='block_1_57' title="bbox 416 5488 1996 5565">
    <p class='ocr_par' dir='ltr' id='par_1_57' title="bbox 416 5488 1996 5565">
     <span class='ocr_line' id='line_1_57' title="bbox 416 5488 1996 5565; baseline -0.001 -22"><span class='ocrx_word' id='word_1_407' title='bbox 416 5497 560 5553; x_wconf 86' lang='lat' dir='ltr'><strong>tata,</strong></span> <span class='ocrx_word' id='word_1_408' title='bbox 594 5490 885 5564; x_wconf 87' lang='grc' dir='ltr'>Θεοφόρον,</span> <span class='ocrx_word' id='word_1_409' title='bbox 925 5492 1284 5565; x_wconf 88' lang='grc' dir='ltr'>χριστοφόρον</span> <span class='ocrx_word' id='word_1_410' title='bbox 1312 5500 1365 5544; x_wconf 90' lang='lat' dir='ltr'><strong>et</strong></span> <span class='ocrx_word' id='word_1_411' title='bbox 1395 5490 1594 5545; x_wconf 86' lang='lat' dir='ltr'><strong>similia</strong></span> <span class='ocrx_word' id='word_1_412' title='bbox 1628 5488 1835 5559; x_wconf 86' lang='lat' dir='ltr'><strong>lgnatio</strong></span> <span class='ocrx_word' id='word_1_413' title='bbox 1864 5503 1996 5556; x_wconf 85' lang='lat' dir='ltr'><strong>sup-</strong></span> 
     </span>
    </p>
   </div>
   <div class='ocr_carea' id='block_1_58' title="bbox 417 5581 1992 5655">
    <p class='ocr_par' dir='ltr' id='par_1_58' title="bbox 417 5581 1992 5655">
     <span class='ocr_line' id='line_1_58' title="bbox 417 5581 1992 5655; baseline 0 -19"><span class='ocrx_word' id='word_1_414' title='bbox 417 5599 623 5652; x_wconf 88' lang='lat' dir='ltr'><strong>ponere</strong></span> <span class='ocrx_word' id='word_1_415' title='bbox 657 5601 766 5639; x_wconf 91' lang='lat' dir='ltr'><strong>non</strong></span> <span class='ocrx_word' id='word_1_416' title='bbox 793 5587 1005 5655; x_wconf 82' lang='lat' dir='ltr'><strong>potuit,</strong></span> <span class='ocrx_word' id='word_1_417' title='bbox 1037 5601 1163 5640; x_wconf 91' lang='lat' dir='ltr'><strong>cum</strong></span> <span class='ocrx_word' id='word_1_418' title='bbox 1196 5583 1492 5653; x_wconf 90' lang='lat' dir='ltr'><strong>scriptores</strong></span> <span class='ocrx_word' id='word_1_419' title='bbox 1524 5591 1647 5652; x_wconf 88' lang='lat' dir='ltr'><strong>post</strong></span> <span class='ocrx_word' id='word_1_420' title='bbox 1686 5581 1953 5652; x_wconf 87' lang='lat' dir='ltr'><strong>lgnatium</strong></span> <span class='ocrx_word' id='word_1_421' title='bbox 1976 5620 1992 5647; x_wconf 94' lang='lat'><strong>,</strong></span> 
     </span>
    </p>
   </div>
   <div class='ocr_carea' id='block_1_59' title="bbox 419 5673 1430 5746">
    <p class='ocr_par' dir='ltr' id='par_1_59' title="bbox 419 5673 1430 5746">
     <span class='ocr_line' id='line_1_59' title="bbox 419 5673 1430 5746; baseline 0.002 -18"><span class='ocrx_word' id='word_1_422' title='bbox 419 5682 545 5728; x_wconf 89' lang='lat' dir='ltr'><strong>ante</strong></span> <span class='ocrx_word' id='word_1_423' title='bbox 574 5673 894 5742; x_wconf 85' lang='lat' dir='ltr'><strong>Eusebium,</strong></span> <span class='ocrx_word' id='word_1_424' title='bbox 925 5692 989 5732; x_wconf 91' lang='lat' dir='ltr'><strong>ea</strong></span> <span class='ocrx_word' id='word_1_425' title='bbox 1025 5676 1430 5746; x_wconf 87' lang='lat' dir='ltr'><strong>usurpaverint.</strong></span> 
     </span>
    </p>
   </div>
   <div class='ocr_carea' id='block_1_60' title="bbox 495 5765 1996 5842">
    <p class='ocr_par' dir='ltr' id='par_1_60' title="bbox 495 5765 1996 5842">
     <span class='ocr_line' id='line_1_60' title="bbox 495 5765 1996 5842; baseline 0.001 -19"><span class='ocrx_word' id='word_1_426' title='bbox 495 5765 601 5823; x_wconf 84' lang='lat' dir='ltr'><strong>Sed</strong></span> <span class='ocrx_word' id='word_1_427' title='bbox 632 5786 650 5823; x_wconf 75' lang='grc' dir='ltr'><strong>ι</strong></span> <span class='ocrx_word' id='word_1_428' title='bbox 679 5774 736 5826; x_wconf 88' lang='lat' dir='ltr'><strong>et</strong></span> <span class='ocrx_word' id='word_1_429' title='bbox 767 5768 1013 5839; x_wconf 83' lang='lat' dir='ltr'><strong>quaedam</strong></span> <span class='ocrx_word' id='word_1_430' title='bbox 1041 5769 1203 5825; x_wconf 80' lang='lat' dir='ltr'><strong>verba</strong></span> <span class='ocrx_word' id='word_1_431' title='bbox 1232 5784 1325 5834; x_wconf 85' lang='lat' dir='ltr'><strong>per</strong></span> <span class='ocrx_word' id='word_1_432' title='bbox 1375 5784 1433 5828; x_wconf 84' lang='lat' dir='ltr'><strong>se</strong></span> <span class='ocrx_word' id='word_1_433' title='bbox 1478 5770 1682 5842; x_wconf 75' lang='lat' dir='ltr'><strong>Optima</strong></span> <span class='ocrx_word' id='word_1_434' title='bbox 1718 5778 1770 5827; x_wconf 89' lang='lat' dir='ltr'><strong>et</strong></span> <span class='ocrx_word' id='word_1_435' title='bbox 1815 5768 1996 5828; x_wconf 84' lang='lat' dir='ltr'><strong>omni-</strong></span> 
     </span>
    </p>
   </div>
   <div class='ocr_carea' id='block_1_61' title="bbox 1385 312 2516 377">
    <p class='ocr_par' dir='ltr' id='par_1_61' title="bbox 1385 312 2516 377">
     <span class='ocr_line' id='line_1_61' title="bbox 1385 312 2516 377; baseline -0.008 -1"><span class='ocrx_word' id='word_1_436' title='bbox 1385 321 1441 376; x_wconf 91' lang='lat' dir='ltr'><strong>S.</strong></span> <span class='ocrx_word' id='word_1_437' title='bbox 1479 317 1823 377; x_wconf 77' lang='lat' dir='ltr'><strong>lGNATlUS.</strong></span> <span class='ocrx_word' id='word_1_438' title='bbox 1882 346 1949 357; x_wconf 89' lang='lat'><strong>-—-</strong></span> <span class='ocrx_word' id='word_1_439' title='bbox 1987 312 2516 371; x_wconf 76' lang='lat' dir='ltr'><strong>PROLEGOMENA.</strong></span> 
     </span>
    </p>
   </div>
   <div class='ocr_carea' id='block_1_62' title="bbox 3527 316 3612 371">
    <p class='ocr_par' dir='ltr' id='par_1_62' title="bbox 3527 316 3612 371">
     <span class='ocr_line' id='line_1_62' title="bbox 3527 316 3612 371; baseline 0 0"><span class='ocrx_word' id='word_1_440' title='bbox 3527 316 3612 371; x_wconf 65' lang='lat' dir='ltr'><strong>HR</strong></span> 
     </span>
    </p>
   </div>
   <div class='ocr_carea' id='block_1_63' title="bbox 2007 412 3611 505">
    <p class='ocr_par' dir='ltr' id='par_1_63' title="bbox 2007 412 3611 505">
     <span class='ocr_line' id='line_1_63' title="bbox 2007 412 3611 505; baseline -0.002 -16"><span class='ocrx_word' id='word_1_441' title='bbox 2007 438 2052 497; x_wconf 58' lang='grc' dir='ltr'>Α</span> <span class='ocrx_word' id='word_1_442' title='bbox 2080 434 2182 491; x_wconf 92' lang='lat' dir='ltr'><strong>bus</strong></span> <span class='ocrx_word' id='word_1_443' title='bbox 2209 436 2411 505; x_wconf 88' lang='lat' dir='ltr'><strong>passim</strong></span> <span class='ocrx_word' id='word_1_444' title='bbox 2444 442 2701 503; x_wconf 87' lang='lat' dir='ltr'><strong>usurpata</strong></span> <span class='ocrx_word' id='word_1_445' title='bbox 2749 434 2864 503; x_wconf 89' lang='lat' dir='ltr'><strong>ipse</strong></span> <span class='ocrx_word' id='word_1_446' title='bbox 2914 446 3052 486; x_wconf 79' lang='lat' dir='ltr'><strong>nove</strong></span> <span class='ocrx_word' id='word_1_447' title='bbox 3078 412 3309 501; x_wconf 79' lang='lat' dir='ltr'><strong>usurpat</strong></span> <span class='ocrx_word' id='word_1_448' title='bbox 3329 471 3345 495; x_wconf 91' lang='lat'><strong>,</strong></span> <span class='ocrx_word' id='word_1_449' title='bbox 3368 437 3423 483; x_wconf 84' lang='lat' dir='ltr'><strong>et</strong></span> <span class='ocrx_word' id='word_1_450' title='bbox 3448 440 3611 499; x_wconf 66' lang='lat' dir='ltr'><strong>praeter</strong></span> 
     </span>
    </p>
   </div>
   <div class='ocr_carea' id='block_1_64' title="bbox 2080 525 3615 596">
    <p class='ocr_par' dir='ltr' id='par_1_64' title="bbox 2080 525 3615 596">
     <span class='ocr_line' id='line_1_64' title="bbox 2080 525 3615 596; baseline -0.003 -13"><span class='ocrx_word' id='word_1_451' title='bbox 2080 530 2312 584; x_wconf 87' lang='lat' dir='ltr'><strong>aliorum</strong></span> <span class='ocrx_word' id='word_1_452' title='bbox 2346 543 2574 584; x_wconf 89' lang='lat' dir='ltr'><strong>morem.</strong></span> <span class='ocrx_word' id='word_1_453' title='bbox 2606 546 2626 579; x_wconf 75' lang='grc' dir='ltr'><strong>ι</strong></span> <span class='ocrx_word' id='word_1_454' title='bbox 2656 526 2870 596; x_wconf 83' lang='lat' dir='ltr'><strong>Ergone</strong></span> <span class='ocrx_word' id='word_1_455' title='bbox 2893 525 3133 595; x_wconf 79' lang='lat' dir='ltr'><strong>lgnatius</strong></span> <span class='ocrx_word' id='word_1_456' title='bbox 3154 540 3277 580; x_wconf 87' lang='lat' dir='ltr'><strong>esse</strong></span> <span class='ocrx_word' id='word_1_457' title='bbox 3308 538 3415 579; x_wconf 86' lang='lat' dir='ltr'><strong>non</strong></span> <span class='ocrx_word' id='word_1_458' title='bbox 3441 526 3615 595; x_wconf 73' lang='lat' dir='ltr'><strong>potuit?</strong></span> 
     </span>
    </p>
   </div>
   <div class='ocr_carea' id='block_1_65' title="bbox 2076 618 3613 691">
    <p class='ocr_par' dir='ltr' id='par_1_65' title="bbox 2076 618 3613 691">
     <span class='ocr_line' id='line_1_65' title="bbox 2076 618 3613 691; baseline -0.003 -15"><span class='ocrx_word' id='word_1_459' title='bbox 2076 623 2158 676; x_wconf 79' lang='lat' dir='ltr'><strong>An</strong></span> <span class='ocrx_word' id='word_1_460' title='bbox 2203 621 2305 677; x_wconf 89' lang='lat' dir='ltr'><strong>soli</strong></span> <span class='ocrx_word' id='word_1_461' title='bbox 2363 621 2507 691; x_wconf 91' lang='lat' dir='ltr'><strong>plani</strong></span> <span class='ocrx_word' id='word_1_462' title='bbox 2556 632 2610 675; x_wconf 87' lang='lat' dir='ltr'><strong>et</strong></span> <span class='ocrx_word' id='word_1_463' title='bbox 2642 620 2859 673; x_wconf 87' lang='lat' dir='ltr'><strong>lictores</strong></span> <span class='ocrx_word' id='word_1_464' title='bbox 2898 618 3163 673; x_wconf 88' lang='lat' dir='ltr'><strong>vocabula</strong></span> <span class='ocrx_word' id='word_1_465' title='bbox 3190 631 3336 671; x_wconf 89' lang='lat' dir='ltr'><strong>nove</strong></span> <span class='ocrx_word' id='word_1_466' title='bbox 3372 624 3426 670; x_wconf 90' lang='lat' dir='ltr'><strong>et</strong></span> <span class='ocrx_word' id='word_1_467' title='bbox 3453 626 3613 686; x_wconf 65' lang='lat' dir='ltr'><strong>prater</strong></span> 
     </span>
    </p>
   </div>
   <div class='ocr_carea' id='block_1_66' title="bbox 2078 707 3613 781">
    <p class='ocr_par' dir='ltr' id='par_1_66' title="bbox 2078 707 3613 781">
     <span class='ocr_line' id='line_1_66' title="bbox 2078 707 3613 781; baseline -0.004 -12"><span class='ocrx_word' id='word_1_468' title='bbox 2078 715 2308 769; x_wconf 87' lang='lat' dir='ltr'><strong>aliorum</strong></span> <span class='ocrx_word' id='word_1_469' title='bbox 2355 727 2564 768; x_wconf 90' lang='lat' dir='ltr'><strong>morem</strong></span> <span class='ocrx_word' id='word_1_470' title='bbox 2599 712 2909 781; x_wconf 86' lang='lat' dir='ltr'><strong>usurpant?</strong></span> <span class='ocrx_word' id='word_1_471' title='bbox 2938 710 3142 765; x_wconf 83' lang='lat' dir='ltr'><strong>Planus</strong></span> <span class='ocrx_word' id='word_1_472' title='bbox 3173 709 3344 779; x_wconf 88' lang='lat' dir='ltr'><strong>igitur</strong></span> <span class='ocrx_word' id='word_1_473' title='bbox 3371 707 3501 773; x_wconf 91' lang='lat' dir='ltr'><strong>fuit,</strong></span> <span class='ocrx_word' id='word_1_474' title='bbox 3529 724 3613 763; x_wconf 86' lang='lat' dir='ltr'><strong>non</strong></span> 
     </span>
    </p>
   </div>
   <div class='ocr_carea' id='block_1_67' title="bbox 2078 800 3615 877">
    <p class='ocr_par' dir='ltr' id='par_1_67' title="bbox 2078 800 3615 877">
     <span class='ocr_line' id='line_1_67' title="bbox 2078 800 3615 877; baseline -0.005 -17"><span class='ocrx_word' id='word_1_475' title='bbox 2078 804 2423 877; x_wconf 84' lang='lat' dir='ltr'><strong>Thucydides</strong></span> <span class='ocrx_word' id='word_1_476' title='bbox 2443 846 2458 871; x_wconf 95' lang='lat'><strong>,</strong></span> <span class='ocrx_word' id='word_1_477' title='bbox 2486 803 2578 874; x_wconf 89' lang='lat' dir='ltr'><strong>qui</strong></span> <span class='ocrx_word' id='word_1_478' title='bbox 2603 802 2978 873; x_wconf 80' lang='grc' dir='ltr'>ἀποσίμωσιν,</span> <span class='ocrx_word' id='word_1_479' title='bbox 3008 811 3063 856; x_wconf 89' lang='lat' dir='ltr'><strong>et</strong></span> <span class='ocrx_word' id='word_1_480' title='bbox 3092 800 3389 871; x_wconf 83' lang='grc' dir='ltr'>κωλύμην,</span> <span class='ocrx_word' id='word_1_481' title='bbox 3432 808 3483 855; x_wconf 88' lang='lat' dir='ltr'><strong>et</strong></span> <span class='ocrx_word' id='word_1_482' title='bbox 3506 800 3615 853; x_wconf 65' lang='lat' dir='ltr'><strong>dm.</strong></span> 
     </span>
    </p>
   </div>
   <div class='ocr_carea' id='block_1_68' title="bbox 2077 892 3615 967">
    <p class='ocr_par' dir='ltr' id='par_1_68' title="bbox 2077 892 3615 967">
     <span class='ocr_line' id='line_1_68' title="bbox 2077 892 3615 967; baseline -0.003 -17"><span class='ocrx_word' id='word_1_483' title='bbox 2077 897 2304 967; x_wconf 75' lang='grc' dir='ltr'>τείχισιν</span> <span class='ocrx_word' id='word_1_484' title='bbox 2344 910 2452 949; x_wconf 91' lang='lat' dir='ltr'><strong>non</strong></span> <span class='ocrx_word' id='word_1_485' title='bbox 2487 894 2785 949; x_wconf 87' lang='lat' dir='ltr'><strong>secundum</strong></span> <span class='ocrx_word' id='word_1_486' title='bbox 2830 894 3060 947; x_wconf 90' lang='lat' dir='ltr'><strong>aliorum</strong></span> <span class='ocrx_word' id='word_1_487' title='bbox 3094 907 3306 946; x_wconf 89' lang='lat' dir='ltr'><strong>morem</strong></span> <span class='ocrx_word' id='word_1_488' title='bbox 3344 892 3615 963; x_wconf 82' lang='lat' dir='ltr'><strong>usurpavit.</strong></span> 
     </span>
    </p>
   </div>
   <div class='ocr_carea' id='block_1_69' title="bbox 2078 985 3617 1059">
    <p class='ocr_par' dir='ltr' id='par_1_69' title="bbox 2078 985 3617 1059">
     <span class='ocr_line' id='line_1_69' title="bbox 2078 985 3617 1059; baseline -0.006 -13"><span class='ocrx_word' id='word_1_489' title='bbox 2078 992 2225 1057; x_wconf 85' lang='lat' dir='ltr'><strong>Quot</strong></span> <span class='ocrx_word' id='word_1_490' title='bbox 2266 990 2563 1059; x_wconf 89' lang='lat' dir='ltr'><strong>scriptorcs</strong></span> <span class='ocrx_word' id='word_1_491' title='bbox 2613 986 2788 1045; x_wconf 46' lang='lat' dir='ltr'><strong>Graeci</strong></span> <span class='ocrx_word' id='word_1_492' title='bbox 2818 994 2977 1049; x_wconf 89' lang='lat' dir='ltr'><strong>sunt,</strong></span> <span class='ocrx_word' id='word_1_493' title='bbox 3009 985 3101 1055; x_wconf 92' lang='lat' dir='ltr'><strong>qui</strong></span> <span class='ocrx_word' id='word_1_494' title='bbox 3127 985 3288 1040; x_wconf 89' lang='lat' dir='ltr'><strong>aliter</strong></span> <span class='ocrx_word' id='word_1_495' title='bbox 3317 1000 3478 1040; x_wconf 88' lang='lat' dir='ltr'><strong>voces</strong></span> <span class='ocrx_word' id='word_1_496' title='bbox 3503 1000 3617 1038; x_wconf 88' lang='lat' dir='ltr'><strong>non-</strong></span> 
     </span>
    </p>
   </div>
   <div class='ocr_carea' id='block_1_70' title="bbox 2078 1076 3614 1152">
    <p class='ocr_par' dir='ltr' id='par_1_70' title="bbox 2078 1076 3614 1152">
     <span class='ocr_line' id='line_1_70' title="bbox 2078 1076 3614 1152; baseline -0.005 -13"><span class='ocrx_word' id='word_1_497' title='bbox 2078 1084 2260 1139; x_wconf 89' lang='lat' dir='ltr'><strong>nullas</strong></span> <span class='ocrx_word' id='word_1_498' title='bbox 2284 1090 2614 1152; x_wconf 82' lang='lat' dir='ltr'><strong>acceperunt</strong></span> <span class='ocrx_word' id='word_1_499' title='bbox 2645 1095 2810 1150; x_wconf 86' lang='lat' dir='ltr'><strong>quam</strong></span> <span class='ocrx_word' id='word_1_500' title='bbox 2843 1078 2912 1134; x_wconf 91' lang='lat' dir='ltr'><strong>ab</strong></span> <span class='ocrx_word' id='word_1_501' title='bbox 2940 1078 3061 1133; x_wconf 89' lang='lat' dir='ltr'><strong>aliis</strong></span> <span class='ocrx_word' id='word_1_502' title='bbox 3089 1088 3329 1148; x_wconf 66' lang='lat' dir='ltr'><strong>acceptae</strong></span> <span class='ocrx_word' id='word_1_503' title='bbox 3356 1076 3511 1132; x_wconf 79' lang='lat' dir='ltr'><strong>sunt?</strong></span> <span class='ocrx_word' id='word_1_504' title='bbox 3534 1076 3614 1131; x_wconf 70' lang='lat' dir='ltr'><strong>Vix</strong></span> 
     </span>
    </p>
   </div>
   <div class='ocr_carea' id='block_1_71' title="bbox 2080 1170 3617 1246">
    <p class='ocr_par' dir='ltr' id='par_1_71' title="bbox 2080 1170 3617 1246">
     <span class='ocr_line' id='line_1_71' title="bbox 2080 1170 3617 1246; baseline -0.005 -15"><span class='ocrx_word' id='word_1_505' title='bbox 2080 1176 2316 1246; x_wconf 86' lang='lat' dir='ltr'><strong>aliquem</strong></span> <span class='ocrx_word' id='word_1_506' title='bbox 2362 1176 2502 1231; x_wconf 91' lang='lat' dir='ltr'><strong>inter</strong></span> <span class='ocrx_word' id='word_1_507' title='bbox 2546 1181 2756 1228; x_wconf 88' lang='lat' dir='ltr'><strong>veteres</strong></span> <span class='ocrx_word' id='word_1_508' title='bbox 2805 1172 2970 1227; x_wconf 91' lang='lat' dir='ltr'><strong>etiam</strong></span> <span class='ocrx_word' id='word_1_509' title='bbox 3018 1170 3366 1227; x_wconf 88' lang='lat' dir='ltr'><strong>clarissimos</strong></span> <span class='ocrx_word' id='word_1_510' title='bbox 3398 1177 3617 1224; x_wconf 78' lang='lat' dir='ltr'><strong>auctores</strong></span> 
     </span>
    </p>
   </div>
   <div class='ocr_carea' id='block_1_72' title="bbox 2078 1259 3615 1334">
    <p class='ocr_par' dir='ltr' id='par_1_72' title="bbox 2078 1259 3615 1334">
     <span class='ocr_line' id='line_1_72' title="bbox 2078 1259 3615 1334; baseline -0.007 -12"><span class='ocrx_word' id='word_1_511' title='bbox 2078 1265 2412 1331; x_wconf 85' lang='lat' dir='ltr'><strong>nominabis,</strong></span> <span class='ocrx_word' id='word_1_512' title='bbox 2436 1279 2599 1334; x_wconf 90' lang='lat' dir='ltr'><strong>quem</strong></span> <span class='ocrx_word' id='word_1_513' title='bbox 2634 1278 2743 1317; x_wconf 92' lang='lat' dir='ltr'><strong>non</strong></span> <span class='ocrx_word' id='word_1_514' title='bbox 2768 1262 3130 1316; x_wconf 87' lang='lat' dir='ltr'><strong>observarunt</strong></span> <span class='ocrx_word' id='word_1_515' title='bbox 3166 1259 3506 1331; x_wconf 88' lang='lat' dir='ltr'><strong>grammatici</strong></span> <span class='ocrx_word' id='word_1_516' title='bbox 3543 1275 3615 1328; x_wconf 62' lang='grc' dir='ltr'><strong>ρει</strong></span> 
     </span>
    </p>
   </div>
   <div class='ocr_carea' id='block_1_73' title="bbox 2079 1352 3613 1427">
    <p class='ocr_par' dir='ltr' id='par_1_73' title="bbox 2079 1352 3613 1427">
     <span class='ocr_line' id='line_1_73' title="bbox 2079 1352 3613 1427; baseline -0.006 -14"><span class='ocrx_word' id='word_1_517' title='bbox 2079 1356 2274 1413; x_wconf 88' lang='lat' dir='ltr'><strong>culiari</strong></span> <span class='ocrx_word' id='word_1_518' title='bbox 2330 1358 2516 1427; x_wconf 86' lang='lat' dir='ltr'><strong>aliquo</strong></span> <span class='ocrx_word' id='word_1_519' title='bbox 2564 1370 2729 1410; x_wconf 88' lang='lat' dir='ltr'><strong>sensu</strong></span> <span class='ocrx_word' id='word_1_520' title='bbox 2770 1355 2951 1425; x_wconf 89' lang='lat' dir='ltr'><strong>aliqua</strong></span> <span class='ocrx_word' id='word_1_521' title='bbox 2999 1352 3268 1408; x_wconf 88' lang='lat' dir='ltr'><strong>vocabula</strong></span> <span class='ocrx_word' id='word_1_522' title='bbox 3333 1366 3613 1420; x_wconf 83' lang='lat' dir='ltr'><strong>usurpasse.</strong></span> 
     </span>
    </p>
   </div>
   <div class='ocr_carea' id='block_1_74' title="bbox 2080 1435 3618 1519">
    <p class='ocr_par' dir='ltr' id='par_1_74' title="bbox 2080 1435 3618 1519">
     <span class='ocr_line' id='line_1_74' title="bbox 2080 1435 3618 1519; baseline -0.007 -12"><span class='ocrx_word' id='word_1_523' title='bbox 2080 1435 2342 1519; x_wconf 67' lang='lat' dir='ltr'><strong>Quaenam</strong></span> <span class='ocrx_word' id='word_1_524' title='bbox 2406 1458 2621 1515; x_wconf 89' lang='lat' dir='ltr'><strong>autem,</strong></span> <span class='ocrx_word' id='word_1_525' title='bbox 2663 1456 2757 1503; x_wconf 91' lang='lat' dir='ltr'><strong>aut</strong></span> <span class='ocrx_word' id='word_1_526' title='bbox 2785 1457 2918 1517; x_wconf 90' lang='lat' dir='ltr'><strong>quot</strong></span> <span class='ocrx_word' id='word_1_527' title='bbox 2960 1446 3050 1500; x_wconf 90' lang='lat' dir='ltr'><strong>illa</strong></span> <span class='ocrx_word' id='word_1_528' title='bbox 3086 1454 3213 1499; x_wconf 92' lang='lat' dir='ltr'><strong>sunt</strong></span> <span class='ocrx_word' id='word_1_529' title='bbox 3245 1444 3456 1513; x_wconf 89' lang='lat' dir='ltr'><strong>passim</strong></span> <span class='ocrx_word' id='word_1_530' title='bbox 3489 1459 3618 1497; x_wconf 83' lang='lat' dir='ltr'><strong>usur-</strong></span> 
     </span>
    </p>
   </div>
   <div class='ocr_carea' id='block_1_75' title="bbox 2079 1536 3615 1617">
    <p class='ocr_par' dir='ltr' id='par_1_75' title="bbox 2079 1536 3615 1617">
     <span class='ocr_line' id='line_1_75' title="bbox 2079 1536 3615 1617; baseline -0.007 -18"><span class='ocrx_word' id='word_1_531' title='bbox 2079 1555 2225 1617; x_wconf 87' lang='lat' dir='ltr'><strong>pata,</strong></span> <span class='ocrx_word' id='word_1_532' title='bbox 2247 1559 2368 1613; x_wconf 63' lang='lat' dir='ltr'><strong>qua:</strong></span> <span class='ocrx_word' id='word_1_533' title='bbox 2384 1551 2569 1597; x_wconf 88' lang='lat' dir='ltr'><strong>noster</strong></span> <span class='ocrx_word' id='word_1_534' title='bbox 2582 1556 2721 1595; x_wconf 89' lang='lat' dir='ltr'><strong>nove</strong></span> <span class='ocrx_word' id='word_1_535' title='bbox 2736 1540 3051 1609; x_wconf 84' lang='lat' dir='ltr'><strong>usurpavit?</strong></span> <span class='ocrx_word' id='word_1_536' title='bbox 3067 1538 3183 1593; x_wconf 90' lang='lat' dir='ltr'><strong>Duo</strong></span> <span class='ocrx_word' id='word_1_537' title='bbox 3205 1547 3419 1593; x_wconf 86' lang='lat' dir='ltr'><strong>tantum</strong></span> <span class='ocrx_word' id='word_1_538' title='bbox 3438 1580 3452 1601; x_wconf 94' lang='lat'><strong>,</strong></span> <span class='ocrx_word' id='word_1_539' title='bbox 3466 1536 3615 1605; x_wconf 76' lang='grc' dir='ltr'>φύσις,</span> 
     </span>
    </p>
   </div>
   <div class='ocr_carea' id='block_1_76' title="bbox 2080 1628 3618 1708">
    <p class='ocr_par' dir='ltr' id='par_1_76' title="bbox 2080 1628 3618 1708">
     <span class='ocr_line' id='line_1_76' title="bbox 2080 1628 3618 1708; baseline -0.007 -18"><span class='ocrx_word' id='word_1_540' title='bbox 2080 1645 2136 1690; x_wconf 88' lang='lat' dir='ltr'><strong>et</strong></span> <span class='ocrx_word' id='word_1_541' title='bbox 2190 1636 2330 1708; x_wconf 64' lang='grc' dir='ltr'><strong>ᾄδω</strong></span> <span class='ocrx_word' id='word_1_542' title='bbox 2387 1634 2608 1689; x_wconf 89' lang='lat' dir='ltr'><strong>tertium</strong></span> <span class='ocrx_word' id='word_1_543' title='bbox 2680 1633 2825 1687; x_wconf 87' lang='lat' dir='ltr'><strong>enim</strong></span> <span class='ocrx_word' id='word_1_544' title='bbox 2882 1633 3091 1704; x_wconf 79' lang='grc' dir='ltr'>ἄρχειν,</span> <span class='ocrx_word' id='word_1_545' title='bbox 3144 1629 3359 1685; x_wconf 89' lang='lat' dir='ltr'><strong>lictoris</strong></span> <span class='ocrx_word' id='word_1_546' title='bbox 3409 1639 3504 1684; x_wconf 89' lang='lat' dir='ltr'><strong>est.</strong></span> <span class='ocrx_word' id='word_1_547' title='bbox 3564 1628 3618 1681; x_wconf 80' lang='lat' dir='ltr'><strong>At</strong></span> 
     </span>
    </p>
   </div>
   <div class='ocr_carea' id='block_1_77' title="bbox 2083 1721 3616 1798">
    <p class='ocr_par' dir='ltr' id='par_1_77' title="bbox 2083 1721 3616 1798">
     <span class='ocr_line' id='line_1_77' title="bbox 2083 1721 3616 1798; baseline -0.005 -16"><span class='ocrx_word' id='word_1_548' title='bbox 2083 1729 2243 1798; x_wconf 85' lang='grc' dir='ltr'>φύσις</span> <span class='ocrx_word' id='word_1_549' title='bbox 2270 1737 2330 1782; x_wconf 92' lang='lat' dir='ltr'><strong>ut</strong></span> <span class='ocrx_word' id='word_1_550' title='bbox 2355 1735 2439 1781; x_wconf 91' lang='lat' dir='ltr'><strong>est</strong></span> <span class='ocrx_word' id='word_1_551' title='bbox 2468 1741 2574 1780; x_wconf 80' lang='lat' dir='ltr'><strong>vox</strong></span> <span class='ocrx_word' id='word_1_552' title='bbox 2600 1724 2906 1790; x_wconf 87' lang='lat' dir='ltr'><strong>tritissima,</strong></span> <span class='ocrx_word' id='word_1_553' title='bbox 2949 1725 3022 1778; x_wconf 87' lang='lat' dir='ltr'><strong>ita</strong></span> <span class='ocrx_word' id='word_1_554' title='bbox 3045 1724 3196 1777; x_wconf 86' lang='lat' dir='ltr'><strong>vario</strong></span> <span class='ocrx_word' id='word_1_555' title='bbox 3232 1738 3454 1792; x_wconf 88' lang='lat' dir='ltr'><strong>semper</strong></span> <span class='ocrx_word' id='word_1_556' title='bbox 3482 1721 3616 1792; x_wconf 85' lang='lat' dir='ltr'><strong>signi-</strong></span> 
     </span>
    </p>
   </div>
   <div class='ocr_carea' id='block_1_78' title="bbox 2010 1803 3619 1888">
    <p class='ocr_par' dir='ltr' id='par_1_78' title="bbox 2010 1803 3619 1888">
     <span class='ocr_line' id='line_1_78' title="bbox 2010 1803 3619 1888; baseline -0.006 -13"><span class='ocrx_word' id='word_1_557' title='bbox 2010 1803 2053 1856; x_wconf 75' lang='grc' dir='ltr'><strong><em>Β</em></strong></span> <span class='ocrx_word' id='word_1_558' title='bbox 2083 1819 2245 1874; x_wconf 84' lang='lat' dir='ltr'><strong>licatu</strong></span> <span class='ocrx_word' id='word_1_559' title='bbox 2298 1817 2443 1888; x_wconf 81' lang='lat' dir='ltr'><strong>apud</strong></span> <span class='ocrx_word' id='word_1_560' title='bbox 2495 1817 2734 1886; x_wconf 85' lang='lat' dir='ltr'><strong>Optimos</strong></span> <span class='ocrx_word' id='word_1_561' title='bbox 2800 1816 3099 1886; x_wconf 90' lang='lat' dir='ltr'><strong>scriptores</strong></span> <span class='ocrx_word' id='word_1_562' title='bbox 3155 1813 3440 1876; x_wconf 90' lang='lat' dir='ltr'><strong>sumitur,</strong></span> <span class='ocrx_word' id='word_1_563' title='bbox 3487 1813 3619 1866; x_wconf 80' lang='lat' dir='ltr'><strong>etiam</strong></span> 
     </span>
    </p>
   </div>
   <div class='ocr_carea' id='block_1_79' title="bbox 2082 1902 3617 1975">
    <p class='ocr_par' dir='ltr' id='par_1_79' title="bbox 2082 1902 3617 1975">
     <span class='ocr_line' id='line_1_79' title="bbox 2082 1902 3617 1975; baseline -0.007 -10"><span class='ocrx_word' id='word_1_564' title='bbox 2082 1908 2431 1965; x_wconf 83' lang='lat' dir='ltr'><strong>Christianos</strong></span> <span class='ocrx_word' id='word_1_565' title='bbox 2477 1916 2531 1963; x_wconf 88' lang='lat' dir='ltr'><strong>et</strong></span> <span class='ocrx_word' id='word_1_566' title='bbox 2588 1922 2796 1962; x_wconf 91' lang='lat' dir='ltr'><strong>sacros.</strong></span> <span class='ocrx_word' id='word_1_567' title='bbox 2849 1906 3005 1962; x_wconf 89' lang='lat' dir='ltr'><strong>Unde</strong></span> <span class='ocrx_word' id='word_1_568' title='bbox 3058 1904 3324 1975; x_wconf 81' lang='lat' dir='ltr'><strong>anonymi</strong></span> <span class='ocrx_word' id='word_1_569' title='bbox 3373 1902 3617 1973; x_wconf 81' lang='lat' dir='ltr'><strong>cujusdam</strong></span> 
     </span>
    </p>
   </div>
   <div class='ocr_carea' id='block_1_80' title="bbox 2083 1995 3617 2068">
    <p class='ocr_par' dir='ltr' id='par_1_80' title="bbox 2083 1995 3617 2068">
     <span class='ocr_line' id='line_1_80' title="bbox 2083 1995 3617 2068; baseline -0.006 -11"><span class='ocrx_word' id='word_1_570' title='bbox 2083 2001 2568 2058; x_wconf 89' lang='lat' dir='ltr'><strong>commentariolus</strong></span> <span class='ocrx_word' id='word_1_571' title='bbox 2614 1999 2886 2055; x_wconf 81' lang='lat' dir='ltr'><strong>conﬂatus</strong></span> <span class='ocrx_word' id='word_1_572' title='bbox 2944 2006 3047 2061; x_wconf 90' lang='lat' dir='ltr'><strong>est,</strong></span> <span class='ocrx_word' id='word_1_573' title='bbox 3081 1998 3175 2068; x_wconf 91' lang='lat' dir='ltr'><strong>qui</strong></span> <span class='ocrx_word' id='word_1_574' title='bbox 3231 1998 3289 2051; x_wconf 91' lang='lat' dir='ltr'><strong>in</strong></span> <span class='ocrx_word' id='word_1_575' title='bbox 3320 1995 3617 2050; x_wconf 84' lang='lat' dir='ltr'><strong>Bibliotheca</strong></span> 
     </span>
    </p>
   </div>
   <div class='ocr_carea' id='block_1_81' title="bbox 2084 2092 3617 2159">
    <p class='ocr_par' dir='ltr' id='par_1_81' title="bbox 2084 2092 3617 2159">
     <span class='ocr_line' id='line_1_81' title="bbox 2084 2092 3617 2159; baseline -0.003 -12"><span class='ocrx_word' id='word_1_576' title='bbox 2084 2094 2514 2149; x_wconf 82' lang='lat' dir='ltr'><strong>Vindobonieusi</strong></span> <span class='ocrx_word' id='word_1_577' title='bbox 2540 2134 2556 2159; x_wconf 93' lang='lat'><strong>,</strong></span> <span class='ocrx_word' id='word_1_578' title='bbox 2592 2103 2728 2149; x_wconf 91' lang='lat' dir='ltr'><strong>teste</strong></span> <span class='ocrx_word' id='word_1_579' title='bbox 2785 2092 3080 2149; x_wconf 88' lang='lat' dir='ltr'><strong>Lambecio</strong></span> <span class='ocrx_word' id='word_1_580' title='bbox 3106 2134 3121 2155; x_wconf 93' lang='lat'><strong>,</strong></span> <span class='ocrx_word' id='word_1_581' title='bbox 3158 2107 3265 2146; x_wconf 86' lang='lat' dir='ltr'><strong>ms.</strong></span> <span class='ocrx_word' id='word_1_582' title='bbox 3302 2100 3497 2155; x_wconf 77' lang='lat' dir='ltr'><strong>exstat,</strong></span> <span class='ocrx_word' id='word_1_583' title='bbox 3520 2104 3617 2143; x_wconf 84' lang='lat' dir='ltr'><strong>cum</strong></span> 
     </span>
    </p>
   </div>
   <div class='ocr_carea' id='block_1_82' title="bbox 2083 2182 3621 2253">
    <p class='ocr_par' dir='ltr' id='par_1_82' title="bbox 2083 2182 3621 2253">
     <span class='ocr_line' id='line_1_82' title="bbox 2083 2182 3621 2253; baseline -0.005 -14"><span class='ocrx_word' id='word_1_584' title='bbox 2083 2184 2189 2239; x_wconf 85' lang='lat' dir='ltr'><strong>hoc</strong></span> <span class='ocrx_word' id='word_1_585' title='bbox 2226 2184 2382 2239; x_wconf 84' lang='lat' dir='ltr'><strong>titulo</strong></span> <span class='ocrx_word' id='word_1_586' title='bbox 2412 2203 2427 2238; x_wconf 89' lang='lat'><strong>:</strong></span> <span class='ocrx_word' id='word_1_587' title='bbox 2474 2185 2541 2239; x_wconf 86' lang='grc' dir='ltr'><strong>Ἦ</strong></span> <span class='ocrx_word' id='word_1_588' title='bbox 2569 2184 2729 2253; x_wconf 87' lang='grc' dir='ltr'>φύσις</span> <span class='ocrx_word' id='word_1_589' title='bbox 2767 2182 3006 2251; x_wconf 82' lang='grc' dir='ltr'>ὁσαχῶς</span> <span class='ocrx_word' id='word_1_590' title='bbox 3048 2182 3124 2252; x_wconf 78' lang='grc' dir='ltr'>τῇ</span> <span class='ocrx_word' id='word_1_591' title='bbox 3165 2185 3299 2249; x_wconf 79' lang='grc' dir='ltr'><strong>θείᾳ</strong></span> <span class='ocrx_word' id='word_1_592' title='bbox 3338 2182 3621 2250; x_wconf 64' lang='grc' dir='ltr'><strong>παρείληπ-</strong></span> 
     </span>
    </p>
   </div>
   <div class='ocr_carea' id='block_1_83' title="bbox 2084 2275 3620 2347">
    <p class='ocr_par' dir='ltr' id='par_1_83' title="bbox 2084 2275 3620 2347">
     <span class='ocr_line' id='line_1_83' title="bbox 2084 2275 3620 2347; baseline -0.003 -16"><span class='ocrx_word' id='word_1_593' title='bbox 2084 2295 2176 2331; x_wconf 83' lang='grc' dir='ltr'><strong>ται</strong></span> <span class='ocrx_word' id='word_1_594' title='bbox 2192 2276 2423 2347; x_wconf 71' lang='grc' dir='ltr'>Γραφῇ.</span> <span class='ocrx_word' id='word_1_595' title='bbox 2450 2278 2590 2343; x_wconf 80' lang='lat' dir='ltr'><strong>Quot</strong></span> <span class='ocrx_word' id='word_1_596' title='bbox 2620 2277 2791 2332; x_wconf 80' lang='lat' dir='ltr'><strong>modis</strong></span> <span class='ocrx_word' id='word_1_597' title='bbox 2848 2276 3007 2347; x_wconf 85' lang='grc' dir='ltr'>φύσις</span> <span class='ocrx_word' id='word_1_598' title='bbox 3045 2278 3099 2330; x_wconf 79' lang='lat' dir='ltr'><strong>in</strong></span> <span class='ocrx_word' id='word_1_599' title='bbox 3143 2275 3201 2330; x_wconf 91' lang='lat' dir='ltr'><strong>S.</strong></span> <span class='ocrx_word' id='word_1_600' title='bbox 3244 2275 3517 2345; x_wconf 80' lang='lat' dir='ltr'><strong>Scriptura</strong></span> <span class='ocrx_word' id='word_1_601' title='bbox 3552 2290 3620 2326; x_wconf 79' lang='lat' dir='ltr'><strong>ac-</strong></span> 
     </span>
    </p>
   </div>
   <div class='ocr_carea' id='block_1_84' title="bbox 2084 2365 3621 2444">
    <p class='ocr_par' dir='ltr' id='par_1_84' title="bbox 2084 2365 3621 2444">
     <span class='ocr_line' id='line_1_84' title="bbox 2084 2365 3621 2444; baseline -0.007 -16"><span class='ocrx_word' id='word_1_602' title='bbox 2084 2375 2332 2444; x_wconf 84' lang='lat' dir='ltr'><strong>cipiatur.</strong></span> <span class='ocrx_word' id='word_1_603' title='bbox 2360 2371 2534 2439; x_wconf 88' lang='lat' dir='ltr'><strong>Quid,</strong></span> <span class='ocrx_word' id='word_1_604' title='bbox 2583 2386 2791 2442; x_wconf 63' lang='lat' dir='ltr'><strong>quaeso,</strong></span> <span class='ocrx_word' id='word_1_605' title='bbox 2825 2371 3095 2441; x_wconf 80' lang='lat' dir='ltr'><strong>significat</strong></span> <span class='ocrx_word' id='word_1_606' title='bbox 3130 2369 3301 2439; x_wconf 85' lang='grc' dir='ltr'>φύσις</span> <span class='ocrx_word' id='word_1_607' title='bbox 3355 2367 3492 2438; x_wconf 89' lang='lat' dir='ltr'><strong>apud</strong></span> <span class='ocrx_word' id='word_1_608' title='bbox 3518 2365 3621 2435; x_wconf 18' lang='lat' dir='ltr'><strong>Epi-l</strong></span> 
     </span>
    </p>
   </div>
   <div class='ocr_carea' id='block_1_85' title="bbox 2084 2450 3621 2537">
    <p class='ocr_par' dir='ltr' id='par_1_85' title="bbox 2084 2450 3621 2537">
     <span class='ocr_line' id='line_1_85' title="bbox 2084 2450 3621 2537; baseline -0.007 -17"><span class='ocrx_word' id='word_1_609' title='bbox 2084 2466 2346 2537; x_wconf 90' lang='lat' dir='ltr'><strong>phanium</strong></span> <span class='ocrx_word' id='word_1_610' title='bbox 2387 2463 2579 2518; x_wconf 71' lang='lat' dir='ltr'><strong>haeresi</strong></span> <span class='ocrx_word' id='word_1_611' title='bbox 2620 2464 2683 2518; x_wconf 80' lang='grc'>51</span> <span class='ocrx_word' id='word_1_612' title='bbox 2749 2463 2839 2516; x_wconf 90' lang='lat' dir='ltr'><strong>ubi</strong></span> <span class='ocrx_word' id='word_1_613' title='bbox 2897 2463 2975 2517; x_wconf 90' lang='lat' dir='ltr'><strong>ait</strong></span> <span class='ocrx_word' id='word_1_614' title='bbox 3007 2480 3020 2517; x_wconf 91' lang='lat'><strong>:</strong></span> <span class='ocrx_word' id='word_1_615' title='bbox 3050 2463 3144 2525; x_wconf 82' lang='grc' dir='ltr'><strong>Εἰς</strong></span> <span class='ocrx_word' id='word_1_616' title='bbox 3166 2461 3402 2532; x_wconf 83' lang='grc' dir='ltr'>Κύπρον</span> <span class='ocrx_word' id='word_1_617' title='bbox 3429 2460 3483 2513; x_wconf 84' lang='grc' dir='ltr'><strong>δὲ</strong></span> <span class='ocrx_word' id='word_1_618' title='bbox 3519 2450 3621 2527; x_wconf 60' lang='grc' dir='ltr'><strong>ὲληὲ</strong></span> 
     </span>
    </p>
   </div>
   <div class='ocr_carea' id='block_1_86' title="bbox 2083 2549 3621 2623">
    <p class='ocr_par' dir='ltr' id='par_1_86' title="bbox 2083 2549 3621 2623">
     <span class='ocr_line' id='line_1_86' title="bbox 2083 2549 3621 2623; baseline -0.005 -13"><span class='ocrx_word' id='word_1_619' title='bbox 2083 2556 2366 2620; x_wconf 56' lang='lat' dir='ltr'><strong>nemo;</strong></span> <span class='ocrx_word' id='word_1_620' title='bbox 2407 2556 2665 2623; x_wconf 84' lang='grc' dir='ltr'>ναυάγιον</span> <span class='ocrx_word' id='word_1_621' title='bbox 2714 2553 2954 2617; x_wconf 78' lang='grc' dir='ltr'>ὑποστὰς</span> <span class='ocrx_word' id='word_1_622' title='bbox 2992 2554 3152 2623; x_wconf 85' lang='grc' dir='ltr'>φύσει</span> <span class='ocrx_word' id='word_1_623' title='bbox 3201 2550 3522 2623; x_wconf 81' lang='grc' dir='ltr'>σωματικῶς</span> <span class='ocrx_word' id='word_1_624' title='bbox 3546 2549 3621 2617; x_wconf 76' lang='grc' dir='ltr'><strong>τῆς</strong></span> 
     </span>
    </p>
   </div>
   <div class='ocr_carea' id='block_1_87' title="bbox 2085 2640 3617 2719">
    <p class='ocr_par' dir='ltr' id='par_1_87' title="bbox 2085 2640 3617 2719">
     <span class='ocr_line' id='line_1_87' title="bbox 2085 2640 3617 2719; baseline -0.007 -15"><span class='ocrx_word' id='word_1_625' title='bbox 2085 2650 2322 2712; x_wconf 74' lang='grc' dir='ltr'>πίστεως</span> <span class='ocrx_word' id='word_1_626' title='bbox 2356 2648 2583 2719; x_wconf 81' lang='grc' dir='ltr'><strong>ὲξέστη;</strong></span> <span class='ocrx_word' id='word_1_627' title='bbox 2616 2646 2773 2705; x_wconf 88' lang='lat' dir='ltr'><strong>Certe</strong></span> <span class='ocrx_word' id='word_1_628' title='bbox 2793 2646 3049 2701; x_wconf 86' lang='lat' dir='ltr'><strong>Petavius</strong></span> <span class='ocrx_word' id='word_1_629' title='bbox 3081 2660 3191 2699; x_wconf 91' lang='lat' dir='ltr'><strong>non</strong></span> <span class='ocrx_word' id='word_1_630' title='bbox 3224 2644 3399 2709; x_wconf 84' lang='lat' dir='ltr'><strong>vidit,</strong></span> <span class='ocrx_word' id='word_1_631' title='bbox 3428 2658 3535 2697; x_wconf 89' lang='lat' dir='ltr'><strong>cum</strong></span> <span class='ocrx_word' id='word_1_632' title='bbox 3564 2640 3617 2694; x_wconf 80' lang='lat' dir='ltr'><strong>ita</strong></span> 
     </span>
    </p>
   </div>
   <div class='ocr_carea' id='block_1_88' title="bbox 2084 2734 3616 2810">
    <p class='ocr_par' dir='ltr' id='par_1_88' title="bbox 2084 2734 3616 2810">
     <span class='ocr_line' id='line_1_88' title="bbox 2084 2734 3616 2810; baseline -0.006 -15"><span class='ocrx_word' id='word_1_633' title='bbox 2084 2741 2286 2796; x_wconf 89' lang='lat' dir='ltr'><strong>vertit:</strong></span> <span class='ocrx_word' id='word_1_634' title='bbox 2325 2760 2344 2791; x_wconf 74' lang='grc' dir='ltr'><strong>ι</strong></span> <span class='ocrx_word' id='word_1_635' title='bbox 2387 2738 2490 2794; x_wconf 90' lang='lat' dir='ltr'><strong>Sed</strong></span> <span class='ocrx_word' id='word_1_636' title='bbox 2537 2739 2603 2793; x_wconf 91' lang='lat' dir='ltr'><strong>ad</strong></span> <span class='ocrx_word' id='word_1_637' title='bbox 2641 2738 2879 2810; x_wconf 84' lang='lat' dir='ltr'><strong>Cyprum</strong></span> <span class='ocrx_word' id='word_1_638' title='bbox 2910 2736 3263 2793; x_wconf 86' lang='lat' dir='ltr'><strong>delatuslidei</strong></span> <span class='ocrx_word' id='word_1_639' title='bbox 3290 2734 3616 2804; x_wconf 81' lang='lat' dir='ltr'><strong>naufragium.</strong></span> 
     </span>
    </p>
   </div>
   <div class='ocr_carea' id='block_1_89' title="bbox 2083 2824 3619 2902">
    <p class='ocr_par' dir='ltr' id='par_1_89' title="bbox 2083 2824 3619 2902">
     <span class='ocr_line' id='line_1_89' title="bbox 2083 2824 3619 2902; baseline -0.007 -15"><span class='ocrx_word' id='word_1_640' title='bbox 2083 2834 2233 2888; x_wconf 84' lang='lat' dir='ltr'><strong>velut</strong></span> <span class='ocrx_word' id='word_1_641' title='bbox 2260 2832 2511 2902; x_wconf 88' lang='lat' dir='ltr'><strong>corporis</strong></span> <span class='ocrx_word' id='word_1_642' title='bbox 2537 2830 2777 2895; x_wconf 85' lang='lat' dir='ltr'><strong>fecisset,</strong></span> <span class='ocrx_word' id='word_1_643' title='bbox 2803 2830 3003 2893; x_wconf 86' lang='lat' dir='ltr'><strong>ibidem</strong></span> <span class='ocrx_word' id='word_1_644' title='bbox 3032 2844 3251 2899; x_wconf 87' lang='lat' dir='ltr'><strong>passus.</strong></span> <span class='ocrx_word' id='word_1_645' title='bbox 3281 2847 3301 2879; x_wconf 74' lang='grc' dir='ltr'><strong>ι</strong></span> <span class='ocrx_word' id='word_1_646' title='bbox 3333 2826 3467 2895; x_wconf 86' lang='lat' dir='ltr'><strong>Quid</strong></span> <span class='ocrx_word' id='word_1_647' title='bbox 3494 2824 3619 2895; x_wconf 78' lang='lat' dir='ltr'><strong>paulo</strong></span> 
     </span>
    </p>
   </div>
   <div class='ocr_carea' id='block_1_90' title="bbox 2085 2915 3624 2995">
    <p class='ocr_par' dir='ltr' id='par_1_90' title="bbox 2085 2915 3624 2995">
     <span class='ocr_line' id='line_1_90' title="bbox 2085 2915 3624 2995; baseline -0.008 -15"><span class='ocrx_word' id='word_1_648' title='bbox 2085 2923 2407 2995; x_wconf 71' lang='grc' dir='ltr'>ροειῖἙγὼ</span> <span class='ocrx_word' id='word_1_649' title='bbox 2458 2922 2516 2976; x_wconf 71' lang='grc' dir='ltr'><strong>δὲ</strong></span> <span class='ocrx_word' id='word_1_650' title='bbox 2551 2922 2706 2977; x_wconf 76' lang='grc' dir='ltr'>ἅτινα</span> <span class='ocrx_word' id='word_1_651' title='bbox 2755 2921 2912 2989; x_wconf 86' lang='grc' dir='ltr'>φύσει</span> <span class='ocrx_word' id='word_1_652' title='bbox 2938 2923 3232 2988; x_wconf 83' lang='grc' dir='ltr'>ἀναγκαῖον</span> <span class='ocrx_word' id='word_1_653' title='bbox 3271 2915 3410 2973; x_wconf 74' lang='grc' dir='ltr'>εἶναι</span> <span class='ocrx_word' id='word_1_654' title='bbox 3454 2917 3624 2989; x_wconf 60' lang='lat' dir='ltr'><strong>imae-</strong></span> 
     </span>
    </p>
   </div>
   <div class='ocr_carea' id='block_1_91' title="bbox 2090 3015 3619 3093">
    <p class='ocr_par' dir='ltr' id='par_1_91' title="bbox 2090 3015 3619 3093">
     <span class='ocr_line' id='line_1_91' title="bbox 2090 3015 3619 3093; baseline -0.006 -18"><span class='ocrx_word' id='word_1_655' title='bbox 2090 3039 2197 3093; x_wconf 78' lang='grc' dir='ltr'>μην</span> <span class='ocrx_word' id='word_1_656' title='bbox 2240 3022 2320 3084; x_wconf 75' lang='grc' dir='ltr'>εἰς</span> <span class='ocrx_word' id='word_1_657' title='bbox 2355 3019 2664 3091; x_wconf 79' lang='grc' dir='ltr'>τούμφανὲς</span> <span class='ocrx_word' id='word_1_658' title='bbox 2689 3017 2880 3082; x_wconf 76' lang='grc' dir='ltr'>ἐλθεῖν,</span> <span class='ocrx_word' id='word_1_659' title='bbox 2909 3015 3061 3070; x_wconf 80' lang='grc' dir='ltr'>ταῦθ’</span> <span class='ocrx_word' id='word_1_660' title='bbox 3092 3017 3466 3089; x_wconf 82' lang='grc' dir='ltr'>ὑπηγόρευσα.</span> <span class='ocrx_word' id='word_1_661' title='bbox 3490 3015 3619 3067; x_wconf 81' lang='lat' dir='ltr'><strong>Peta-</strong></span> 
     </span>
    </p>
   </div>
   <div class='ocr_carea' id='block_1_92' title="bbox 2012 3107 3621 3198">
    <p class='ocr_par' dir='ltr' id='par_1_92' title="bbox 2012 3107 3621 3198">
     <span class='ocr_line' id='line_1_92' title="bbox 2012 3107 3621 3198; baseline -0.009 -30"><span class='ocrx_word' id='word_1_662' title='bbox 2012 3141 2055 3198; x_wconf 69' lang='grc' dir='ltr'>ο</span> <span class='ocrx_word' id='word_1_663' title='bbox 2088 3114 2211 3168; x_wconf 90' lang='lat' dir='ltr'><strong>vius</strong></span> <span class='ocrx_word' id='word_1_664' title='bbox 2249 3112 2393 3166; x_wconf 89' lang='lat' dir='ltr'><strong>enim</strong></span> <span class='ocrx_word' id='word_1_665' title='bbox 2443 3127 2637 3167; x_wconf 89' lang='lat' dir='ltr'><strong>rursus</strong></span> <span class='ocrx_word' id='word_1_666' title='bbox 2664 3110 2887 3166; x_wconf 90' lang='lat' dir='ltr'><strong>omisit:</strong></span> <span class='ocrx_word' id='word_1_667' title='bbox 2922 3128 2940 3160; x_wconf 80' lang='grc' dir='ltr'><strong>ι</strong></span> <span class='ocrx_word' id='word_1_668' title='bbox 2976 3108 3090 3177; x_wconf 87' lang='lat' dir='ltr'><strong>Ego</strong></span> <span class='ocrx_word' id='word_1_669' title='bbox 3139 3123 3275 3162; x_wconf 90' lang='lat' dir='ltr'><strong>vero</strong></span> <span class='ocrx_word' id='word_1_670' title='bbox 3304 3123 3369 3162; x_wconf 90' lang='lat' dir='ltr'><strong>ea</strong></span> <span class='ocrx_word' id='word_1_671' title='bbox 3403 3107 3621 3161; x_wconf 75' lang='lat' dir='ltr'><strong>duntaxat</strong></span> 
     </span>
    </p>
   </div>
   <div class='ocr_carea' id='block_1_93' title="bbox 2089 3194 3617 3272">
    <p class='ocr_par' dir='ltr' id='par_1_93' title="bbox 2089 3194 3617 3272">
     <span class='ocr_line' id='line_1_93' title="bbox 2089 3194 3617 3272; baseline -0.01 -15"><span class='ocrx_word' id='word_1_672' title='bbox 2089 3201 2352 3272; x_wconf 88' lang='lat' dir='ltr'><strong>proposui</strong></span> <span class='ocrx_word' id='word_1_673' title='bbox 2404 3217 2527 3272; x_wconf 71' lang='lat' dir='ltr'><strong>qua:</strong></span> <span class='ocrx_word' id='word_1_674' title='bbox 2575 3200 2631 3255; x_wconf 88' lang='lat' dir='ltr'><strong>in</strong></span> <span class='ocrx_word' id='word_1_675' title='bbox 2660 3200 2896 3255; x_wconf 90' lang='lat' dir='ltr'><strong>medium</strong></span> <span class='ocrx_word' id='word_1_676' title='bbox 2932 3198 3160 3268; x_wconf 84' lang='lat' dir='ltr'><strong>proferri</strong></span> <span class='ocrx_word' id='word_1_677' title='bbox 3194 3207 3449 3267; x_wconf 87' lang='lat' dir='ltr'><strong>oportere</strong></span> <span class='ocrx_word' id='word_1_678' title='bbox 3470 3194 3617 3249; x_wconf 60' lang='lat' dir='ltr'><strong>duxi.»</strong></span> 
     </span>
    </p>
   </div>
   <div class='ocr_carea' id='block_1_94' title="bbox 2090 3287 3626 3364">
    <p class='ocr_par' dir='ltr' id='par_1_94' title="bbox 2090 3287 3626 3364">
     <span class='ocr_line' id='line_1_94' title="bbox 2090 3287 3626 3364; baseline -0.01 -15"><span class='ocrx_word' id='word_1_679' title='bbox 2090 3294 2232 3361; x_wconf 88' lang='lat' dir='ltr'><strong>Quid</strong></span> <span class='ocrx_word' id='word_1_680' title='bbox 2292 3293 2530 3364; x_wconf 88' lang='lat' dir='ltr'><strong>denique</strong></span> <span class='ocrx_word' id='word_1_681' title='bbox 2580 3292 2771 3347; x_wconf 61' lang='lat' dir='ltr'><strong>haeresi</strong></span> <span class='ocrx_word' id='word_1_682' title='bbox 2820 3292 2933 3345; x_wconf 79' lang='lat'><strong>5|?</strong></span> <span class='ocrx_word' id='word_1_683' title='bbox 3002 3290 3194 3344; x_wconf 83' lang='grc' dir='ltr'>Ὁπότε</span> <span class='ocrx_word' id='word_1_684' title='bbox 3228 3289 3292 3341; x_wconf 81' lang='grc' dir='ltr'><strong>δὲ</strong></span> <span class='ocrx_word' id='word_1_685' title='bbox 3323 3289 3383 3341; x_wconf 84' lang='grc' dir='ltr'><strong>ού</strong></span> <span class='ocrx_word' id='word_1_686' title='bbox 3422 3287 3626 3355; x_wconf 78' lang='grc' dir='ltr'>δέχονται</span> 
     </span>
    </p>
   </div>
   <div class='ocr_carea' id='block_1_95' title="bbox 2089 3382 3622 3458">
    <p class='ocr_par' dir='ltr' id='par_1_95' title="bbox 2089 3382 3622 3458">
     <span class='ocr_line' id='line_1_95' title="bbox 2089 3382 3622 3458; baseline -0.007 -16"><span class='ocrx_word' id='word_1_687' title='bbox 2089 3389 2248 3458; x_wconf 85' lang='grc' dir='ltr'>φύσει</span> <span class='ocrx_word' id='word_1_688' title='bbox 2280 3386 2350 3441; x_wconf 83' lang='grc' dir='ltr'>τὰ</span> <span class='ocrx_word' id='word_1_689' title='bbox 2379 3386 2557 3458; x_wconf 82' lang='grc' dir='ltr'>βιϐλία</span> <span class='ocrx_word' id='word_1_690' title='bbox 2609 3385 2677 3439; x_wconf 81' lang='grc' dir='ltr'><strong>τὰ</strong></span> <span class='ocrx_word' id='word_1_691' title='bbox 2715 3384 2823 3438; x_wconf 83' lang='grc' dir='ltr'><strong>ἀπὸ</strong></span> <span class='ocrx_word' id='word_1_692' title='bbox 2851 3384 2945 3439; x_wconf 81' lang='grc' dir='ltr'><strong>τοῦ</strong></span> <span class='ocrx_word' id='word_1_693' title='bbox 2990 3382 3147 3453; x_wconf 80' lang='grc' dir='ltr'>ἁγίου</span> <span class='ocrx_word' id='word_1_694' title='bbox 3198 3383 3451 3437; x_wconf 80' lang='grc' dir='ltr'>Ἰωάννου</span> <span class='ocrx_word' id='word_1_695' title='bbox 3494 3393 3622 3445; x_wconf 74' lang='grc' dir='ltr'>κεκη-</span> 
     </span>
    </p>
   </div>
   <div class='ocr_carea' id='block_1_96' title="bbox 2091 3473 3621 3553">
    <p class='ocr_par' dir='ltr' id='par_1_96' title="bbox 2091 3473 3621 3553">
     <span class='ocr_line' id='line_1_96' title="bbox 2091 3473 3621 3553; baseline -0.005 -20"><span class='ocrx_word' id='word_1_696' title='bbox 2091 3478 2356 3553; x_wconf 82' lang='grc' dir='ltr'>ρυγμένα.</span> <span class='ocrx_word' id='word_1_697' title='bbox 2388 3498 2407 3529; x_wconf 90' lang='grc'><strong>‹</strong></span> <span class='ocrx_word' id='word_1_698' title='bbox 2445 3475 2553 3533; x_wconf 86' lang='lat' dir='ltr'><strong>Sed</strong></span> <span class='ocrx_word' id='word_1_699' title='bbox 2579 3493 2702 3532; x_wconf 91' lang='lat' dir='ltr'><strong>cum</strong></span> <span class='ocrx_word' id='word_1_700' title='bbox 2729 3477 3018 3531; x_wconf 80' lang='lat' dir='ltr'><strong>universos</strong></span> <span class='ocrx_word' id='word_1_701' title='bbox 3055 3473 3290 3529; x_wconf 81' lang='lat' dir='ltr'><strong>Joannis</strong></span> <span class='ocrx_word' id='word_1_702' title='bbox 3321 3473 3485 3528; x_wconf 90' lang='lat' dir='ltr'><strong>libros</strong></span> <span class='ocrx_word' id='word_1_703' title='bbox 3522 3484 3621 3540; x_wconf 78' lang='lat' dir='ltr'><strong>pro-</strong></span> 
     </span>
    </p>
   </div>
   <div class='ocr_carea' id='block_1_97' title="bbox 2092 3558 3624 3644">
    <p class='ocr_par' dir='ltr' id='par_1_97' title="bbox 2092 3558 3624 3644">
     <span class='ocr_line' id='line_1_97' title="bbox 2092 3558 3624 3644; baseline -0.007 -18"><span class='ocrx_word' id='word_1_704' title='bbox 2092 3574 2207 3644; x_wconf 89' lang='lat' dir='ltr'><strong>prie</strong></span> <span class='ocrx_word' id='word_1_705' title='bbox 2234 3572 2505 3642; x_wconf 84' lang='lat' dir='ltr'><strong>rejiciant.</strong></span> <span class='ocrx_word' id='word_1_706' title='bbox 2537 3596 2554 3621; x_wconf 77' lang='grc' dir='ltr'><strong><em>ο</em></strong></span> <span class='ocrx_word' id='word_1_707' title='bbox 2587 3569 2664 3624; x_wconf 86' lang='lat' dir='ltr'><strong>lta</strong></span> <span class='ocrx_word' id='word_1_708' title='bbox 2698 3569 2917 3623; x_wconf 89' lang='lat' dir='ltr'><strong>tandem</strong></span> <span class='ocrx_word' id='word_1_709' title='bbox 2935 3567 3211 3631; x_wconf 86' lang='lat' dir='ltr'><strong>Petavius,</strong></span> <span class='ocrx_word' id='word_1_710' title='bbox 3237 3583 3314 3621; x_wconf 89' lang='lat' dir='ltr'><strong>an</strong></span> <span class='ocrx_word' id='word_1_711' title='bbox 3349 3564 3518 3621; x_wconf 82' lang='lat' dir='ltr'><strong>recte?</strong></span> <span class='ocrx_word' id='word_1_712' title='bbox 3543 3558 3624 3615; x_wconf 81' lang='lat' dir='ltr'><strong>Sed</strong></span> 
     </span>
    </p>
   </div>
   <div class='ocr_carea' id='block_1_98' title="bbox 2089 3656 3621 3734">
    <p class='ocr_par' dir='ltr' id='par_1_98' title="bbox 2089 3656 3621 3734">
     <span class='ocr_line' id='line_1_98' title="bbox 2089 3656 3621 3734; baseline -0.008 -18"><span class='ocrx_word' id='word_1_713' title='bbox 2089 3662 2334 3734; x_wconf 84' lang='lat' dir='ltr'><strong>lgnatius</strong></span> <span class='ocrx_word' id='word_1_714' title='bbox 2389 3669 2592 3725; x_wconf 87' lang='lat' dir='ltr'><strong>noster,</strong></span> <span class='ocrx_word' id='word_1_715' title='bbox 2627 3669 2835 3714; x_wconf 74' lang='lat' dir='ltr'><strong>natura:</strong></span> <span class='ocrx_word' id='word_1_716' title='bbox 2867 3676 2884 3710; x_wconf 81' lang='grc' dir='ltr'><strong>ι</strong></span> <span class='ocrx_word' id='word_1_717' title='bbox 2918 3658 3140 3713; x_wconf 90' lang='lat' dir='ltr'><strong>nomine</strong></span> <span class='ocrx_word' id='word_1_718' title='bbox 3189 3656 3280 3711; x_wconf 91' lang='lat' dir='ltr'><strong>bis</strong></span> <span class='ocrx_word' id='word_1_719' title='bbox 3316 3656 3509 3711; x_wconf 87' lang='lat' dir='ltr'><strong>abusus</strong></span> <span class='ocrx_word' id='word_1_720' title='bbox 3535 3660 3621 3712; x_wconf 86' lang='lat' dir='ltr'><strong>est;</strong></span> 
     </span>
    </p>
   </div>
   <div class='ocr_carea' id='block_1_99' title="bbox 2090 3740 3624 3820">
    <p class='ocr_par' dir='ltr' id='par_1_99' title="bbox 2090 3740 3624 3820">
     <span class='ocr_line' id='line_1_99' title="bbox 2090 3740 3624 3820; baseline -0.012 -10"><span class='ocrx_word' id='word_1_721' title='bbox 2090 3771 2311 3811; x_wconf 85' lang='lat' dir='ltr'><strong>sensum</strong></span> <span class='ocrx_word' id='word_1_722' title='bbox 2336 3753 2385 3808; x_wconf 89' lang='lat' dir='ltr'><strong>ei</strong></span> <span class='ocrx_word' id='word_1_723' title='bbox 2411 3752 2598 3807; x_wconf 89' lang='lat' dir='ltr'><strong>nescio</strong></span> <span class='ocrx_word' id='word_1_724' title='bbox 2636 3766 2823 3820; x_wconf 91' lang='lat' dir='ltr'><strong>quem,</strong></span> <span class='ocrx_word' id='word_1_725' title='bbox 2847 3747 3044 3819; x_wconf 91' lang='lat' dir='ltr'><strong>inquit,</strong></span> <span class='ocrx_word' id='word_1_726' title='bbox 3077 3748 3395 3803; x_wconf 87' lang='lat' dir='ltr'><strong>abstrusum</strong></span> <span class='ocrx_word' id='word_1_727' title='bbox 3418 3754 3467 3799; x_wconf 89' lang='lat' dir='ltr'><strong>et</strong></span> <span class='ocrx_word' id='word_1_728' title='bbox 3489 3760 3515 3797; x_wconf 89' lang='lat' dir='ltr'><strong>a</strong></span> <span class='ocrx_word' id='word_1_729' title='bbox 3535 3740 3624 3794; x_wconf 76' lang='lat' dir='ltr'><strong>vul~</strong></span> 
     </span>
    </p>
   </div>
   <div class='ocr_carea' id='block_1_100' title="bbox 2091 3828 3623 3917">
    <p class='ocr_par' dir='ltr' id='par_1_100' title="bbox 2091 3828 3623 3917">
     <span class='ocr_line' id='line_1_100' title="bbox 2091 3828 3623 3917; baseline -0.013 -17"><span class='ocrx_word' id='word_1_730' title='bbox 2091 3846 2205 3917; x_wconf 73' lang='lat' dir='ltr'><strong>gari</strong></span> <span class='ocrx_word' id='word_1_731' title='bbox 2261 3859 2363 3900; x_wconf 90' lang='lat' dir='ltr'><strong>usu</strong></span> <span class='ocrx_word' id='word_1_732' title='bbox 2397 3850 2666 3898; x_wconf 90' lang='lat' dir='ltr'><strong>remotum</strong></span> <span class='ocrx_word' id='word_1_733' title='bbox 2699 3839 2979 3909; x_wconf 84' lang='lat' dir='ltr'><strong>allingens.</strong></span> <span class='ocrx_word' id='word_1_734' title='bbox 3008 3857 3027 3888; x_wconf 76' lang='grc' dir='ltr'><strong>ι</strong></span> <span class='ocrx_word' id='word_1_735' title='bbox 3062 3836 3270 3891; x_wconf 91' lang='lat' dir='ltr'><strong>Locum</strong></span> <span class='ocrx_word' id='word_1_736' title='bbox 3318 3852 3384 3890; x_wconf 81' lang='lat' dir='ltr'><strong>cx</strong></span> <span class='ocrx_word' id='word_1_737' title='bbox 3427 3828 3623 3903; x_wconf 78' lang='lat' dir='ltr'><strong>Epistola</strong></span> 
     </span>
    </p>
   </div>
   <div class='ocr_carea' id='block_1_101' title="bbox 2090 3922 3625 4005">
    <p class='ocr_par' dir='ltr' id='par_1_101' title="bbox 2090 3922 3625 4005">
     <span class='ocr_line' id='line_1_101' title="bbox 2090 3922 3625 4005; baseline -0.014 -15"><span class='ocrx_word' id='word_1_738' title='bbox 2090 3936 2157 3990; x_wconf 89' lang='lat' dir='ltr'><strong>ad</strong></span> <span class='ocrx_word' id='word_1_739' title='bbox 2188 3934 2454 4005; x_wconf 88' lang='lat' dir='ltr'><strong>Ephesios</strong></span> <span class='ocrx_word' id='word_1_740' title='bbox 2478 3930 2717 3994; x_wconf 88' lang='lat' dir='ltr'><strong>adducit,</strong></span> <span class='ocrx_word' id='word_1_741' title='bbox 2749 3929 2803 3983; x_wconf 92' lang='lat' dir='ltr'><strong>in</strong></span> <span class='ocrx_word' id='word_1_742' title='bbox 2827 3943 2956 3998; x_wconf 89' lang='lat' dir='ltr'><strong>quo,</strong></span> <span class='ocrx_word' id='word_1_743' title='bbox 2997 3927 3259 3981; x_wconf 90' lang='lat' dir='ltr'><strong>nimirum</strong></span> <span class='ocrx_word' id='word_1_744' title='bbox 3291 3966 3307 3990; x_wconf 92' lang='lat'><strong>,</strong></span> <span class='ocrx_word' id='word_1_745' title='bbox 3345 3945 3363 3977; x_wconf 85' lang='grc'><strong>‹</strong></span> <span class='ocrx_word' id='word_1_746' title='bbox 3396 3922 3625 3979; x_wconf 72' lang='lat' dir='ltr'><strong>extrican-</strong></span> 
     </span>
    </p>
   </div>
   <div class='ocr_carea' id='block_1_102' title="bbox 2089 4009 3623 4091">
    <p class='ocr_par' dir='ltr' id='par_1_102' title="bbox 2089 4009 3623 4091">
     <span class='ocr_line' id='line_1_102' title="bbox 2089 4009 3623 4091; baseline -0.014 -9"><span class='ocrx_word' id='word_1_747' title='bbox 2089 4027 2161 4081; x_wconf 93' lang='lat' dir='ltr'><strong>do</strong></span> <span class='ocrx_word' id='word_1_748' title='bbox 2194 4026 2395 4081; x_wconf 89' lang='lat' dir='ltr'><strong>sudant</strong></span> <span class='ocrx_word' id='word_1_749' title='bbox 2426 4024 2770 4091; x_wconf 85' lang='lat' dir='ltr'><strong>interpretes.</strong></span> <span class='ocrx_word' id='word_1_750' title='bbox 2802 4040 2821 4073; x_wconf 75' lang='grc' dir='ltr'><strong>ι</strong></span> <span class='ocrx_word' id='word_1_751' title='bbox 2851 4019 3075 4074; x_wconf 90' lang='lat' dir='ltr'><strong>Possem</strong></span> <span class='ocrx_word' id='word_1_752' title='bbox 3097 4018 3306 4088; x_wconf 81' lang='lat' dir='ltr'><strong>pariter</strong></span> <span class='ocrx_word' id='word_1_753' title='bbox 3322 4034 3389 4072; x_wconf 80' lang='lat' dir='ltr'><strong>cx</strong></span> <span class='ocrx_word' id='word_1_754' title='bbox 3417 4013 3468 4069; x_wconf 91' lang='lat' dir='ltr'><strong>S.</strong></span> <span class='ocrx_word' id='word_1_755' title='bbox 3489 4009 3623 4066; x_wconf 84' lang='lat' dir='ltr'><strong>Paulo</strong></span> 
     </span>
    </p>
   </div>
   <div class='ocr_carea' id='block_1_103' title="bbox 2091 4103 3622 4181">
    <p class='ocr_par' dir='ltr' id='par_1_103' title="bbox 2091 4103 3622 4181">
     <span class='ocr_line' id='line_1_103' title="bbox 2091 4103 3622 4181; baseline -0.013 -9"><span class='ocrx_word' id='word_1_756' title='bbox 2091 4119 2270 4174; x_wconf 92' lang='lat' dir='ltr'><strong>locum</strong></span> <span class='ocrx_word' id='word_1_757' title='bbox 2297 4113 2633 4181; x_wconf 88' lang='lat' dir='ltr'><strong>adducere,l</strong></span> <span class='ocrx_word' id='word_1_758' title='bbox 2670 4114 2798 4169; x_wconf 87' lang='lat' dir='ltr'><strong>Cor.</strong></span> <span class='ocrx_word' id='word_1_759' title='bbox 2829 4129 2909 4175; x_wconf 66' lang='grc' dir='ltr'>χι,</span> <span class='ocrx_word' id='word_1_760' title='bbox 2939 4111 3026 4176; x_wconf 65' lang='lat' dir='ltr'><strong>id,</strong></span> <span class='ocrx_word' id='word_1_761' title='bbox 3058 4110 3126 4164; x_wconf 89' lang='lat' dir='ltr'><strong>de</strong></span> <span class='ocrx_word' id='word_1_762' title='bbox 3154 4125 3267 4179; x_wconf 91' lang='lat' dir='ltr'><strong>quo</strong></span> <span class='ocrx_word' id='word_1_763' title='bbox 3319 4124 3426 4163; x_wconf 85' lang='lat' dir='ltr'><strong>non</strong></span> <span class='ocrx_word' id='word_1_764' title='bbox 3464 4103 3622 4160; x_wconf 84' lang='lat' dir='ltr'><strong>sudant</strong></span> 
     </span>
    </p>
   </div>
   <div class='ocr_carea' id='block_1_104' title="bbox 2090 4197 3622 4275">
    <p class='ocr_par' dir='ltr' id='par_1_104' title="bbox 2090 4197 3622 4275">
     <span class='ocr_line' id='line_1_104' title="bbox 2090 4197 3622 4275; baseline -0.014 -9"><span class='ocrx_word' id='word_1_765' title='bbox 2090 4220 2303 4268; x_wconf 89' lang='lat' dir='ltr'><strong>tantum</strong></span> <span class='ocrx_word' id='word_1_766' title='bbox 2331 4209 2424 4263; x_wconf 90' lang='lat' dir='ltr'><strong>sed</strong></span> <span class='ocrx_word' id='word_1_767' title='bbox 2450 4216 2505 4261; x_wconf 91' lang='lat' dir='ltr'><strong>et</strong></span> <span class='ocrx_word' id='word_1_768' title='bbox 2528 4205 2899 4275; x_wconf 83' lang='lat' dir='ltr'><strong>digladiantur</strong></span> <span class='ocrx_word' id='word_1_769' title='bbox 2926 4203 3027 4258; x_wconf 86' lang='lat' dir='ltr'><strong>viri</strong></span> <span class='ocrx_word' id='word_1_770' title='bbox 3058 4202 3391 4257; x_wconf 91' lang='lat' dir='ltr'><strong>doctissimi.</strong></span> <span class='ocrx_word' id='word_1_771' title='bbox 3422 4197 3515 4253; x_wconf 89' lang='lat' dir='ltr'><strong>Sed</strong></span> <span class='ocrx_word' id='word_1_772' title='bbox 3540 4209 3622 4249; x_wconf 88' lang='lat' dir='ltr'><strong>non</strong></span> 
     </span>
    </p>
   </div>
   <div class='ocr_carea' id='block_1_105' title="bbox 2091 4286 3624 4375">
    <p class='ocr_par' dir='ltr' id='par_1_105' title="bbox 2091 4286 3624 4375">
     <span class='ocr_line' id='line_1_105' title="bbox 2091 4286 3624 4375; baseline -0.013 -17"><span class='ocrx_word' id='word_1_773' title='bbox 2091 4320 2231 4375; x_wconf 91' lang='lat' dir='ltr'><strong>opus</strong></span> <span class='ocrx_word' id='word_1_774' title='bbox 2255 4311 2339 4359; x_wconf 87' lang='lat' dir='ltr'><strong>est</strong></span> <span class='ocrx_word' id='word_1_775' title='bbox 2366 4320 2378 4355; x_wconf 92' lang='lat'>:</span> <span class='ocrx_word' id='word_1_776' title='bbox 2407 4299 2754 4370; x_wconf 87' lang='lat' dir='ltr'><strong>apertissima</strong></span> <span class='ocrx_word' id='word_1_777' title='bbox 2785 4297 2931 4352; x_wconf 90' lang='lat' dir='ltr'><strong>enim</strong></span> <span class='ocrx_word' id='word_1_778' title='bbox 2978 4295 3194 4351; x_wconf 85' lang='lat' dir='ltr'><strong>fallacia</strong></span> <span class='ocrx_word' id='word_1_779' title='bbox 3220 4296 3314 4350; x_wconf 91' lang='lat' dir='ltr'><strong>hic</strong></span> <span class='ocrx_word' id='word_1_780' title='bbox 3346 4294 3506 4348; x_wconf 88' lang='lat' dir='ltr'><strong>utitur</strong></span> <span class='ocrx_word' id='word_1_781' title='bbox 3530 4286 3624 4341; x_wconf 84' lang='lat' dir='ltr'><strong>Dal—</strong></span> 
     </span>
    </p>
   </div>
   <div class='ocr_carea' id='block_1_106' title="bbox 2090 4378 3621 4460">
    <p class='ocr_par' dir='ltr' id='par_1_106' title="bbox 2090 4378 3621 4460">
     <span class='ocr_line' id='line_1_106' title="bbox 2090 4378 3621 4460; baseline -0.013 -8"><span class='ocrx_word' id='word_1_782' title='bbox 2090 4398 2228 4452; x_wconf 72' lang='lat' dir='ltr'><strong>lteus</strong></span> <span class='ocrx_word' id='word_1_783' title='bbox 2273 4413 2286 4450; x_wconf 90' lang='lat'><strong>:</strong></span> <span class='ocrx_word' id='word_1_784' title='bbox 2338 4391 2759 4460; x_wconf 80' lang='grc' dir='ltr'>πολυαγάπητον</span> <span class='ocrx_word' id='word_1_785' title='bbox 2817 4389 2993 4458; x_wconf 82' lang='grc' dir='ltr'>ὄνομα</span> <span class='ocrx_word' id='word_1_786' title='bbox 3050 4386 3324 4456; x_wconf 81' lang='grc' dir='ltr'>κέκτησθε</span> <span class='ocrx_word' id='word_1_787' title='bbox 3381 4383 3523 4454; x_wconf 80' lang='grc' dir='ltr'>φύσει</span> <span class='ocrx_word' id='word_1_788' title='bbox 3561 4378 3621 4431; x_wconf 76' lang='grc' dir='ltr'><strong>δι·</strong></span> 
     </span>
    </p>
   </div>
   <div class='ocr_carea' id='block_1_107' title="bbox 2023 4470 3623 4559">
    <p class='ocr_par' dir='ltr' id='par_1_107' title="bbox 2023 4470 3623 4559">
     <span class='ocr_line' id='line_1_107' title="bbox 2023 4470 3623 4559; baseline -0.013 -18"><span class='ocrx_word' id='word_1_789' title='bbox 2023 4486 2066 4540; x_wconf 88' lang='grc' dir='ltr'><strong>Ι)</strong></span> <span class='ocrx_word' id='word_1_790' title='bbox 2096 4486 2228 4559; x_wconf 79' lang='grc' dir='ltr'>καίᾳ</span> <span class='ocrx_word' id='word_1_791' title='bbox 2248 4525 2263 4549; x_wconf 89' lang='grc'><strong>,</strong></span> <span class='ocrx_word' id='word_1_792' title='bbox 2294 4499 2418 4554; x_wconf 66' lang='lat' dir='ltr'><strong>quae</strong></span> <span class='ocrx_word' id='word_1_793' title='bbox 2438 4482 2631 4537; x_wconf 90' lang='lat' dir='ltr'><strong>recitat</strong></span> <span class='ocrx_word' id='word_1_794' title='bbox 2657 4480 2820 4535; x_wconf 85' lang='lat' dir='ltr'><strong>verba</strong></span> <span class='ocrx_word' id='word_1_795' title='bbox 2847 4479 3019 4534; x_wconf 91' lang='lat' dir='ltr'><strong>nostri</strong></span> <span class='ocrx_word' id='word_1_796' title='bbox 3045 4478 3265 4548; x_wconf 88' lang='lat' dir='ltr'><strong>quidem</strong></span> <span class='ocrx_word' id='word_1_797' title='bbox 3306 4485 3463 4539; x_wconf 89' lang='lat' dir='ltr'><strong>sunt,</strong></span> <span class='ocrx_word' id='word_1_798' title='bbox 3485 4471 3562 4528; x_wconf 87' lang='lat' dir='ltr'><strong>sed</strong></span> <span class='ocrx_word' id='word_1_799' title='bbox 3582 4470 3623 4523; x_wconf 86' lang='lat' dir='ltr'><strong>in</strong></span> 
     </span>
    </p>
   </div>
   <div class='ocr_carea' id='block_1_108' title="bbox 2090 4563 3623 4640">
    <p class='ocr_par' dir='ltr' id='par_1_108' title="bbox 2090 4563 3623 4640">
     <span class='ocr_line' id='line_1_108' title="bbox 2090 4563 3623 4640; baseline -0.012 -6"><span class='ocrx_word' id='word_1_800' title='bbox 2090 4578 2171 4634; x_wconf 87' lang='lat' dir='ltr'><strong>eis</strong></span> <span class='ocrx_word' id='word_1_801' title='bbox 2196 4572 2531 4631; x_wconf 81' lang='lat' dir='ltr'><strong>extricandis</strong></span> <span class='ocrx_word' id='word_1_802' title='bbox 2566 4587 2673 4626; x_wconf 92' lang='lat' dir='ltr'><strong>non</strong></span> <span class='ocrx_word' id='word_1_803' title='bbox 2708 4571 2909 4626; x_wconf 85' lang='lat' dir='ltr'><strong>sudant</strong></span> <span class='ocrx_word' id='word_1_804' title='bbox 2967 4572 3314 4640; x_wconf 90' lang='lat' dir='ltr'><strong>interpretes.</strong></span> <span class='ocrx_word' id='word_1_805' title='bbox 3372 4563 3623 4636; x_wconf 78' lang='lat' dir='ltr'><strong>lnterpola-</strong></span> 
     </span>
    </p>
   </div>
   <div class='ocr_carea' id='block_1_109' title="bbox 2092 4654 3622 4737">
    <p class='ocr_par' dir='ltr' id='par_1_109' title="bbox 2092 4654 3622 4737">
     <span class='ocr_line' id='line_1_109' title="bbox 2092 4654 3622 4737; baseline -0.012 -13"><span class='ocrx_word' id='word_1_806' title='bbox 2092 4680 2177 4725; x_wconf 89' lang='lat' dir='ltr'><strong>tor</strong></span> <span class='ocrx_word' id='word_1_807' title='bbox 2228 4682 2328 4737; x_wconf 91' lang='lat' dir='ltr'><strong>pro</strong></span> <span class='ocrx_word' id='word_1_808' title='bbox 2353 4664 2774 4734; x_wconf 81' lang='grc' dir='ltr'>πολυαγάπητον</span> <span class='ocrx_word' id='word_1_809' title='bbox 2811 4662 3095 4718; x_wconf 88' lang='lat' dir='ltr'><strong>substituit</strong></span> <span class='ocrx_word' id='word_1_810' title='bbox 3142 4677 3243 4731; x_wconf 90' lang='lat' dir='ltr'><strong>pro</strong></span> <span class='ocrx_word' id='word_1_811' title='bbox 3291 4677 3393 4717; x_wconf 85' lang='lat' dir='ltr'><strong>suo</strong></span> <span class='ocrx_word' id='word_1_812' title='bbox 3438 4654 3622 4714; x_wconf 85' lang='lat' dir='ltr'><strong>arbitrio</strong></span> 
     </span>
    </p>
   </div>
   <div class='ocr_carea' id='block_1_110' title="bbox 2090 4750 3621 4826">
    <p class='ocr_par' dir='ltr' id='par_1_110' title="bbox 2090 4750 3621 4826">
     <span class='ocr_line' id='line_1_110' title="bbox 2090 4750 3621 4826; baseline -0.01 -14"><span class='ocrx_word' id='word_1_813' title='bbox 2090 4755 2488 4826; x_wconf 82' lang='grc' dir='ltr'>πολυπόθητον·</span> <span class='ocrx_word' id='word_1_814' title='bbox 2519 4753 2665 4808; x_wconf 88' lang='lat' dir='ltr'><strong>unde</strong></span> <span class='ocrx_word' id='word_1_815' title='bbox 2702 4750 2963 4808; x_wconf 90' lang='lat' dir='ltr'><strong>Usserius</strong></span> <span class='ocrx_word' id='word_1_816' title='bbox 2990 4761 3045 4807; x_wconf 85' lang='lat' dir='ltr'><strong>et</strong></span> <span class='ocrx_word' id='word_1_817' title='bbox 3066 4751 3294 4814; x_wconf 82' lang='lat' dir='ltr'><strong>Junius,</strong></span> <span class='ocrx_word' id='word_1_818' title='bbox 3320 4766 3440 4807; x_wconf 90' lang='lat' dir='ltr'><strong>cum</strong></span> <span class='ocrx_word' id='word_1_819' title='bbox 3476 4758 3621 4801; x_wconf 84' lang='lat' dir='ltr'><strong>veram</strong></span> 
     </span>
    </p>
   </div>
   <div class='ocr_carea' id='block_1_111' title="bbox 2092 4836 3624 4915">
    <p class='ocr_par' dir='ltr' id='par_1_111' title="bbox 2092 4836 3624 4915">
     <span class='ocr_line' id='line_1_111' title="bbox 2092 4836 3624 4915; baseline -0.01 -9"><span class='ocrx_word' id='word_1_820' title='bbox 2092 4851 2381 4906; x_wconf 90' lang='lat' dir='ltr'><strong>lectionem</strong></span> <span class='ocrx_word' id='word_1_821' title='bbox 2412 4863 2522 4902; x_wconf 91' lang='lat' dir='ltr'><strong>non</strong></span> <span class='ocrx_word' id='word_1_822' title='bbox 2562 4845 2849 4911; x_wconf 89' lang='lat' dir='ltr'><strong>vidissent,</strong></span> <span class='ocrx_word' id='word_1_823' title='bbox 2883 4852 3074 4915; x_wconf 88' lang='lat' dir='ltr'><strong>argute</strong></span> <span class='ocrx_word' id='word_1_824' title='bbox 3104 4843 3269 4898; x_wconf 89' lang='lat' dir='ltr'><strong>nimis</strong></span> <span class='ocrx_word' id='word_1_825' title='bbox 3306 4843 3373 4897; x_wconf 86' lang='lat' dir='ltr'><strong>de</strong></span> <span class='ocrx_word' id='word_1_826' title='bbox 3403 4836 3624 4911; x_wconf 51' lang='lat' dir='ltr'><strong>ctymolt)‘</strong></span> 
     </span>
    </p>
   </div>
   <div class='ocr_carea' id='block_1_112' title="bbox 2091 4927 3623 5012">
    <p class='ocr_par' dir='ltr' id='par_1_112' title="bbox 2091 4927 3623 5012">
     <span class='ocr_line' id='line_1_112' title="bbox 2091 4927 3623 5012; baseline -0.01 -17"><span class='ocrx_word' id='word_1_827' title='bbox 2091 4942 2178 5012; x_wconf 89' lang='lat' dir='ltr'><strong>gia</strong></span> <span class='ocrx_word' id='word_1_828' title='bbox 2237 4938 2502 5009; x_wconf 85' lang='grc' dir='ltr'>Ἐφεσίων</span> <span class='ocrx_word' id='word_1_829' title='bbox 2572 4936 2950 5002; x_wconf 86' lang='lat' dir='ltr'><strong>disserebant;</strong></span> <span class='ocrx_word' id='word_1_830' title='bbox 3006 4949 3128 5003; x_wconf 76' lang='lat' dir='ltr'><strong>qua:</strong></span> <span class='ocrx_word' id='word_1_831' title='bbox 3196 4933 3413 5003; x_wconf 87' lang='lat' dir='ltr'><strong>quidem</strong></span> <span class='ocrx_word' id='word_1_832' title='bbox 3477 4927 3623 4981; x_wconf 75' lang='lat' dir='ltr'><strong>lsaaco</strong></span> 
     </span>
    </p>
   </div>
   <div class='ocr_carea' id='block_1_113' title="bbox 2092 5016 3620 5098">
    <p class='ocr_par' dir='ltr' id='par_1_113' title="bbox 2092 5016 3620 5098">
     <span class='ocr_line' id='line_1_113' title="bbox 2092 5016 3620 5098; baseline -0.014 -10"><span class='ocrx_word' id='word_1_833' title='bbox 2092 5033 2289 5088; x_wconf 79' lang='lat' dir='ltr'><strong>Vossio</strong></span> <span class='ocrx_word' id='word_1_834' title='bbox 2327 5032 2526 5086; x_wconf 89' lang='lat' dir='ltr'><strong>merito</strong></span> <span class='ocrx_word' id='word_1_835' title='bbox 2579 5030 2763 5084; x_wconf 89' lang='lat' dir='ltr'><strong>minus</strong></span> <span class='ocrx_word' id='word_1_836' title='bbox 2824 5027 3134 5098; x_wconf 75' lang='lat' dir='ltr'><strong>placebant.</strong></span> <span class='ocrx_word' id='word_1_837' title='bbox 3194 5025 3338 5093; x_wconf 91' lang='lat' dir='ltr'><strong>Quid</strong></span> <span class='ocrx_word' id='word_1_838' title='bbox 3387 5022 3531 5093; x_wconf 86' lang='grc' dir='ltr'>φύσει</span> <span class='ocrx_word' id='word_1_839' title='bbox 3564 5016 3620 5069; x_wconf 74' lang='grc' dir='ltr'><strong>διο</strong></span> 
     </span>
    </p>
   </div>
   <div class='ocr_carea' id='block_1_114' title="bbox 2092 5106 3619 5198">
    <p class='ocr_par' dir='ltr' id='par_1_114' title="bbox 2092 5106 3619 5198">
     <span class='ocr_line' id='line_1_114' title="bbox 2092 5106 3619 5198; baseline -0.015 -17"><span class='ocrx_word' id='word_1_840' title='bbox 2092 5126 2227 5198; x_wconf 79' lang='grc' dir='ltr'>καίᾳ</span> <span class='ocrx_word' id='word_1_841' title='bbox 2251 5134 2428 5191; x_wconf 90' lang='lat' dir='ltr'><strong>esset,</strong></span> <span class='ocrx_word' id='word_1_842' title='bbox 2472 5133 2666 5178; x_wconf 88' lang='lat' dir='ltr'><strong>neutra</strong></span> <span class='ocrx_word' id='word_1_843' title='bbox 2698 5137 2827 5192; x_wconf 88' lang='lat' dir='ltr'><strong>pars</strong></span> <span class='ocrx_word' id='word_1_844' title='bbox 2870 5119 3191 5185; x_wconf 88' lang='lat' dir='ltr'><strong>dubitabat;</strong></span> <span class='ocrx_word' id='word_1_845' title='bbox 3239 5128 3460 5186; x_wconf 90' lang='lat' dir='ltr'><strong>uterque</strong></span> <span class='ocrx_word' id='word_1_846' title='bbox 3504 5106 3619 5163; x_wconf 86' lang='lat' dir='ltr'><strong>Lati-</strong></span> 
     </span>
    </p>
   </div>
   <div class='ocr_carea' id='block_1_115' title="bbox 2094 5203 3618 5285">
    <p class='ocr_par' dir='ltr' id='par_1_115' title="bbox 2094 5203 3618 5285">
     <span class='ocr_line' id='line_1_115' title="bbox 2094 5203 3618 5285; baseline -0.014 -13"><span class='ocrx_word' id='word_1_847' title='bbox 2094 5233 2200 5272; x_wconf 87' lang='lat' dir='ltr'><strong>nus</strong></span> <span class='ocrx_word' id='word_1_848' title='bbox 2224 5217 2493 5285; x_wconf 88' lang='lat' dir='ltr'><strong>interpres</strong></span> <span class='ocrx_word' id='word_1_849' title='bbox 2518 5223 2716 5267; x_wconf 85' lang='lat' dir='ltr'><strong>natura</strong></span> <span class='ocrx_word' id='word_1_850' title='bbox 2735 5213 2880 5281; x_wconf 73' lang='lat' dir='ltr'><strong>iusta</strong></span> <span class='ocrx_word' id='word_1_851' title='bbox 2913 5210 3175 5275; x_wconf 85' lang='lat' dir='ltr'><strong>reddidit;</strong></span> <span class='ocrx_word' id='word_1_852' title='bbox 3211 5209 3346 5263; x_wconf 86' lang='lat' dir='ltr'><strong>adeo</strong></span> <span class='ocrx_word' id='word_1_853' title='bbox 3382 5203 3543 5259; x_wconf 91' lang='lat' dir='ltr'><strong>omnis</strong></span> <span class='ocrx_word' id='word_1_854' title='bbox 3569 5211 3618 5251; x_wconf 74' lang='lat' dir='ltr'><strong>ex</strong></span> 
     </span>
    </p>
   </div>
   <div class='ocr_carea' id='block_1_116' title="bbox 2092 5297 3619 5377">
    <p class='ocr_par' dir='ltr' id='par_1_116' title="bbox 2092 5297 3619 5377">
     <span class='ocr_line' id='line_1_116' title="bbox 2092 5297 3619 5377; baseline -0.012 -15"><span class='ocrx_word' id='word_1_855' title='bbox 2092 5308 2362 5364; x_wconf 88' lang='lat' dir='ltr'><strong>vocabulo</strong></span> <span class='ocrx_word' id='word_1_856' title='bbox 2390 5306 2552 5377; x_wconf 85' lang='grc' dir='ltr'>φύσις</span> <span class='ocrx_word' id='word_1_857' title='bbox 2588 5306 2757 5361; x_wconf 91' lang='lat' dir='ltr'><strong>sudor</strong></span> <span class='ocrx_word' id='word_1_858' title='bbox 2787 5305 3067 5359; x_wconf 90' lang='lat' dir='ltr'><strong>abstersus</strong></span> <span class='ocrx_word' id='word_1_859' title='bbox 3111 5312 3216 5357; x_wconf 89' lang='lat' dir='ltr'><strong>est.</strong></span> <span class='ocrx_word' id='word_1_860' title='bbox 3254 5301 3334 5355; x_wconf 82' lang='lat' dir='ltr'><strong>Ad</strong></span> <span class='ocrx_word' id='word_1_861' title='bbox 3358 5297 3619 5352; x_wconf 81' lang='lat' dir='ltr'><strong>Trallenses</strong></span> 
     </span>
    </p>
   </div>
   <div class='ocr_carea' id='block_1_117' title="bbox 2093 5378 3619 5464">
    <p class='ocr_par' dir='ltr' id='par_1_117' title="bbox 2093 5378 3619 5464">
     <span class='ocr_line' id='line_1_117' title="bbox 2093 5378 3619 5464; baseline -0.01 -10"><span class='ocrx_word' id='word_1_862' title='bbox 2093 5416 2157 5455; x_wconf 88' lang='lat' dir='ltr'><strong>ea</strong></span> <span class='ocrx_word' id='word_1_863' title='bbox 2182 5414 2312 5455; x_wconf 88' lang='lat' dir='ltr'><strong>voce</strong></span> <span class='ocrx_word' id='word_1_864' title='bbox 2371 5399 2567 5454; x_wconf 88' lang='lat' dir='ltr'><strong>iterum</strong></span> <span class='ocrx_word' id='word_1_865' title='bbox 2624 5397 2819 5460; x_wconf 91' lang='lat' dir='ltr'><strong>utitur,</strong></span> <span class='ocrx_word' id='word_1_866' title='bbox 2852 5395 2913 5448; x_wconf 81' lang='grc' dir='ltr'>οὺ</span> <span class='ocrx_word' id='word_1_867' title='bbox 2945 5393 3088 5448; x_wconf 71' lang='grc' dir='ltr'>κατὰ</span> <span class='ocrx_word' id='word_1_868' title='bbox 3113 5393 3338 5464; x_wconf 77' lang='grc' dir='ltr'>χρῆσιν,</span> <span class='ocrx_word' id='word_1_869' title='bbox 3371 5386 3495 5443; x_wconf 79' lang='grc' dir='ltr'>ἀλλὰ</span> <span class='ocrx_word' id='word_1_870' title='bbox 3512 5378 3619 5437; x_wconf 63' lang='grc' dir='ltr'>κατὰ</span> 
     </span>
    </p>
   </div>
   <div class='ocr_carea' id='block_1_118' title="bbox 2094 5476 3619 5559">
    <p class='ocr_par' dir='ltr' id='par_1_118' title="bbox 2094 5476 3619 5559">
     <span class='ocr_line' id='line_1_118' title="bbox 2094 5476 3619 5559; baseline -0.005 -15"><span class='ocrx_word' id='word_1_871' title='bbox 2094 5490 2257 5559; x_wconf 76' lang='grc' dir='ltr'>φύσιν</span> <span class='ocrx_word' id='word_1_872' title='bbox 2282 5528 2298 5553; x_wconf 86' lang='grc'><strong>,</strong></span> <span class='ocrx_word' id='word_1_873' title='bbox 2332 5489 2385 5543; x_wconf 88' lang='lat' dir='ltr'><strong>id</strong></span> <span class='ocrx_word' id='word_1_874' title='bbox 2417 5500 2535 5551; x_wconf 88' lang='lat' dir='ltr'><strong>est,</strong></span> <span class='ocrx_word' id='word_1_875' title='bbox 2565 5486 2688 5541; x_wconf 74' lang='grc' dir='ltr'>καθ’</span> <span class='ocrx_word' id='word_1_876' title='bbox 2720 5487 2859 5553; x_wconf 74' lang='grc' dir='ltr'>ἕξιν·</span> <span class='ocrx_word' id='word_1_877' title='bbox 2898 5501 3024 5539; x_wconf 85' lang='lat' dir='ltr'><strong>uam</strong></span> <span class='ocrx_word' id='word_1_878' title='bbox 3058 5483 3343 5553; x_wconf 77' lang='grc' dir='ltr'>φυσιοῦται</span> <span class='ocrx_word' id='word_1_879' title='bbox 3378 5476 3546 5553; x_wconf 50' lang='lat' dir='ltr'><strong>sese.</strong></span> <span class='ocrx_word' id='word_1_880' title='bbox 3576 5477 3619 5521; x_wconf 50' lang='grc' dir='ltr'><strong>υἱ</strong></span> 
     </span>
    </p>
   </div>
   <div class='ocr_carea' id='block_1_119' title="bbox 2095 5566 3617 5655">
    <p class='ocr_par' dir='ltr' id='par_1_119' title="bbox 2095 5566 3617 5655">
     <span class='ocr_line' id='line_1_119' title="bbox 2095 5566 3617 5655; baseline -0.016 -18"><span class='ocrx_word' id='word_1_881' title='bbox 2095 5582 2339 5653; x_wconf 90' lang='lat' dir='ltr'><strong>loquitur</strong></span> <span class='ocrx_word' id='word_1_882' title='bbox 2371 5578 2627 5636; x_wconf 90' lang='lat' dir='ltr'><strong>Clemens</strong></span> <span class='ocrx_word' id='word_1_883' title='bbox 2673 5578 3097 5633; x_wconf 83' lang='lat' dir='ltr'><strong>Alexandrinus.</strong></span> <span class='ocrx_word' id='word_1_884' title='bbox 3132 5575 3280 5655; x_wconf 84' lang='lat' dir='ltr'><strong>Satis</strong></span> <span class='ocrx_word' id='word_1_885' title='bbox 3323 5579 3492 5643; x_wconf 84' lang='lat' dir='ltr'><strong>aperte</strong></span> <span class='ocrx_word' id='word_1_886' title='bbox 3529 5566 3617 5618; x_wconf 67' lang='lat' dir='ltr'><strong>hac</strong></span> 
     </span>
    </p>
   </div>
   <div class='ocr_carea' id='block_1_120' title="bbox 2094 5666 3616 5744">
    <p class='ocr_par' dir='ltr' id='par_1_120' title="bbox 2094 5666 3616 5744">
     <span class='ocr_line' id='line_1_120' title="bbox 2094 5666 3616 5744; baseline -0.008 -16"><span class='ocrx_word' id='word_1_887' title='bbox 2094 5685 2149 5728; x_wconf 90' lang='lat' dir='ltr'><strong>ct</strong></span> <span class='ocrx_word' id='word_1_888' title='bbox 2172 5674 2449 5744; x_wconf 89' lang='lat' dir='ltr'><strong>eleganter</strong></span> <span class='ocrx_word' id='word_1_889' title='bbox 2498 5673 2642 5728; x_wconf 90' lang='lat' dir='ltr'><strong>dicta</strong></span> <span class='ocrx_word' id='word_1_890' title='bbox 2674 5681 2833 5737; x_wconf 89' lang='lat' dir='ltr'><strong>sunt;</strong></span> <span class='ocrx_word' id='word_1_891' title='bbox 2878 5686 3001 5741; x_wconf 68' lang='lat' dir='ltr'><strong>qua:</strong></span> <span class='ocrx_word' id='word_1_892' title='bbox 3031 5679 3211 5724; x_wconf 88' lang='lat' dir='ltr'><strong>tamen</strong></span> <span class='ocrx_word' id='word_1_893' title='bbox 3251 5666 3488 5722; x_wconf 82' lang='lat' dir='ltr'><strong>archaica</strong></span> <span class='ocrx_word' id='word_1_894' title='bbox 3521 5669 3616 5711; x_wconf 58' lang='grc' dir='ltr'><strong>ωε</strong></span> 
     </span>
    </p>
   </div>
   <div class='ocr_carea' id='block_1_121' title="bbox 2075 5747 3612 5853">
    <p class='ocr_par' dir='ltr' id='par_1_121' title="bbox 2075 5747 3612 5853">
     <span class='ocr_line' id='line_1_121' title="bbox 2075 5747 3612 5853; baseline 0 -28"><span class='ocrx_word' id='word_1_895' title='bbox 2075 5767 2213 5845; x_wconf 46' lang='grc' dir='ltr'>,γυιι</span> <span class='ocrx_word' id='word_1_896' title='bbox 2248 5781 2443 5853; x_wconf 72' lang='lat' dir='ltr'><strong>censor</strong></span> <span class='ocrx_word' id='word_1_897' title='bbox 2471 5776 2542 5850; x_wconf 88' lang='lat' dir='ltr'><strong>_et</strong></span> <span class='ocrx_word' id='word_1_898' title='bbox 2572 5764 2843 5847; x_wconf 69' lang='lat' dir='ltr'><strong>miriﬁca,</strong></span> <span class='ocrx_word' id='word_1_899' title='bbox 2876 5779 3014 5845; x_wconf 81' lang='lat' dir='ltr'><strong>cum</strong></span> <span class='ocrx_word' id='word_1_900' title='bbox 3050 5763 3163 5821; x_wconf 87' lang='lat' dir='ltr'><strong>sint</strong></span> <span class='ocrx_word' id='word_1_901' title='bbox 3206 5762 3363 5845; x_wconf 80' lang='lat' dir='ltr'><strong>plane</strong></span> <span class='ocrx_word' id='word_1_902' title='bbox 3413 5747 3612 5824; x_wconf 68' lang='grc' dir='ltr'>τυιιδτῖλ</span> 
     </span>
    </p>
   </div>
  </div>
