3768 6322
130 332 219 385 Ηει
828 325 878 399 Ϊ.
920 344 1285 402 PEARSONll
1330 348 1647 407 VINDICIE
1688 352 2112 415 IGNATIANE.
2143 391 2210 403 -—
2238 364 2422 420 PARS
2459 366 2526 422 ll.
2565 367 2570 379 '
3244 380 3351 435 ibi)

127 465 172 511 et
202 456 406 513 usitata.
430 453 488 512 ln
518 454 898 529 antiquissima
928 456 1189 522 Barnabas
1219 470 1481 540 epistola:
1512 490 1531 524 ι
1566 472 1665 528 Su-
1694 478 1738 535 Α
1838 476 1911 533 De
1930 497 1948 529 ι
1977 495 2152 537 nexus
2174 481 2466 540 verborum
2492 486 2725 546 mirifica
2742 492 2951 548 ratione
2973 512 2992 547 ι
3021 492 3129 551 late
3159 498 3350 569 dispu-

124 564 207 620 pra
242 551 453 605 modum
488 552 762 607 exhilaror
785 556 961 612 beatis
983 567 1037 612 et
1078 560 1355 628 praeclaris
1378 566 1663 634 spiritibus
1765 575 1843 621 tat
1877 570 1959 623 vir
1977 570 2361 636 doctissimus.
2386 593 2617 648 eamque
2650 600 2668 631 ι
2693 582 2758 635 ad
2792 584 2936 638 illam
2960 602 3123 655 quam
3149 607 3167 640 ι
3203 551 3344 646 sci-io

124 644 295 698 vestris
317 644 459 713 quod
484 647 563 701 sic
604 649 906 704 naturalem
935 658 1164 722 gratiam
1196 659 1519 728 accepistis;
1554 679 1573 713 ι
1607 670 1663 718 et
1765 670 1889 730 ptor
1928 682 1946 713 ι
1972 675 2279 721 asscctalur
2312 684 2561 739 pompam
2600 675 2832 731 multum
2861 677 3036 735 facere
3063 700 3081 731 ι
3106 683 3343 739 arbitra-

124 746 278 790 iamen
321 737 499 790 statim
548 739 717 802 addit,
757 760 775 792 ι
813 744 939 813 quia
972 761 1097 801 vere
1120 748 1278 804 video
1302 750 1357 804 in
1384 752 1545 809 vobis
1577 754 1663 809 in-
1765 751 2635 832 tur.Videamusautemqusenam
2658 766 3001 840 illasintqua:
3024 774 3160 829 adeo
3180 790 3343 845 pom-

124 824 274 845 ,______
304 826 453 845 __,_,,,
614 830 650 845 ν,
702 831 715 845 .
880 842 889 845 _
977 835 998 845 _
1154 837 1187 845 _
1231 840 1243 845 -
1371 841 1399 845 _
1862 844 1869 845 γ

122 824 276 877 fusum
302 826 549 894 spiritum
603 830 671 884 ab
701 831 932 889 honesto
974 835 1124 892 fonte
1154 837 1265 894 Dei.
1300 860 1319 893 ι
1361 841 1660 916 Gregorius
1761 844 1941 912 patice
1972 846 2218 916 loquitur
2249 824 2490 921 lgnatius
2525 864 2731 913 noster.
2763 879 2781 910 ι
2807 824 3158 933 Evangelium
3180 824 3344 923 rdixit

118 911 463 970 Nazianzenus
484 921 736 976 oratione
766 922 835 976 15
865 942 878 977 :
911 925 1105 998 Χρόνῳ
1126 928 1219 981 καὶ
1246 930 1390 1002 λόγῳ
1426 911 1606 1002 βέϐαια

1852 936 1966 991 risti
2018 954 2263 995 carnem.
2300 960 2317 993 ι
2374 942 2550 1010 Quam
2608 911 3340 1026 ροςηραιίοοῑῠπροσφυγὼν

118 1005 191 1058 ων
212 1005 344 1059 ἅπαν
375 1007 538 1063 καλὸν
561 1010 720 1079 φύσις
745 1012 1096 1082 καθίσταται,
1130 1019 1383 1093 καθάπερ
1413 1022 1508 1075 καὶ
1532 1025 1565 1095 ἡ
1601 1029 1606 1075 i

1852 1030 2076 1102 ιγ-γελίῳ
2128 1033 2204 1097 ὡς
2268 1005 2434 1107 σαρξὶ
2464 1005 3340 1109 ΧρισῖτοῖέίΝοηήΙιίενετὶιξεδόί-

114 1103 225 1171 ἡμῖν
244 1101 444 1171 ἀγάπη.
487 1122 506 1155 ι
541 1103 754 1160 Bonum
808 1122 975 1164 omne
1023 1120 1269 1181 tempore
1318 1129 1383 1169 ac
1444 1117 1657 1171 ratione
1757 1128 1903 1174 scrte
1932 1101 2285 1194 Evangelium
2317 1101 2527 1184 Christi
2555 1146 2775 1186 carnem
2808 1136 2965 1201 dixit,
3002 1139 3095 1193 sed
3128 1101 3337 1213 fugien-

114 1194 465 1249 coulirmatum
516 1196 571 1251 in
600 1208 852 1254 naturam
890 1203 1122 1269 transit,
1154 1214 1214 1259 ut
1247 1214 1301 1260 et
1336 1222 1401 1261 ea
1432 1223 1554 1278 quae
1597 1209 1653 1263 in
1754 1210 1883 1265 dum
1921 1224 2105 1270 monet
2151 1216 2220 1269 ad
2280 1215 2632 1290 Evangelium
2680 1231 2938 1294 tanquam
2991 1230 3057 1284 ad
3109 1247 3333 1285 carnem

115 1285 246 1339 nobis
275 1295 354 1340 est
409 1286 669 1343 charitas.
703 1308 723 1342 ι
764 1290 999 1346 Verbum
1035 1294 1200 1348 etiam
1235 1294 1382 1366 ᾅδειν
1415 1306 1651 1364 cantare,
1753 1299 1978 1359 Christi.
2020 1305 2103 1360 An
2150 1306 2405 1365 Christus
2437 1285 2502 1367 se
2540 1310 2714 1368 furem
2760 1285 2924 1385 dixit,
2952 1336 3075 1374 cum
3110 1322 3223 1378 haec
3256 1325 3336 1378 lo-

114 1391 202 1429 non
232 1376 427 1446 vulgari
484 1386 540 1433 et
573 1378 849 1450 legitimo,
885 1383 979 1437 sed
1016 1386 1229 1452 poetico
1264 1402 1429 1442 sensu
1466 1403 1602 1458 posu

1843 1408 1934 1456 ius,
1964 1402 2046 1448 est
2074 1396 2193 1466 ήκω
2225 1398 2320 1452 ἐπὶ
2344 1399 2406 1453 σὲ
2439 1399 2801 1475 ὠς-κλέπτης,
2831 1426 2849 1457 ι
2885 1376 3044 1463 venio
3066 1411 3132 1464 ad
3166 1376 3235 1475 te,
3266 1429 3331 1466 eo

112 1480 192 1533 pro
234 1466 506 1522 celebrare.
580 1470 855 1540 Duplicem
913 1474 1135 1543 quidem
1218 1477 1363 1532 hunc
1426 1494 1650 1533 sensum
1751 1483 2034 1553 modoquo
2067 1485 2155 1541 fur
2185 1490 2372 1544 venire
2416 1492 2589 1546 solet?
2622 1512 2641 1545 ι
2678 1494 2759 1547 An
2798 1496 2981 1551 lunam
3011 1501 3329 1570 sanguinem

110 1568 382 1625 agnoscunt
428 1562 805 1629 grammatici,
868 1572 929 1617 ut
985 1567 1312 1622 Ammonius
1348 1585 1363 1623 :
1400 1566 1474 1621 Τὸ
1500 1568 1593 1640 ᾆδε

1850 1576 1889 1627 it
1917 1573 1974 1629 S.
2022 1575 2285 1663 Joannes,
2343 1595 2468 1636 cum
2515 1584 2607 1638 illa
2643 1586 2949 1661 scripsitpi)
2988 1562 3186 1663 σελήνη
3208 1592 3329 1662 ἐγέ-

110 1651 219 1703 mat
240 1650 330 1721 μὲν
352 1650 411 1705 τὸ
438 1651 661 1721 ψάλλειν
688 1653 855 1725 δηλοῖ,
883 1655 1054 1710 ἐνίοτε
1082 1657 1139 1710 δὲ
1166 1657 1226 1711 τὸ
1243 1658 1519 1731 φημίζειν·
1554 1678 1598 1718 St

1835 1680 1871 1716 ro
1908 1663 1984 1727 ὡς
2012 1660 2172 1737 αἷμα,
2214 1688 2233 1719 ι
2284 1668 2436 1725 Luna
2472 1670 2614 1727 facta
2644 1650 3002 1747 cstt—anqua'm
3036 1650 3323 1753 sanguis?)

109 1756 247 1795 unam
291 1743 744 1813 signiﬁcationem
809 1747 1070 1815 poeticae,
1116 1749 1343 1804 alteram
1404 1752 1646 1820 pedestri
1746 1752 1829 1807 An
1864 1771 1987 1810 cum
2028 1757 2405 1829 Pliilippenses
2452 1762 2790 1837 Polycarpus
2833 1743 2988 1838 jubet
3047 1743 3327 1844 subiectos

108 1833 311 1887 orationi
345 1845 676 1905 competere,
708 1853 891 1903 nemo,
928 1840 1146 1910 Opinor,
1181 1843 1362 1900 adhuc
1406 1845 1641 1901 monuit.
1679 1843 1720 1901 Β
1747 1860 1869 1901 esse
1920 1849 2253 1921 presbyteris
2296 1864 2352 1907 et
2403 1833 2779 1923 diaconis,‘tbc
2803 1833 2922 1932 6εῷ
2942 1864 3036 1916 καὶ
3064 1833 3323 1939 Χριστῷ,

108 1922 160 1977 Et
185 1923 305 1979 adeo
337 1926 501 1982 tritus
533 1936 619 1982 est
672 1927 765 1981 τοῦ
815 1928 963 2000 ᾅδειν
996 1945 1095 2000 pro
1156 1932 1433 2003 celebrare,
1499 1938 1642 2006 apud
1743 1938 2121 2010 presbyterum
2186 1943 2357 2000 Deum
2407 1948 2584 2014 dixit,
2655 1922 2769 2005 aut,
2808 1922 3130 2015 diaconum.
3160 1922 3323 2015 cmi:

107 2015 256 2070 omnis
286 2018 498 2086 generis
550 2021 850 2090 scriptores
894 2038 1061 2090 usus,
1097 2031 1158 2078 ut
1206 2025 1457 2096 exempla
1492 2026 1548 2081 in
1582 2044 1644 2083 re
1743 2034 1931 2086 stum?
1982 2032 2143 2090 Nullo
2206 2039 2386 2094 tundo.
2440 2040 2528 2105 Ὠς
2589 2042 3003 2103 similitudinem
3077 2051 3319 2121 aliquam

107 2116 194 2161 tam
225 2120 340 2164 nota
374 2111 625 2181 proferre
656 2115 876 2184 pudeat.
923 2114 1100 2172 Verba
1146 2117 1410 2173 inusitata
1443 2127 1499 2175 et
1545 2120 1646 2174 ob-
1741 2124 1981 2182 denotat.
2011 2128 2094 2185 Ad
2126 2128 2481 2202 Evangelium
2529 2134 2688 2208 fugit,
2742 2154 2807 2193 ac
2833 2140 2879 2195 si
2920 2142 2988 2197 ad
3034 2111 3318 2203 Christum

106 2215 233 2254 scura
261 2200 488 2260 Dallneus
524 2213 633 2259 tam
670 2205 983 2277 frequenter
1019 2208 1228 2281 lgnatio
1271 2220 1467 2268 nostro
1499 2212 1641 2283 obji-
1742 2214 2091 2274 incarnatum
2182 2200 2421 2293 fugeret;
2492 2228 2546 2280 in
2590 2200 2704 2282 illo
2776 2232 2924 2286 enim
2996 2232 3319 2305 depingitur

105 2289 177 2355 cit,
207 2300 259 2346 ut
286 2295 475 2350 credas
514 2296 667 2351 illum
704 2315 812 2353 non
846 2299 1008 2355 aliter
1041 2301 1333 2372 scripsisse
1351 2304 1635 2374 epistolas,
1742 2307 2049 2365 incarnatio
2074 2352 2090 2379 ,
2150 2289 2279 2380 vita,
2340 2319 2524 2386 passio
2576 2318 2803 2377 Christi.
2865 2289 3316 2397 Fidem'quidem

104 2398 235 2451 quam
265 2385 387 2440 olim
443 2388 788 2444 Alexarchus
819 2389 1117 2446 Cassandri
1160 2392 1331 2449 frater
1380 2396 1633 2466 scripsit,
1738 2414 1963 2456 carnem
1993 2401 2223 2470 Christi,
2256 2415 2312 2460 et
2343 2385 2664 2468 cliaritatcni
2713 2417 3034 2486 sanguinem
3084 2385 3313 2491 Christi,

104 2476 232 2542 cuius
258 2478 477 2548 epistola
506 2482 649 2551 apud
674 2482 996 2539 Athenaeum
1023 2485 1117 2539 lib.
1146 2502 1203 2540 in
1238 2495 1440 2555 exstat,
1469 2505 1635 2559 quam
1736 2491 2008 2560 appellat,
2065 2508 2174 2549 non
2230 2496 2603 2568 singulariter,
2657 2520 2765 2559 non
2812 2476 3135 2565 mirabiliter
3158 2553 3174 2579 ,
3202 2476 3313 2569 non;

104 2580 154 2617 ne
178 2565 408 2639 Pythium
443 2572 669 2641 quidem
720 2574 1057 2632 intellexisse
1109 2578 1285 2633 critici
1337 2582 1633 2649 putabant,
1735 2582 2073 2655 prodigiose;
2115 2586 2220 2641 hoc
2257 2565 2405 2644 enim
2442 2593 2578 2647 nihil
2608 2595 2756 2651 aliud
2786 2607 2897 2663 est,
2936 2616 3102 2670 quam
3138 2565 3309 2661 totam

102 2654 358 2717 utDallzeus
392 2660 705 2733 lgnatianas
737 2666 998 2734 epiStolas
1034 2668 1213 2737 prisca
1248 2669 1433 2727 Loxize
1462 2672 1635 2742 ApoI--
1734 2673 2011 2744 religionis
2068 2678 2396 2736 Christianae
2454 2684 2562 2738 vim
2620 2695 2673 2741 et
2702 2654 2998 2745 ellicaciani
3041 2695 3095 2747 in
3126 2694 3230 2750 ﬁde
3258 2706 3313 2751 et

102 2746 199 2804 linis
226 2754 431 2809 oracula
467 2757 729 2825 appellat.
762 2755 913 2812 Illius
945 2760 1189 2828 epistolae
1231 2762 1527 2834 inscriptio
1554 2765 1634 2820 sic
1732 2764 1999 2821 cliaritate
2029 2769 2321 2827 collocare.
2354 2771 2615 2829 Hortatur
2652 2787 2709 2833 ut
2735 2780 2993 2851 episcopo
3028 2784 3308 2855 obediant,

100 2843 209 2908 apud
239 2844 552 2902 Athenaeum
596 2850 936 2920 concipitur:
972 2851 1296 2925 Ἀλέξαρχος
1324 2858 1353 2909 ὁ
1399 2857 1588 2930 μάρμα

1817 2873 1841 2912 o
1872 2859 2004 2915 unio
2058 2877 2250 2919 eorum
2302 2867 2375 2921 sit
2400 2869 2636 2926 carnalis
2658 2880 2714 2925 et
2744 2874 3081 2944 Spiritualis;
3112 2878 3164 2933 id
3198 2889 3305 2945 est,

100 2937 291 3007 πρόμοις
332 2941 542 3009 γαθεῖν.
584 2941 946 3001 Casaubonus
992 2947 1249 3003 observat
1282 2950 1335 3003 in
1372 2967 1480 3007 ms.
1528 2969 1629 3023 pro
1729 2957 1791 3002 ut
1823 2964 1929 3003 non
1966 2958 2176 3008 tantum
2207 2970 2437 3025 corpore
2482 2959 2536 3013 in
2569 2962 2815 3017 eamdem
2846 2962 3146 3023 Ecclesiam
3172 2986 3308 3025 con-

103 3028 289 3101 μάρμων
316 3033 413 3104 legi
452 3036 704 3108 μάρκων,
733 3045 886 3107 putat
918 3038 1146 3112 μάρκων
1178 3042 1492 3112 signiﬁcare
1525 3047 1591 3100 im

1820 3042 1966 3105 liant,
1992 3046 2086 3100 sed
2105 3047 2268 3101 etiam
2291 3050 2492 3106 animis
2515 3060 2681 3123 atque
2713 3056 3001 3112 sententiis
3033 3058 3308 3118 unitatem'

100 3131 375 3187 peratorem,
410 3141 631 3196 regem;
672 3127 1045 3197 conjecturam
1082 3132 1263 3187 tirmat
1308 3135 1488 3191 verbis
1520 3135 1625 3193 He-
1653 3190 1691 3212 η
1728 3133 1933 3191 colant.
1988 3135 2170 3193 Monet
2200 3138 2565 3212 Polycarpum
2608 3153 2669 3200 ut
2704 3146 2883 3202 locum
2918 3165 3078 3204 suum
3108 3152 3303 3209 defen-

102 3212 237 3278 sycbii
269 3234 283 3269 ς
315 3216 573 3288 Μάρκος,
621 3219 829 3291 ἐντολή.
863 3221 1242 3282 Infelicissime
1285 3229 1486 3283 omnia.
1520 3229 1624 3286 Ne-
1651 3212 1693 3246 “
1725 3223 1836 3290 dat.
1858 3225 1964 3281 hoc
1995 3238 2107 3295 est.
2146 3232 2525 3288 auctoritatem
2568 3250 2734 3305 quam
2766 3236 3050 3295 obtinebat
3099 3241 3155 3297 in
3197 3242 3303 3300 Ec-

100 3313 179 3365 que
204 3303 332 3359 enim
370 3307 712 3364 Alexarchus
747 3310 1043 3381 imperator
1077 3324 1173 3369 aut
1206 3331 1299 3371 rex
1333 3318 1469 3386 fuit;
1528 3337 1624 3376 ne.
1724 3315 1888 3371 clesia
1920 3325 2155 3387 tueatur,
2178 3321 2329 3375 omni
2364 3338 2496 3379 cura
2520 3303 2725 3380 carnali
2748 3336 2803 3381 et
2823 3329 3092 3397 spirituali
3114 3350 3128 3398 ;
3152 3335 3299 3404 quod

100 3407 178 3459 que
206 3395 395 3467 papae;
427 3399 617 3455 Graece
642 3402 967 3469 mandatum,
1000 3406 1291 3476 significat.
1328 3407 1421 3463 llla
1456 3411 1621 3467 verba
1723 3406 1921 3459 mirum
1958 3408 2161 3462 nemini
2194 3410 2363 3466 videri
2393 3413 2573 3478 debet,
2605 3415 2699 3483 qui
2727 3395 2868 3485 legit
2886 3417 2989 3472 ista
3017 3417 3077 3474 S.
3103 3395 3295 3478 Pauli:

109 3482 337 3556 llesychii,
376 3502 433 3546 ut
466 3493 577 3547 alia
611 3495 935 3564 compluria,
968 3513 1033 3552 ex
1060 3500 1227 3554 veteri
1264 3501 1441 3557 lexico
1467 3513 1597 3558 tran'

1807 3497 2067 3562 πωπιάζω
2122 3517 2223 3570 μου
2280 3502 2341 3555 τὸ
2401 3503 2579 3574 σῶμα.
2628 3482 2849 3561 Morieri
2896 3509 3010 3563 vult
3034 3512 3295 3568 mulieres

106 3580 265 3648 scripla
296 3594 453 3650 sum,
503 3602 618 3656 quo
664 3590 1089 3647 continebantur
1124 3595 1346 3650 nomina
1394 3599 1617 3667 propria
1718 3586 2088 3655 Christianas,
2127 3602 2188 3647 ut
2216 3596 2430 3649 maritis
2455 3605 2728 3651 contenta:
2759 3598 2869 3653 sint
2897 3615 3064 3655 carne
3090 3611 3145 3656 et
3176 3604 3294 3673 spi-

99 3665 200 3725 Novi
230 3672 549 3732 Testamenti
577 3680 643 3733 ad
679 3678 979 3738 chraicas
1012 3684 1254 3754 origines
1277 3665 1411 3743 satis
1438 3665 1586 3759 inept

1805 3694 1847 3742 ι,
1884 3678 1987 3734 hoc
2010 3689 2113 3747 est,
2144 3700 2162 3731 ‹
2190 3690 2249 3736 ut
2272 3696 2379 3737 non
2405 3684 2699 3739 carnaliter
2727 3694 2963 3751 tantum,
2988 3686 3087 3741 sed
3114 3665 3293 3757 nerine

98 3761 244 3817 ιιειλιλ,
274 3764 411 3822 [Mer
445 3771 536 3824 ma
573 3773 714 3840 apud
750 3770 1164 3845 Hieronymum,
1199 3794 1323 3847 qua,
1365 3795 1431 3834 ex
1466 3782 1616 3838 Αοιῖε
1717 3768 1900 3823 animo
1928 3771 2321 3840 concupiscant
2356 3772 2495 3827 alios
2528 3773 2698 3840 viros,
2726 3793 2745 3826 ι
2781 3783 2841 3829 ut
2878 3784 3025 3831 recte
3068 3773 3291 3833 lsaacus

98 3857 400 3922 colliguntur,
437 3877 455 3908 ι
514 3862 766 3927 Marcus,
812 3872 1144 3919 mandatum.
1202 3885 1221 3918 ι
1259 3868 1411 3923 'lalla
1454 3879 1584 3927 sunt

1800 3860 2047 3915 ssius.ln
2094 3863 2342 3918 eamdem
2393 3864 2722 3918 sententiam
2780 3864 2996 3935 locutus
3045 3865 3288 3938 lgnatins

246 3916 559 4017 Hesycliium
578 3991 593 4014 ,
631 3916 836 4022 Ilézpo;
854 3992 870 4019 ,
914 3916 1178 4021 ἐπιλύων,

1798 3961 1899 4008 iter
1928 3953 1982 4008 in
2010 3954 2242 4023 epistola
2278 3955 2346 4009 ad
2376 3953 2663 4025 Ephesios,
2690 3957 2785 4012 sed
2810 3932 2973 4012 verba
3005 3916 3286 4015 trtincavit

98 4034 205 4099 apud
250 4035 625 4111 Hieronymum
646 4085 661 4107 ,
708 4058 727 4093 ι
767 4040 991 4110 Petrus,
1018 4061 1323 4116 agnoscens,
1366 4069 1386 4102 ι
1418 4061 1472 4107 et
1501 4070 1586 4108 rul

1795 4045 1977 4111 llazus,
2028 4054 2088 4101 ut
2132 4048 2306 4117 magis
2352 4048 2589 4104 obscura
2618 4049 2934 4105 viderentur
2957 4091 2972 4116 ,
3005 4052 3199 4122 μένετε
3223 4056 3283 4108 ὲν

97 4139 186 4178 sum
214 4145 225 4181 :
260 4149 276 4180 ‹
307 4129 494 4188 Petrus
519 4174 534 4197 ,
563 4150 845 4204 agnoscens
864 4178 879 4202 ,
913 4137 1027 4192 sive
1068 4138 1375 4197 dissolvens.
1412 4162 1433 4195 ι
1461 4144 1585 4215 Apu

1797 4132 1927 4204 ιστῷ
1954 4135 2228 4206 σαρκικῶς
2257 4137 2351 4190 καὶ
2381 4139 2787 4209 πνευματικῶς.
2809 4142 2885 4195 lta
2919 4141 3099 4197 locum
3129 4144 3281 4213 citat,

97 4230 217 4280 quem
246 4223 395 4278 etiam
417 4266 431 4291 ,
471 4245 490 4277 ι
535 4225 785 4281 Priscilla
807 4266 823 4291 ,
850 4243 1165 4298 agnoscens,
1199 4230 1472 4303 Pyrrhus,
1507 4236 1585 4290 dis

1799 4242 1831 4281 a
1876 4226 2224 4283 dolosissimo
2274 4228 2557 4285 Blondello
2593 4230 2871 4287 laudatum
2918 4235 3139 4304 reperit.
3173 4235 3280 4292 Sed

95 4309 270 4368 solvens.
307 4334 324 4367 ι
356 4317 511 4374 Unde
538 4327 666 4385 post
690 4321 857 4374 multa
884 4331 1030 4377 recte
1057 4325 1335 4381 concludit
1372 4344 1386 4383 :
1429 4348 1449 4380 ι
1487 4326 1582 4385 Hae

1792 4329 1913 4386 egra
1953 4316 2221 4371 sententia
2270 4326 2349 4372 est
2383 4319 2509 4373 :'Ev
2541 4319 2691 4393 πάσῃ
2726 4322 2916 4395 ἁγνείᾳ
2948 4324 3042 4377 καὶ
3070 4341 3280 4400 σωφρο-

94 4399 233 4453 omnia
260 4400 437 4460 Graeca
489 4408 714 4464 nomina
767 4411 849 4465 vel
885 4411 1081 4470 Latina
1126 4431 1292 4487 quam
1339 4420 1582 4478 violente]

1790 4421 1839 4479 ιῃ
1877 4408 2063 4477 μένετε
2090 4411 2150 4463 ὲν
2172 4409 2345 4482 Ἰησοῦ
2371 4412 2591 4484 Χριστῷ
2621 4416 2897 4486 σαρκικῶς
2924 4417 3016 4469 καὶ
3042 4399 3278 4489 πνευμα-

92 4491 333 4547 secundum
380 4497 621 4567 linguam
665 4498 986 4558 Hebraicam
1049 4505 1402 4577 interpretata
1456 4514 1565 4568 sint

1787 4498 1888 4563 ιῶς.
1925 4498 2091 4556 Vetus
2119 4500 2394 4572 interpres
2420 4521 2435 4558 :
2468 4522 2486 4556 ι
2509 4502 2567 4558 lu
2590 4507 2741 4559 omni
2770 4507 3021 4561 castitate
3049 4517 3104 4563 et
3132 4518 3275 4564 tem-

92 4582 377 4649 perspicuum
410 4602 532 4644 esse
566 4599 701 4659 ρυιο
734 4591 946 4648 lectori,
991 4614 1010 4646 ,
1051 4594 1170 4651 Non
1207 4599 1375 4669 igitur
1403 4604 1431 4655 ὁ
1464 4604 1598 4675 μάρ.
1700 4593 1949 4659 perantia
2005 4595 2273 4651 maneatis
2320 4596 2377 4650 in
2419 4594 2549 4650 Jesu
2602 4595 2859 4665 Christo,
2896 4601 3191 4656 carnaliter
3219 4611 3275 4658 et

92 4680 192 4734 μων,
221 4681 419 4745 nequeo
445 4682 673 4753 μάρκων
700 4683 768 4737 ad
789 4683 1186 4753 Alexarchum,
1220 4691 1442 4759 opinor,
1471 4709 1594 4763 per.
1696 4683 2071 4752 spiritualiter.
2106 4705 2124 4737 ι
2160 4685 2302 4753 Quid
2357 4697 2539 4741 autem
2590 4688 2740 4742 aliud
2772 4689 2860 4744 his
2883 4692 3065 4748 verbis
3097 4693 3269 4761 dixit,

91 4750 308 4815 ﬁuntsed
330 4750 612 4836 legendum
638 4770 849 4826 videtur
866 4789 973 4829 una
1008 4790 1139 4830 voce
1169 4750 1593 4850 bam
1693 4750 1858 4845 quam
1909 4778 2056 4847 quod
2103 4778 2163 4832 S.
2186 4750 2423 4836 'Paulus
2470 4779 2513 4833 ll
2547 4780 2673 4836 Cor.
2704 4799 2809 4847 vit,
2848 4784 2873 4838 1
2905 4802 2919 4839 :
2952 4750 3268 4841 laudemus

87 4856 146 4897 est
168 4853 391 4924 epistola,
425 4869 485 4915 υι
554 4862 810 4920 observat
866 4866 1184 4935 Αιὴρηωυε,
1221 4874 1287 4924 ad
1337 4874 1592 4928 Κασσαν-
1691 4885 1786 4923 nos
1816 4870 1879 4922 ab
1908 4872 2049 4923 omni
2085 4871 2485 4941 inquinamento
2530 4875 2707 4927 carnis
2756 4884 2805 4928 et
2841 4876 3085 4945 spiritus,
3115 4880 3270 4948 perﬁ-

85 4935 209 5004 εβέων
231 4948 503 5021 ἄρχοντας,
543 4974 562 5006 ι
600 4955 1091 5015 Cassandrensium
1131 4965 1485 5034 magistratus
1510 5007 1525 5033 ,
1564 4986 1582 5019 ι
1688 4962 1881 5016 cientes
1911 4965 2387 5033 sanctiﬁcationem
2427 4967 2482 5020 in
2524 4968 2712 5021 timore
2764 4967 2901 5022 Dei?
2944 4968 3061 5023 Non
3099 4970 3262 5040 igitur

87 5028 157 5087 lms
193 5052 331 5095 vocat
382 5047 634 5118 ὁμαίμων
675 5052 939 5123 πρόμους,
992 5073 1012 5107 ι
1051 5028 1585 5127 consanguineorum
1690 5053 1806 5109 haec
1835 5056 2060 5110 obscura
2092 5068 2240 5125 sunt,
2281 5060 2374 5114 sed
2417 5061 2703 5131 perspicua
2760 5062 2925 5128 satis,
2970 5077 3147 5132 neque
3181 5063 3260 5115 lo-

86 5126 402 5201 magistratus,
439 5154 536 5193 seu
581 5146 923 5213 praepositos,
966 5166 986 5199 ι
1025 5157 1155 5204 sunt
1199 5126 1347 5205 enim
1382 5153 1584 5224 πρόμοι
1685 5148 1923 5203 cutionis
1943 5151 2190 5220 exempla
2227 5152 2445 5208 aliunde
2469 5154 2759 5223 quaerenda
2790 5164 2940 5221 sunt,
2979 5155 3070 5209 ubi
3091 5155 3255 5209 verba

82 5211 462 5295 clamas-uince;
498 5211 935 5305 consanguineos
968 5248 1149 5295 autem
1183 5211 1583 5312 appellandas-
1684 5254 1809 5293 cum
1843 5240 1903 5293 S.
1942 5239 2095 5296 Pauli
2143 5244 2384 5300 dictione
2418 5254 2473 5300 et
2509 5246 2777 5301 sententia
2819 5255 2928 5301 tam
2963 5246 3100 5301 bene
3127 5262 3258 5301 con-

82 5308 361 5384 tandrenses,
393 5323 537 5389 quod
572 5323 687 5393 ipse
719 5327 1014 5384 Cassandri
1048 5333 1194 5402 regis
1213 5308 1382 5388 frater
1409 5344 1578 5401 esset,
1682 5333 1929 5387 veniunt.
1979 5333 2308 5405 Quanquam
2341 5339 2475 5408 quid
2503 5349 2590 5395 est
2610 5340 2664 5394 in
2692 5339 2782 5393 his
2804 5337 2995 5409 lgnatii
3022 5338 3257 5393 locutio-

82 5400 145 5461 qui
180 5402 534 5470 Cassandriam
584 5420 847 5476 condidit.
908 5400 1197 5493 Inscriptio
1254 5426 1421 5497 igitur
1464 5400 1580 5483 nam
1680 5424 1841 5480 nibus
1889 5427 2064 5497 magis
2114 5400 2315 5483 mirum
2377 5441 2472 5485 aut
2507 5432 2801 5486 obscurum
2852 5446 3017 5499 quam
3056 5430 3110 5485 in
3144 5431 3253 5487 illis
3356 5470 3359 5475 -

80 5501 195 5592 fonti
223 5517 236 5554 :
269 5521 286 5554 ι
320 5507 650 5566 Alexarchus
680 5515 1213 5586 consanguineorum
1244 5520 1579 5588 magistrati-
1678 5518 1859 5572 verbis
1890 5516 2241 5585 Tertulliani,
2287 5521 2366 5575 De
2406 5522 2550 5575 cultu
2588 5522 2909 5591 feminarum
2944 5538 3006 5587 ii,
3030 5537 3148 5592 cap.
3175 5523 3250 5579 9:

80 5574 150 5637 bus
176 5595 400 5663 gaudere,
440 5620 459 5653 ι
497 5603 686 5671 γαθεῖν
748 5574 921 5660 enim“
957 5608 1098 5662 idem
1150 5618 1237 5664 est
1269 5574 1415 5679 quod
1450 5611 1574 5682 χαί·
1682 5628 1701 5661 ι
1734 5608 1847 5666 Nos
1880 5627 2073 5667 sumus
2098 5613 2448 5668 circumcisio
2474 5614 2743 5680 omnium,
2777 5613 3038 5683 spiritalis
3059 5623 3247 5671 etcar-

78 5685 173 5774 μιν.
200 5683 333 5748 Quod
382 5694 588 5764 vulgari
643 5697 825 5767 lingua
860 5697 1047 5754 Graeca
1098 5701 1171 5755 ita
1221 5702 1568 5772 exprimitur,
1676 5703 1857 5757 nalis:
1891 5718 2016 5756 nam
2062 5713 2116 5758 et
2159 5705 2213 5757 in
2270 5706 2464 5774 spiritu
2500 5714 2553 5759 et
2604 5705 2658 5759 in
2696 5720 2863 5759 carne
2907 5706 3106 5761 saeculo
3139 5707 3249 5762 cir-

76 5757 328 5847 ’Ᾱλέεαρχος
346 5757 977 5863 Κασξανδρὲωννᾶρχουσι
1006 5790 1237 5864 χαίρειν.
1294 5757 1309 5772 ι
1553 5757 1564 5770 ι

1759 5757 2084 5852 mcidimur‘t
2110 5814 2130 5849 ›
2156 5757 2442 5853 Non‘dico
2492 5757 3141 5870 ballmumepiscopatus
3191 5809 3247 5857 et
