3800 6208
406 278 503 334 ιπι

400 394 727 449 inerarclrite
760 392 947 449 odium
976 403 1299 453 excaecasse,
1332 401 1443 457 quo
1478 387 1661 441 minus
1720 384 1837 439 haec
1880 384 1970 438 vi-
2006 386 2053 442 Α

409 488 596 552 deret;
629 485 734 539 hoc
769 484 892 538 dico
913 524 926 545 ,
974 487 1409 551 prmconceptam
1458 479 1527 533 de
1554 478 1749 533 fictore
1791 475 1977 531 nescio

408 594 518 649 quo
541 579 719 647 inepto
746 576 1068 631 sententiam
1096 572 1584 643 impedivisse,quo
1612 570 1794 623 minus
1825 582 1978 621 men-

407 678 516 724 tem
554 669 793 723 auctoris
812 668 1154 736 exquireret,
1182 675 1277 719 aut
1307 664 1576 733 Optimum
1629 661 1747 730 ejus
1794 659 1978 714 verbis

410 776 629 815 sensum
664 768 717 814 et
747 760 839 812 tali
862 758 980 813 viro
1030 758 1253 828 dignum
1292 757 1472 811 inesse
1496 753 1975 810 animadverteret.

481 851 586 906 Sed
615 860 669 906 et
699 852 914 903 vincula
959 864 1057 905 sua
1093 848 1403 919 spirituales
1432 844 1760 915 margaritas
1811 842 1979 907 dicit;

409 945 513 999 hoc
556 945 621 997 ad
671 943 834 1011 ὅγκον
869 942 1142 1010 pertinet:
1174 939 1228 993 in
1262 940 1329 993 iis
1355 947 1832 1008 optatresurgere;
1876 933 1982 987 hoc

410 1036 678 1091 audacius
711 1044 763 1089 et
804 1034 1059 1103 frigidius
1100 1040 1203 1087 est.
1233 1030 1312 1084 Ad
1338 1028 1469 1099 quid
1504 1027 1673 1098 igitur
1703 1025 1979 1095 pertinent

409 1130 499 1183 illa
537 1128 594 1182 S.
626 1126 912 1198 Polycarpi
947 1126 1001 1179 in
1052 1124 1172 1193 ipso
1203 1123 1361 1177 initio
1386 1121 1637 1191 epistolae
1668 1119 1736 1173 ad
1770 1117 1982 1185 Philip-

408 1238 628 1293 penses,
654 1221 720 1275 de
750 1220 939 1275 eadem
972 1218 1132 1287 plane
1165 1232 1245 1278 re,
1270 1216 1576 1283 iisdemque
1600 1210 1837 1266 vinculis
1865 1250 1881 1275 ,
1922 1216 1983 1263 ut

407 1312 643 1374 videtur,
679 1319 735 1363 et
767 1324 832 1363 ex
878 1308 1181 1360 imitatione
1208 1304 1265 1359 S.
1321 1303 1547 1373 lgnatii,
1576 1301 1670 1354 ubi
1714 1308 1981 1370 martyres

407 1402 705 1458 describit:
730 1401 870 1462 Τοὺς
900 1392 1271 1469 ἐνειλημένους
1305 1393 1694 1465 ἁγιοπρεπέσιν
1738 1391 1978 1461 δεσμοῖς,

409 1494 566 1549 ἅτινά
598 1495 714 1545 ἐστι
742 1492 1045 1562 διαδήματα
1072 1488 1178 1541 τῶν
1201 1486 1414 1558 ἀληθῶς
1456 1487 1560 1538 ὑπὸ
1594 1482 1729 1537 Θεοῦ
1771 1480 1978 1536 καὶτοῦ

405 1585 615 1656 Κυρίου
644 1586 676 1653 ἡ
688 1582 801 1653 μῶν
829 1579 1247 1650 ὲκλελεγμένων.
1270 1596 1287 1627 ι
1318 1575 1550 1631 lnnexos
1579 1573 1813 1629 vinculis
1837 1571 1984 1626 viros

400 1682 629 1727 sanctos
657 1671 1059 1731 decoranti-bus,
1093 1683 1213 1738 quae
1256 1676 1387 1721 sunt
1419 1667 1723 1721 diademata
1766 1678 1980 1727 eorum,

1388 264 1446 321 S.
1477 262 1832 321 IGNATIUS.
1862 292 1930 303 -—-
1962 255 2502 315 PROLEGOMENA.

3556 244 3649 301 435i

2079 378 2457 450 λαμπρότερος
2486 377 2517 427 ὁ
2538 374 2755 445 δεσμός.
2789 390 2808 424 ι
2853 368 2969 427 Sed
3004 369 3107 425 bac
3148 381 3357 425 corona
3391 365 3650 421 illustrior

2083 478 2294 524 catena.
2328 486 2347 518 ι
2377 464 2568 521 Nonne
2609 465 2713 518 hoc
2744 462 2941 517 falsum
2973 460 3221 515 videtur?
3256 475 3326 513 an
3355 457 3649 529 quidquam

2083 566 2263 628 potest
2294 572 2416 612 esse
2450 570 2653 611 corona
2674 552 2905 624 justitiae
2935 551 3244 606 illustrius?
3283 558 3381 604 aut
3412 549 3461 602 si
3497 547 3648 617 quid-

2082 665 2248 721 quam
2272 664 2395 703 esse
2425 648 2622 718 possit,
2662 664 2732 702 an
2774 645 3008 701 catena?
3043 643 3185 698 ldem
3226 641 3651 713 Chrysostomus

2082 742 2149 796 de
2178 740 2235 795 S.
2260 740 2417 794 Pauli
2445 739 2704 802 vinculis,
2736 753 2858 808 qua:
2904 753 3003 792 sua
3043 745 3202 790 aetate
3231 735 3517 790 exstitisse
3557 750 3650 803 pu-

2084 834 2234 887 tabat
2270 833 2639 902 εἚόουλόμην
2677 831 2805 885 ἰδεῖν
2836 831 2934 895 τὰς
2964 830 3200 893 ἁλύσεις,
3245 828 3311 891 ἃς
3355 826 3651 880 δεδοίκασιν

2083 924 2184 995 μὲν
2228 923 2479 993 δαίμονες
2522 921 2616 975 καὶ
2646 921 2945 992 φρίττουσι,
2984 918 3257 973 αἰδοῦνται
3307 918 3365 971 δὲ
3414 917 3646 988 ἄγγελοι.

2088 1034 2109 1068 ι
2148 1015 2349 1071 Vellem
2384 1015 2573 1070 videre
2613 1023 2835 1069 catenas
2868 1028 3009 1083 quas
3040 1012 3394 1077 metuebant,
3420 1011 3491 1064 ad
3526 1025 3652 1079 quas

2082 1106 2515 1162 contremiscunt
2539 1105 2837 1171 daemones,
2878 1118 3017 1173 quas
3044 1102 3220 1172 angeli
3251 1110 3605 1156 venerantur.
3629 1120 3646 1152 ι

2084 1194 2191 1250 Sed
2249 1196 2302 1249 in
2338 1196 2424 1251 bis
2446 1196 2680 1251 vinculis
2710 1205 2860 1265 optat
2890 1194 3162 1263 refugere,
3197 1193 3334 1262 proh
3376 1191 3648 1246 hominem

2084 1289 2387 1343 audacem!
2449 1288 2587 1357 proh
2643 1287 2903 1357 frigidum
2965 1286 3299 1356 sophistam!
3362 1283 3483 1338 lmo
3541 1284 3651 1338 haec

2085 1380 2185 1434 viri
2267 1391 2431 1446 sunt,
2484 1390 2540 1435 et
2608 1380 2922 1449 passionem
3005 1392 3105 1447 pro
3159 1376 3369 1431 Christi
3434 1374 3653 1430 nomine

2083 1473 2307 1529 maximi
2352 1471 2698 1535 aestimantis,
2738 1479 2794 1524 et
2843 1469 3089 1540 martyrii
3118 1468 3494 1524 certissimum
3523 1483 3656 1537 pra:-

2085 1564 2256 1618 mium
2319 1562 2636 1619 firmissime
2685 1560 3075 1631 exspectantis.
3124 1559 3264 1626 Quid
3302 1559 3456 1615 enim
3509 1559 3650 1613 aliud

2083 1667 2167 1712 est
2201 1657 2255 1710 in
2290 1655 2526 1711 vinculis
2570 1653 2840 1724 refugere,
2873 1668 3037 1724 quam
3088 1668 3278 1708 coram
3331 1652 3449 1708 Deo
3488 1653 3542 1707 in
3572 1653 3655 1707 die

407 1765 501 1833 qui
538 1780 568 1818 a
604 1763 714 1818 Deo
762 1771 817 1816 et
858 1722 1088 1814 Domino
1110 1722 1328 1821 Inostro
1375 1758 1531 1813 electi
1585 1757 1746 1812 sunt?
1777 1775 1795 1806 ι
1849 1754 1980 1820 Quae
2016 1722 2059 1777 Β
2079 1746 2269 1818 judicii
2304 1756 2566 1816 tauquam
2593 1753 2885 1815 martyrem
2910 1760 3007 1813 pro
3034 1744 3253 1799 Christo
3282 1759 3570 1814 apparere,
3606 1753 3659 1799 et

407 1855 652 1909 imitatus
688 1863 773 1908 est
808 1852 866 1907 S.
912 1852 1355 1922 Chrysostomus,
1392 1851 1458 1904 de
1493 1848 1551 1904 8.
1590 1848 1763 1903 Paulo
1794 1848 1982 1902 vincto

406 1947 683 2001 disserens
700 1965 711 1999 :
726 1945 934 2008 Παντὸς
953 1945 1153 2017 χρυσοῦ
1170 1943 1554 2015 λαμπροτέρας
1565 1942 1746 2005 αὐτοῖς
1770 1941 1982 1993 ὲδείκνυ

403 2038 504 2101 τὰς
540 2040 750 2109 χεῖρας,
794 2036 998 2100 παντὸς
1050 2036 1379 2107 διαδήματος
1433 2030 1735 2104 βασιλικοῦ.
1776 2029 1981 2086 «Omni

406 2147 543 2186 auro
569 2129 973 2199 splendidiores
1004 2128 1240 2182 ostendit
1270 2127 1378 2180 illis
1413 2141 1630 2191 manus,
1652 2123 1803 2179 omni
1830 2123 1982 2193 regio

403 2223 787 2277 diademate.»
848 2220 1116 2289 lgnatium
1168 2227 1350 2273 autem
1410 2218 1655 2272 imitatus
1712 2225 1796 2270 est
1822 2214 1979 2286 Poly-

403 2330 603 2384 carpus
634 2332 648 2368 :
680 2328 811 2367 nam
843 2312 1150 2365 diademata
1178 2310 1492 2379 margaritis
1525 2308 1766 2363 maxime
1796 2306 1982 2361 ornari

405 2405 679 2460 solebant.
720 2402 1150 2473 Chrysostomus
1195 2402 1445 2456 oratione
1475 2402 1530 2454 in
1569 2399 1629 2454 S.
1659 2399 1931 2453 Melelium
1961 2414 1982 2452 :

404 2495 673 2565 Καθάπερ
688 2512 770 2558 τις
787 2494 1047 2562 στέφανον
1061 2492 1275 2547 πλέκων
1289 2492 1545 2565 χρυσοῦν,
1563 2487 1681 2547 εἶτα
1710 2492 1984 2564 μαργαρί-

401 2603 503 2650 τας
527 2585 775 2649 ἐντιθεὶς,
810 2587 875 2655 τῇ
914 2584 1209 2652 πυκνότητι
1254 2584 1363 2637 τῶν
1409 2583 1570 2638 λίθων
1601 2584 1981 2659 λαμπρότερον
2038 2606 2047 2613 ί

404 2677 700 2749 ἐργάζεται
757 2676 1015 2747 διάδημα.
1071 2695 1089 2727 ι
1131 2674 1204 2729 Ut
1254 2675 1527 2745 quispiam
1579 2692 1839 2731 coronam
1882 2692 1981 2731 au-

408 2785 555 2823 ream
589 2779 808 2834 texens,
870 2769 995 2823 dein
1062 2768 1387 2838 margaritas
1458 2769 1775 2839 imponens,
1842 2784 1980 2824 con-

405 2861 649 2915 densatis
674 2860 949 2929 lapidibus
1001 2859 1337 2932 splendidius
1366 2860 1615 2917 diadema
1642 2862 1823 2917 elIicit.
1856 2881 1874 2914 ι
1899 2863 1980 2919 Ad

401 2952 551 3024 quod
617 2953 897 3023 pertinent
973 2952 1062 3007 illa
1138 2952 1519 3024 Lugdunensis
1590 2954 1850 3011 Ecclesia:
1913 2955 1980 3010 de

404 3045 745 3116 martyribus
808 3045 985 3100 suis:
1043 3045 1205 3098 Ὥστε
1269 3046 1361 3099 xui.
1417 3047 1483 3099 τὰ
1553 3046 1730 3117 δεσμὰ
1772 3047 2049 3121 κόσμονο

403 3136 662 3207 ἐμπρεπῆ
697 3135 1040 3209 περικεῖσθαι
1072 3137 1287 3204 αὐτοῖς,
1332 3138 1408 3202 ὡς
1459 3137 1645 3210 νύμφη
1704 3157 1978 3210 κεκοσμη-

405 3224 542 3295 μένη
619 3228 678 3279 ἐν
770 3230 1100 3299 κροσσωτοῖς
1190 3232 1414 3300 χρυσοῖς
1507 3229 1972 3300 πεποικιλμένοις.

406 3332 426 3366 ι
467 3315 621 3370 Adeo
665 3327 725 3371 ut
781 3318 996 3373 vincula
1065 3318 1121 3372 in
1193 3319 1453 3374 decorum
1520 3320 1655 3389 ipsis
1721 3328 1977 3374 ornatum

400 3408 583 3463 addita
652 3408 907 3464 habuisse
960 3410 1306 3477 viderentur,
1344 3411 1519 3466 instar
1582 3427 1800 3481 sponsaa
1854 3412 1977 3466 ﬁm-

404 3499 536 3555 briis
559 3500 741 3554 aureis
774 3500 1066 3571 variegatis
1118 3500 1362 3555 ornatae?
1397 3520 1416 3552 ι
1452 3500 1529 3555 Ita
1566 3500 1625 3557 S.
1661 3500 1969 3572 Cyprianus

400 3591 562 3662 epist.
587 3591 693 3643 77:
738 3611 756 3643 ι
792 3590 994 3647 Dicatis
1024 3590 1135 3645 Deo
1168 3591 1491 3647 hominibus
1530 3601 1585 3647 et
1616 3593 1775 3648 fidem
1819 3609 1974 3649 suam

401 3683 653 3752 religiosa
690 3683 890 3737 virtute
940 3683 1268 3740 testantibus
1322 3695 1644 3740 ornamenta
1679 3695 1806 3741 sunt
1836 3687 1973 3752 ista,

402 3788 508 3824 non
532 3773 748 3826 vincula
780 3787 916 3827 :nec
937 3772 1375 3828 Christianorum
1399 3775 1564 3844 pedes
1587 3774 1656 3829 ad
1686 3774 1971 3830 infamiam

399 3863 680 3930 cepulant,
711 3863 803 3918 sed
834 3863 1135 3919 clariﬁcant
1161 3864 1228 3919 ad
1249 3880 1541 3932 coronam;
1573 3884 1592 3917 ι
1623 3881 1735 3920 non
1756 3876 1975 3936 tempo-

399 3951 594 4017 ralem,
639 3960 702 4006 ut
752 3953 983 4021 opinor,
1037 3955 1132 4010 sed
1179 3954 1517 4025 spiritualem
1579 3966 1633 4011 et
1683 3966 1968 4013 aeternam.

398 4041 615 4110 Optime
652 4044 931 4111 respondit
964 4043 1240 4101 Blondello
1271 4046 1494 4102 Isaacus
1521 4045 1773 4113 Vossius,
1810 4050 1976 4118 spiri-

410 4134 588 4188 tuales
634 4137 935 4204 nuncupari
970 4139 1340 4208 margaritas,
1389 4139 1651 4208 quoniam
1713 4141 1974 4210 spiritua-

402 4225 504 4278 lem
536 4232 589 4278 et
606 4227 768 4279 vitam
790 4235 1047 4280 aeternam
1075 4229 1435 4298 promittunt;
1473 4243 1599 4281 nam
1634 4237 1688 4283 et
1722 4231 1975 4299 pretiosae

401 4319 707 4387 margarita:
759 4319 1083 4375 assimilavit
1125 4337 1354 4390 regnum
1408 4322 1676 4377 caelorum
1711 4321 1968 4379 Christus

399 4410 535 4478 ipse.
588 4408 691 4464 Sed
727 4410 924 4466 falsum
956 4420 1109 4481 putat
1140 4428 1262 4468 esse
1304 4412 1619 4469 Blondellus
1641 4455 1657 4481 ,
1689 4431 1812 4470 cum
1852 4417 1975 4470 vin-
2002 4411 2048 4467 D

398 4501 522 4555 cula
564 4502 867 4571 spiritualia
898 4503 1186 4568 dicuntur;
1223 4504 1412 4558 eodem
1449 4513 1596 4559 certe
1629 4507 1792 4561 modo
1812 4548 1827 4573 ,
1857 4521 1968 4577 quo

401 4591 597 4646 falsum
650 4601 766 4661 est,
798 4607 1076 4648 carcerem
1129 4608 1251 4649 esse
1294 4594 1512 4649 beatum
1544 4613 1559 4650 :
1590 4605 1643 4650 et
1678 4607 1857 4653 tamen
1894 4600 1967 4655 ita

400 4683 640 4752 loquitur
662 4686 902 4755 optimus
930 4694 985 4740 et
1023 4686 1363 4742 tersissimus
1392 4691 1628 4757 scriptor
1660 4688 1717 4743 S.
1744 4691 1973 4761 Cypria-

400 4791 523 4842 nus,
574 4777 731 4845 epist.
777 4778 845 4832 ad
890 4777 1175 4849 Seagrium
1204 4796 1219 4833 :
1248 4799 1266 4831 ι
1300 4778 1344 4833 Ο
1396 4780 1613 4834 beatum
1659 4798 1965 4850 carcerem,

397 4884 560 4938 quem
594 4870 886 4926 illustravit
932 4880 1118 4926 vestra
1154 4873 1475 4941 praesentia!
1521 4872 1565 4927 Ο
1598 4874 1815 4930 beatum
1848 4893 1971 4932 car-

397 4974 597 5025 cerem,
632 4960 727 5029 qui
766 4960 1016 5015 homines
1051 4958 1146 5014 Dei
1176 4960 1338 5014 mittit
1358 4961 1427 5016 ad
1455 4962 1686 5019 caelum!
1718 4985 1737 5018 ι
1771 4964 1967 5022 Nonne

396 5065 669 5106 carcerem
704 5051 828 5107 ideo
852 5052 991 5106 dixit
1015 5052 1258 5120 beatum,
1279 5055 1407 5124 quia
1437 5058 1645 5113 sanctis
1670 5059 1973 5115 beatitudi-

399 5158 521 5197 nem
554 5144 861 5213 promittit?
891 5144 966 5197 De
992 5144 1212 5199 vinculo
1247 5145 1304 5200 S.
1350 5145 1504 5202 Pauli
1547 5147 1684 5202 dixit
1710 5149 1766 5203 S.
1794 5148 1968 5222 Chry-

398 5242 675 5286 sustomus
710 5232 899 5286 homil.
934 5234 1001 5287 ad
1048 5232 1244 5303 Ephes.
1274 5251 1325 5289 IV
1360 5253 1375 5290 :
1411 5237 1547 5291 Οὐδὲ
1588 5239 1685 5311 τῆς
1707 5239 1968 5305 ,ἁλύσεως

398 5320 611 5391 ἐκείνης
638 5320 1069 5394 μακαριώτερον,
1101 5340 1121 5374 ι
1141 5322 1287 5377 Nihil
1308 5326 1397 5379 illo
1425 5326 1644 5381 vinculo
1674 5328 1908 5384 beatius.
1940 5348 1961 5382 ι

398 5408 467 5463 Et
499 5410 697 5465 falsum
725 5414 890 5466 etiam
917 5413 1127 5481 hoc,.si
1154 5414 1528 5470 Blondelliano
1562 5432 1714 5472 more
1744 5428 1966 5474 senten-

400 5501 503 5555 tias
555 5503 921 5559 maximorum
970 5506 1212 5560 virorum
1269 5506 1650 5563 discutiamus.
1726 5507 1875 5562 Dixit
1906 5508 1964 5564 S.

399 5588 649 5646 Paulus:
693 5610 711 5642 ι
768 5591 825 5645 ln
861 5593 1074 5663 reliquo
1148 5595 1389 5664 reposita
1437 5605 1521 5651 est
1575 5598 1707 5652 mihi
1761 5613 1966 5657 corona

396 5681 649 5749 iustitiae.
665 5700 685 5735 ι
703 5682 1155 5753 Chrysostomus:
1177 5684 1338 5739 Ἀλλὰ
1360 5686 1451 5740 τοῦ
1484 5689 1746 5757 στεφάνου
1771 5688 1960 5751 τούτου

2083 1854 2267 1893 coram
2316 1837 2525 1907 angelis
2559 1846 2615 1892 et
2667 1836 2980 1891 hominibus
3028 1836 3301 1905 passionis
3340 1836 3656 1890 testimonia

2083 1929 2380 1984 exhibere?
2407 1928 2662 2000 Legimus
2694 1926 2949 1998 Babylam
2979 1926 3034 1980 S.
3065 1925 3257 1995 lgnatii
3291 1927 3349 1980 in
3374 1928 3659 1999 episcopa-

2084 2030 2142 2075 tu
2167 2018 2524 2074 Antiochensi
2571 2032 2983 2081 successorem,
3023 2026 3083 2069 ut
3137 2016 3273 2071 illud
3315 2016 3443 2087 ejus
3477 2027 3655 2071 votum

2080 2114 2204 2168 sine
2241 2113 2408 2168 dubio
2430 2113 2650 2183 assequi
2678 2120 2894 2183 posset,
2932 2111 2986 2165 in
3037 2112 3314 2167 mandatis
3353 2112 3573 2167 dedisse
3606 2124 3661 2167 ut

2086 2205 2301 2259 vincula
2351 2220 2451 2259 sua
2503 2203 2668 2259 simul
2714 2218 2840 2258 cum
2891 2218 3121 2272 corpore
3158 2205 3549 2273 sepelirentur.
3584 2205 3659 2261 Ita

2086 2294 2284 2350 Surdas
2346 2311 2410 2349 cx
2458 2294 2646 2364 aliquo
2675 2293 2844 2349 veteri
2879 2294 3142 2364 scriptore
3172 2312 3185 2348 :
3220 2295 3461 2348 Ἔπειτα
3504 2296 3662 2362 αὐτὸς

2083 2387 2364 2460 προύτεινε
2394 2388 2484 2441 τὸν
2515 2387 2717 2458 αὐχένα
2745 2386 2821 2458 τῷ
2862 2386 3023 2457 ξίφει,
3051 2387 3430 2457 ἐντειλάμενος
3461 2392 3573 2453 τοῖς
3604 2389 3664 2443 τὸ

2084 2481 2243 2551 σῶμα
2274 2480 2436 2533 αὑτοῦ
2470 2480 2893 2551 συλλεξομένοις,
2927 2479 3024 2542 τὰς
3052 2479 3271 2543 ἁλύσεις
3307 2481 3404 2533 καὶ
3438 2481 3538 2545 τὰς
3570 2481 3663 2535 πέ-

2081 2571 2176 2635 δας
2199 2571 2347 2642 αύτῷ
2377 2571 2663 2640 συνθάψαι,
2702 2571 2794 2623 "lv‘
2882 2588 2969 2640 μοι
2995 2570 3188 2636 ταῦτα,
3222 2572 3358 2641 φησὶ
3380 2613 3396 2637 ,
3427 2576 3663 2647 κειμένῳ

2084 2664 2309 2733 κόσμος.
2342 2682 2360 2714 ι
2399 2661 2645 2718 Tandem
2684 2663 2799 2731 ipse
2820 2660 3051 2733 Babylas
3084 2663 3355 2718 cervicem
3380 2667 3506 2721 ensi
3539 2684 3665 2738 pro-

2085 2755 2278 2821 tendit,
2316 2771 2440 2809 cum
2476 2755 2583 2811 illis
2633 2755 2727 2825 qui
2761 2754 3040 2809 collecturi
3088 2763 3267 2821 erant,
3304 2758 3664 2827 mandasset},

2084 2855 2142 2900 ut
2159 2846 2372 2900 vincula
2394 2856 2447 2900 et
2474 2845 2761 2916 compedes
2792 2846 3068 2915 cum'ipso
3094 2849 3420 2918 sepelirent,
3446 2850 3557 2917 Ut,
3582 2851 3666 2904 in-

2082 2938 2227 3008 quit,
2280 2939 2399 2995 haec
2442 2938 2576 2993 mihi
2597 2938 2797 3005 jacenti
2825 2948 3149 2996 ornamento
3183 2942 3317 2996 sint.
3355 2963 3376 2995 ι
3425 2942 3545 2999 Hoc
3573 2960 3667 2999 au-

2082 3040 2189 3085 tem
2219 3046 2407 3085 verum
2438 3046 2561 3086 esse
2596 3038 2823 3085 testatur
2851 3031 3278 3103 Cltrysostomus
3304 3034 3669 3093 Antiochena:

2081 3121 2338 3178 Ecclesia?
2385 3123 2666 3194 presbyter
2699 3120 2954 3177 Oratione
2986 3125 3044 3178 in
3096 3123 3399 3197 Babylam:
3437 3128 3670 3183 Μέλλων

2077 3212 2253 3266 τοίνυν
2278 3215 2306 3265 ὁ
2349 3214 2619 3285 μακάριος
2652 3215 3096 3284 ἀποσφάττεσθαι
3140 3219 3372 3283 ἐκεῖνος,
3407 3220 3551 3292 μετὰ
3573 3220 3667 3275 τοῦ

2079 3306 2299 3377 σιδήρου
2324 3306 2382 3359 τὸ
2430 3307 2588 3378 σῶμα
2623 3309 2859 3380 ταφῆναι
2906 3308 3204 3381 ἐπέσκηψε.
3235 3331 3254 3362 ι
3287 3312 3431 3367 Cum
3472 3315 3668 3371 beatus

2079 3399 2169 3454 ille
2195 3399 2308 3469 jam
2338 3401 2693 3458 trucidandus
2750 3412 2915 3469 esset,
2949 3405 3229 3460 mandavit
3256 3415 3318 3461 ut
3354 3423 3487 3463 cum
3522 3408 3669 3464 ferro

2077 3505 2280 3560 corpus
2315 3491 2663 3561 sepeliretur.
2697 3513 2715 3545 ι
2771 3493 2837 3548 Ει
2885 3510 3079 3550 rursus
3126 3497 3317 3551 εΑὐτὰ
3347 3499 3461 3554 τῶν
3490 3501 3670 3557 ἄθλων

2078 3582 2322 3653 σύμὸολα
2356 3584 2694 3654 συνταφῆναι
2724 3583 2931 3637 κελεύει
2961 3585 3038 3656 τῷ
3071 3587 3306 3658 σώματι.
3338 3609 3356 3641 ι
3390 3588 3517 3660 Ipsa
3546 3608 3673 3647 cer—

2078 3676 2345 3730 taminum
2377 3676 2623 3747 symbola
2656 3692 2781 3732 cum
2810 3693 3040 3748 corpore
3077 3682 3411 3750 consepeliri
3432 3683 3615 3752 jubet.
3643 3704 3666 3735 ι

2076 3768 2155 3823 Ac
2185 3768 2421 3838 denique
2454 3788 2469 3824 :
2503 3770 2613 3823 Kal.
2662 3774 2866 3824 κεῖνται
2890 3771 2986 3825 νῦν
3016 3770 3153 3842 μετὰ
3201 3772 3303 3843 τῆς
3362 3774 3576 3846 τέφρας
3611 3778 3675 3828 αἱ

2077 3860 2258 3923 πέδαι,
2290 3880 2308 3912 ι
2346 3870 2400 3917 et
2445 3877 2594 3918 nunc
2637 3879 2761 3918 cum
2817 3864 3002 3920 cinere
3053 3868 3346 3935 compedes
3392 3869 3607 3937 jacent.
3643 3888 3668 3921 ι

2075 3950 2153 4005 lta
2186 3962 2241 4006 et
2268 3952 2491 4007 homilia
2527 3955 2582 4021 9,
2617 3956 2684 4009 ad
2711 3954 2997 4023 Ephesios.
3032 3955 3175 4023 Quin
3209 3968 3264 4012 et
3298 3957 3451 4014 idem
3488 3960 3680 4032 Chry-

2076 4052 2354 4098 sostomus
2406 4043 2559 4098 hom.
2614 4045 2670 4108 8,
2732 4044 3013 4115 lgnatiano
3070 4061 3224 4101 more
3258 4047 3314 4101 in
3349 4047 3472 4104 haec
3497 4050 3679 4103 verba

2076 4136 2385 4204 prorumpit
2409 4153 2423 4189 :
2443 4134 2587 4203 Ἐγὼ
2603 4135 2710 4189 τῶν
2725 4136 2941 4208 δεσμῶν
2963 4136 3192 4209 ὀναίμην
3221 4139 3473 4196 ἐκείνων.
3499 4161 3517 4193 ι
3546 4141 3681 4196 Uti-

2075 4240 2201 4278 nam
2230 4239 2333 4295 ego
2368 4224 2488 4279 istis
2512 4225 2746 4281 vinculis
2777 4225 2965 4281 fruar!
3006 4245 3028 4279 ι

2147 4315 2254 4371 Sed
2304 4328 2460 4374 vocat
2503 4315 2769 4386 Ephesios
2826 4317 3033 4387 lapides
3078 4319 3297 4388 templi,
3348 4320 3560 4378 relatos
3609 4323 3681 4377 in

2076 4409 2310 4474 excelsa,
2346 4410 2443 4473 ait,
2477 4424 2572 4479 per
2605 4424 2821 4465 crucem
2857 4409 3082 4477 Christi,
3113 4412 3276 4481 quasi
3310 4428 3412 4483 per
3443 4416 3684 4470 machi—

2070 4517 2199 4557 nam
2228 4502 2546 4571 quamdam,
2584 4500 2788 4571 Spiritu
2827 4500 2885 4555 S.
2921 4502 3079 4573 quasi
3114 4502 3245 4560 fune
3281 4515 3522 4575 utentes,
3558 4508 3687 4564 fide

2070 4604 2330 4663 tanquam
2384 4594 2727 4650 subvectare.
2774 4593 2947 4663 Nova,
2998 4596 3229 4662 scilicet,
3281 4599 3401 4655 haec
3449 4611 3582 4656 sunt
3613 4613 3693 4659 et

2069 4685 2325 4741 absurda.
2359 4683 2508 4739 Nova
2528 4684 2757 4741 fortasse
2787 4687 2902 4743 haec
2918 4688 3031 4743 visa
3053 4697 3184 4743 sunt
3213 4704 3341 4745 cum
3367 4708 3434 4749 ea
3454 4695 3693 4751 scribe-

2070 4787 2153 4833 ret
2166 4776 2426 4848 lgnatius,
2444 4795 2566 4835 cum
2583 4780 2697 4849 jam
2713 4781 2901 4852 religio
2916 4781 3229 4841 Christiana
3247 4803 3443 4844 recens
3456 4790 3700 4847 videre-

2069 4881 2187 4937 tur;
2206 4872 2481 4940 quomodo
2495 4888 2640 4928 nunc
2650 4888 2790 4927 nova
2810 4873 3081 4941 dicantur,
3094 4879 3381 4946 quomodo
3398 4881 3697 4951 absurda,

2070 4978 2178 5016 non
2208 4963 2385 5019 video.
2408 4962 2637 5019 Sanctos
2654 4979 2782 5019 esse
2810 4968 2995 5037 templi
3023 4967 3117 5023 Dei
3142 4969 3356 5040 lapides
3386 4976 3510 5044 quis
3545 4990 3695 5031 non

2070 5053 2207 5107 dixit
2225 5064 2348 5123 post
2365 5054 2423 5111 8.
2444 5054 2685 5122 Petrum,
2706 5055 2724 5109 Ι
2742 5055 2840 5127 Ep.
2865 5074 2925 5124 ιι,
2943 5060 2977 5113 5
2996 5077 3009 5113 ;
3030 5059 3098 5112 Et
3118 5061 3218 5129 ipsi
3242 5073 3496 5135 tanquam
3521 5069 3702 5137 lapi-

2068 5145 2161 5199 des
2194 5147 2295 5199 vivi
2323 5149 2829 5217 superaediﬁcamini
2870 5152 3056 5206 domus
3085 5154 3391 5221 spiritualia
3411 5161 3437 5213 .’
3466 5159 3703 5230 Neque

2070 5236 2175 5291 hoc
2194 5248 2353 5307 negat
2379 5238 2639 5306 Dallaaus;
2670 5241 2766 5295 sed
2787 5258 2988 5297 novum
3005 5254 3059 5299 et
3074 5247 3381 5305 absurdum
3405 5263 3487 5308 est
3510 5263 3575 5308 ut
3618 5260 3706 5315 hi

2071 5327 2126 5380 in
2169 5330 2383 5384 excelsa
2444 5330 2751 5386 referantur
2803 5350 2900 5404 per
2948 5340 3289 5397 machinam.
3347 5343 3507 5400 Certe
3558 5362 3711 5416 per

2070 5420 2379 5475 machinam
2435 5422 2491 5475 in
2527 5425 2741 5479 excelsa
2784 5426 2917 5481 ferri
2944 5430 3152 5499 lapides
3175 5449 3381 5490 novum
3408 5453 3518 5491 non
3547 5454 3675 5497 ess

2072 5511 2167 5563 sed
2204 5511 2344 5584 locis
2388 5514 2643 5569 omnibus
2695 5498 3141 5591 temporibusque
3198 5529 3484 5583 usitatum.

2074 5600 2208 5698 tales
2240 5604 2443 5673 lapides
2472 5607 2661 5690 quales
2698 5607 2918 5677 Ephesii
2946 5624 3125 5682 erant,
3154 5618 3261 5674 hoc
3285 5631 3373 5675 est
3410 5635 3721 5698 sanctos,

2076 5691 2128 5745 in
2160 5695 2372 5749 excelsa
2419 5694 2548 5751 ferri
2590 5695 2827 5756 fortasse
2854 5716 3053 5759 novum
3083 5717 3138 5763 et
3167 5708 3470 5767 absurdum
3500 5691 3724 5776 vide;
