3768 6336
92 344 185 402 353

792 338 841 398 J.
874 340 1240 401 PEARSONII
1270 341 1593 401 VINDICLE
1636 340 2053 400 ICNATIAN/E.
2099 374 2167 383 —
2204 340 2383 399 PARS
2423 340 2484 395 ll.

3212 347 3319 404 454

94 478 185 520 tur.
214 461 364 518 Certe
389 457 781 534 Chrysostomo
804 480 916 519 non
946 465 1252 533 videbatur,
1280 468 1376 537 qui
1408 466 1473 521 ad
1496 466 1631 521 tales
1662 469 1704 526 Α
1735 474 1944 533 ptorem
1994 462 2053 518 S.
2102 461 2254 517 Pauli
2286 462 2544 532 epistolas
2591 463 2861 519 imitatum
2894 479 3039 530 esse,
3074 466 3321 537 Apostoli

96 556 349 613 machinas
398 555 666 625 pertinere
722 555 870 625 ipsas
913 568 1137 613 catenas
1171 568 1487 614 sanctorum
1521 560 1639 612 exi-

94 648 328 705 stimavit.
373 647 445 702 De
496 657 684 702 catena
718 648 775 702 8.
816 648 993 708 Pauli.
1026 652 1175 705 hom.
1206 651 1241 705 8
1272 652 1338 705 ad
1374 650 1636 720 Ephesios

94 738 155 790 ita
205 735 412 792 scrihiéz
464 733 611 806 Αὕτη
669 738 794 801 τοὺς
849 739 1185 810 δεδεμένους,
1250 740 1504 811 καθάπερ
1547 740 1637 793 διά

92 845 213 892 τινος
260 828 493 899 μηχανῆς
540 829 686 882 ἕλκει
729 832 865 902 πρὸς
905 835 994 885 τὸν
1040 834 1288 905 οὐρανὸν,
1316 834 1409 888 καὶ
1446 834 1634 908 ὥσπερ

93 920 242 991 χρυσῆ
293 919 445 991 σειρὰ
496 920 857 993 ἐξαρτηθεῖσα
901 924 1114 978 ἀνέλκει
1170 926 1307 996 πρὸς
1339 926 1501 979 αὐτὸν
1541 926 1633 979 τὸν

92 1011 305 1083 οὐρανόν.
342 1030 361 1062 ι
403 1010 526 1067 Ha-c
572 1013 788 1070 vinctos
840 1024 1103 1085 tanquam
1169 1032 1264 1087 per
1319 1018 1630 1072 machinam

94 1104 233 1156 trahit
255 1104 318 1157 ad
347 1104 539 1172 caelos,
563 1113 617 1159 et
638 1114 899 1175 tanquam
927 1123 1129 1171 aureus
1149 1108 1298 1164 funis
1320 1110 1632 1179 dependens

91 1212 279 1251 sursum
330 1198 496 1251 trahit
548 1199 615 1252 ad
666 1201 834 1255 caelos
879 1200 1048 1271 ipsos.
1081 1221 1100 1253 ι
1138 1203 1221 1256 Αη
1275 1213 1457 1258 autem
1496 1219 1629 1259 crux

93 1289 192 1343 talis
225 1289 465 1344 machina
493 1290 601 1345 dici
630 1308 740 1345 non
774 1293 988 1361 potest?
1024 1294 1393 1351 Tertullianus
1418 1298 1501 1351 Ad
1534 1314 1631 1351 ηαδ

91 1384 227 1438 tiones
251 1384 338 1438 lib.
365 1399 402 1443 ι.
438 1402 489 1441 c.
524 1387 592 1440 t8
626 1404 639 1439 :
673 1405 691 1438 ι
738 1386 795 1465 Si
829 1405 1045 1444 crucem
1091 1391 1395 1457 conligendi
1433 1406 1630 1461 corpo-

90 1478 151 1530 ris
177 1478 463 1532 machinam
500 1480 682 1534 nullus
711 1481 893 1536 adhuc
920 1498 985 1537 ex
1017 1483 1175 1538 vobis
1205 1482 1445 1554 Regulus
1475 1486 1628 1555 pepi-

88 1568 165 1635 git.
195 1587 211 1619 ι
239 1567 421 1624 Nonne
450 1570 556 1627 hoc
589 1572 764 1628 cuivis
797 1574 1019 1629 obvium
1057 1574 1181 1641 fuit,
1208 1577 1302 1645 qui
1330 1592 1391 1631 ea
1427 1578 1629 1648 legerat

89 1676 185 1727 qua:
204 1659 440 1716 Christus
468 1662 607 1718 dixit
641 1685 654 1718 :
708 1664 822 1734 Ego
849 1668 897 1720 si
922 1667 1190 1722 exaltatus
1222 1670 1373 1739 fuero
1402 1687 1429 1723 e
1460 1679 1624 1735 terra,

90 1755 171 1808 hoc
204 1765 295 1821 est,
326 1757 369 1810 si
402 1757 584 1812 crucis
613 1758 924 1813 machinam
958 1760 1279 1825 escendero,
1306 1762 1483 1815 omnia
1514 1772 1625 1816 tra-

1738 556 1984 626 vestigiis
2034 570 2223 625 presse
2284 556 2592 620 inhaesisse,
2619 558 2765 627 quod
2796 560 2848 611 in
2891 559 3042 613 cmlis
3071 562 3233 614 etiam
3263 570 3323 616 ut

1737 648 1838 702 sibi
1880 649 2221 719 contingeret
2249 651 2476 718 optavit,
2526 650 2751 719 epistola
2797 652 2863 705 ad
2901 651 3165 720 Ephesios
3197 669 3211 707 :
3245 648 3320 708 Οὗ

1736 740 1943 809 γένοιτό
1981 759 2069 812 μοι
2098 741 2201 795 ὑπὸ
2248 743 2315 796 τὰ
2358 743 2475 814 ἴχνη
2511 742 2799 814 εὑρεθῆναι
2832 744 2909 797 ὅτ’
2942 743 3008 797 ἂν
3033 744 3168 798 Θεοῦ
3196 748 3319 800 ἑπι-

1736 832 1902 903 τύχω,
1960 851 1977 885 ι
2036 834 2207 903 Cujus
2255 835 2349 888 tiat
2403 836 2537 888 mihi
2590 837 2693 890 sub
2759 838 3006 906 vestigiis
3060 839 3317 905 inveniri,

1736 928 1956 996 quando
1990 926 2100 981 Deo
2149 928 2319 981 fruar.
2354 947 2372 999 ι
2403 926 2535 993 Quae
2566 928 2731 983 verba
2771 928 2963 999 lgnatii
2994 932 3167 985 nostri
3200 933 3318 987 sine

1738 1021 2010 1076 eacozelia
2075 1021 2272 1075 imitati
2320 1029 2450 1075 sunt
2511 1020 2874 1093 Smyrnenses
2926 1024 2979 1077 in
3056 1023 3317 1096 Martyrio

1738 1113 1795 1167 8.
1819 1112 2129 1184 Polycarpi.
2170 1109 2244 1168 Οὖ
2270 1114 2478 1182 γένοιτο
2509 1116 2566 1167 ἐν
2596 1118 2660 1185 τῇ
2700 1114 2945 1187 βασιλείᾳ
2980 1115 3154 1188 Ἰησοῦ
3176 1118 3315 1189 Χρι-

1737 1206 1862 1260 στοῦ
1911 1208 2048 1280 πρὸς
2078 1208 2144 1261 τὰ
2175 1208 2292 1278 ἴχνη
2339 1207 2625 1278 εὑρεθῆναι
2655 1210 2822 1279 ἡμᾶς.
2860 1228 2877 1260 ι
2916 1210 3087 1279 Cujus
3124 1211 3216 1265 li‘at
3245 1212 3313 1266 ad

1734 1300 1960 1369 vestigia
1991 1309 2050 1353 ut
2083 1316 2181 1354 nos
2212 1300 2263 1353 in
2295 1315 2462 1369 regno
2492 1299 2618 1354 Jesu
2654 1302 2853 1355 Christi
2892 1302 3256 1359 inveniamur.
3286 1322 3309 1357 ο

1733 1391 1987 1461 Agnosco
2041 1390 2307 1462 lgnatium
2354 1402 2606 1446 nostrum
2655 1408 2877 1447 sensum
2912 1393 2969 1450 S.
3014 1393 3169 1450 Pauli
3194 1396 3313 1450 ani-

1734 1500 1995 1553 mumque
2022 1484 2075 1537 in
2108 1500 2333 1539 succum
2360 1494 2413 1538 et
2442 1486 2764 1554 sanguinem
2802 1486 3158 1553 convertisse,
3183 1503 3310 1542 eum

1733 1576 1788 1629 in
1836 1585 2122 1629 numerato
2162 1576 2327 1630 etiam
2368 1575 2420 1628 in
2449 1590 2670 1630 carcere
2700 1576 2958 1630 habuisse
2984 1618 2999 1643 ,
3054 1593 3311 1633 sermone

1731 1677 1785 1721 et
1815 1676 1995 1722 mente
2024 1667 2227 1736 ubique
2254 1668 2622 1737 expressisse;
2654 1670 2747 1723 sed
2772 1679 2825 1723 et
2853 1670 2958 1724 hoc
2988 1670 3160 1724 multo
3192 1687 3311 1726 ma-

1733 1759 1815 1828 gis
1850 1759 1969 1811 viro
2014 1768 2202 1813 sancto
2241 1770 2295 1812 et
2327 1758 2574 1829 martyri,
2600 1758 2783 1827 qualis
2824 1759 2938 1828 ipse
2990 1760 3308 1828 apostolus,

88 1846 185 1898 ham
222 1848 284 1900 ad
314 1849 589 1918 met'psum,
634 1848 793 1905 Joan.
854 1868 955 1916 xu,
988 1852 1078 1907 52.
1123 1852 1410 1919 Quomodo
1441 1840 1625 1909 autem
1656 1854 1697 1910 Β
1728 1865 1895 1919 quam
1943 1849 2117 1904 lictori
2148 1850 2403 1919 cuiquam
2444 1859 2536 1904 aut
2569 1850 2853 1919 impostori
2895 1850 3186 1905 convenire
3221 1866 3310 1905 ar-

88 1938 223 1992 trahit
272 1938 431 2004 Deus,
472 1941 579 1996 nisi
629 1941 888 1998 funiculis
927 1944 1204 2011 Adam,et
1236 1946 1470 2002 vinculis
1494 1947 1621 2002 cha-

88 2031 264 2085 ritatis?
297 2031 398 2088 Sed
450 2034 676 2103 quinam
733 2037 786 2090 hi
832 2036 1062 2092 funiculi
1097 2040 1263 2093 sunt?
1291 2038 1453 2095 Certe
1478 2040 1625 2095 Deus

88 2137 162 2191 per
196 2123 443 2194 Spiritum
474 2128 729 2184 homines
759 2130 825 2183 ad
860 2145 919 2185 se
948 2131 1136 2185 trahit.
1165 2131 1307 2198 Quid
1338 2133 1426 2188 hic
1457 2134 1625 2205 igitur

90 2217 292 2281 ahsurdi,
317 2220 443 2289 quid
470 2220 635 2275 novi?
655 2219 849 2277 Nonne
872 2223 1070 2278 melius
1095 2224 1299 2280 dicitur
1325 2225 1495 2281 Deum
1521 2241 1623 2283 nos

87 2320 161 2373 per
196 2308 465 2379 Spiritum,
497 2327 664 2382 quam
698 2328 799 2369 nos
827 2330 925 2384 per
958 2314 1221 2385 Spiritum
1253 2316 1349 2373 Dei
1381 2320 1620 2375 trahere.

89 2396 138 2451 Et
170 2410 329 2456 tamen
378 2402 677 2473 Gregorius
708 2403 1091 2463 Nazianzenus
1128 2423 1242 2464 non
1292 2410 1495 2467 veritus
1537 2419 1621 2467 est

88 2491 230 2547 dicere
268 2495 586 2567 ;Πνεύματι
643 2496 1001 2569 σωιχοῦντες,
1052 2500 1224 2572 τούτῳ
1276 2502 1377 2574 τὴν
1422 2504 1621 2572 γνῶσιν

90 2583 316 2651 ἕλκοντες-
354 2608 372 2641 ι
409 2587 465 2643 1η
510 2589 717 2659 Spiritu
747 2590 1115 2659 ambulantes,
1146 2609 1321 2663 eoque
1345 2596 1619 2665 cognitio-

90 2691 183 2730 nem
210 2680 498 2737 trahentes.
542 2702 560 2734 ι
599 2681 753 2737 Dona
787 2682 993 2751 gratiae,
1024 2699 1121 2739 seu
1163 2686 1389 2755 spiritus
1414 2686 1469 2741 S.
1500 2686 1623 2758 Spi-

90 2770 197 2824 ritus
228 2788 358 2842 sarpe
382 2774 647 2829 dicuntur
675 2792 688 2827 :
715 2774 806 2829 illa
837 2783 1019 2830 autem
1056 2776 1197 2831 inter
1230 2776 1491 2833 beneﬁcia
1527 2795 1622 2833 nu-

93 2865 253 2916 merari
277 2865 466 2921 debent
500 2876 557 2921 et
585 2866 746 2921 simul
782 2867 1042 2923 funiculis
1064 2871 1392 2940 comparari,
1418 2872 1618 2942 quibus

90 2953 409 3013 eﬂicacissime
438 2960 507 3014 ad
540 2958 711 3014 Deum
734 2961 1031 3015 trahimur.
1059 2961 1134 3016 De
1158 2962 1387 3017 miriﬁca
1412 2964 1619 3019 saluta-

94 3047 201 3102 tione
227 3066 325 3105 non
352 3068 491 3122 opus
531 3063 615 3109 est
650 3061 710 3108 ut
742 3055 1125 3124 respondeam.
1160 3054 1279 3109 Non
1311 3058 1455 3111 enim
1486 3071 1620 3113 con-

92 3148 169 3192 stat
190 3144 525 3207 posteriorem
560 3156 773 3215 partem
830 3145 1111 3200 sententiae
1136 3145 1201 3199 ad
1231 3146 1614 3202 salutationem

92 3243 179 3283 eam
222 3235 500 3302 pertinere,
533 3252 658 3290 cum
703 3238 880 3307 possit
925 3239 1088 3291 etiam
1121 3238 1186 3291 ad
1213 3237 1497 3307 sequentia
1533 3253 1619 3293 re-

92 3319 206 3377 ferri.
249 3324 299 3380 Si
346 3328 469 3398 quis
507 3338 692 3383 autem
724 3345 845 3384 eam
879 3330 945 3385 ad
988 3332 1171 3400 priora
1201 3331 1382 3400 potius
1411 3330 1620 3386 referre

91 3414 201 3478 velit,
214 3433 271 3470 ne
294 3421 370 3474 sic
389 3422 613 3491 quidem
640 3422 879 3477 absurda
909 3423 1181 3478 videbitur
1200 3424 1478 3479 salutatio.
1499 3422 1616 3477 Non

92 3510 199 3565 enim
240 3514 287 3567 in
320 3515 540 3569 nomine
569 3524 778 3569 tantum
801 3515 1029 3580 Christi,
1072 3517 1166 3571 sed
1209 3525 1263 3570 et
1289 3516 1343 3570 in
1370 3516 1613 3584 Christo,

93 3603 151 3655 vel
182 3605 224 3659 in
257 3605 478 3662 Domino
534 3608 835 3677 Apostolus
874 3608 1108 3674 salutat;
1141 3606 1398 3662 Christus
1432 3618 1615 3663 autem

94 3705 163 3757 per
186 3707 408 3752 naturam
435 3715 644 3769 perque
678 3714 742 3754 ea
775 3714 895 3768 qua:
927 3700 981 3752 in
1004 3714 1169 3754 carne
1199 3702 1309 3769 egit
1337 3708 1391 3754 et
1420 3715 1616 3769 passus

92 3798 165 3851 est,
207 3794 389 3859 Optime
431 3793 759 3864 explicatur.
807 3792 1019 3858 Quibus
1068 3792 1220 3847 addit
1270 3796 1327 3847 ὲν
1378 3795 1612 3865 ἑνότητι.

93 3875 191 3933 Nam
223 3893 273 3937 ut
317 3886 517 3954 Optime
542 3885 610 3940 de
638 3885 696 3939 8.
727 3884 897 3939 Paulo
928 3901 958 3939 a
991 3885 1388 3955 Chrysostomo
1426 3886 1617 3941 obser-

91 3982 230 4026 vatum
274 3986 380 4030 est:
423 3978 535 4029 Ἀεὶ
574 3976 797 4043 συνάγει
827 3976 919 4029 καὶ
952 3977 1222 4048 συγκολλᾷ
1267 3977 1335 4031 τὰ
1366 3978 1501 4050 μέλη
1526 3978 1616 4032 διὰ

93 4062 159 4114 τοῦ
183 4068 465 4141 ἀςπασμοῦ.
502 4090 521 4121 ι
574 4068 802 4139 Semper
849 4070 1136 4139 coniungit
1174 4079 1229 4124 et
1273 4072 1615 4141 conglutinat

94 4159 281 4214 membra
328 4178 420 4231 per
469 4163 884 4218 salutationem.
943 4180 962 4213 ι
1007 4159 1194 4231 Neque
1252 4163 1389 4217 mira
1442 4164 1611 4217 videri

95 4245 210 4302 debet
238 4251 281 4305 in
307 4254 711 4309 resurrectione
736 4252 877 4307 facta
900 4254 1177 4319 salutatio,
1209 4268 1334 4309 cum
1358 4255 1614 4309 vetustis-

94 4338 184 4391 simi
225 4343 504 4400 Christiani
546 4346 634 4399 his
678 4346 858 4400 verbis
891 4364 910 4397 ι
947 4343 1204 4401 Christus
1254 4348 1556 4401 resurrexit
1585 4365 1604 4398 ι

96 4440 315 4489 seruatae
344 4439 583 4492 solerent
618 4438 877 4493 salutare.

616 4593 851 4650 CAPUT
894 4593 1011 4648 XV.

98 4714 283 4801 imitatio
330 4731 567 4798 Apostoli
628 4730 917 4801 Ignatiana
976 4729 1276 4800 κακοζηλία
1340 4747 1444 4784 non
1506 4741 1604 4786 est.

156 4794 382 4874 Ἰχναξμην
414 4819 513 4856 vos:
558 4794 755 4856 Grécis
808 4801 1114 4874 familiaris,
1148 4794 1226 4852 ita
1275 4801 1354 4874 alt
1391 4801 1607 4874 lgnatt'o

146 4865 375 4941 aliquoties
423 4883 706 4940 usurpata.
752 4865 816 4925 ut
843 4889 875 4924 a
923 4871 1296 4941 Chrysostomo
1338 4865 1603 4927 laudetur.

146 4938 336 5012 Censura
358 4938 597 4996 Arruntii
630 4944 893 5012 rejicitur.
923 4940 989 4993 In
1016 4938 1133 4994 voce
1171 4940 1424 5011 ἰσόψυχον
1457 4942 1606 4995 nulla

150 5009 325 5069 apostoli
361 5013 613 5069 imitatio.
648 5009 789 5078 Quid
824 5013 893 5064 sit
927 5013 1199 5133 ισόῒυχος,
1226 5009 1606 5082 φιὶίῖἀντίψυ-

150 5090 230 5133 ἴον.
258 5080 477 5133 docetur.
514 5094 572 5133 ut
602 5093 651 5133 et
674 5083 979 5133 περίψημα.
1053 5083 1233 5133 lirases
1276 5082 1477 5133 alianot
1506 5100 1606 5133 sa:-

147 5090 230 5139 χον,
258 5080 477 5149 docetur,
514 5094 572 5136 ut
602 5093 651 5137 et
674 5080 1233 5154 nspldnpa._Pltrases
1276 5082 1477 5152 aliquot
1506 5080 1607 5137 sa:-

151 5160 237 5221 Ιςιιδ
276 5165 535 5220 usurpata:
562 5150 939 5221 defenduntur.
975 5150 1159 5205 Ironiu
1203 5150 1499 5220 apostblica
1538 5154 1604 5207 ab

152 5211 319 5281 [qualia
346 5211 555 5278 minime
580 5211 847 5294 eipressa.

150 5350 296 5419 Capite
331 5359 397 5413 28
434 5360 669 5430 probare
714 5362 907 5414 nititur
936 5370 1216 5415 auctorem
1244 5358 1603 5429 epistolarum

108 5428 382 5513 h‘t’o’slorem
437 5454 627 5519 fuisse,
665 5471 730 5510 ex
775 5455 1077 5511 imitatione
1130 5452 1188 5507 8.
1228 5451 1403 5516 Pauli,
1440 5467 1606 5520 quam

108 5526 363 5679 ἷυιξηλίαν
387 5557 572 5613 vocat;
617 5564 787 5617 quare
843 5556 1024 5601 autem
1075 5546 1159 5599 vir
1186 5544 1521 5613 apostolicus
1554 5552 1610 5598 et

144 5640 257 5679 ll’lt‘r
292 5636 472 5679 imitari
511 5642 550 5679 ς
610 5641 833 5679 Paulum
884 5655 1055 5679 ninam
1085 5638 1177 5679 nni
1228 5654 1351 5679 num
1390 5639 1517 5679 viln,
1555 5645 1609 5679 ρι

144 5640 257 5699 "lyr
291 5636 476 5694 imitari
511 5642 564 5696 8.
608 5641 857 5705 Paulum,
884 5655 1055 5711 quare
1085 5638 1179 5708 qui
1228 5654 1351 5691 eum
1390 5639 1522 5701 vita,
1555 5645 1609 5690 et

210 5682 248 5699 ε-
291 5682 476 5694 ---.......
513 5682 564 5696 υ.
608 5682 857 5705 -..........,
886 5682 1055 5711 .,.....ν
1087 5682 1179 5708 η...
1230 5682 1351 5691 νυ...
1402 5682 1522 5701 ..--,
1558 5682 1609 5690 ν-

111 5682 231 5809 ἱοτιε
260 5742 459 5787 secutus
488 5742 592 5799 est,
626 5748 877 5788 sermone
906 5733 1069 5786 etiam
1099 5733 1252 5800 sequi
1288 5744 1394 5783 non
1423 5740 1611 5798 potue-

113 5806 170 5877 ἧι,
191 5817 307 5877 haud
355 5826 525 5883 video.
568 5826 763 5885 Fateor
798 5826 1051 5898 equidem
1084 5824 1439 5896 epistularum
1467 5822 1606 5879 scri-

1727 1942 1920 1999 bitror.
1951 1941 2026 1997 De
2049 1943 2212 1997 modo
2244 1942 2569 1996 imitationis
2604 1950 2714 1995 tota
2747 1942 2813 1997 lis
2840 1952 2944 2008 est,
2969 1959 3038 1997 an
3073 1943 3144 1997 ita
3170 1945 3309 1998 scri-

1725 2046 1847 2107 ptor
1890 2035 2213 2105 Apostolum
2264 2034 2509 2089 imitatus
2554 2034 2644 2099 sit,
2682 2044 2739 2089 ut
2778 2034 3019 2106 lgnatius
3053 2036 3142 2090 ille
3186 2052 3308 2091 esse

1725 2143 1832 2183 non
1861 2127 2057 2197 possit,
2092 2126 2185 2180 sed
2212 2126 2395 2196 potius
2435 2140 2494 2179 se
2530 2140 2711 2194 pravae
2758 2127 3081 2180 imitationis
3124 2126 3310 2181 studio

1726 2221 2041 2291 imposturze
2091 2236 2243 2276 reum
2287 2222 2607 2293 prodiderit.
2664 2222 2775 2295 Ego
2823 2233 2932 2277 tam
2982 2223 3122 2279 bene
3178 2237 3306 2278 eum

1724 2313 2055 2384 apostolicas
2108 2314 2368 2383 epistolas
2416 2314 2689 2369 imitatum
2739 2330 2861 2369 esse
2909 2314 3213 2380 contendo,
3247 2327 3307 2370 ut

1724 2407 1922 2462 merito
1960 2407 2137 2461 virum
2174 2422 2302 2461 eum
2333 2408 2715 2476 apostolicum,
2744 2407 2833 2463 cui
2885 2407 3131 2476 Apostoli
3170 2408 3306 2463 scri-

1723 2510 1812 2569 pta
1848 2508 1961 2553 tam
1990 2498 2181 2553 intime
2204 2508 2259 2553 et
2294 2499 2615 2554 medullitus
2651 2500 2914 2569 impressa
2945 2498 3186 2565 fuerunt,
3214 2499 3305 2568 ju-

1722 2592 2000 2658 dicemus;
2035 2602 2143 2646 tam
2172 2591 2337 2657 male,
2373 2601 2483 2646 tam
2512 2592 2770 2657 absurde,
2798 2601 2855 2645 ut
2888 2592 3013 2646 inde
3046 2601 3306 2661 appareat

1722 2699 1848 2741 eum
1896 2685 2246 2753 impostorem
2308 2683 2498 2747 fuisse,
2532 2684 2677 2753 quod
2730 2684 2921 2737 volunt
2978 2683 3301 2747 adversarii,

1720 2792 1949 2849 prorsus
1975 2793 2133 2847 nego.
2160 2776 2499 2831 Assertionis
2519 2787 2719 2831 nostra:
2746 2776 3029 2829 veritatem
3056 2774 3304 2833 ostendet

1721 2871 2170 2935 commentarius,
2216 2885 2327 2939 quo
2360 2867 2547 2923 omnia
2587 2866 2646 2920 S.
2698 2865 2892 2935 lgnatii
2936 2867 3003 2920 ad
3036 2882 3168 2921 suas
3191 2868 3298 2921 ori-

1721 2960 1872 3031 gines
1916 2958 2247 3025 referantur,
2283 2968 2337 3014 et
2371 2975 2495 3014 cum
2520 2958 2578 3012 8.
2615 2955 2768 3011 Pauli
2795 2958 2975 3013 verbis
3004 2968 3059 3012 et
3084 2968 3304 3013 senten—

1720 3053 1812 3107 tiis
1839 3053 2109 3123 praecipue
2154 3051 2510 3107 conferantur
2538 3069 2552 3118 ;
2595 3052 2642 3108 si
2690 3066 2930 3121 unquam
2958 3051 3105 3105 illius
3132 3050 3299 3119 pech

1715 3148 1891 3204 ciendi
1933 3157 1988 3203 et
2033 3147 2225 3203 edendi
2258 3146 2477 3201 occasio
2519 3158 2580 3198 se
2630 3143 2906 3197 obtulerit.
2938 3142 3300 3211 Coniectures

1716 3241 1933 3296 interim
1984 3240 2307 3302 Daliazanas,
2336 3246 2397 3292 ut
2436 3252 2495 3292 se
2528 3235 2764 3291 oll’erunt
2785 3274 2801 3299 ,
2833 3234 3182 3302 examinabo,
3205 3250 3297 3291 ea-

1716 3346 1948 3393 rumque
1976 3331 2401 3386 imbecillitatem
2429 3328 2676 3399 prodam.

1790 3418 1996 3474 Primo.
2015 3418 2370 3489 lmpostorem
2397 3421 2503 3475 olet
2527 3422 2760 3493 ὀναίμην
2787 3420 2946 3474 toties
2966 3420 3034 3473 ab
3055 3435 3121 3475 eo
3143 3433 3302 3474 usur-

1718 3511 1926 3581 patum'.
1976 3510 2152 3565 Semel
2204 3521 2387 3566 autem
2427 3510 2485 3565 S.
2531 3511 2737 3568 Paulus
2766 3528 2829 3566 ea
2864 3526 2999 3566 voce
3024 3510 3219 3577 utitur,
3245 3519 3301 3565 et

1718 3600 1936 3670 quidem
1969 3602 2024 3654 in
2049 3601 2291 3671 Epistola
2323 3604 2390 3657 ad
2428 3601 2829 3667 Philemonem,
2863 3601 2954 3655 ubi
3000 3602 3067 3655 de
3103 3599 3301 3654 Onesi-

1719 3709 1813 3748 mo
1866 3694 2064 3765 agitur.
2111 3694 2293 3760 Quare
2352 3711 2479 3750 cum
2516 3695 2843 3751 Theodorus
2874 3694 3013 3749 Beza
3050 3712 3069 3745 ι
3104 3694 3297 3749 scitam

1715 3786 1924 3842 Perroti
1956 3788 2177 3859 collega:
2200 3788 2287 3844 sui
2314 3790 2689 3859 conjecturam
2723 3808 2742 3840 ι
2783 3788 2921 3843 adeo
2946 3788 3300 3842 commenda--

1716 3893 1884 3949 verit,
1918 3882 2012 3952 qui
2067 3899 2087 3933 ι
2144 3880 2374 3937 Paulum
2417 3882 2521 3937 hac
2563 3896 2697 3935 voce
2736 3880 2979 3935 alludere
3011 3881 3081 3933 ad
3116 3879 3296 3948 ipsum

1715 3972 1960 4029 Onesimi
2011 3989 2211 4029 nomen
2270 3974 2653 4029 existimavit:
2698 3992 2717 4024 ›
2754 3972 2955 4027 mirum
3005 3980 3090 4026 est
3139 3972 3298 4039 Igna-

1708 4070 1850 4123 tium
1887 4080 2135 4123 nostrum
2171 4083 2279 4123 non
2311 4078 2524 4123 tantum
2567 4070 2621 4122 in
2656 4069 2885 4138 epistola
2916 4067 2983 4121 ad
3006 4065 3295 4136 Ephesios,

1714 4161 1807 4216 ubi
1855 4158 2100 4216 Onesimi
2140 4176 2333 4216 eorum
2377 4161 2618 4231 episcopi
2657 4160 2990 4215 mentionem
3020 4146 3295 4225 facit,'sed

1712 4255 1876 4310 etiam
1912 4256 2112 4324 saepius
2145 4255 2271 4309 alibi
2319 4269 2383 4307 ea
2433 4269 2567 4308 voce
2605 4254 2703 4307 uti.
2741 4253 2848 4307 Sed
2886 4267 2992 4306 vox
3023 4252 3111 4305 illa
3150 4251 3298 4303 ὀναί-

1716 4367 1825 4421 μην
1876 4351 2012 4405 satis
2066 4351 2208 4419 apud
2263 4348 2484 4403 Griecos
2533 4362 2747 4415 semper
2806 4347 2933 4399 trita
2969 4345 3093 4399 fuit.
3134 4344 3292 4413 Apud

1714 4442 2044 4515 llesychium
2086 4444 2284 4513 legitur
2317 4460 2331 4496 :
2380 4444 2687 4513 Ὀνήμονος,
2713 4438 2861 4504 ἄξιος
2883 4439 3145 4508 ὀνήσεως.
3188 4437 3292 4492 So-

1641 4532 1931 4609 Dpingius
1988 4538 2273 4607 legendum
2326 4546 2482 4607 putat
2513 4537 2822 4605 ὐνήσιμος,
2872 4540 2927 4587 et
2991 4531 3290 4601 Epistolam

1714 4631 1847 4686 citat
1871 4628 1929 4684 S.
1956 4628 2111 4684 Pauli
2137 4630 2200 4683 ad
2232 4627 2601 4682 Timotheum.
2633 4625 2737 4679 Sed
2761 4626 2867 4679 hoc
2900 4624 3062 4687 modo
3082 4631 3292 4678 veteres

1715 4721 2047 4793 intelligendi
2104 4736 2215 4773 non
2267 4727 2418 4773 sunt.
2473 4715 2609 4782 Quis
2652 4716 2797 4770 enim
2848 4730 2956 4769 non
3008 4715 3153 4769 videt
3194 4729 3292 4783 pro

1726 4814 1849 4885 Ὀνή
1860 4830 2017 4884 μονος
2045 4810 2332 4882 legendum
2360 4823 2503 4872 esse,
2545 4807 2857 4879 Ὀνήμενος,
2878 4805 3071 4877 Odyss.
3091 4807 3155 4875 Β,
3178 4807 3247 4862 33
3271 4825 3287 4863 :

1902 4948 2156 5012 Ἑσθλός
2178 4962 2280 5016 μοι
2301 4943 2466 4998 δοκεῖ
2486 4944 2686 5013 ἕμμεν⁹
2719 4942 3011 5013 ὀνήμενος
3026 4983 3041 5007 ,

1712 5105 1836 5147 cum
1867 5086 2157 5157 explicatio
2188 5082 2465 5155 Hesychii,
2499 5082 2682 5153 ὄνησιν
2712 5080 2907 5135 ἑαυτοῦ
2940 5080 3112 5143 λάϐοι,
3142 5078 3284 5147 apud

1710 5193 1947 5238 veterem
1984 5178 2326 5233 Scholiasten
2361 5191 2425 5230 eo
2464 5177 2583 5230 loco
2611 5174 2828 5229 exstet?
2854 5173 2931 5226 Ad
2963 5172 3284 5225 Onesimum

1712 5284 1879 5338 certe,
1916 5282 2011 5327 aut
2054 5270 2121 5325 ad
2173 5269 2229 5324 8.
2265 5267 2419 5322 Pauli
2475 5268 2655 5321 locum
2710 5282 2816 5318 non
2862 5280 3073 5333 semper
3116 5262 3288 5332 respi—

1711 5366 1966 5421 ciendum
2013 5362 2229 5432 quoties
2259 5360 2325 5414 de
2360 5375 2424 5413 ea
2468 5372 2601 5411 voce
2632 5356 2832 5424 agitur.
2871 5352 2967 5406 Diu
3015 5361 3141 5406 ante
3170 5350 3285 5407 Eu-

1710 5456 1914 5529 ripides
1959 5456 2013 5509 in
2047 5453 2230 5508 Oreste
2266 5468 2284 5506 :

1891 5598 2097 5648 Ὀναιο
2124 5592 2221 5646 καὶ
2251 5591 2354 5654 σὺ,
2384 5590 2480 5643 καὶ
2517 5590 2550 5641 ὁ
2583 5585 2784 5652 διδοὺς
2817 5581 2950 5653 ἐγώ.

1716 5730 1868 5787 Unde
1912 5728 2085 5785 Aulus
2126 5725 2331 5780 Gellius
2386 5723 2479 5777 lib.
2532 5737 2644 5787 xtv,
2695 5735 2814 5789 cap.
2852 5719 2885 5771 6
2920 5736 2933 5772 :
2967 5717 3153 5770 Ὀναιο
3196 5715 3283 5780 σὺ,

1713 5814 2297 5891 inquam,doctissin.e
2337 5814 2604 5881 virorum,
2646 5809 2847 5882 ταύτης
2895 5808 2994 5880 τῆς
3039 5806 3282 5876 πολυμο-
