3800 6208
411 268 517 323 1⁸55

1402 276 1460 332 8.
1497 276 1842 334 ICNATIUS.
1883 306 1954 317 --
1996 275 2534 331 PROLECOMENA.

3561 279 3644 338 456

416 396 588 461 Θείας,
618 414 728 453 non
772 396 922 452 ὀναιό
967 414 1083 464 σου,
1120 407 1179 453 ut
1218 412 1365 453 nunc
1406 399 1546 454 male
1574 399 1855 455 scribitur.
1887 396 1982 452 Eu-

2101 394 2354 468 ὀναίμην,
2381 396 2530 466 quod
2580 395 2649 451 ab
2688 409 2755 451 eo
2798 394 3032 452 Dallaeus
3079 396 3218 452 mira
3249 396 3473 454 licentia
3500 416 3516 449 ι
3545 414 3646 455 sex-

418 489 626 560 ripides
656 492 707 544 in
742 490 1028 560 Hippolyta
1057 505 1075 543 :

693 628 1003 688 Ὀνασθιιι,
1035 625 1121 696 μὴ
1154 626 1369 697 μαθεῖν
1390 626 1642 690 βούλου.

420 763 574 820 Unde
602 764 938 835 Hesychius:

782 904 1095 965 Ὀνασθαι,
1127 900 1492 970 ὠφελῆσθαι.

417 1032 614 1088 8ιιὶιΙαε
640 1032 701 1087 V.
744 1033 1023 1105 ὐναίμην,
1056 1034 1187 1088 citat
1217 1033 1363 1087 hunc
1393 1032 1754 1087 versiculum:

414 1167 615 1234 Καὺτὴ
645 1169 755 1236 γὰρ
952 1168 1139 1233 οὕτως
1162 1168 1419 1236 ὀναίμην
1456 1166 1574 1220 τῶν
1607 1168 1848 1220 τέκνων.

418 1297 525 1353 Sed
555 1299 697 1367 apud
732 1298 1178 1368 Aristophanem,
1211 1299 1354 1353 unde
1391 1298 1755 1369 transcripsit,
1799 1300 1996 1371 legitur

414 1389 658 1461 ὀνοξμην,
691 1390 1249 1459 Thesmophorinzusis
1280 1406 1299 1444 .'

420 1528 621 1599 Καύζὴ
664 1532 772 1599 γὰρ
822 1528 1011 1599 ἔγωγ’,
1045 1528 1233 1599 οὕτως
1268 1529 1537 1599 ’ὀνοίμην
1580 1531 1697 1585 τῶν
1730 1532 1993 1596 τέκνων,

416 1597 586 1650 Μισῶ
617 1597 725 1651 τὸν
754 1598 919 1666 ἄνδρ’
948 1598 1201 1662 ἐκεῖνον,
1232 1602 1284 1652 εὶ
1308 1598 1394 1668 μὴ
1412 1597 1424 1651 ξ
1425 1601 1732 1670 μαίνομαι.

596 1733 720 1806 Ipso
749 1735 886 1806 enim
909 1751 1023 1806 ego,
1060 1735 1140 1787 ita
1172 1735 1326 1803 fruar
1365 1735 1546 1792 liberis
1582 1740 1741 1806 meis,

597 1802 700 1857 Odi
736 1805 905 1857 virum
936 1804 1112 1868 illum,
1142 1802 1246 1858 nisi
1279 1806 1511 1862 insanio.

489 1935 642 1992 Unde
698 1938 923 2009 intelligi
962 1948 1145 2008 potest
1203 1939 1456 2011 Hesychii
1503 1942 1685 1997 locum
1739 1941 1993 1997 mutilum

413 2044 556 2092 esse,
610 2028 700 2083 ubi
758 2030 920 2085 habet
969 2032 1199 2097 Ὄνοιτο,
1239 2032 1461 2103 ὁμοίως.
1493 2032 1652 2090 Deest
1696 2034 1844 2090 enim
1888 2049 1992 2088 vox

412 2120 633 2193 ὀνοίμην
667 2138 790 2175 cum
823 2122 1185 2191 explicatione
1219 2140 1339 2179 sua.

487 2211 580 2266 Sic
618 2212 883 2267 Admetus
935 2211 1080 2282 apud
1131 2212 1445 2283 Euripidem
1493 2214 1792 2285 alloquitur
1833 2215 1993 2272 Alce-

414 2314 521 2356 Sllll
547 2320 560 2356 Σ

485 2430 766 2507 Ἀᾆιςηδὲ
797 2432 1027 2507 παίδων
1045 2449 1059 2463 ο
1095 2432 1270 2507 τῆκε-δ’
1295 2434 1525 2507 Δὄνησιν
1553 2437 1804 2507 εὔχομαι

557 2500 724 2565 Θεοῖς
754 2500 1063 2570 γενέσθαι·
1099 2503 1215 2557 σοῦ
1245 2503 1354 2573 γὰρ
1395 2500 1506 2559 οὐκ
1540 2500 1833 2573 «by-iidem.

421 2654 568 2732 Satis
601 2657 885 2732 liberarunt
912 2674 929 2721 ;
958 2658 1143 2711 horum
1178 2660 1481 2728 fruitionem
1505 2680 1690 2732 precor

414 2725 552 2779 Deos
583 2727 716 2780 mihi
743 2728 1074 2799 contingere;
1105 2739 1152 2782 te
1179 2725 1317 2783 enim
1345 2746 1447 2784 non
1470 2725 1708 2803 amplius
1737 2735 1990 2805 fruimur.

420 2875 583 2934 Vetus
630 2896 763 2935 sane
808 2890 863 2936 et
890 2882 1053 2953 vulgo
1085 2886 1212 2940 trita
1244 2886 1502 2957 loquendi
1542 2887 1801 2956 formula,
1819 2890 1992 2957 οὕτως

412 2969 643 3042 ὀναίμην
689 2974 851 3036 τινός.
907 2973 1171 3045 Syuesius
1226 2980 1682 3036 accuratissimus
1742 2992 1989 3038 veterum

2022 1752 2071 1812 B

2095 487 2301 543 centies
2338 495 2660 558 usurpatum
2698 507 2717 540 ι
2756 488 2917 543 dixit.

2166 576 2354 648 Neque
2412 593 2544 633 vero
2608 595 2841 635 censura
2898 581 3141 636 Arruntii
3204 581 3350 649 apud
3412 580 3647 635 Senecam

2097 671 2394 740 quidquam
2447 671 2698 741 dignitati
2739 673 3026 743 scriptoris
3051 675 3226 740 nostri
3252 675 3498 744 derogat.
3541 673 3649 727 lmi-

2098 770 2245 816 tatus
2280 762 2369 816 ille
2406 760 2728 817 Sallustium
2760 773 2864 829 est,
2892 774 2945 818 et
2987 764 3147 820 male.
3181 763 3287 819 Sed
3318 766 3518 834 primo,
3534 766 3653 820 male

2097 864 2227 908 ante
2246 868 2373 908 eum
2398 854 2694 924 scripserat
2718 853 3011 911 Sallustius
3032 871 3100 912 ex
3129 856 3405 911 sententia
3434 856 3651 924 Seneca,

2098 946 2332 1017 ideoque
2372 962 2479 1001 non
2522 947 2662 1002 bene
2698 946 2829 1003 fecit
2869 948 3182 1013 Arruntius,
3218 949 3313 1019 qui
3353 949 3450 1004 illa
3487 965 3599 1019 qua:
3628 967 3653 1006 a

2098 1038 2360 1094 Sallustio
2394 1038 2536 1093 male
2558 1039 2700 1094 dicta
2730 1047 2859 1095 sunt
2883 1038 3022 1095 adeo
3047 1039 3291 1095 studiose
3313 1050 3537 1096 secutus
3561 1051 3651 1097 est.

2097 1131 2275 1187 Verba
2303 1141 2441 1187 sunt
2471 1130 2695 1187 Seneca:
2722 1151 2735 1187 :
2770 1151 2790 1185 ι
2820 1131 2987 1189 Vides
3016 1141 3197 1188 autem
3227 1133 3363 1203 quid
3388 1143 3654 1203 sequatur,

2095 1223 2189 1279 ubi
2235 1223 2403 1279 alicui
2444 1224 2640 1278 vitium
2686 1240 2786 1295 pro
2816 1226 3065 1295 exemplo
3094 1235 3197 1280 est.
3240 1245 3258 1277 ι
3291 1223 3369 1279 lta
3394 1224 3655 1280 Helladius

2100 1317 2251 1387 apud
2328 1315 2585 1371 Pbotium
2663 1326 2820 1371 notat
2898 1315 3265 1385 Euphorionis
3336 1317 3655 1388 κακοζήλους

2094 1407 2293 1475 λέξεις,
2321 1424 2430 1463 non
2459 1410 2678 1478 quidem
2705 1426 2726 1461 ι
2762 1423 2871 1463 non
2898 1409 3211 1475 imitandas,
3239 1429 3261 1464 ι
3292 1418 3352 1463 ut
3381 1414 3655 1480 interpres.

2094 1504 2191 1553 sed
2221 1517 2239 1550 ι
2270 1514 2338 1553 ex
2388 1500 2531 1553 mala
2560 1498 2907 1554 affectatione
2948 1518 2965 1550 ι
3002 1498 3306 1568 profectas;
3340 1516 3470 1555 nam
3515 1518 3659 1573 παρε-

2098 1589 2309 1660 ζήλωσε
2341 1588 2432 1643 τὸν
2468 1588 2685 1659 πρῶτον
2718 1588 2990 1643 Διονύσιον
3007 1590 3097 1652 τὸν
3119 1589 3374 1655 Σικελίας
3392 1592 3656 1663 τύραννον,

2105 1703 2123 1735 ι
2161 1682 2482 1753 Dionysium
2529 1682 2768 1751 primum
2822 1682 3023 1736 Siciliae
3076 1692 3371 1753 tyrannum
3432 1683 3659 1740 imitatus

2097 1786 2201 1844 est,
2240 1795 2259 1829 ι
2296 1775 2390 1846 qui
2421 1774 2590 1829 multa
2626 1775 2889 1829 vocabula
2924 1773 3324 1841 καταγέλαστα,
3350 1774 3513 1843 plane
3541 1776 3662 1830 ridi-

2099 1869 2221 1925 cula
2251 1866 2600 1937 excogitavit.
2625 1865 2696 1921 At
2720 1866 2924 1936 optime
2952 1865 3010 1921 S.
3048 1865 3250 1922 Paulus
3275 1882 3413 1923 voce
3448 1868 3661 1939 ὀναίμην

2099 1961 2375 2025 utebatur,
2405 1960 2608 2028 optime
2656 1959 2935 2028 vulgatum
2985 1967 3040 2013 et
3090 1958 3298 2014 Graecis
3346 1957 3658 2015 familiarem

2098 2066 2409 2108 sermonem
2434 2047 2684 2118 religioni
2701 2047 3027 2104 Christianae
3049 2050 3457 2119 attemperavit,
3475 2050 3664 2121 optime

2097 2145 2339 2200 ostendit
2387 2145 2666 2215 quomodo
2722 2142 2831 2198 illis
2884 2142 2980 2212 qui
3039 2143 3201 2197 nobis
3240 2142 3484 2197 maxime
3523 2142 3667 2198 cliari

2096 2246 2244 2300 sunt,
2289 2236 2396 2292 frui
2422 2246 2687 2307 oporteat,
2722 2252 2917 2307 nempe
2949 2239 3003 2291 in
3030 2234 3283 2301 Domino,
3312 2238 3399 2289 vel
3432 2244 3491 2289 ut
3519 2234 3671 2306 lgna-

2094 2332 2206 2386 tius
2242 2338 2449 2394 noster,
2481 2348 2501 2382 ι
2533 2330 2589 2385 in
2625 2330 2758 2386 Deo.
2799 2349 2818 2382 ι
2852 2328 3038 2401 Neque
3069 2327 3236 2399 igitur
3258 2329 3348 2384 hic
3378 2325 3439 2382 S.
3474 2326 3673 2382 Paulus

2094 2438 2196 2493 pro
2228 2423 2507 2490 Sallustio,
2543 2439 2644 2479 nec
2671 2424 3021 2493 epistolarum
3053 2423 3289 2492 scriptor
3321 2437 3425 2493 pro
3460 2421 3673 2497 Arrunf

2096 2516 2172 2570 tio
2194 2514 2384 2569 haberi
2412 2515 2620 2571 debuit.
2640 2515 2914 2579 Secundo,
2938 2514 2985 2571 si
3014 2516 3249 2586 scriptor
3278 2515 3425 2569 male
3447 2514 3505 2570 S.
3532 2513 3679 2569 Pau-

2094 2608 2209 2665 lum
2244 2607 2488 2663 imitatus
2514 2607 2727 2673 fuisset,
2756 2606 2910 2662 nullo
2940 2607 3101 2661 modo
3132 2607 3383 2676 sequitur
3411 2623 3538 2661 eum
3565 2622 3682 2660 non

2096 2698 2267 2755 fuisse
2299 2700 2477 2754 virum
2509 2709 2565 2755 et
2594 2702 2766 2770 pium,
2799 2707 2855 2754 et
2880 2712 3121 2769 gravem,
3150 2707 3206 2753 et
3235 2699 3464 2759 omnino
3512 2699 3681 2753 talem

2093 2793 2311 2862 qualem
2346 2791 2404 2848 8.
2430 2791 2695 2862 lgnatium
2724 2791 2897 2847 fuisse
2919 2806 3114 2846 omnes
3137 2791 3391 2846 credunt.
3416 2790 3509 2847 Sic
3526 2792 3688 2847 enim

2103 2883 2313 2941 Seneca
2359 2884 2428 2940 de
2467 2900 2571 2940 suo
2612 2884 2877 2939 Arruntio
2913 2902 2927 2937 :
2970 2900 2992 2937 ι
3024 2881 3153 2939 Haec
3203 2884 3373 2955 igitur
3396 2895 3451 2941 et
3475 2887 3690 2957 hujus-

2096 2975 2244 3029 modi
2272 2975 2425 3040 vitia,
2461 2990 2584 3044 quae
2613 2973 2778 3028 alicui
2808 2972 3088 3042 impressit
3120 2972 3381 3034 imitatio,
3408 2990 3519 3028 non
3546 2985 3699 3029 sunt

413 3062 722 3119 Atticorum
756 3065 999 3121 imitator
1037 3070 1198 3138 epist.
1229 3070 1297 3124 44
1331 3088 1346 3126 ι
1378 3070 1535 3125 Οὕτω
1558 3073 1656 3144 τῆς
1680 3074 1832 3147 ἱερᾶς
1856 3071 1996 3143 φιλο-
2021 3107 2064 3164 C
2098 3064 2297 3120 indicia
2338 3064 2589 3127 luxuriae,
2622 3080 2725 3120 nec
2768 3063 2939 3118 animi
2970 3062 3232 3132 corrupti.
3266 3061 3496 3132 Propria
3525 3065 3696 3119 enim

412 3154 606 3223 σοφίας
627 3157 881 3228 ὀναίμην,
914 3158 1007 3210 καὶ
1032 3160 1261 3231 προσέτι
1284 3160 1392 3215 τῶν
1428 3162 1654 3218 παιδίων
1688 3165 1794 3217 τῶν
1822 3164 1993 3234 ὲμαυ-

413 3245 528 3311 τοῦ,
557 3247 631 3310 ὡς
675 3249 774 3301 οὐκ
802 3248 866 3302 ἂν
909 3249 983 3322 μὴ
1026 3250 1263 3323 φιλτάτῳ
1286 3253 1367 3306 σοὶ
1395 3254 1713 3324 τυγχάνοντι
1739 3255 1993 3310 συνεϐούο

413 3339 579 3393 λευσά
615 3358 666 3395 τι
708 3341 967 3409 τοιοῦτον,
998 3345 1091 3414 ὅγε
1121 3345 1432 3417 ἀπεύχομαι
1473 3350 1586 3411 τοῖς
1633 3348 1848 3420 ἐχθροῖς
1884 3353 1995 3414 τοῖς

411 3434 589 3503 ἐμοῖς.
643 3453 662 3486 ι
719 3436 797 3489 Ita
846 3451 1002 3491 sacra
1063 3438 1440 3508 phi1050phia,
1504 3439 1804 3510 liberisque
1854 3442 1995 3498 meis

413 3526 641 3596 insuper
685 3526 860 3595 fruar,
895 3538 956 3583 ut
995 3530 1093 3584 tibi
1138 3546 1270 3593 non,
1306 3531 1412 3587 nisi
1447 3532 1822 3589 amicissimus
1850 3534 1987 3589 mihi

409 3634 584 3686 esses,
617 3621 825 3691 aliquid
882 3622 1152 3691 ejusmodi
1202 3621 1402 3679 fuerim
1452 3624 1994 3696 consulturus,un

413 3708 656 3764 inimicis
712 3710 852 3765 meis
921 3713 1204 3780 deprecor.
1260 3731 1279 3766 ι
1341 3712 1419 3767 De
1471 3714 1659 3769 liberis
1721 3716 1995 3787 praecipue

412 3801 690 3870 rebusque
741 3803 1086 3859 charissimis
1135 3812 1231 3859 aut
1275 3805 1526 3875 personis
1558 3806 1700 3863 lianc
1734 3808 1993 3878 loquendi

417 3890 709 3945 formulam
757 3896 1098 3964 usurpabant
1135 3909 1347 3951 veteres
1376 3896 1571 3964 Graeci,
1598 3906 1659 3953 ut
1688 3908 1907 3955 constat
1925 3914 1992 3955 ex

412 3979 693 4049 Euripide,
712 3983 1096 4053 Aristophane,
1122 3986 1376 4059 Syncsio,
1396 4003 1610 4043 necnon
1639 4004 1707 4043 ex
1724 3987 1989 4057 Luciano,

414 4073 508 4141 qui
546 4072 601 4128 in
644 4077 998 4144 Φιλοψευδεῐ
1026 4080 1141 4135 hac
1174 4081 1365 4136 habet:
1392 4080 1501 4134 Καὶ
1524 4083 1553 4134 ὀ
1572 4080 1860 4153 Εὐκράτης
1885 4081 1992 4135 ὥσ-

408 4180 522 4235 περ
552 4166 918 4239 ἀναμνησθεὶς
970 4170 1107 4244 πρὸς
1151 4172 1247 4243 τὴν
1293 4172 1415 4243 ὅψιν
1442 4171 1549 4226 τῶν
1588 4172 1772 4236 υἱέων,
1804 4173 1991 4237 Οὕτως

412 4253 663 4327 ὀναίμην,
693 4257 816 4330 ἔφη,
840 4261 1063 4328 τούτων,
1090 4263 1362 4317 ἐπιϐαλὼν
1390 4263 1573 4326 αὐτοῖς
1595 4262 1690 4335 τὴν
1717 4268 1889 4339 χεῖρα,
1914 4266 1990 4329 ὡς

408 4346 608 4420 ἀληθῆ,
658 4343 705 4403 ὦ
747 4352 1004 4426 Τυχιάδη,
1059 4354 1196 4427 πρὸς
1253 4354 1317 4408 σὲ
1367 4354 1498 4427 ἐρῶ.
1535 4373 1553 4407 ι
1595 4353 1663 4410 Εί
1702 4355 1984 4425 Eucrates,

410 4443 572 4511 quasi
634 4458 701 4499 ex
756 4456 1058 4517 conspectu
1109 4447 1348 4503 ﬁliorum
1402 4448 1520 4502 haec
1566 4446 1621 4501 in
1669 4449 1989 4503 memoriam

413 4543 723 4589 revocasset
756 4554 769 4590 :
803 4534 881 4591 Ita
912 4537 1083 4604 fruar,
1109 4537 1409 4608 inquiebat,
1432 4536 1606 4604 hisce,
1629 4537 1737 4592 illis
1766 4553 2014 4595 manum'

423 4620 705 4691 injiciens,
747 4633 806 4678 ut
838 4640 967 4681 vera
994 4626 1114 4693 tibi,
1160 4641 1193 4679 o
1240 4623 1543 4697 Tychiada,
1572 4624 1787 4697 loquor.
1825 4646 1844 4679 ι
1879 4626 1992 4683 Re-

412 4713 727 4782 ccptissima
765 4715 870 4771 hac
898 4716 1160 4786 loquendi
1192 4714 1429 4771 formula
1452 4732 1588 4772 usus
1609 4725 1693 4773 est
1715 4715 1772 4771 8.
1788 4716 1992 4774 Paulus

415 4804 485 4858 ad
518 4804 911 4887 Philemonem,
940 4825 1173 4879 eamque
1226 4810 1388 4879 quasi
1432 4809 1848 4865 Christianitate
1888 4811 1990 4864 do-

413 4896 597 4950 navit:
628 4896 767 4966 Ὲγώ
796 4916 889 4952 σου
933 4899 1169 4969 ὀναίμην
1209 4901 1266 4953 ὲν
1303 4899 1515 4971 Κυρίῳ.
1554 4918 1573 4952 ι
1611 4899 1725 4971 Ego
1751 4910 1803 4955 te
1838 4900 1992 4955 fruar

412 4984 469 5037 in
507 4983 760 5041 Domino.
801 5006 819 5039 ι
850 4987 909 5041 ln
938 5004 1047 5058 qua
1078 4990 1357 5045 locutione
1387 5009 1406 5042 ι
1440 4991 1587 5045 aliud
1622 4992 1797 5046 multo
1832 4991 1992 5046 intel-

414 5075 600 5141 ligitur
642 5094 808 5146 quam
851 5089 1093 5148 putatur,
1131 5099 1151 5132 ι
1193 5091 1252 5135 ut
1302 5081 1557 5135 observat
1598 5080 1987 5154 Hieronymus.

415 5168 490 5221 Ea
521 5168 687 5237 igitur
723 5186 856 5225 usus
887 5182 971 5226 est
998 5171 1240 5241 lgnatius
1267 5181 1328 5228 ut
1368 5174 1503 5229 satis
1526 5172 1804 5239 familiari,
1829 5184 1992 5245 atque

414 5259 639 5329 insuper
661 5277 692 5314 a
721 5260 780 5315 S.
808 5260 979 5316 Paulo
1003 5274 1284 5334 usurpata.
1315 5263 1421 5319 Sed
1447 5280 1618 5334 quare
1647 5267 1806 5320 toties
1830 5280 1990 5320 usur-

414 5350 582 5418 pavit,
612 5366 737 5406 cum
771 5350 830 5406 8.
867 5351 1071 5408 Paulus
1104 5355 1271 5408 semel
1315 5355 1570 5408 tantum?
1606 5352 1786 5408 Semel
1819 5354 1990 5408 utitur

418 5439 559 5493 idem
584 5443 864 5511 apostolus
892 5460 1023 5499 voce
1051 5444 1402 5513 ἁγαθοποιία,
1431 5444 1684 5498 Clemens
1706 5442 1989 5497 Romanus

419 5528 473 5584 in
524 5548 635 5587 una
687 5536 914 5604 epistola
964 5546 1194 5607 quater;
1232 5536 1400 5592 semel
1454 5533 1514 5590 8.
1555 5533 1753 5590 Petrus
1796 5551 1988 5590 vocent

421 5625 870 5699 μιταλοπρεπής,
915 5631 970 5683 in
1010 5631 1200 5685 eadem
1243 5629 1471 5698 epistola
1506 5625 1763 5682 Clemens
1810 5628 1989 5684 sexies

420 5720 730 5787 usurpavit;
766 5722 926 5776 toties
994 5722 1220 5787 scilicet,
1262 5728 1479 5791 quoties
1508 5718 1753 5789 lgnatius
1795 5728 1981 5777 noster

2097 3173 2219 3213 esse
2247 3157 2446 3213 debent
2471 3167 2525 3212 et
2559 3174 2627 3212 ex
2664 3157 2782 3227 ipso
2820 3164 2971 3223 nata,
3008 3170 3075 3210 ex
3111 3154 3316 3224 quibus
3350 3164 3411 3210 tu
3436 3157 3706 3214 aestimes

2095 3247 2328 3318 alicujus
2384 3246 2629 3301 affectus.
2696 3266 2716 3299 ι
2772 3245 2931 3300 Cavit
2979 3244 3123 3299 enim
3164 3243 3398 3298 sollicite
3440 3259 3512 3297 ne
3553 3247 3708 3313 quis

2096 3343 2239 3398 male
2266 3343 2333 3398 de
2361 3341 2660 3396 virtutibus
2688 3346 2783 3394 aut
2813 3338 3060 3394 moribus
3093 3336 3341 3391 Arruntii
3370 3336 3713 3408 judicaret;

2095 3450 2259 3506 quem
2318 3434 2437 3504 ipse
2489 3432 2721 3502 appellat
2763 3430 2939 3484 virum
2998 3446 3134 3484 rara:
3182 3428 3541 3501 frugalitatis,
3592 3432 3718 3501 qui

2097 3544 2261 3583 verus
2289 3534 2482 3582 auctor
2509 3524 2769 3580 Historia:
2810 3524 2874 3576 de
2904 3522 3035 3576 bello
3068 3520 3275 3575 Punico
3315 3521 3444 3589 fuit,
3475 3539 3542 3577 ex
3576 3540 3723 3595 qua

2097 3635 2158 3675 se
2213 3618 2512 3689 profecisse
2565 3616 2766 3671 fatetur
2818 3613 3048 3680 Plinius,
3084 3629 3247 3683 quem
3302 3623 3365 3669 ut
3409 3614 3726 3683 optimum

2096 3720 2373 3768 oratorem
2435 3709 2563 3766 Piso
2612 3709 2666 3763 in
2722 3708 2962 3779 periculo
3011 3707 3189 3777 petiit,
3230 3722 3397 3777 quem
3452 3706 3731 3766 Tacitus

2094 3811 2223 3857 ante
2277 3801 2527 3857 Asinium
2585 3799 2822 3866 Gallum,
2853 3807 2908 3853 et
2965 3796 3284 3851 Marcellum
3341 3798 3733 3856 Aserniuum

2096 3893 2420 3959 nominavit,
2454 3907 2615 3962 quem
2646 3892 2925 3961 Augustus
2956 3889 3023 3944 de
3060 3904 3385 3944 successore
3410 3888 3740 3949 sollicitus

2097 4002 2206 4040 non
2248 3984 2531 4055 indignum
2562 3982 2791 4053 imperio
2817 3980 3114 4051 judicavit;
3148 3980 3244 4051 qui
3269 3980 3355 4033 vir
3391 3981 3516 4036 talis
3550 3984 3747 4041 inter

2095 4076 2399 4140 Romanos,
2440 4078 2560 4144 gnon
2610 4073 2789 4145 qualis
2861 4074 3126 4142 inipostor
3181 4072 3536 4140 Dallzeanus,
3615 4080 3747 4134 sed

2094 4168 2277 4239 potius
2298 4168 2479 4237 qualis
2505 4176 2728 4221 sanctus
2755 4164 2996 4234 lgnatius
3020 4164 3163 4233 apud
3188 4175 3431 4231 nostros,
3453 4154 3750 4228 habitus

2094 4267 2195 4314 est.
2229 4256 2434 4321 Tertio,
2470 4256 2564 4327 qui
2611 4257 2685 4310 ita
2730 4255 2812 4310 vel
2848 4254 3295 4319 Sallustium,vel
3348 4258 3754 4318 Arruntium

2094 4363 2283 4424 postea
2308 4352 2551 4407 imitatus
2590 4350 2682 4417 sit,
2711 4349 2982 4403 neminem
3024 4348 3278 4403 novimus
3306 4366 3321 4402 :
3350 4349 3763 4418 scriptorem

2017 4476 2066 4533 Β
2098 4452 2279 4498 autem
2328 4450 2576 4496 nostrum
2635 4449 2897 4508 tanquam
2947 4438 3216 4508 optimum
3259 4439 3425 4492 etiam
3467 4438 3551 4494 in
3626 4444 3767 4501 hac

2076 4536 2214 4605 .ipsa
2265 4548 2327 4588 re
2377 4530 2573 4586 imitati
2609 4539 2741 4584 sunt
2768 4528 2870 4583 viri
2912 4528 3160 4583 maximi.
3191 4529 3560 4601 Alexander,
3604 4540 3769 4607 cpi-

2095 4639 2295 4690 scopus
2313 4618 2734 4685 Alexandrinus,
2777 4618 3006 4688 epistola
3031 4618 3098 4672 ad
3124 4618 3523 4675 Alexandrum
3570 4626 3777 4682 Con-

2093 4712 2635 4782 stantinopolitanum
2670 4731 2684 4766 :
2717 4710 2979 4783 Ὀναίμην
3013 4710 3167 4781 ὑμῶν
3197 4712 3296 4782 τῆς
3328 4711 3781 4788 φιλοχρίσμτου

2092 4806 2290 4877 ψυχῆς.
2334 4803 2391 4858 8.
2442 4804 2867 4874 Chrysostomus
2926 4804 2979 4857 in
3034 4802 3295 4859 Oratione
3346 4818 3787 4882 panegyrica

2093 4897 2209 4952 haec
2238 4896 2431 4966 lgnatii
2475 4895 2641 4950 verba
2673 4896 2910 4950 maxime
2958 4904 3218 4965 tanquam
3252 4899 3570 4967 praeclara
3622 4908 3793 4965 tau-

2092 4993 2213 5047 dat;
2258 4988 2397 5059 Ἐγὼ
2419 4989 2524 5042 τῶν
2557 4988 2760 5061 Θηρίων
2785 4988 3005 5042 ἐκείνων
3037 4989 3292 5061 ὀναίμην,
3321 4998 3375 5045 et
3406 5008 3598 5052 cum
3638 5002 3792 5071 ipse

2093 5083 2317 5137 minime
2370 5080 2533 5135 fuerit
2585 5076 2904 5148 κακόζηλος,
2940 5094 3002 5134 ea
3061 5079 3263 5132 imitari
3305 5095 3613 5143 conatus
3657 5105 3798 5157 est,

2091 5173 2271 5227 verbis
2304 5187 2425 5241 qum
2478 5170 2640 5240 paulo
2695 5178 2821 5222 ante
2865 5169 3215 5238 protulimus,
3259 5167 3401 5235 Ἐγὼ
3448 5176 3622 5230 τῶν
3656 5181 3796 5237 δεδι

2092 5265 2209 5336 μῶν
2237 5264 2467 5335 ὀναίμην
2508 5261 2749 5315 ἐκείνων.

2163 5352 2233 5407 Ut
2270 5353 2417 5407 aliud
2460 5349 2785 5423 κακοζηλίας
2827 5351 3138 5419 exemplum
3172 5351 3503 5420 extundat,
3568 5368 3800 5422 uiult:

2090 5445 2545 5501 comminiscitur.
2613 5461 2632 5494 ι
2669 5441 2891 5496 Dixerat
2961 5443 3261 5512 Apostolus
3314 5442 3800 5513 Timotheu“

2101 5555 2251 5595 suum
2302 5554 2361 5594 se
2414 5537 2612 5592 habere
2668 5535 2919 5606 ίσόψυχον
2982 5536 3322 5589 unanimem.
3347 5538 3388 5603 ζ»
3472 5540 3603 5600 Ne
3684 5552 3800 5605 ho,

2090 5631 2308 5700 quidem
2350 5643 2536 5685 verum
2566 5636 2668 5682 est.
2699 5628 2924 5693 Οὐδένα,
2960 5626 3137 5696 inquit
3179 5626 3237 5682 S.
3290 5625 3617 5703 PauluS,
3689 5644 3800 5715 ξχε

2096 5718 2366 5791 ισὰψυχον.
2414 5719 2495 5772 An
2546 5726 2726 5772 autem
2762 5717 2856 5789 qui
2906 5717 3178 5772 neminem
3233 5732 3292 5773 se
3337 5715 3659 5787 habere
3706 5737 3800 5790 εει
