3768 6366
1800 41 2892 68 ____‘__;———~

137 377 216 432 ιδτ
906 357 1274 419 PEARSONII
1307 355 1634 414 VINDICIIE
1672 353 2091 414 IGNATIANIE.
2127 386 2195 394 -—
2228 353 2408 410 PARS
2447 355 2512 410 ll.
3237 357 3341 414 ιδῃ

134 496 266 565 ψυχον
292 487 434 549 dixit.
463 485 666 542 habere
694 499 754 542 se
779 483 1128 544 Timotheum
1158 479 1416 549 ἰσόψυχον
1445 476 1652 532 dixisse

1851 475 1880 527 6
1896 473 2099 545 Κύριος
2123 473 2212 527 τὸν
2233 473 2374 545 ὑπὲρ
2390 475 2422 544 ἡ
2429 473 2546 545 μῶν
2566 490 2578 502 ·
2609 474 2748 546 ὑπὲρ
2767 475 2859 528 σοῦ
2885 473 2982 546 τὴν
3002 473 3178 560 ψυχὴν
3199 474 3344 530 ἀντι-

137 580 358 654 pu-tandus
394 577 516 633 est?
555 575 661 634 Sed
701 575 816 630 sive
852 573 1105 628 habuerit
1144 570 1201 624 S.
1241 569 1446 630 Paulus
1477 566 1661 638 ἰσόψυ-

134 692 222 747 χον,
237 673 333 728 sive
357 685 462 724 non
494 667 766 732 habuerit,
789 666 919 736 quid
950 666 1054 720 hoc
1072 665 1140 720 ad
1163 661 1431 733 Ignatium
1453 659 1660 729 episto-

137 763 296 820 licum!
323 758 518 828 Nempe
541 758 651 824 ille,
681 776 699 809 ι
725 754 1140 825 compositionis
1165 751 1340 808 forma
1359 758 1572 820 captus,
1595 748 1664 802 ad

135 855 244 910 idem
269 851 560 920 Exemplum
592 849 849 910 formavit
877 845 1188 917 ἀντίψυχος,
1219 854 1274 900 et
1293 841 1602 912 ἀντίψυχον.
1637 859 1657 892 r

133 949 198 1002 An
222 960 329 1002 vero
351 944 436 998 ille
453 958 574 998 eam
600 957 789 996 vocem
817 938 1092 999 formavit,
1126 951 1248 1007 qua:
1277 933 1662 1004 antiquissima

135 1043 242 1097 fuit?
264 1040 336 1095 An
362 1040 427 1095 ad
452 1039 594 1094 idem
622 1035 932 1106 exemplum
961 1034 1190 1087 formata
1223 1045 1350 1093 vox,
1374 1043 1495 1100 quae
1523 1042 1663 1097 prae-

133 1135 412 1205 positionem
475 1133 597 1188 loco
650 1128 889 1184 nominis
941 1124 1136 1180 habet?
1182 1123 1264 1176 An
1317 1120 1450 1175 illud
1513 1117 1666 1172 Pauli

134 1227 343 1296 ίσόψυχος
388 1222 710 1292 simpliciter
756 1221 1044 1275 aemulatus
1077 1225 1158 1271 est
1181 1257 1195 1281 ,
1229 1230 1353 1269 eum
1389 1227 1496 1266 vox
1524 1208 1665 1266 ἀντί·

131 1321 265 1388 ψυχης
307 1317 524 1374 alterius
576 1314 736 1384 plane
792 1310 1211 1382 signiﬁcationis
1248 1307 1353 1362 sit?
1395 1304 1467 1360 Ut
1517 1305 1660 1360 idem

134 1413 210 1466 llas
248 1412 371 1466 duas
425 1424 589 1466 voces
649 1405 959 1476 signiﬁcare
1011 1400 1285 1467 ostendat,
1350 1398 1465 1452 vult
1517 1394 1662 1464 apud

139 1503 184 1555 S.
219 1500 450 1565 Paulum,
493 1497 745 1568 ἰσόψυχον
793 1509 915 1552 esse
965 1493 1300 1559 unanimem,
1331 1500 1384 1544 et
1409 1489 1666 1544 observat

131 1604 324 1648 veterem
365 1592 716 1660 interpretem
761 1587 956 1658 ignatii
997 1587 1068 1642 ita
1099 1584 1325 1640 reddere
1346 1580 1662 1651 ἁντίψυχον.

128 1683 386 1753 Utrumque
411 1681 638 1738 i'rusua.
658 1679 846 1749 Neque
873 1679 1015 1734 enim
1039 1677 1292 1750 ἰσόψυχος
1318 1674 1462 1746 apud
1488 1675 1662 1740 illum,

130 1792 270 1845 neque
304 1776 593 1847 ἀντίψυχος
627 1775 774 1845 apud
826 1775 972 1838 hunc
1028 1772 1339 1838 unanimem
1369 1769 1660 1841 signiﬁcat.

130 1865 262 1921 Vetus
304 1864 356 1920 S.
405 1845 560 1920 Pauli
597 1865 900 1935 interpres,
946 1882 964 1914 ι
1005 1871 1111 1920 tatu
1144 1862 1459 1918 unanimem
1487 1869 1668 1914 trans-
1697 1845 1740 1902 Β

127 1960 238 2022 tulit,
274 1958 408 2029 quod
452 1959 597 2012 aliud
640 1966 746 2021 est,
779 1965 833 2011 et
858 1956 997 2011 Beza
1034 1955 1208 2008 multo
1236 1954 1452 2016 melius,
1489 1970 1508 2002 ι
1543 1951 1664 2021 .pari

123 2051 272 2104 animo
299 2050 570 2115 affectum,
612 2068 630 2101 ι
666 2051 760 2128 qui
795 2067 813 2100 ι
855 2055 1012 2118 putat
1042 2047 1180 2101 alios
1210 2061 1334 2100 cum
1377 2044 1665 2099 Timotheo

123 2147 404 2216 comparari,
427 2165 450 2197 ι
479 2144 627 2215 quod
670 2142 943 2198 immerito
968 2140 1185 2211 sugillat
1216 2137 1492 2194 Heinsius.
1541 2138 1667 2195 Sive

126 2241 243 2292 enim
278 2238 584 2302 Timotheo,
609 2237 724 2292 sive
748 2236 854 2294 sibi
883 2235 1134 2305 ἰσόψυχον
1166 2232 1292 2287 velit
1337 2231 1394 2287 S.
1441 2231 1664 2297 Paulus,

122 2333 212 2385 sive
238 2333 444 2403 utrique
475 2334 560 2401 (ut
588 2329 870 2400 accepisse
902 2328 1122 2383 videtur
1145 2325 1400 2382 Clemens
1422 2324 1663 2378 Alexan-

119 2423 297 2490 drinus,
349 2425 578 2488 Strom.,
611 2423 705 2478 lib.
765 2438 818 2478 Iv
873 2440 888 2477 :
943 2419 1175 2491 Ὁμοίως
1222 2417 1314 2472 καὶ
1353 2417 1482 2489 περὶ
1508 2417 1669 2488 Τιμο-

120 2515 218 2568 Οέου
260 2517 346 2570 καὶ
388 2501 586 2572 ἑαυτοῦ
633 2516 894 2587 γράφων·
937 2510 1169 2567 Οὐδένα
1199 2509 1310 2580 γὰρ
1333 2510 1472 2580 ἔχω,
1508 2507 1665 2580 φησὶν

118 2612 401 2679 ἰσόψυχον,
443 2628 463 2661 ι
518 2608 782 2663 Similiter
830 2615 885 2661 et
932 2605 999 2665 de
1041 2604 1330 2662 Timotheo
1379 2613 1433 2662 et
1485 2602 1666 2671 seipse

118 2703 347 2767 scribens,
373 2699 652 2756 Neminem
679 2698 862 2764 habeo,
890 2696 1086 2768 inquit,
1111 2693 1459 2766 ἰσόψυχον),
1488 2693 1662 2747 virum

115 2793 331 2849 similiter
372 2809 502 2864 erga
552 2792 935 2862 Philippenses
979 2789 1262 2855 affectum,
1291 2797 1344 2842 et
1385 2786 1503 2857 pari
1533 2799 1665 2846 cura

115 2900 273 2941 eorum
304 2897 507 2944 statum
543 2895 965 2959 prosequentem
991 2884 1267 2955 intelligit,
1297 2891 1358 2940 ut
1380 2880 1665 2952 sequentia

113 2976 474 3036 demonstrant.
525 2979 692 3034 Recte
737 2979 979 3048 Optimus
1024 2978 1291 3046 interpres
1331 2974 1667 3044 Chrysosto—

115 3086 215 3125 mus
245 3090 259 3126 :
285 3072 487 3127 Οὐδένα
521 3072 632 3145 γὰρ
658 3071 766 3142 ἔχω
805 3070 1082 3142 ίσόψυχον,
1113 3067 1354 3122 τουτέστι
1384 3064 1492 3118 τῶν
1523 3062 1668 3137 ὁμοί-

113 3180 173 3227 ως
220 3182 300 3236 μοι
356 3166 771 3242 μεριμνώντων,
798 3173 851 3218 et
875 3179 1070 3218 rursus
1103 3180 1117 3216 :
1159 3161 1304 3215 Ἀντὶ
1337 3157 1431 3214 τοῦ
1463 3157 1665 3230 ὁμοίως

114 3253 212 3323 ipsi
234 3257 525 3328 κηδόμενον
577 3254 731 3327 ὑμῶι
777 3254 872 3309 καὶ
919 3252 1290 3326 φροντίζοντα.
1319 3251 1471 3306 Licet
1499 3249 1666 3320 igitur

114 3342 157 3398 8.
178 3343 367 3403 Paulus
414 3348 690 3418 psalmum
734 3363 822 3412 ιν,
855 3346 924 3400 id
956 3344 1262 3414 respexisse
1297 3351 1540 3414 putetur,
1571 3341 1668 3398 ubi

112 3443 240 3490 vetus
276 3437 566 3508 interpres,
602 3437 856 3509 ἄνθρωπε
902 3435 1126 3507 Eadd:qu
1157 3434 1410 3500 reddidit,
1443 3452 1462 3485 ι
1499 3434 1668 3488 homo

113 3528 371 3597 unanimis,
419 3550 439 3583 ι
479 3545 645 3601 quem
694 3528 963 3584 Giossarii
1010 3536 1207 3584 auctor
1237 3535 1483 3584 secutus.
1515 3525 1666 3596 Apo-

112 3620 258 3675 stolus
299 3630 507 3688 tamen,
530 3621 646 3691 qui.
668 3621 894 3678 Hebraea
929 3635 1038 3676 non
1085 3620 1270 3678 minus
1296 3634 1460 3689 quam
1479 3617 1668 3672 Graaca

111 3714 253 3781 norit,
314 3731 438 3770 eum
505 3713 682 3770 Graeci
739 3713 990 3768 vocabuli
1046 3728 1211 3768 usum
1249 3711 1522 3782 probavit,
1573 3708 1668 3780 qui

109 3799 306 3862 Hebraeo
351 3808 597 3868 maxime
631 3805 932 3872 conformis
984 3803 1111 3870 fuit,
1137 3820 1215 3861 sc.
1257 3813 1425 3870 una:
1467 3823 1485 3856 ί
1513 3802 1669 3872 juxta

108 3903 487 3970 proportionem
563 3917 775 3968 meam,
840 3900 1142 3958 secundum
1203 3899 1670 3968 comparationem

107 4004 290 4059 meam,
333 3995 498 4064 juxta
561 3993 986 4049 aestimationem
1053 3992 1182 4058 mei,
1233 4010 1256 4044 ι
1309 3991 1400 4047 cui
1459 3989 1667 4047 notioni

108 4085 281 4152 optime
338 4085 642 4157 respondet
685 4086 776 4141 hic
826 4085 1079 4155 ίσόψυχος
1117 4102 1137 4140 ι
1193 4084 1312 4155 pari
1371 4082 1557 4142 animo
1588 4081 1670 4136 vel

107 4174 274 4230 adectu
327 4177 621 4247 praeditus.
664 4195 684 4230 ι
742 4174 850 4231 Sed
899 4175 946 4230 si
997 4173 1251 4246 ἰσόψυχος
1283 4189 1382 4244 pro
1421 4171 1669 4228 unanimi

108 4277 346 4335 sumatur,
374 4277 530 4326 certe
577 4268 722 4339 apud
769 4267 1038 4338 lgnatium
1090 4273 1336 4323 nostrum
1376 4264 1668 4334 ἀντίψυχον

107 4354 164 4408 ita
194 4362 326 4412 sumi
355 4375 471 4416 non
506 4359 690 4415 debet.
728 4357 998 4428 Loquitur
1027 4356 1116 4412 ille
1139 4365 1403 4426 tanquam
1440 4363 1664 4425 martyr,

106 4457 147 4500 et
187 4450 341 4508 vitam
393 4469 455 4508 se
508 4466 707 4508 eorum
749 4452 873 4506 loco
917 4447 1224 4520 positurum
1254 4448 1407 4514 dicit,
1439 4444 1584 4502 unde
1616 4455 1671 4500 et

1763 565 1920 619 δώσω
1945 564 2039 636 τὴν
2065 565 2223 636 ἐμήν.
2264 583 2282 615 ι
2317 563 2490 620 Tuam
2523 575 2752 622 mortem
2776 567 3006 622 libenter
3034 569 3343 634 sustinebo,

1768 669 1828 715 ut
1857 659 2123 713 Dominus
2155 674 2253 728 pro
2286 657 2444 713 nobis
2476 667 2710 714 mortem
2756 660 3056 726 sustinuit:
3099 663 3340 717 animam

1767 763 1942 802 meam
1993 761 2094 817 pro
2144 755 2196 801 te
2242 746 2504 802 vicariam
2557 749 2720 804 dabo.
2770 767 2789 800 ι
2837 749 2995 806 Certe
3022 752 3345 810 ἀντιδιδόναι

1764 841 1862 914 τὴν
1906 841 2082 917 ψυχήν
2132 841 2274 896 idem
2321 850 2407 896 est
2428 857 2493 897 ac
2531 842 2820 914 ἀντίψυχον
2871 841 3029 908 εἶναι.
3056 844 3213 913 Quod
3263 858 3348 902 est

1767 933 2018 1006 Lycurgo
2060 934 2268 990 rhetori
2302 933 2435 988 ἰδίαν
2480 935 2656 1007 ψυχὴν
2695 937 2815 990 ἀντὶ
2855 939 3039 1011 κοινῆς
3074 940 3348 1013 σωτηρίας

1767 1025 2381 1081 ἅντικαταλλάσσεσθαι.
2428 1025 2600 1092 Quale
2667 1029 2958 1101 ἁντίψυχον
3021 1032 3348 1088 describitur

1766 1115 1938 1171 fuisse
1962 1116 2216 1180 Alcestis,
2256 1131 2394 1169 uxor
2423 1117 2658 1184 Admeti,
2689 1119 2831 1190 apud
2871 1120 3202 1191 Euripidem,
3227 1137 3349 1192 qua:

1766 1207 1869 1261 viri
1893 1208 2012 1263 loco
2040 1217 2271 1264 mortem
2296 1207 2482 1263 subiit.
2502 1208 2654 1276 Quod
2687 1211 2903 1269 duobus
2930 1214 3109 1272 modis
3131 1231 3161 1270 a
3187 1224 3344 1284 poeta

1765 1298 2110 1367 exprimitur.

1838 1412 1974 1469 Nam
2003 1415 2183 1484 primo
2210 1415 2282 1470 ita
2310 1417 2540 1474 Alcestis
2568 1417 2768 1478 affatur
2796 1418 3083 1474 Admetum
3110 1438 3126 1478 :

1885 1526 2139 1602 Ἐγώ-σε
2173 1529 2611 1602 πρεσϐεύοιιεσα,
2645 1532 2831 1602 redisti,
2854 1531 2964 1600 τῆς
2990 1531 3140 1602 ἐμῆς

1874 1595 2092 1721 ἓρτγχῆς
2120 1597 2558 1665 καταστήσασα
2586 1599 2712 1669 φῶς
2741 1601 2859 1662 RW
2887 1595 3156 1671 ἑὼ,ορᾅή

1921 1683 2145 1734 νησκω.

1876 1777 1989 1850 Ego
2021 1791 2069 1834 te
2099 1780 2294 1835 honore
2325 1782 2573 1850 afﬁciens,
2596 1793 2646 1836 et
2668 1783 2784 1837 loco
2809 1800 2935 1839 mete

1873 1847 2019 1973 DVIilre
2051 1859 2098 1906 te
2125 1847 2509 1921 efﬁciens'luce
2541 1855 2642 1932 [iac
2671 1855 2816 1923 frui,

1936 1937 2105 1973 onor.

1936 1937 2105 1976 ονιον.

1837 2029 1972 2086 Dein
2003 2031 2268 2096 Admetus
2298 2035 2370 2088 ita
2396 2034 2637 2092 Alcestin
2670 2036 3002 2106 alloquitur:

1871 2145 1958 2220 ξι)
1990 2145 2056 2220 6:
2077 2146 2410 2220 ἀκτιδοῦσα
2434 2146 2546 2216 τῆς
2575 2148 2724 2219 ἐμῆς
2749 2153 2824 2206 τὰ
2851 2154 3108 2220 φίλτατα

1882 2215 2094 2292 Ψυχῆς
2129 2217 2388 2283 ἔσωσας.

1771 2329 1850 2407 lit
1889 2346 2006 2394 uero
2035 2331 2175 2407 dans
2214 2347 2277 2386 ea
2308 2347 2430 2402 qua:
2461 2332 2699 2390 habuisti
2739 2333 3058 2390 charissima
3087 2352 3188 2407 pro
3231 2353 3351 2395 mea

1784 2397 1922 2468 Vita,
1953 2404 2175 2458 servasti
2200 2418 2306 2466 me.

1841 2512 2088 2586 Utroque
2144 2528 2327 2570 autem
2379 2515 2544 2570 modo
2578 2515 2870 2587 ἁντίψυχον
2918 2528 3105 2587 aperte
3145 2520 3358 2582 deseri-—

1770 2605 1937 2662 bitur.
1970 2606 2045 2662 De
2080 2607 2297 2664 Christo
2324 2609 2441 2678 ipso
2468 2607 2526 2662 S.
2568 2608 2902 2674 Athanasius
2931 2610 3028 2666 lib.
3062 2611 3134 2668 De
3169 2613 3354 2668 lucar-

1768 2700 1979 2753 uatioue
2009 2697 2191 2764 Verbi:
2221 2698 2394 2772 Ὑπὲρ
2411 2701 2620 2764 πάντας
2636 2699 2744 2772 γὰρ
2764 2700 2840 2754 ὣν
2853 2701 2881 2753 6
2898 2703 3068 2771 Λόγος
3082 2705 3175 2758 τοῦ
3193 2706 3351 2771 Θεοῦ,

1769 2790 1994 2854 εἰκότως
2043 2789 2134 2843 τὸν
2189 2790 2380 2845 ἑαυτοῦ
2417 2789 2542 2846 ναὸν
2584 2794 2678 2845 καὶ
2717 2793 2777 2845 τὸ
2825 2795 3135 2865 σωματικὸν
3186 2797 3354 2870 ὄργα-

1769 2895 1857 2931 νον
1885 2877 2175 2949 προσάγων
2216 2879 2508 2951 ἀντίψυχον
2545 2881 2684 2952 ὑπὲρ
2714 2882 2962 2947 πάντων,
3012 2886 3252 2959 ἐπλήρου
3292 2890 3353 2944 τὸ

1768 2969 2119 3040 ὀφειλόμενον
2152 2972 2210 3023 ἐν
2227 2971 2306 3042 τῷ
2330 2970 2566 3044 θανάτῳ.
2592 2990 2610 3022 ι
2632 2972 2768 3028 Cum
2793 2984 2939 3030 essu
2967 2992 3132 3048 super
3161 2994 3354 3049 omnes

1775 3059 2008 3118 Verbum
2040 3062 2162 3130 Dei,
2201 3064 2324 3133 jure
2353 3081 2514 3120 suum
2544 3067 2802 3136 templum
2843 3077 2898 3123 et
2942 3073 3231 3141 corporale
3267 3075 3354 3130 in-

1769 3163 2136 3211 strumentum
2157 3157 2354 3213 sistens
2381 3157 2672 3229 ἀντίψυχον
2690 3175 2788 3229 pro
2815 3162 3094 3228 omnibus,
3121 3165 3355 3235 explevit

1768 3248 2010 3304 debitum
2043 3250 2097 3304 in
2126 3260 2319 3306 morte.
2351 3270 2370 3302 ι
2403 3250 2560 3320 Quod
2601 3253 2725 3318 aliis
2776 3255 2957 3310 verbis
3006 3264 3131 3326 post
3169 3256 3348 3314 dixit:

1782 3343 1928 3396 ’Δντὶ
1962 3344 2178 3398 πάντων
2223 3345 2314 3398 τὸν
2349 3345 2544 3402 ἑαυτοῦ
2579 3346 2704 3402 ναὸν
2732 3349 2817 3413 ,είς
2852 3347 3076 3414 θάνατον
3122 3351 3354 3423 παραδιο

1768 3435 1915 3502 δούς·
1954 3455 1972 3488 ι
2018 3452 2117 3507 pro
2149 3439 2406 3494 omnibus
2438 3440 2698 3508 templum
2741 3455 2902 3496 suum
2942 3443 3105 3496 morti
3139 3443 3298 3514 dans,
3328 3462 3349 3497 ι

1770 3537 1832 3582 ut
1859 3539 1912 3582 et
1941 3539 2065 3582 ante
2095 3544 2108 3580 :
2148 3529 2290 3591 Ἀντὶ
2325 3529 2541 3584 πάντων
2566 3530 2728 3592 αὑτὸν
2752 3529 2968 3604 θανάτῳ
3003 3535 3350 3606 παραδιδούς.

1770 3617 1917 3672 Idem
1951 3633 2146 3672 rursus
2173 3635 2296 3688 pag.
2342 3620 2402 3674 9i
2431 3637 2443 3673 :
2479 3615 2647 3684 Οὗτός
2689 3619 2838 3676 ἐστιν
2872 3625 2905 3694 ἡ
2962 3625 3179 3679 πάντων
3215 3627 3349 3698 ζωὴ,

1771 3707 1866 3762 καὶ
1888 3711 1917 3762 6
1945 3707 2024 3772 ὼς
2050 3709 2321 3780 πρόϐατον
2356 3711 2496 3783 ὑπὲρ
2521 3713 2621 3782 τῆς
2656 3715 2872 3767 πάντων
2909 3717 3178 3788 σωτηρίας
3204 3720 3352 3774 ἀντί-

1769 3799 1938 3871 ψυχον
1962 3800 2024 3853 τὸ
2057 3801 2250 3856 ἑαυτοῦ
2278 3801 2436 3873 σῶμα
2470 3805 2550 3867 είς
2593 3803 2825 3859 Θάνατον
2873 3809 3167 3878 παραδούς.
3198 3829 3218 3863 ι
3254 3811 3353 3868 Hic

1770 3900 1857 3952 est
1886 3892 2133 3948 omnium
2163 3894 2302 3960 vita,
2334 3895 2427 3962 qui
2467 3904 2528 3962 ut
2560 3896 2679 3950 ovis
2729 3912 2829 3966 pro
2875 3900 3122 3956 omnium
3174 3904 3352 3958 salute

1771 3981 2064 4052 ἀντίψυχον
2090 3998 2292 4054 corpus
2329 4000 2493 4040 suum
2546 3987 2599 4041 in
2638 3997 2868 4043 mortem
2915 3992 3156 4048 tradidit.
3184 4013 3203 4046 ο
3236 3993 3352 4056 Hoc

1773 4073 1940 4144 igitur
1994 4082 2077 4130 est
2121 4075 2270 4145 quod
2317 4077 2572 4134 Christus
2623 4079 2802 4148 dixit,
2848 4083 3091 4139 animam
3144 4103 3204 4142 se
3251 4105 3352 4162 pro

1775 4166 1972 4222 ovibus
2000 4167 2346 4236 positurum;
2385 4171 2534 4226 dedit
2563 4181 2620 4227 ιιι
2646 4174 2981 4247 ἀντίλυτρον,
3013 4179 3088 4233 ita
3123 4190 3176 4236 et
3198 4182 3349 4236 ἀντί-

1770 4257 2082 4328 ψυχονλιοο
2115 4270 2298 4316 autem
2321 4273 2382 4317 ut
2406 4265 2624 4334 proprie
2651 4276 2706 4320 et
2727 4267 3008 4337 signanter
3034 4272 3101 4326 de
3129 4272 3351 4330 Christo

1771 4349 1978 4421 dictum
2017 4360 2122 4418 est,
2150 4351 2223 4406 ita
2255 4352 2422 4407 etiam
2448 4370 2552 4409 suo
2570 4357 2732 4410 modo
2753 4358 2821 4411 de
2841 4357 2964 4415 aliis
2989 4375 3051 4414 ac
3075 4365 3350 4434 praacipue

1773 4443 2106 4513 martyribus
2119 4445 2368 4513 usurpari
2390 4446 2782 4501 solebat.Ccrtc
2797 4449 3078 4520 Origenes,
3095 4462 3243 4509 tomo
3257 4473 3351 4512 no-

106 4541 291 4598 vineula
341 4545 518 4600 etiam
581 4543 793 4613 adjicit.
831 4542 912 4596 Ad
954 4543 1308 4613 Smyrnmos:
1352 4538 1665 4608 Ἀντίῲυχον

1841 4557 1844 4578 ι
1871 4533 1925 4586 in
1938 4532 2220 4597 Joannem,
2239 4536 2488 4590 sacrificii
2507 4537 2708 4592 Christi
2726 4541 2786 4592 τὸ
2806 4541 3079 4615 ἐξαίρετον
3100 4546 3350 4600 conside-

108 4625 234 4694 ὑμῶν
265 4631 326 4684 τὸ
355 4631 586 4702 πνεῦμὰ
615 4649 739 4702 μου,
785 4630 878 4694 καί
915 4631 982 4684 τὰ
1015 4630 1192 4701 δεσμὰ
1229 4647 1351 4700 μου.
1385 4630 1466 4684 Ad
1501 4629 1664 4698 Poly-

106 4727 298 4782 carpum
330 4737 344 4771 :
388 4720 556 4772 Κατὰ
587 4721 762 4774 πάντα
807 4718 899 4772 σοῦ
944 4719 1234 4789 ἀντίψυχον
1275 4717 1406 4787 ἐγὼ,
1449 4720 1542 4772 καὶ
1599 4718 1667 4772 τὰ

107 4802 253 4876 δεσμά
274 4828 373 4879 μου
414 4811 452 4868 ἃ.
482 4812 806 4882 ἠγάπησας.
837 4811 1014 4864 Priori
1051 4812 1171 4866 loco
1208 4830 1226 4862 ι
1249 4809 1608 4875 conformcm,
1643 4829 1661 4861 ι

108 4904 367 4964 posteriori
403 4924 422 4956 ι
473 4903 823 4974 refrigerium
857 4923 876 4956 ι
915 4905 1056 4958 male
1107 4904 1341 4958 reddidit
1396 4905 1666 4974 interpres

109 4986 429 5051 Usserianus.
475 4997 564 5050 Ad
613 4995 924 5067 Ephesios:
976 4997 1287 5068 Ἀντίψυχον
1330 4997 1484 5069 ὑμῶν
1533 4997 1664 5066 ἐγώ,

107 5083 223 5138 male
244 5087 441 5142 iterum
465 5087 743 5158 interpres
764 5107 777 5142 :
797 5107 816 5139 ‹
856 5087 1160 5144 Unanimus
1184 5089 1468 5144 vobiscum
1493 5103 1612 5157 ego.
1641 5107 1660 5139 ›

105 5170 219 5229 Cum
261 5188 463 5234 neutro
500 5195 705 5251 genere
751 5188 1004 5250 ponatur,
1038 5180 1183 5234 aliud
1231 5178 1440 5248 aliquid
1484 5186 1668 5248 aperte

106 5279 258 5334 sonat,
291 5280 349 5327 ut
395 5273 554 5328 idem
599 5287 796 5342 nempe
825 5271 898 5328 sit
923 5270 1068 5340 quod
1104 5268 1438 5342 ἀντίλυτρον.
1475 5267 1551 5323 Ita
1599 5267 1668 5322 ad

107 5356 486 5432 I’olycarpum:
541 5362 858 5433 ’Δντίψυχον
912 5360 1023 5430 ἐγὼ
1063 5360 1169 5414 τῶν
1213 5359 1667 5431 ὑποτασσομένων

106 5447 169 5517 τῷ
190 5454 495 5527 ἐπισκόπῳ,
542 5454 957 5525 πρεσϐυτέροις,
999 5453 1284 5516 διακόνοις.
1321 5450 1526 5506 Neutro
1571 5467 1666 5524 ge-

107 5556 214 5598 nere
258 5564 476 5618 semper
521 5557 757 5618 usurpat
791 5555 999 5613 noster,
1033 5546 1341 5601 masculino
1370 5543 1667 5615 aliquando

105 5631 436 5708 interpolator
486 5650 593 5696 aut
625 5639 801 5694 lictor.
829 5638 971 5706 Quid
1009 5640 1112 5694 hac
1152 5655 1285 5694 voce
1312 5639 1667 5709 intelligatur,

106 5731 282 5795 Optime
314 5734 656 5803 exprimitur
686 5733 870 5788 verbis
901 5731 958 5786 S.
984 5733 1213 5790 Joannis
1249 5732 1393 5802 apud
1417 5731 1669 5786 Clemen-

110 5827 195 5876 tem
215 5823 648 5880 Alexandrinum
674 5822 689 5880 ἑ
712 5824 816 5878 Τὸν
844 5824 935 5879 σὺν
973 5824 1198 5880 Θάνατον
1225 5822 1366 5880 ἑκὼν
1391 5822 1667 5904 ὑπομενῶ,

248 5924 533 5983 ΡΑτιιοι..
587 5921 702 5982 Gn.
757 5929 833 5992 ν,

1774 4636 1922 4684 rans,
1946 4623 2151 4692 inquit:
2181 4625 2379 4678 Λοιπαὶ
2403 4624 2456 4678 δὲ
2483 4627 2575 4678 καὶ
2601 4633 2879 4694 συγγενεῖς
2901 4631 3072 4704 ταύτῃ
3095 4636 3160 4706 τῇ
3187 4635 3347 4708 Θυσίᾳ

1771 4711 2022 4782 ἐκχύσεις
2049 4710 2185 4768 εἶναι
2214 4732 2304 4786 μοι
2333 4716 2610 4786 φαίνονται
2644 4718 2739 4770 τοῦ
2777 4719 2884 4774 τῶν
2917 4723 3176 4792 γενναίων
3203 4745 3347 4800 μαρ-

1768 4805 1948 4876 τύρων
1994 4806 2240 4876 αἵματος.
2282 4825 2298 4857 ι
2337 4806 2558 4862 Caetera
2609 4819 2789 4864 autem
2839 4823 2895 4866 et
2941 4814 3069 4870 huic
3099 4831 3348 4890 cognata)

1771 4897 2010 4951 victimae
2046 4897 2340 4953 eﬂ'usioncs
2386 4899 2668 4969 sanguinis
2701 4918 3092 4972 generosorum
3139 4923 3346 4984 marty-

1773 5003 1893 5042 rum
1942 5003 2066 5043 esse
2114 4988 2246 5042 mihi
2287 4989 2558 5045 videntur.
2591 5011 2610 5043 ›
2650 4991 2753 5048 Ubi
2798 5011 2893 5052 eos
2928 5013 3210 5070 comparat
3239 5004 3344 5070 iis,

1771 5081 1864 5149 qui
1909 5080 2050 5134 inter
2084 5080 2313 5151 gentiles
2359 5095 2459 5150 pro
2512 5087 2791 5140 communi
2839 5088 3120 5146 hominum
3172 5095 3348 5150 salute

1772 5173 1983 5241 seipsos
2030 5173 2195 5227 morti
2228 5173 2601 5242 tradiderunt,
2633 5193 2758 5232 cum
2809 5183 3125 5249 pestilentes
3165 5189 3344 5242 morbi

1772 5265 2005 5335 patriam
2049 5280 2204 5320 suam
2254 5266 2600 5323 invasissent.
2630 5271 2741 5323 Καὶ
2785 5273 3147 5343 παραδέχεται
3191 5276 3348 5331 ταῦθ’

1771 5357 1942 5421 οὓτως
1965 5358 2246 5427 γεγονέναι
2271 5360 2369 5412 οὐκ
2393 5358 2602 5428 ἀλόγως
2625 5361 2919 5426 πιστεύσας
2943 5367 3060 5428 ταῖς
3085 5366 3346 5440 ἱστορίαις

1770 5453 1798 5503 ὁ
1833 5450 2021 5513 πιστὸς
2061 5451 2292 5522 Κλήμης
2328 5452 2432 5504 ὑπὸ
2467 5451 2680 5505 Παύλου
2731 5454 3196 5526 μαρτυρούμενος.
3227 5478 3247 5512 ι
3281 5460 3348 5517 Et

1772 5543 1888 5598 haec
1914 5544 2162 5600 evenisse
2189 5544 2429 5598 admittit
2456 5560 2562 5598 non
2595 5546 2711 5599 sine
2741 5562 2908 5600 causa
2935 5547 3179 5605 historiis
3205 5552 3344 5620 (non

1774 5635 2093 5706 Scriptnris,
2123 5644 2181 5689 ut
2209 5635 2347 5689 male
2371 5636 2658 5706 interpres)
2689 5636 2915 5692 credens
2941 5638 3194 5697 Clemens
3217 5643 3348 5706 ﬁde-

1773 5728 1860 5786 lis.
1894 5748 1911 5779 ι
1953 5726 2130 5782 Locus
2154 5727 2450 5783 Clementis
2478 5741 2638 5796 quem
2667 5728 2905 5796 respexit
2935 5726 3219 5800 Origenes,
3259 5734 3348 5790 hic

1771 5830 1856 5876 est
1900 5837 1910 5872 ε
1969 5822 2084 5874 Ἵνα
2127 5819 2183 5872 δὲ
2231 5819 2325 5883 καὶ
2366 5818 2738 5889 ὑποδείγματα
2783 5818 2956 5876 ἐθνῶν
3001 5821 3340 5894 ὲνέγκωμενο

3036 5913 3110 5975 15
