3768 6358
393 346 499 404 459

1440 337 1510 393 8.
1552 331 1900 393 IGNATIUS.
1941 364 2004 375 —-
2042 328 2575 389 PROLECOMENA.

3554 329 3639 386 46f

393 468 586 522 Πολλοὶ
630 465 869 537 βασιλεῖς
920 462 1010 516 καὶ
1058 461 1347 533 ἡγούμενοι
1402 457 1649 529 λοιμικοῦ
1696 473 1840 519 τινος
1895 457 1928 507 ἐπ

2084 453 2380 509 Suetonius
2401 453 2469 507 de
2490 450 2771 522 Caligula:
2803 468 2822 502 ι
2855 449 2923 505 Ut
2946 464 3073 505 vero
3099 448 3157 505 in
3186 450 3481 505 adversam
3505 451 3645 505 vale.

395 560 616 622 στάντος
634 555 848 628 καιροῦ,
865 553 1390 626 χρησμοδοτηθέντες
1407 549 1728 621 παρέδωκαν
1750 547 1974 611 ἑαυτοὺς

395 651 475 715 είς
524 650 751 705 θάνατον
787 648 874 701 ἵνα
919 645 1189 718 ρύσωνται
1222 643 1311 696 διὰ
1356 641 1449 694 τοῦ
1493 639 1701 693 ἑαυτῶν
1746 639 1974 709 αἳματος

395 746 522 809 τοὺς
558 743 798 805 πολίτας.
833 760 851 791 ι
879 738 953 794 Ut
995 748 1176 794 autem
1208 735 1453 806 exempla
1487 734 1726 805 gentium
1756 732 1809 786 in
1855 747 1972 786 me-

396 834 545 887 dium
595 831 978 903 proferamus,
1034 828 1190 882 multi
1234 842 1389 896 reges
1446 834 1499 880 ct
1535 824 1971 894 gubernatores,

394 930 681 993 grassante
704 920 963 991 pestifera
984 919 1072 973 lue
1092 919 1319 972 oraculo
1341 915 1558 981 moniti,
1574 915 1736 969 morti
1763 912 1975 984 seipsos

394 1014 777 1080 tradiderunt,
831 1022 890 1067 ut
927 1027 1029 1067 suo
1095 1010 1362 1081 sanguine
1405 1010 1555 1065 cives
1600 1008 1912 1062 liberarent.
1949 1026 1968 1058 ι

395 1104 518 1160 llaec
560 1105 735 1159 obiter
771 1103 997 1167 adduxi,
1042 1103 1187 1172 quod
1213 1117 1276 1155 ea
1323 1116 1422 1155 nec
1455 1116 1484 1154 a
1530 1100 1826 1155 Clementis
1873 1114 1974 1154 nec

391 1197 461 1252 ab
488 1196 742 1266 Origenis
787 1195 1093 1250 editoribus
1126 1195 1391 1248 hactenus
1414 1192 1703 1247 observata
1737 1205 1859 1246 esse
1890 1191 1972 1243 vi-

390 1290 591 1345 derim.
638 1286 992 1359 Progretlitur
1034 1295 1215 1341 autem
1263 1284 1568 1355 Origenes:
1600 1284 1662 1337 Εἰ
1695 1281 1804 1354 γὰρ
1846 1283 1971 1336 τάδε

396 1383 494 1452 μὲν
520 1381 625 1435 ὑπὸ
660 1379 929 1449 Ἐλλήνων
970 1378 1030 1429 οὐ
1071 1377 1247 1448 μάτην
1274 1375 1574 1445 ἱστόρηται,
1611 1371 1680 1425 τὰ
1713 1372 1769 1425 δὲ
1794 1371 1971 1433 καλῶς

392 1475 520 1546 περὶ
562 1471 672 1526 τῶν
709 1469 1002 1543 μαρτύρων
1047 1468 1298 1540 εἴρηται,
1334 1464 1831 1538 περικαθαρμάτων
1876 1462 1971 1516 τοῦ

388 1566 595 1637 κόσμου
631 1563 937 1634 γενομένων
978 1561 1074 1613 καὶ
1107 1560 1323 1614 πάντων
1347 1558 1632 1630 περίψημα
1668 1557 1972 1629 λεγομένων

388 1656 478 1709 διὰ
524 1647 697 1707 ταῦτα
735 1650 1047 1707 ἀποστόλων
1076 1688 1091 1713 ,
1131 1650 1185 1702 τί
1220 1649 1557 1721 ὑποληπτέον
1603 1650 1697 1702 καὶ
1744 1648 1973 1719 πηλίκον

390 1750 521 1821 περὶ
566 1747 661 1800 τοῦ
706 1744 880 1816 ἀμνοῦ
926 1744 1021 1797 τοῦ
1072 1742 1207 1797 Θεοῦ
1254 1741 1342 1796 διὰ
1390 1742 1549 1795 τοῦτο
1591 1742 1851 1813 θυομένου
1885 1742 1972 1793 ἵνα

2077 546 2319 601 tudinem
2352 545 2565 612 incidit,
2600 543 3051 614 pernoctantibus
3075 542 3292 598 cunctis
3329 544 3480 598 circa
3514 544 3653 612 pala-

2076 637 2235 703 tium,
2269 652 2376 690 non
2405 634 2697 690 defuerunt
2724 634 2817 704 qui
2844 633 3252 703 depugnaturos
3277 647 3338 689 se
3369 633 3547 687 armis
3567 649 3654 702 pro

2077 727 2253 782 salute
2299 726 2429 797 aegri
2458 765 2473 791 ,
2524 726 2730 795 quique
2794 725 2971 794 capita
3017 740 3114 779 sua
3162 724 3325 779 titulo
3380 725 3656 793 proposito

2076 832 2365 879 voverunt.
2392 843 2411 875 ι
2436 821 2503 877 Hi
2552 837 2582 877 a
2616 822 2821 877 Grecis
2856 821 3138 891 ἀντίψυχοι
3169 821 3523 876 dicebantur.
3568 817 3658 873 Dio

2076 918 2295 972 lih.th:
2320 916 2589 980 Πούπλιος
2618 916 2674 969 δέ
2711 914 2999 988 Ἀφράνιος
3040 916 3283 978 Ποτῖτος,
3330 914 3659 985 δημότηςτι

2076 1008 2184 1073 ὢν,
2208 1011 2301 1064 καὶ
2336 1010 2440 1063 ὑπὸ
2486 1010 2675 1081 μωρᾶς
2717 1008 3037 1073 κολακείας,
3066 1008 3125 1061 οὐ
3154 1007 3313 1079 μόνον
3356 1006 3660 1076 ἐθελοντὴς,

2076 1103 2212 1160 ἀλλὰ
2259 1105 2352 1158 καὶ
2392 1103 2631 1176 ἔνορκος,
2676 1102 2741 1156 ἄν
2764 1118 2825 1170 γε
2852 1102 2879 1155 ὁ
2904 1101 3064 1165 Γάϊος
3098 1099 3275 1170 σωθῇ,
3309 1100 3662 1169 τελευτήσειν

2077 1195 2465 1267 ὑποσχόμενος,
2506 1194 2745 1257 Ἀτάνιός
2777 1192 2838 1246 τέ
2880 1210 2967 1257 τις
3005 1192 3323 1257 Σεκοῦνδος,
3365 1193 3575 1256 ἱππεύς
3607 1210 3661 1246 τε

2075 1287 2181 1351 ὢν,
2241 1289 2335 1342 καὶ
2385 1288 2786 1359 μονομαχήσειν
2830 1286 3295 1356 ἐπαγγειλάμενος
3322 1326 3339 1349 ,
3387 1287 3519 1341 ἀντὶ
3562 1286 3661 1338 τῶν

2075 1380 2372 1451 χρημάτων
2415 1378 2450 1433 ἃ
2485 1378 2711 1450 ἤλπιζον
2743 1381 2873 1450 παρ’
2899 1378 3063 1432 αὐτοῦ
3085 1418 3100 1442 ,
3128 1381 3203 1443 ὡς
3233 1378 3331 1431 καὶ
3378 1378 3658 1448 ἀντίψυχα

2074 1472 2122 1524 οἱ
2151 1470 2439 1525 ἀποθανεῖν
2463 1470 2814 1542 ἐθελήσαντες
2836 1510 2851 1535 ,
2876 1470 3141 1543 λήψεσθαι
3166 1510 3182 1535 ,
3216 1470 3529 1526 ἀποδοῦναι
3573 1473 3659 1543 τὴν

2075 1562 2367 1634 ὑπόσχεσιν
2427 1563 2854 1636 ἠναγκάσθησαν
2880 1604 2895 1628 ,
2960 1563 3046 1617 ἵνα
3106 1564 3180 1636 μὴ
3258 1566 3657 1636 ἐπιορκήσωσι.

2080 1672 2101 1707 ς
2136 1654 2197 1710 P.
2232 1654 2491 1711 Afranius
2518 1653 2732 1711 Potitus
2757 1697 2773 1722 ,
2814 1656 3058 1725 plebeius
3099 1656 3303 1721 homo,
3347 1656 3449 1725 Qui
3504 1656 3657 1711 stulta

2077 1746 2390 1801 adulatione
2437 1746 2727 1813 inductus,
2758 1762 2868 1802 non
2915 1747 3079 1803 modo
3116 1748 3329 1811 volens,
3362 1748 3465 1804 sed
3502 1749 3656 1803 etiam

388 1842 498 1913 ἄρῃ
518 1839 813 1910 ἁμαρτίαν,
837 1838 935 1891 οὐκ
953 1836 1167 1904 ὀλίγων,
1188 1833 1299 1888 ἀλλ’
1326 1834 1446 1888 ὅλου
1470 1834 1563 1887 τοῦ
1585 1833 1810 1904 κόσμου,
1832 1833 1928 1887 ὑπὲ

2084 1838 2430 1908 jurejurando
2463 1854 2523 1894 se
2553 1839 2944 1906 obstrinxerat,
2964 1840 3072 1894 vita
3100 1855 3391 1896 cessurum
3418 1840 3469 1896 si
3497 1840 3656 1896 Caius

388 1931 449 1989 οὗ
483 1936 577 1988 καὶ
622 1932 892 1990 tremes;
944 1949 961 1982 ι
999 1929 1057 1984 Si
1104 1930 1251 1986 enim
1284 1929 1401 1983 lucc
1457 1944 1488 1982 a
1524 1928 1778 1998 gentibus
1824 1926 1970 1983 haud

389 2025 593 2082 frustra
626 2023 875 2079 historiis
901 2021 1158 2077 mandata
1198 2030 1347 2085 sunt,
1382 2020 1474 2075 illa
1505 2028 1685 2074 autem
1716 2029 1865 2075 recte
1903 2018 1973 2075 de

386 2116 725 2187 martyribus
748 2114 897 2171 dicta
925 2120 1075 2181 sunt,
1106 2129 1232 2169 cum
1267 2113 1500 2184 apostoli
1543 2113 1751 2169 fuerint
1781 2110 1971 2169 mundi

386 2218 747 2281 purgamenta
800 2216 855 2263 et
900 2208 971 2263 ob
1021 2206 1165 2262 hanc
1212 2221 1437 2262 causam
1482 2206 1615 2262 dicti
1658 2206 1764 2262 sint
1816 2207 1972 2280 περί-

384 2301 577 2373 ψημα,
611 2299 743 2371 quid
784 2308 840 2353 et
885 2307 1151 2369 quantum
1195 2299 1540 2354 sentiendum
1584 2306 1670 2355 est
1714 2298 1782 2354 de
1814 2299 1971 2371 Agno

387 2392 501 2455 Dei,
532 2393 626 2462 qui
649 2391 720 2446 oh
749 2392 891 2445 hanc
914 2404 1142 2445 causam
1174 2389 1518 2445 sacrificatus
1544 2398 1649 2455 est,
1675 2397 1735 2443 ut
1760 2389 1973 2445 tolleret

386 2490 697 2551 peccatum,
730 2496 838 2536 non
873 2495 1174 2550 paucorum
1197 2521 1212 2547 ,
1252 2480 1345 2535 sed
1391 2482 1558 2537 totius
1610 2480 1839 2544 mundi,
1871 2494 1971 2551 pro

388 2588 500 2647 quo
550 2582 604 2628 et
631 2588 829 2643 passus
874 2573 998 2628 est?
1025 2591 1044 2626 ι
1080 2570 1187 2627 Ubi
1235 2571 1524 2643 περίψημα
1571 2570 1763 2626 eodem
1808 2572 1970 2626 modo

388 2668 592 2732 sumit,
626 2682 737 2737 quo
770 2666 862 2720 alii
899 2666 1211 2736 ἀντίψυχον.
1249 2664 1317 2721 Ut
1360 2665 1697 2737 llesychius,
1723 2663 1967 2736 Περίψη-

390 2777 489 2832 μα,
516 2758 1015 2832 περικατάμαγμα,
1052 2758 1364 2831 ἀντίλυτρα,
1404 2757 1691 2829 ἀντίψυχα.
1718 2756 1794 2813 lta
1836 2757 1969 2812 Dio-

388 2853 579 2923 nysius
628 2851 1036 2905 Alexandrinus
1090 2850 1415 2923 episcopus,
1460 2851 1528 2905 de
1575 2848 1724 2921 gravi
1777 2859 1966 2919 peste:

387 2948 498 3000 Καὶ
550 2944 736 2999 πολλοὶ
768 2946 1239 3017 νοσοκομήσαντες
1290 2946 1383 2999 καὶ
1426 2943 1698 3017 ρώσαντες
1751 2944 1969 3015 ἐτέρους

386 3036 743 3109 ἐτελεύτησαν
776 3038 950 3101 αὐτοὶ,
984 3038 1076 3091 τὸν
1109 3037 1333 3092 ἐκείνων
1367 3036 1596 3091 θάνατον
1628 3038 1710 3100 είς
1743 3037 1968 3102 ἑαυτοὺς

392 3132 861 3203 μεταστησάμενοι
880 3170 895 3194 ,
935 3130 1029 3183 καὶ
1060 3128 1122 3182 τὸ
1169 3127 1416 3201 δημῶδες
1444 3129 1593 3200 ῥῆμα
1614 3166 1629 3190 ,
1682 3128 1849 3199 μόνης
1879 3128 1966 3182 ἀεὶ

2073 1931 2468 1997 revalesceret;
2495 1939 2549 1986 et
2579 1931 2813 1987 Atanius
2848 1930 3134 1988 Secundus
3165 1948 3360 2002 eques,
3396 1932 3500 2002 qui
3534 1947 3631 2003 pro

2073 2020 2299 2076 miserat
2327 2036 2385 2075 se
2430 2020 2770 2091 gladiatoriis
2797 2020 2942 2075 ludis
2984 2021 3433 2092 depugnaturum
3455 2063 3471 2088 ,
3501 2023 3657 2077 ambo

2073 2127 2169 2183 spe
2199 2112 2446 2183 pecunia:
2477 2127 2509 2168 a
2556 2111 2691 2167 Caio
2737 2113 3110 2184 accipiendae,
3158 2113 3305 2183 quod
3359 2116 3469 2182 (ut
3512 2114 3644 2169 ἀντὶ

2070 2201 2268 2273 ψυχοι)
2294 2203 2456 2257 vitam
2486 2217 2584 2273 pro
2603 2202 2725 2272 ejus
2759 2203 2944 2258 anima
2975 2203 3107 2257 dare
3135 2203 3435 2269 voluerint,
3485 2216 3640 2259 coact

2073 2302 2203 2347 sunt
2232 2294 2566 2362 promissum
2598 2294 2929 2363 persolvere,
2960 2307 3029 2347 ne
3054 2293 3280 2364 perjurii
3307 2295 3387 2350 rei
3410 2306 3649 2351 esseuL.

2072 2387 2154 2441 Ita
2216 2383 2274 2440 S.
2327 2383 2757 2456 Chrysostomus
2813 2385 3042 2442 homilia
3071 2386 3105 2441 6
3148 2387 3218 2441 ad
3252 2385 3615 2443 Catonem
3640 2427 3653 2441 .

2070 2492 2352 2549 opponens
2397 2478 2673 2534 hominem
2722 2480 2995 2549 baptismo
3035 2488 3357 2535 renovatum
3411 2482 3645 2551 primum

2072 2581 2298 2628 creato:
2330 2571 2630 2627 Πλάττεται
2673 2572 2734 2625 ἐν
2775 2570 2853 2643 τῷ
2880 2570 3066 2637 ὕδατι,
3107 2570 3372 2643 λαμϐάνει
3400 2572 3464 2625 δὲ
3508 2573 3641 2627 ἀντί

2070 2664 2240 2735 ψυχον
2267 2663 2504 2735 πνεῦμα.
2557 2682 2576 2715 ι
2604 2663 2896 2719 Formatur
2927 2665 2983 2719 in
3013 2679 3154 2735 aqua
3173 2704 3191 2728 ,
3236 2665 3440 2735 accipit
3469 2676 3645 2720 auten

2069 2769 2172 2825 pro
2218 2756 2403 2811 anima
2450 2756 2726 2826 spiritum.
2757 2774 2777 2808 ι
2824 2754 2972 2812 Idem
3019 2766 3205 2811 contra
3255 2755 3481 2811 Iudicas
3530 2774 3631 2811 ora

2071 2848 2219 2903 tione
2268 2847 2338 2903 5:
2390 2846 2622 2902 Δύναται
2667 2846 2926 2912 πολλάκις
2973 2847 3072 2920 μία
3123 2848 3453 2920 κερδηθεῖσα
3504 2850 3645 2921 ψυχαὶ

2073 2939 2283 3013 μυρίων
2324 2938 2487 3008 ὄγκον
2513 2941 2923 3013 ἁμαρτημάτων
2962 2940 3245 3011 ἀφανίσαι,
3271 2941 3371 2993 καὶ
3398 2942 3653 3010 γενέσθα.

2069 3032 2201 3104 ἡμῖν
2227 3030 2523 3102 ἀντίψυχον
2562 3032 2620 3084 ἐν
2658 3030 2844 3103 ἐκείνῃ
2893 3033 2959 3102 τῇ
3000 3030 3206 3104 ἡμέρᾳ.
3246 3049 3265 3084 ι
3305 3028 3426 3086 Una
3469 3033 3623 3086 anim

2069 3120 2356 3176 lucrifacta
2382 3128 2564 3191 potest
2582 3120 2880 3175 multorum
2897 3134 3039 3177 onus
3062 3129 3415 3191 peccatorum
3440 3121 3660 3187 tollere,

384 3193 577 3276 δοκοῦν
587 3193 743 3291 φίλοξρ
752 3221 979 3293 ροσύνης
990 3193 1232 3292 ἔχεσθαι,
1241 3193 1390 3295 ἐργῳ
1402 3193 1465 3291 δὴ
1480 3193 1602 3273 τότε
1617 3193 1721 3290 πλη
1729 3193 1928 3290 ροθντες

2084 3221 2129 3268 et
2158 3214 2317 3269 nobis
2364 3214 2417 3267 in
2454 3214 2549 3268 illo
2592 3214 2681 3268 die
2728 3227 2828 3283 pro
2874 3212 3186 3283 expiatione
3237 3226 3381 3269 esse.
3418 3229 3443 3267 ι
3489 3213 3658 3268 Aliud

386 3314 640 3378 ἀπιόντες
705 3314 881 3367 αὐτῶν
933 3313 1241 3386 περίψημα.
1286 3331 1307 3366 ι
1358 3312 1618 3383 Multique
1688 3312 1780 3381 qui
1832 3312 1928 3367 alic

2084 3306 2236 3378 igitur
2267 3306 2540 3377 ίσόψυχον,
2566 3307 2712 3378 quod
2731 3321 2796 3362 ex
2823 3303 2966 3360 LXX
2990 3305 3381 3377 [interpretibus
3414 3309 3665 3378 sumpsit

387 3415 712 3477 aegrotantes
741 3412 1088 3471 curaverant,
1117 3411 1173 3459 et
1200 3404 1256 3458 in
1281 3403 1571 3474 pristinam
1601 3403 1969 3458 valetudinem
2073 3400 2130 3456 S.
2160 3400 2364 3456 Paulus
2390 3419 2405 3455 :
2438 3400 2586 3455 aliud
2633 3399 2950 3470 ἀντίψυχον,
2981 3399 3130 3469 quod
3160 3399 3461 3469 Apostolus
3510 3414 3663 3453 nun-

386 3497 774 3562 restituerant,
814 3495 918 3566 ipsi
966 3494 1326 3562 interierunt,
1376 3503 1606 3549 mortem
1646 3493 1865 3548 illorum
1914 3493 1971 3547 in

388 3589 604 3658 seipsos
651 3586 1070 3642 transducentes
1095 3626 1111 3653 ,
1147 3585 1470 3656 dictumque
1526 3585 1658 3640 illud
1704 3585 1969 3655 vulgare,

384 3679 534 3749 quod
562 3678 816 3734 olliciosa:
857 3679 1130 3732 duntaxat
1164 3679 1439 3733 comitatis
1483 3679 1748 3732 hactenus
1789 3676 1968 3731 visum

386 3770 589 3837 fuerat,
628 3769 807 3839 reipsa
834 3777 965 3825 tunc
998 3770 1358 3839 adimplentes
1388 3785 1513 3825 cum
1560 3769 1778 3823 illorum
1819 3767 1966 3839 peri-

388 3877 576 3934 psema
647 3862 773 3916 facti
824 3877 891 3918 ex
947 3864 1050 3917 hac
1096 3864 1205 3917 vita
1251 3863 1567 3932 migrarent.
1598 3881 1617 3914 ι
1662 3860 1779 3916 Non
1823 3860 1972 3931 quod

386 3955 686 4011 Christiani
710 3955 872 4025 vulgo
908 3972 938 4009 a
977 3956 1273 4025 gentilibus
1318 3956 1425 4011 hoc
1456 3956 1678 4010 nomine
1704 3970 1970 4009 vocaren—

392 4058 503 4114 tur,
535 4056 595 4102 ut
624 4046 845 4102 Valesio
871 4047 1081 4117 placet:
1111 4047 1242 4101 illud
1274 4047 1417 4101 enim
1443 4047 1628 4118 probri
1655 4055 1821 4113 esset,
1843 4061 1968 4102 cum

389 4141 497 4194 hoc
536 4139 929 4193 benevolentia:
955 4154 1050 4193 seu
1084 4138 1362 4194 comitatis
1397 4138 1621 4192 verbum
1656 4153 1779 4193 esse
1816 4138 1968 4193 dica-

390 4240 519 4285 tur:
553 4245 661 4284 non
686 4230 832 4301 quod
861 4231 1025 4301 vulgo
1056 4231 1125 4285 ab
1146 4230 1533 4285 Alexandrinis
1559 4238 1767 4284 tantum
1802 4245 1968 4285 usur-

389 4333 577 4395 patum
610 4323 683 4380 sit
712 4366 726 4389 ,
766 4323 858 4379 sed
892 4323 1037 4394 quod
1060 4324 1339 4395 vulgatum
1371 4332 1425 4377 et
1460 4323 1720 4393 populare
1741 4337 1968 4393 prover-

389 4415 541 4469 bium
572 4413 758 4479 fuerit,
788 4425 841 4468 ut
870 4423 1020 4485 patet
1040 4430 1107 4470 ex
1133 4414 1297 4470 Suida
1322 4424 1375 4470 et
1405 4414 1668 4471 Michaele
1695 4415 1963 4485 apostolo.

2070 3508 2235 3572 quam
2268 3493 2574 3562 usurpavit,
2600 3508 2631 3547 a
2662 3491 2867 3549 Graacis
2908 3502 3093 3547 autem
3121 3492 3284 3562 vulgo
3324 3501 3661 3562 usurpatum

2069 3593 2154 3641 est
2181 3603 2195 3649 ;
2226 3585 2375 3640 nulla
2409 3585 2576 3655 igitur
2611 3584 2702 3641 hic
2735 3583 3069 3656 κακοζηλία,
3104 3599 3173 3639 ne
3204 3583 3437 3655 quidem
3465 3583 3661 3637 imita-

2071 3679 2167 3733 tio.
2200 3676 2429 3748 Reliqua
2453 3694 2575 3749 quaa
2595 3693 2662 3732 ex
2680 3678 2938 3748 Apostolo
2967 3678 3022 3731 in
3050 3677 3299 3731 eamdem
3325 3675 3503 3731 ferme
3530 3692 3662 3732 sen-

2072 3772 2297 3825 tentiam
2331 3769 2663 3837 aﬂeruntur,
2691 3768 2761 3826 ad
2811 3768 3141 3840 κακοζηλίαν
3184 3768 3351 3835 nihil,
3399 3769 3471 3824 ad
3502 3769 3664 3823 locu-

2070 3862 2278 3917 tionem
2309 3861 2646 3933 lgnatianam
2673 3860 3105 3917 confirmandam
3130 3860 3337 3931 aliquid
3365 3861 3585 3917 valent.

2141 3953 2332 4024 Capite
2358 3954 2430 4010 29
2449 3996 2463 4022 ,
2503 3954 2835 4027 κακοζηλίας
2863 3964 3245 4025 argumentum
3276 3953 3661 4025 persequitur,

2069 4055 2152 4114 et,
2202 4047 2249 4102 si
2298 4046 2416 4102 ﬁeri
2444 4048 2656 4118 possit,
2711 4046 3007 4103 infelicius.
3044 4065 3063 4098 ι
3114 4046 3376 4111 Dixerat,
3436 4047 3661 4118 inquit,

2073 4138 2131 4195 S.
2163 4138 2366 4195 Paulus
2396 4155 2457 4195 se
2482 4139 2762 4210 ἐλάχιστον
2782 4138 2893 4194 τῶν
2914 4138 3247 4202 ἀποστόλων,
3282 4148 3337 4194 et
3367 4138 3661 4210 ἐλαχιστο-

2067 4250 2226 4305 τερον
2261 4233 2479 4287 πάντων
2509 4234 2703 4303 ἁγίων,
2739 4234 2905 4289 semel
2970 4234 3181 4297 scilicet
3219 4243 3384 4304 atque
3428 4234 3659 4301 iterum.

2069 4325 2267 4382 Noster
2299 4341 2437 4397 pene
2469 4341 2659 4382 omnes
2689 4326 2951 4396 epistolas
2989 4326 3077 4381 bis
3111 4333 3167 4381 et
3202 4326 3481 4382 similibus
3500 4328 3666 4382 voci-

2068 4416 2172 4473 bus
2214 4417 2458 4487 replevit.
2492 4435 2511 4469 »
2547 4417 2617 4471 At
2667 4418 2773 4472 hoc
2811 4426 2998 4488 aperte
3044 4417 3239 4473 falsum
3298 4427 3405 4474 est.
3463 4417 3665 4491 Neque

386 4506 509 4563 Non
550 4507 724 4580 magis
752 4506 919 4579 igitur
952 4507 1249 4564 unauincm
1275 4523 1334 4563 se
1369 4508 1505 4561 dixit
1534 4506 1799 4577 lgnatius,
1841 4522 1963 4561 cum
1998 4532 2042 4588 ι)
2069 4508 2215 4563 enim
2254 4509 2359 4576 his,
2392 4525 2569 4580 neque
2597 4509 2871 4566 similibus
2906 4510 3134 4567 vocibus
3163 4510 3431 4581 epistolas
3458 4512 3665 4583 impleo

386 4599 699 4670 ἀντίψυχον,
723 4615 887 4670 quam
919 4615 1041 4655 cum
1074 4599 1361 4673 περίψημα
1388 4614 1447 4656 se
1476 4598 1631 4656 dixit.
1660 4597 1822 4655 Aliud
1848 4612 1967 4653 om-

390 4692 524 4744 nino
557 4689 763 4746 Grazcis
811 4691 927 4746 haec
966 4707 1067 4745 vox
1105 4702 1284 4747 sonat.
1316 4691 1473 4747 Certe
1518 4692 1806 4747 unanimes
1856 4705 1965 4746 non

389 4779 615 4837 fuerunt
639 4781 944 4837 Memnonis
968 4797 1117 4849 aves,
1140 4783 1206 4838 de
1228 4784 1427 4853 quibus
1442 4781 1775 4853 Hesychius:
1796 4782 1967 4836 Ἀντί-

384 4874 581 4948 ψυχοι,
614 4874 755 4927 οὕτω
800 4874 1087 4928 καλοῦνται
1119 4876 1167 4927 οί
1210 4875 1491 4945 Μέμνονος
1540 4874 1784 4947 ὄρνιθες·
1838 4875 1963 4939 illae,

387 4965 618 5031 scilicet,
650 4966 717 5019 de
747 4966 949 5035 quibus
984 4964 1209 5021 Ovidius
1242 4966 1460 5022 Metam.
1496 4967 1593 5022 lib.
1628 4984 1724 5022 xm
1751 4986 1764 5022 :

463 5119 598 5190 Tum
624 5119 729 5173 duo
753 5121 960 5174 diversa
986 5120 1164 5189 populi
1187 5120 1250 5173 de
1272 5129 1421 5190 parte
1449 5121 1645 5190 feroces

460 5189 612 5260 ljclla
633 5200 840 5260 gerunt,
865 5191 1152 5260 rostrisque
1171 5199 1221 5243 et
1249 5192 1471 5244 aduncis
1499 5192 1759 5260 unguibus
1782 5192 1891 5245 iras

459 5259 740 5331 Exercent,
770 5261 988 5331 alasque
1019 5259 1342 5331 adversaque
1365 5259 1586 5329 pectora
1609 5260 1855 5326 lassant;

460 5328 778 5455 {:nferiwque
807 5328 1005 5386 cadunt
1040 5330 1205 5384 cineri
1232 5328 1457 5400 cognata
1487 5330 1694 5399 sepulto

504 5417 717 5455 oraora.

504 5417 717 5470 orpora.

462 5529 540 5586 Ita
608 5533 751 5604 apud
817 5532 1119 5591 Lucianum
1178 5535 1435 5606 χρήματα
1488 5536 1754 5609 ἀντίψυχα
1827 5536 1965 5591 διδό-

390 5639 478 5680 ναι
510 5634 591 5679 est
616 5626 899 5696 pecuniam
939 5643 1038 5697 pro
1082 5627 1263 5681 anima
1288 5666 1304 5691 ,
1345 5626 1399 5681 id
1427 5636 1511 5683 est
1537 5643 1637 5698 pro
1674 5631 1781 5682 vita
1814 5628 1963 5682 redi-

389 5714 588 5772 menda
638 5715 789 5770 dare.
835 5715 950 5771 Mos
1000 5717 1163 5771 etiam
1194 5725 1312 5770 erat
1368 5717 1513 5787 apud
1566 5715 1868 5779 Romanos,
1903 5724 1963 5769 ttt

378 5807 562 5887 [aliqui
580 5821 680 5879 pro
710 5806 885 5866 salute
918 5807 1261 5881 imperatoris
1292 5809 1456 5867 morti
1495 5824 1556 5871 se
1603 5809 1955 5868 devoverent.

1542 5914 1713 5925 ,τήνου-Α-.

1938 5910 2035 5922 --φ

2069 4600 2167 4657 vit.
2217 4599 2315 4658 His
2366 4602 2596 4658 vocibus
2627 4601 2938 4674 ἐλάχιστος,
2973 4611 3029 4658 et
3066 4601 3484 4674 ἐλαχιστότερος
3514 4620 3650 4660 nus-

2066 4708 2235 4763 quam
2291 4708 2428 4749 usus
2477 4702 2560 4749 est
2610 4692 2891 4765 lgnatius;
2940 4709 3011 4749 ne
3071 4694 3239 4750 semel
3291 4694 3521 4765 quidem
3583 4696 3661 4749 ita

2066 4784 2330 4855 loquitur.
2359 4783 2536 4840 Simili
2590 4799 2722 4841 voce
2743 4825 2758 4851 ,
2792 4786 2839 4841 si
2887 4794 2944 4841 et
2968 4785 3059 4841 illa
3110 4785 3307 4841 similis
3335 4788 3435 4853 sit,
3481 4790 3663 4844 semel

2069 4889 2279 4935 tantum
2327 4881 2537 4944 utitur,
2580 4881 2656 4945 ὡς
2704 4881 3023 4953 μικρότερος
3069 4878 3258 4951 ὑμῶν,
3292 4879 3533 4949 epistola
3590 4882 3665 4936 ad

2066 4972 2410 5044 Magnesios,
2462 4988 2694 5042 eamque
2741 4987 2929 5029 vocem
2964 4989 3072 5029 non
3114 4990 3181 5029 ex
3211 4972 3270 5028 S.
3302 4971 3520 5041 Paulo,
3560 4978 3662 5031 sed

2065 5068 2150 5122 vel
2176 5066 2236 5125 S.
2265 5066 2542 5132 Mattbazo,
2568 5068 2651 5121 vel
2682 5065 2741 5121 S.
2762 5065 2909 5122 Luca
2939 5066 3160 5121 haurire
3191 5067 3388 5138 potuit.
3418 5066 3665 5140 Reliqua

2066 5157 2250 5212 omnia
2274 5172 2399 5227 qua:
2424 5172 2489 5211 ex
2528 5156 2741 5228 Ignatio
2766 5157 2919 5225 citat,
2952 5156 3019 5213 ad
3053 5158 3161 5213 alia
3190 5159 3431 5227 apostoli
3459 5165 3663 5227 verba.

2066 5259 2161 5303 aut
2191 5250 2297 5304 alia
2328 5250 2493 5305 etiam
2526 5250 2646 5305 loca
2676 5251 2969 5320 pertinent,
2996 5260 3093 5306 aut
3136 5252 3202 5306 ad
3241 5250 3493 5308 Paulina:
3531 5270 3667 5309 mo-

2064 5339 2254 5394 destiae
2278 5339 2639 5395 imitationem
2662 5340 2855 5395 referri
2880 5342 3107 5396 omnino
3130 5356 3237 5396 non
3263 5352 3523 5411 possunt.
3539 5346 3667 5398 οὐκ

2064 5430 2212 5497 ἀξιον
2246 5432 2527 5486 καλεῖσθαι
2555 5441 2609 5487 et
2654 5432 2908 5501 λέγεσθαι
2941 5449 2999 5488 se
3026 5432 3195 5500 dixit,
3225 5442 3290 5488 ut
3325 5435 3663 5503 Apostolus,

2063 5524 2163 5576 οὑκ
2212 5524 2394 5587 ἱκανὸς
2444 5524 2726 5577 καλεῖσθαι
2782 5524 3119 5590 Ἀπόστολος.
3172 5524 3279 5581 Sed
3323 5527 3501 5581 multo
3565 5528 3671 5585 hic

2065 5614 2298 5669 Dallzeus
2328 5616 2718 5685 interpolatore
2764 5618 3012 5688 sagacior
3033 5658 3050 5686 ,
3082 5617 3178 5689 qui
3232 5617 3372 5671 nihil
3400 5618 3670 5675 animad—

2063 5711 2227 5766 vertit
2260 5711 2390 5766 hine
2415 5710 2626 5781 lgnatio
2669 5712 2920 5781 periculi,
2956 5711 3191 5782 ideoque
3231 5726 3355 5781 pro,
3390 5710 3518 5764 ὅθεν
3552 5713 3669 5766 es:

2064 5804 2213 5873 ἄξιός
2264 5806 2380 5877 εἰμι
2412 5803 2730 5878 καλεῖσθαι,
2765 5806 2870 5865 ista
2922 5806 3196 5879 reposuit,
3232 5800 3302 5877 ἦς
3348 5804 3453 5858 οὐκ
3498 5804 3669 5873 ἄξιός
