3768 6388
126 439 201 494 46!
872 435 1233 493 PEARSONII
1269 436 1587 494 VlNDICl/E
1626 438 2044 497 IGNATIANIE.
2097 473 2162 481 —
2199 441 2379 498 PARS
2418 439 2482 495 11.
2626 486 2636 495 .
3200 448 3306 503 162

126 558 212 626 εἰμι
239 550 483 607 καλεῖσθαι
516 550 831 617 ἐπίσκοπος,
868 565 927 610 ut
954 557 1113 610 verba
1138 556 1416 626 lgnatiana
1455 559 1614 629 magis

1817 569 1942 613 mut.
1986 559 2059 613 De
2087 560 2674 633 ittscriptioneepigtolie
2705 559 2777 633 ad
2811 560 3089 633 Romanos
3117 562 3305 633 dispu-

125 652 316 707 Paulinis
336 650 650 719 respondere
672 651 1005 707 viderentur.
1026 654 1136 724 Οὐχ
1155 655 1229 717 ὡς
1251 652 1326 705 ὧν
1346 671 1450 717 τις,
1468 670 1613 710 seme

125 762 142 770 ,ι
164 753 315 770 ..Αμιηη
346 751 653 770 annui-“Aluum
698 753 744 770 ιιι
777 743 990 770 auiti“...
1023 744 1075 770 =n
1111 746 1331 770 --:-a..l-
1368 746 1431 770 ..Α
1460 745 1525 770 Π-
1542 745 1605 770 ι.-

1816 640 1958 683 tatur
1979 671 1994 693 ,
2048 639 2099 683 et
2130 632 2194 683 de
2241 631 2339 683 illa
2390 633 2457 683 ad
2517 629 3000 699 Pltiladelphenses.
3064 629 3304 689 Aliorum

1816 699 2041 769 exempla
2070 711 2247 753 nostro
2281 717 2382 754 non
2414 701 2677 770 ofﬁciunt.
2721 699 3039 769 Conjectura
3063 704 3126 757 de
3159 705 3304 757 mala

124 762 145 799 a
164 753 316 798 nostro
346 751 748 812 usurpatum,et
774 743 991 813 quidem
1023 744 1076 798 in
1108 746 1335 815 epistola
1366 746 1431 799 ad
1460 745 1612 816 pre

1816 743 2104 824 imita'tione
2144 771 2310 839 ipsius
2364 743 2567 841 Igriiztii
2609 772 2673 824 ab
2733 743 3015 839 imp'oswre
3058 775 3304 828 instituta

120 836 207 891 sies
234 836 376 903 (nam
407 833 494 887 illa
543 848 609 887 ex
643 835 869 903 epistola
912 835 979 890 ad
1005 835 1307 892 Tarsenses
1340 846 1394 891 et
1422 835 1632 907 Philip-
1804 840 2128 909 exploditur.
2162 833 2543 911 Argumentum
2584 858 2617 894 a
2648 833 3042 909 repetitionibus
3086 843 3305 898 ductum

121 940 279 995 penses
325 922 549 980 adducta
602 923 671 978 ad
726 925 970 981 lictorem
1018 931 1341 997 spectant),
1394 930 1606 996 apostol

1217 936 1265 982 nt
1286 931 1305 997 )
1325 969 1341 995 ,
1394 929 1630 996 apostoli
1803 910 1959 980 plane
1983 910 2369 980 frivolumesse
2390 912 2705 965 ostenditur.

120 1016 280 1069 nullam
312 1015 659 1071 imitationem
688 1017 928 1072 continet
954 1036 969 1082 ;
1004 1020 1097 1073 sed
1122 1020 1303 1089 potius
1332 1021 1632 1091 discipulos
1803 1023 1994 1094 Capite
2017 1024 2086 1078 50
2106 1025 2488 1093 inscriptiones
2505 1024 2857 1094 epistolarum
2881 1028 3121 1098 exagitat
3142 1027 3303 1099 quasi

120 1105 313 1161 Simonis
354 1108 703 1180 perstringit,
750 1110 844 1180 qui
889 1110 1029 1164 dixit
1083 1108 1220 1165 εἷναί
1272 1131 1392 1167 τινα
1439 1115 1608 1168 ἐαυτδε

1815 1116 2124 1186 ιείιιεειιιθε,
2151 1124 2205 1171 et
2225 1115 2278 1169 in
2314 1114 2398 1170 his
2429 1114 2759 1186 κακοζηλίαν
2781 1117 3148 1186 reprehendit.
3175 1117 3303 1171 lmi-

118 1198 271 1267 μέγαν,
319 1196 425 1252 Act.
454 1214 572 1261 vm,
604 1200 658 1263 9,
693 1208 755 1256 ut
804 1211 928 1257 ante
969 1201 1221 1259 Theudas
1269 1205 1441 1275 λέγων
1486 1203 1627 1262 εἶναι
1733 1206 1832 1260 tari
1855 1204 2120 1276 lgnatium
2154 1213 2403 1260 nostrum
2439 1204 2498 1259 S.
2531 1203 2687 1259 Pauli
2716 1204 3137 1275 inscriptiones,
3188 1220 3300 1260 non

114 1306 206 1341 τινα
230 1291 427 1355 ἑαυτόν,
475 1293 599 1347 Act.
631 1310 685 1357 v,
725 1295 815 1349 '55.
861 1293 999 1353 Illud
1046 1306 1226 1352 autem
1277 1300 1506 1369 cpistola
1559 1301 1627 1356 ad
1730 1297 1914 1351 minus
1941 1312 2106 1367 quam
2131 1296 2370 1366 reliquas
2392 1296 2748 1365 epistularum
2774 1297 3071 1365 particulas
3097 1297 3294 1361 fateor;

117 1380 339 1437 Romanos
368 1384 599 1456 ὴλέημαί
625 1404 709 1452 τις
740 1383 879 1442 εἶναι
902 1389 1013 1443 alio
1040 1398 1270 1460 spectat,
1303 1391 1368 1445 ad
1399 1392 1627 1461 gloriam
1728 1388 2039 1459 exemplum
2062 1387 2205 1443 enim
2245 1387 2427 1456 aptius
2466 1395 2564 1440 aut
2590 1386 2910 1456 praeclarius
2949 1388 3054 1442 sibi
3097 1403 3301 1458 propo-

113 1484 267 1540 nempe
289 1470 515 1527 futuram
539 1490 605 1530 ex
632 1479 918 1549 martyrio,
954 1488 1014 1533 ut
1042 1496 1105 1534 ex
1136 1482 1320 1537 verbis
1350 1482 1626 1552 adjunctis
1729 1495 1860 1534 nere
1889 1492 1997 1533 non
2022 1476 2237 1548 potuit;
2267 1477 2361 1531 sed
2385 1492 2637 1545 perverse
2659 1486 2755 1532 aut
2793 1476 3087 1533 infeliciter
3134 1478 3185 1533 id
3228 1484 3300 1532 ab

114 1571 258 1629 patet,
289 1563 373 1616 ἐὰν
413 1565 549 1618 Θεοῦ
597 1568 856 1639 ἐπιτύχω.
907 1569 984 1624 Eo
1010 1573 1230 1640 quidem
1275 1573 1397 1628 loco
1443 1584 1602 1644 aperti

1826 1572 2027 1627 factum
2079 1586 2204 1627 esse
2243 1585 2402 1640 nego.
2450 1588 2469 1621 ι
2502 1568 2820 1639 Apostolus,
2872 1570 3073 1640 inquit,
3130 1572 3298 1625 semel

112 1652 377 1722 Apostolum
403 1656 670 1724 imitatur,
705 1661 765 1714 οὐ
798 1662 908 1735 γάρ
943 1665 1057 1735 εἰμι
1091 1665 1259 1732 ἄξιος,
1293 1665 1368 1719 ὣν
1400 1666 1600 1739 Str-xeno

1810 1680 1893 1733 [ue
1920 1664 2116 1718 iterum
2150 1662 2204 1717 id
2242 1660 2464 1726 fecerat,
2484 1662 2722 1731 scriptor
2752 1669 2941 1716 noster
2962 1662 3017 1716 in
3040 1662 3298 1717 omnibus

112 1742 253 1796 αὐτῶν
280 1744 364 1797 καὶ
403 1746 662 1819 ἔκτρωμα
682 1790 698 1814 ,
735 1750 831 1804 sed
865 1753 1030 1807 verba
1073 1754 1194 1824 ejus
1226 1764 1435 1812 tantum
1464 1773 1600 1812 usur

1806 1772 1862 1811 ne
1899 1756 2166 1826 epistolis.
2190 1774 2209 1807 ι
2244 1755 2359 1810 Hoc
2403 1756 2580 1824 primo
2609 1753 2809 1809 falsum
2837 1762 2943 1819 est,
2973 1762 3027 1809 et
3072 1754 3294 1824 quidem

110 1844 207 1903 pat,
238 1836 332 1891 alio
378 1853 541 1893 sensu
580 1840 647 1893 de
680 1856 739 1896 se
770 1843 1001 1913 accipit,
1037 1845 1130 1916 qui
1164 1862 1277 1902 suae
1325 1849 1623 1904 conditioni
1660 1902 1700 1918 ﬁ
1725 1863 1792 1903 ex
1839 1857 2068 1917 utraque
2096 1856 2269 1918 parte.
2323 1845 2468 1902 Inter
2519 1846 2588 1900 14
2614 1846 2875 1916 epistolas
2904 1844 3167 1900 Paulinas
3202 1861 3297 1901 cas

112 1926 613 1984 convenientissimus
644 1927 765 1985 fuit.
803 1931 1103 2001 Apostolus
1135 1935 1203 1990 de
1253 1943 1496 2007 tempore
1528 1954 1625 1992 vo-
1661 1926 1701 1957 ⁰
1730 1938 1878 1995 solas
1908 1938 2108 1992 fatetur
2130 1954 2253 1995 esse
2276 1938 2672 2009 longiusculas,
2697 1953 2819 2008 quae
2844 1938 3060 2007 scriptae
3077 1946 3206 1993 sunt
3228 1937 3294 1991 ad

108 2014 299 2070 rationis
328 2016 599 2086 loquitur,
630 2017 915 2076 Christum
967 2023 1069 2078 sibi
1105 2024 1363 2097 ἔσχατον,
1399 2042 1496 2081 seu
1528 2043 1627 2098 po-
1729 2026 2005 2085 Romanos
2034 2038 2088 2084 et
2131 2031 2198 2085 ad
2233 2029 2440 2083 Titum.
2483 2030 2553 2085 At
2607 2029 2891 2099 inscriptio
2928 2028 3183 2099 Epistolze
3225 2029 3294 2084 ad

110 2111 272 2158 stremo
300 2104 415 2160 loco
446 2117 574 2177 post
606 2123 796 2164 omnes
825 2113 1105 2181 apostolos
1131 2124 1292 2185 atque
1322 2118 1485 2172 etiam
1511 2117 1626 2173 fra-
1727 2121 1946 2178 Galatas
1977 2122 2217 2194 quinque
2239 2123 2524 2177 versiculis
2553 2130 2835 2187 constans,
2884 2136 3006 2176 eam
3054 2136 3178 2191 qua:
3226 2120 3293 2175 ad

106 2200 192 2249 tres
216 2197 556 2267 apparuisse,
590 2216 649 2255 se
681 2201 827 2256 enim
860 2213 1015 2259 extra
1058 2214 1274 2277 tempus
1323 2209 1624 2281 legitimum
1726 2213 1908 2269 Titum
1936 2225 2039 2281 est,
2077 2215 2261 2286 potius
2287 2223 2529 2284 superat.
2570 2210 2760 2283 Neque
2791 2227 2921 2267 vero
2951 2212 3122 2267 multo
3168 2212 3292 2265 breo

107 2286 312 2343 obortum
337 2306 474 2358 esse,
503 2292 736 2364 ideoque
756 2296 978 2351 nomine
998 2296 1246 2367 Apostoli
1268 2300 1357 2354 vix
1377 2301 1623 2372 dignum,
1726 2307 1843 2362 vior
1873 2307 2044 2376 prima
2078 2305 2146 2361 ad
2172 2305 2489 2361 Corinthios
2514 2321 2531 2361 :
2558 2315 2706 2361 certe
2744 2304 2961 2374 longior
2989 2300 3292 2374 lgnatiana,

104 2379 217 2445 quod
253 2380 542 2440 Ecclesiam
580 2397 901 2456 persecutus
934 2389 1024 2444 sit.
1061 2388 1259 2446 Noster
1290 2408 1397 2447 non
1429 2393 1497 2449 de
1529 2409 1627 2448 νο-
1724 2399 1809 2454 vel
1847 2398 1914 2452 ad
1947 2397 2281 2469 Smyrnaos,
2330 2396 2419 2452 vel
2452 2395 2520 2452 ad
2546 2394 2926 2466 Polycarpum,
2953 2395 3037 2449 vel
3065 2395 3133 2449 ad
3182 2394 3293 2449 Ma-

104 2471 297 2562 catione,
328 2477 420 2532 sed
459 2478 533 2534 de
561 2481 1020 2539 condemnatione
1061 2486 1160 2540 Sua
1192 2485 1467 2558 loquitur,
1518 2504 1625 2559 qua
1712 2490 1955 2562 gneslos,
1981 2485 2069 2543 vel
2094 2488 2161 2542 ad
2195 2485 2493 2545 Trallesios
2516 2505 2532 2550 :
2559 2486 2786 2557 aequalis
2815 2486 2891 2541 illi
2915 2486 2981 2541 ad
3006 2484 3291 2557 Ephesios,

103 2560 153 2615 de
188 2566 369 2636 populo
416 2569 768 2628 Antiocheno
824 2575 1045 2632 excisus
1111 2576 1253 2645 fuit,
1299 2586 1354 2633 et
1403 2579 1626 2637 infimus
1712 2560 1835 2653 qua:
1858 2580 2090 2635 fortasse
2114 2579 2359 2635 omnium
2397 2579 2539 2649 apud
2569 2587 2815 2633 nostrum
2843 2577 3162 2648 longissima
3187 2589 3293 2633 est.

102 2665 255 2709 eorum
286 2656 477 2726 factus,
508 2662 580 2717 ab
609 2662 851 2721 Ecclesia
884 2674 1161 2723 extractus
1181 2707 1196 2732 ,
1235 2677 1290 2723 et
1321 2670 1388 2725 ad
1421 2672 1627 2742 suppli-
1785 2674 1891 2730 Sed
1921 2688 2177 2744 perverse
2226 2682 2408 2726 tamen
2436 2677 2491 2724 et
2511 2667 2804 2722 infeliciter
2850 2665 3085 2720 imitatio
3121 2665 3287 2719 insti-

102 2744 216 2801 cinm
244 2749 430 2809 ductus
462 2768 643 2824 neque
677 2755 1109 2813 misericordiam
1143 2760 1307 2815 aliam
1362 2776 1627 2819 consecu-
1713 2776 1828 2823 tuta
1852 2776 1971 2832 est;
2003 2765 2132 2836 quia
2160 2761 2547 2841 inscriptiones
2567 2772 2783 2824 omnes,
2802 2771 2941 2827 quas
2969 2770 3071 2813 nos
3096 2754 3286 2809 defen-

103 2844 186 2903 tus,
213 2856 363 2911 quam
395 2854 456 2900 ut
475 2862 579 2917 per
605 2849 927 2920 martyrium
961 2847 1072 2905 Deo
1104 2849 1209 2905 frui
1243 2861 1448 2922 posset.
1711 2859 1916 2925 dimus,
1946 2873 2052 2913 una
2079 2857 2148 2912 ad
2176 2850 2539 2926 Polycarpum
2561 2859 2808 2919 excepta,
2835 2856 2890 2904 et
2927 2847 3204 2903 laciniosa:
3229 2854 3287 2902 et

155 2930 218 2986 De
258 2938 467 2994 arcanis
515 2949 573 2995 et
604 2940 673 2995 de
701 2942 887 3013 pueris
915 2940 1029 3012 jam
1063 2952 1189 2999 ante
1219 2944 1480 3001 diximus.
1516 2946 1625 3002 Sed
1711 2950 2146 3022 impeditissima:
2187 2954 2336 3011 sunt,
2368 2943 2614 3015 quaedam
2669 2940 2835 2996 etiam
2889 2939 3049 3009 plane
3096 2937 3285 3009 prodi-

100 3026 213 3090 qnod
244 3028 365 3085 illud
401 3031 654 3103 Apostoli
679 3073 695 3098 ,
738 3034 946 3089 Donate
983 3035 1113 3088 mihi
1156 3036 1291 3090 hanc
1332 3037 1624 3107 injuriam,
1713 3043 1900 3114 giosaa.
1929 3041 2034 3094 Ain
2063 3054 2191 3095 vero
2249 3037 2659 3106 inscriptiones,
2704 3042 2900 3104 praeter
2951 3031 3170 3086 unicam
3215 3028 3285 3083 ad

101 3126 253 3176 nostro
294 3125 544 3195 objiciat,
593 3128 758 3199 idque
806 3138 1068 3200 tanquam
1100 3131 1436 3198 all‘ectatum,
1469 3142 1524 3189 et
1556 3137 1624 3189 ad
1714 3126 2935 3206 Polycarpum,laciniosasetimpeditissimas
2951 3119 3285 3179 essc?Certe

98 3218 323 3276 orationis
352 3238 637 3294 pompam,
670 3224 863 3279 miror.
897 3224 1190 3296 Gregorius
1221 3226 1615 3299 Nazianzenus,
1649 3242 1694 3303 α
1717 3225 2002 3296 inscriptio
2030 3225 2097 3280 ad
2134 3224 2445 3295 Smyrnaeos
2465 3220 2602 3278 satis
2624 3220 2876 3291 expedita
2898 3226 2983 3272 est
3003 3234 3017 3271 :
3037 3216 3106 3271 ab
3129 3214 3286 3269 initio

100 3310 380 3375 purissimus
405 3316 666 3385 scriptor,
693 3316 894 3386 sapius
924 3318 1112 3373 eadem
1148 3318 1321 3373 forma
1351 3336 1486 3375 usus
1519 3328 1623 3377 est.
1714 3317 1783 3373 ad
1814 3317 1978 3372 linem
2004 3314 2289 3385 aequaliter
2304 3313 2455 3378 ﬂuit;
2489 3311 2639 3365 nullo
2669 3308 2832 3364 modo
2857 3307 3039 3362 hiulca
3076 3315 3173 3360 aut
3202 3303 3287 3357 in-

97 3394 312 3458 Oratione
337 3404 410 3459 25
436 3423 449 3459 :
486 3407 554 3459 Εἰ
585 3406 643 3460 δὲ
674 3406 757 3461 ὅτι
788 3409 1215 3481 τυραννούμενος
1248 3409 1397 3482 φέρω
1419 3448 1435 3475 ,
1468 3409 1585 3464 τοῦτ

1794 3417 1959 3480 rupta
1989 3417 2104 3476 est;
2129 3407 2345 3479 singula
2368 3412 2550 3460 autem
2581 3403 2787 3473 optime
2808 3401 3106 3457 collati-ent.
3130 3396 3282 3464 Quo-

96 3488 232 3544 ἀδικῶ
252 3533 266 3558 ,
297 3497 596 3570 χαρίσασθέ
650 3516 739 3571 μοι
788 3500 885 3572 τὴν
917 3499 1127 3555 ἀδικίαν
1157 3500 1378 3571 ταύτην.
1418 3518 1437 3552 ι
1468 3499 1584 3568 Quo

1799 3518 1862 3557 ca
1898 3516 2004 3555 non
2028 3501 2210 3555 minus
2249 3499 2352 3554 ista
2376 3512 2540 3567 quam
2581 3494 2756 3565 ipsius
2805 3506 2993 3548 comes
3019 3490 3087 3544 ad
3120 3488 3284 3559 Poly-

95 3580 129 3633 εἰ
152 3596 409 3656 propterea
442 3591 703 3660 injuriam
740 3590 901 3659 facio,
926 3592 1055 3662 quia
1090 3592 1373 3664 tyrannide
1405 3607 1626 3661 pressus
1715 3611 1964 3666 carpum,
1991 3591 2311 3663 excipienda
2343 3589 2466 3644 fuit.
2509 3587 2654 3643 Idem
2683 3584 2975 3641 dicendum
2996 3582 3064 3637 de
3094 3581 3186 3635 illa
3215 3586 3285 3634 ad

96 3685 219 3758 quo
261 3679 441 3735 animo
489 3680 609 3735 fero
634 3722 649 3747 ,
693 3682 893 3736 donate
937 3681 1071 3735 mihi
1118 3682 1257 3736 hanc
1294 3680 1570 3750 iniuriam.
1600 3699 1619 3733 ι
1716 3687 2006 3758 Ephesios,
2036 3686 2103 3741 de
2128 3686 2221 3739 illa
2250 3682 2414 3738 etiam
2444 3680 2513 3735 ad
2540 3678 2877 3742 Trallcsios;
2920 3691 3097 3746 neque
3135 3674 3283 3730 enim

96 3757 253 3820 lterum
293 3772 547 3826 oratione
589 3772 660 3826 52
680 3791 695 3827 :
730 3773 794 3826 El
826 3771 996 3827 ταῦτα
1042 3772 1191 3826 δεινὰ
1224 3772 1448 3840 γέγονε,
1482 3789 1584 3846 παρ

1772 3791 1906 3835 »πυ-τί
1931 3778 2031 3834 bas
2056 3778 2141 3833 vel
2182 3791 2292 3831 una
2338 3773 2656 3843 exceptione
2683 3771 2856 3827 utitur
2900 3769 2985 3825 vir
3035 3769 3260 3826 doctissi

94 3852 307 3924 ελήλυθε·
358 3863 663 3935 χαρίσασθέ
714 3881 804 3934 μοι
846 3865 945 3935 τὴν
994 3862 1205 3917 ἀδικίαν
1235 3861 1457 3934 ταύτην.
1499 3880 1519 3914 t
1567 3862 1582 3915 ξ

1796 3890 1862 3929 IS.
1892 3870 2030 3927 Tres
2061 3870 2227 3941 igitur
2280 3866 2660 3922 tantummodo
2701 3871 3027 3934 supersunt,
3079 3862 3284 3934 quibus

93 3941 183 4038 haec
206 3950 379 4018 gravia
404 3953 636 4018 fuerint,
656 3954 1071 4025 praeterierunt,
1097 3953 1299 4008 donate
1327 3954 1461 4009 mihi
1484 3954 1627 4011 hanc
1716 3964 1846 4038 quid
1879 3964 2041 4019 habet
2068 3963 2215 4031 quod
2246 3958 2473 4031 obiiciat
2499 3956 2803 4012 videamus.

92 4030 378 4101 iniuriam.»
418 4044 489 4098 At
540 4052 727 4099 noster
776 4060 844 4100 ne
884 4045 989 4099 hac
1028 4042 1246 4114 quidem
1284 4041 1458 4099 forma
1492 4061 1626 4103 usus
1732 4030 1748 4038 ’
1787 4057 1979 4112 Totam
2013 4030 2160 4110 in...
2209 4054 2275 4109 ad
2334 4052 2614 4108 Romanos
2657 4056 2715 4103 et
2739 4046 2928 4103 Graece
2979 4053 3037 4101 et
3095 4042 3289 4099 Latine

88 4135 169 4219 est,
202 4141 290 4186 aut
316 4135 625 4206 quidquam
659 4136 737 4191 illi
763 4136 943 4192 simile
972 4138 1130 4193 dixit.
1166 4136 1346 4194 lronia
1370 4149 1453 4195 est
1479 4154 1576 4209 apu

1803 4149 2083 4219 nscripsit,
2108 4156 2162 4203 et
2177 4146 2363 4203 Graeca
2388 4144 2608 4215 quidem
2638 4158 2749 4197 uno
2781 4148 2993 4195 tantum
3022 4136 3290 4193 vocabulo

88 4214 393 4293 Apostolum,
437 4237 498 4283 et
528 4228 751 4299 quidem
805 4228 1094 4285 manifesta
1129 4230 1229 4300 (ut
1257 4238 1314 4285 et
1343 4230 1485 4301 apud
1519 4228 1576 4284 N:

1796 4243 1849 4297 aii
1907 4214 2175 4296 auctiora.
2223 4214 2599 4294 Prolixitatem
2654 4242 2907 4297 accusat;
2942 4229 3185 4286 defendit
3224 4226 3284 4283 S.

87 4308 395 4404 zianrennm)
424 4333 540 4389 qua
580 4319 817 4389 graviter
841 4316 1159 4374 Corinthios
1190 4320 1460 4392 obiurgat,
1487 4338 1575 4392 μετ

1802 4337 1938 4401 ulus,
1964 4333 2057 4404 qui
2082 4331 2327 4403 epistolae
2353 4345 2466 4386 sua:
2500 4328 2568 4383 ad
2589 4326 2836 4382 eamdem
2868 4323 3170 4379 Ecclesiam
3204 4322 3290 4374 in-

87 4399 251 4497 ῗῗέλῆς
298 4405 609 4481 βαρύτητος
669 4408 832 4481 ἔθηκε
877 4411 978 4482 τὴν
1027 4412 1375 4483 ἐπιτίμησιν,
1428 4413 1521 4467 και
1562 4430 1575 4462 η

1797 4399 2073 4497 -iptionem
2116 4399 2360 4494 praefixit
2410 4418 2637 4489 aequalis
2668 4417 2859 4471 saltem
2907 4411 3285 4483 longitudinis.

86 4488 663 4591 έξῆςξορτικὼτερον,
724 4503 902 4575 inquit
958 4505 1407 4578 Cbrysostomus.
1464 4504 1574 4561 Nuli

1801 4488 1931 4572 liora
1976 4488 2201 4586 scripsit
2233 4509 2557 4584 Apostolus,
2597 4523 2705 4562 non
2755 4504 3025 4561 breviora.
3050 4502 3289 4591 Coacer—

87 4584 198 4677 ῗνιξά
230 4585 498 4659 ¹Βη²ιίυω
546 4594 793 4650 lienem“
836 4598 1320 4664 οοιηωθτηοηῑῖος
1356 4597 1502 4652 "una
1534 4598 1591 4654 in
1654 4598 1827 4666 Dvata
1875 4616 1931 4663 et
1976 4584 2236 4677 spumosa
2283 4602 2521 4673 epitheta
2564 4600 2822 4664 damnat;
2857 4586 3085 4651 excusat
3111 4592 3291 4665 gentis

82 4671 209 4733 luris:
233 4682 457 4749 mentio,
496 4683 640 4739 forte
676 4699 744 4739 ne
776 4685 1197 4742 condonatiouis
1218 4687 1461 4758 quidem.
1484 4689 1623 4758 Συγ-
1707 4696 1971 4773 Syrorum
2008 4671 2075 4752 ’ίη
2107 4671 2397 4752 εεγίδεῃ-άο
2441 4705 2599 4756 mos,
2632 4697 2688 4744 ει
2726 4685 3012 4742 familiaris
3051 4698 3287 4740 εοηειιε-

84 4773 369 4836 Ῥωμονεῖτε
403 4784 527 4831 tum
577 4778 645 4832 ad
691 4777 1032 4847 Trallenses,
1069 4789 1183 4835 tum
1216 4780 1287 4835 ad
1342 4780 1624 4837 Romanos
1706 4790 1858 4853 tudo,
1885 4804 2007 4859 quae
2054 4787 2170 4843 haec
2213 4784 2274 4841 S.
2308 4781 2518 4855 lgnatio
2559 4779 2745 4851 potius
2776 4792 3079 4850 congruere
3106 4783 3294 4831 osten—

84 4863 230 4926 Ροιὶαε
264 4887 283 4923 ι
318 4875 702 4944 acquiescite,
742 4878 795 4932 in
836 4893 1015 4933 meam
1057 4879 1382 4934 sententiam
1432 4894 1627 4936 conce—
1717 4884 1815 4939 dit.
1844 4880 2145 4935 Asiaticum
2176 4874 2431 4945 loquendi
2476 4888 2650 4944 genus
2678 4869 3154 4941 reprehendebant
3180 4869 3292 4923 cri-

83 4948 197 5017 dite,
231 4977 249 5010 ι
278 4964 671 5036 συγγνώμονές
725 4984 813 5037 μοι
864 4967 988 5021 ἔστε
1011 5009 1026 5033 ,
1062 4969 1128 5022 ad
1170 4967 1447 5022 Romanos
1484 4984 1571 5038 pra

1884 4966 2092 5036 eteres;
2137 4968 2229 5024 sed
2272 4966 2411 5021 nihil
2457 4965 2605 5020 aliud
2658 4962 3052 5032 exspectabant
3109 4960 3179 5014 ab
3222 4959 3292 5014 iis
3366 5028 3372 5037 ε

85 5048 265 5119 εετιὶιη,
302 5058 744 5129 συγγνωμονεϊτέ
781 5076 869 5129 μοι
890 5099 906 5124 ,
943 5058 1017 5130 μὴ
1050 5058 1375 5130 ἐμποδίσητέ
1411 5075 1498 5129 μοι
1528 5056 1573 5123 ξἦ

1804 5065 1810 5118 i
1850 5064 1903 5117 in
1928 5061 2058 5117 Asia
2094 5074 2309 5129 semper
2340 5057 2616 5113 vixerunt.
2669 5055 2862 5111 Cicero
2891 5054 2963 5108 De
2987 5053 3147 5107 claris
3170 5068 3292 5103 ora-

86 5151 168 5190 σιιι.
200 5144 613 5205 «Consentiatis
635 5151 793 5219 mihi,
818 5166 885 5206 ne
921 5151 1308 5221 impedimento
1338 5151 1457 5205 sitis
1488 5165 1628 5220 quo—
1723 5156 1921 5210 toribus
1942 5171 1964 5207 .·
1999 5172 2018 5205 t
2042 5150 2181 5207 Hine
2208 5151 2436 5205 Asiatici
2479 5158 2726 5204 oratores
2756 5163 2864 5202 non
2905 5141 3292 5201 contemnendi

84 5228 228 5286 minus
260 5237 461 5294 vivam.
488 5260 509 5292 ι
546 5237 605 5294 Si
642 5244 1075 5311 συγγνωμονεῖτε
1110 5249 1403 5305 vertamus,
1431 5258 1451 5292 ι
1475 5240 1629 5311 iguo—
1723 5247 1940 5316 quidem
1967 5260 2067 5299 nec
2095 5244 2373 5298 celeritate
2397 5256 2498 5296 nec
2525 5240 2683 5310 copia
2702 5281 2718 5305 ,
2752 5239 2847 5295 sed
2893 5252 3086 5307 parum
3115 5233 3292 5303 pressi

83 5324 204 5389 scite,
233 5348 249 5378 ι
278 5348 345 5386 ne
377 5334 462 5388 sic
496 5334 723 5403 quidem
742 5332 973 5389 Paulino
992 5332 1309 5407 χαρίζεσθαι
1338 5333 1631 5403 respondet
1724 5346 1773 5391 et
1799 5336 1962 5391 nimis
1994 5334 2390 5389 redundantes.
2423 5351 2441 5383 ι
2485 5330 2542 5385 Si
2574 5329 2942 5385 redundantes
2987 5323 3293 5380 et'tumidaa

83 5418 303 5478 autillius
326 5424 529 5480 ironia:
561 5425 886 5496 elegantiam
915 5426 1193 5495 exprimit,
1212 5433 1303 5479 aut
1328 5425 1628 5494 quidquam
1725 5428 2008 5483 videantur
2030 5424 2415 5495 inscriptiones
2436 5421 2754 5490 lgnatiaute,
2786 5432 2949 5472 nemo
2978 5414 3292 5479 mirabitur,

79 5517 177 5559 Cum
208 5512 290 5567 illo
322 5518 389 5571 ad
412 5517 743 5571 Corinthios
774 5517 898 5571 loco
929 5531 1221 5572 commune
1248 5516 1433 5580 habet,
1455 5515 1629 5575 multo
1728 5516 1818 5586 qui
1844 5525 2123 5570 auctorem
2155 5531 2221 5569 ex
2242 5515 2371 5569 Asia
2399 5514 2483 5566 vel
2512 5512 2667 5584 Syria
2694 5508 2994 5579 profectum
3040 5520 3163 5560 esse
3196 5519 3292 5558 no—

82 5596 229 5657 minus
266 5610 545 5665 orationis
577 5624 854 5679 pompam.
1728 5607 1819 5660 vit.
1854 5607 2009 5660 Alius
2038 5605 2259 5675 quidem
2288 5605 2573 5659 character
2605 5599 2850 5669 epistolis
2880 5594 3292 5652 convenientior

639 5723 868 5780 CAPUT
898 5722 1042 5778 XVI.
1727 5699 1904 5768 putari
1933 5698 2089 5762 solet,
2122 5697 2215 5750 sed
2252 5694 2634 5749 familiaribus.
2687 5691 2792 5747 Ubi
2819 5690 2887 5745 ad
2913 5689 3186 5743 maximas
3208 5689 3292 5780 ei-

82 5799 285 5885 Ῐθξιπιὶιη
307 5828 489 5870 noster
520 5817 835 5885 Apostolnm
858 5817 914 5869 in
944 5814 1377 5885 inscriptionibus
1431 5815 1563 5884 epist

1804 5798 1919 5843 ates
1981 5788 2257 5851 scribitur,
2324 5786 2527 5856 aliquid
2580 5784 2782 5839 elatius
2827 5780 3162 5836 conceditur.
3216 5778 3292 5831 lta

134 5880 283 5936 larum
324 5869 1158 5967 imitatuﬁbuwupostolicis
1210 5869 1473 5954 longiores
1521 5901 1627 5938 non
1722 5890 1879 5935 vetus
1904 5879 2141 5948 scriptor
2160 5878 2287 5947 περὶ
2323 5875 2619 5949 ἑρμηνείας
2653 5874 2758 5930 sub
2779 5872 3035 5929 Demetrii
3058 5869 3292 5924 Pbalcrii

366 6050 429 6063 ‘w"
444 6056 481 6065 .-
