3768 6398
413 382 535 441 Γἶῦ¹5

1598 382 1949 438 lGNATlUS.
1992 416 2057 423 —-—
2089 382 2625 439 PROLEGOMENA.

3590 386 3668 441 “il

422 503 664 559 nomine.
702 499 853 554 Ἐπεὶ
886 499 939 552 δὲ
975 500 1064 552 καὶ
1102 500 1285 552 πόλεσί
1307 516 1434 552 ποτε
1457 502 1547 552 καὶ
1569 500 1845 570 βασιλεῦσι
1865 518 1910 572 γι

2194 516 2316 555 cum
2360 502 2462 556 hac
2495 500 2723 570 epistola
2756 502 3107 569 continebat;
3158 503 3303 557 unde
3354 501 3552 558 titulus
3597 506 3668 559 hic

423 612 615 666 φαμεν,
651 593 892 649 ἔστωσαν
926 591 1166 646 τοιαῦται
1200 593 1255 645 αἱ
1300 593 1578 645 ἐπιστολαὶ
1615 584 2004 665 μικρὸνηὲξηρ-

427 689 583 759 μέναι
619 703 754 749 πως.
795 706 813 736 ι
838 684 973 739 Cum
998 693 1179 739 autem
1217 683 1283 737 ad
1318 685 1565 739 civitates
1607 684 1903 739 scribimus
1952 695 2005 738 et

422 796 596 851 rcges,
629 780 736 834 sint
770 778 906 832 tales
939 776 1183 847 epistolae
1226 776 1388 845 paulo
1419 775 1827 845 quodammodo
1884 776 2002 830 ela-

422 875 607 927 tiores.
637 889 655 921 ι
690 872 824 924 Cum
861 869 1027 940 igitur
1060 869 1174 922 lucc
1206 868 1434 936 epistola
1466 867 1531 922 ad
1566 866 1843 921 Romanos
1866 868 2001 922 scri-

421 974 508 1034 pta
552 964 643 1027 sit,
677 961 831 1016 etab
876 959 1098 1015 homine
1125 959 1391 1022 Asiatico,
1425 974 1533 1012 non
1580 959 1777 1012 mirum
1822 958 1868 1012 si
1914 959 1999 1013 in-

418 1054 647 1125 scriptio
685 1064 738 1108 et
767 1052 1080 1108 redundans
1109 1060 1163 1107 et
1191 1051 1331 1107 elata
1368 1051 1459 1105 sit.
1498 1049 1807 1106 Recolenda
1834 1050 1997 1107 etiam

418 1152 507 1205 hic
533 1156 664 1206 sunt
689 1162 812 1217 quae
842 1147 908 1201 de
932 1160 1164 1200 numero
1197 1145 1558 1214 epithetorum
1582 1154 1706 1200 ante
1734 1145 1994 1200 diximus.

418 1241 601 1312 Neque
647 1241 713 1296 de
761 1240 848 1295 his
893 1238 1220 1293 sententiam
1270 1235 1525 1290 Halloixii
1568 1251 1771 1303 moror,
1804 1239 1857 1291 in
1890 1253 1999 1307 quo

418 1335 537 1388 viro
565 1331 830 1403 judicium
874 1345 982 1384 non
1024 1338 1235 1383 tantum
1278 1344 1306 1382 a
1340 1328 1565 1394 nostris,
1590 1329 1683 1383 sed
1715 1337 1770 1383 et
1800 1344 1830 1383 a
1861 1330 1999 1393 suis.

417 1436 471 1480 et
494 1443 524 1479 a
555 1424 757 1479 Dallzco
783 1422 1047 1485 maxime,
1078 1421 1400 1490 requiritur.
1434 1418 1633 1487 ltejicit
1655 1421 1742 1474 ille
1764 1422 1995 1489 epitheta

423 1533 678 1587 tanquam
724 1516 865 1570 male
903 1522 1180 1584 congesta,
1231 1528 1353 1583 quae
1401 1528 1524 1567 eum
1565 1512 1695 1566 alibi
1741 1513 1996 1576 admittit,

424 1608 701 1679 rejicicndi
754 1608 888 1664 satis
935 1621 1155 1677 gravem
1187 1620 1407 1659 causam
1454 1620 1561 1658 non
1594 1604 1804 1660 habuit.
1841 1603 1994 1670 Quod

423 1713 600 1758 autem
629 1703 861 1771 vulgata:
893 1698 1236 1768 inscriptioni
1267 1697 1415 1750 illam
1451 1695 1835 1767 Metaphrastze
1860 1711 1995 1765 pne-

424 1797 606 1851 tulerit
654 1794 982 1855 Halloixius,
1011 1793 1066 1846 in
1097 1807 1160 1846 ea
1193 1807 1252 1846 re
1288 1798 1433 1846 certe
1468 1805 1577 1843 non
1625 1790 1761 1845 adeo
1806 1788 1995 1859 exagi-

422 1888 618 1943 tandus
647 1896 786 1957 erat,
818 1887 864 1941 si
902 1900 1013 1939 rem
1053 1885 1248 1954 ipsam,
1282 1898 1389 1936 non
1419 1882 1539 1951 ejus
1571 1883 1833 1946 rationes,
1863 1898 1995 1936 con-

422 1980 744 2033 sideremus.
792 1974 1101 2044 Inscriptio,
1149 1988 1313 2043 quam
1347 1973 1562 2027 unicam
1594 1972 1682 2026 ille
1718 1971 1873 2037 vidit,
1906 1972 1996 2024 in-

418 2071 764 2140 terpolatoris
811 2083 975 2122 manu
1023 2076 1077 2122 et
1125 2074 1331 2120 mutata
1386 2074 1440 2119 et
1471 2073 1629 2119 aucta
1667 2062 1788 2129 fuit,
1822 2077 1998 2133 neque

418 2178 516 2233 pro
548 2164 761 2217 sincera
786 2160 977 2215 haberi
1004 2158 1212 2213 debuit.
1240 2158 1332 2211 Illa
1356 2166 1561 2221 autem,
1588 2172 1751 2225 quam
1777 2156 1998 2211 exhibet

419 2253 831 2324 Metaphrastes,
873 2252 919 2306 si
957 2266 1054 2320 pro
1092 2250 1328 2320 genuina
1367 2249 1677 2314 haberetur,
1710 2264 1740 2303 a
1780 2250 1997 2304 nemine

418 2346 591 2401 refelli
643 2354 846 2414 posset.
896 2341 1131 2411 Ideoque
1175 2341 1267 2395 hic
1310 2339 1584 2395 Halloixio
1620 2355 1882 2396 assensus
1912 2348 1996 2396 est

422 2437 704 2502 Usscrius;
738 2450 934 2505 -neque
975 2434 1167 2488 horum
1208 2433 1534 2488 sententiam
1587 2432 1770 2488 Dallzei
1827 2448 1993 2503 argu-

420 2538 599 2581 menta
635 2527 746 2580 ullo
778 2525 940 2578 modo
983 2522 1335 2578 labefactant.
1373 2522 1579 2590 Primo,
1619 2524 1816 2593 inquit,
1850 2541 1870 2574 ι
1905 2539 1994 2578 re-

418 2632 624 2691 pugnat
646 2619 892 2673 omnium
920 2617 1182 2670 librorum
1211 2615 1366 2680 fides,
1390 2623 1446 2668 et
1465 2614 1777 2669 Graecorum
1806 2625 1858 2668 et
1891 2613 1996 2668 La-

420 2713 682 2776 tinorum,
716 2709 808 2779 qui
858 2710 1040 2771 istam,
1076 2721 1238 2776 quam
1268 2706 1644 2773 recitarimus,
1680 2706 1996 2776 inscriptio-

418 2820 538 2860 nem
568 2803 842 2858 exhibent.
870 2819 887 2852 ι
916 2800 985 2854 At
1012 2813 1203 2853 omnes
1224 2798 1277 2851 hi
1301 2797 1475 2853 Graeci
1500 2798 1623 2852 libri
1645 2799 1754 2853 duo
1784 2807 1995 2853 tantum

418 2906 564 2961 sunt,
591 2893 1037 2967 Nydpruccianus
1063 2901 1116 2946 et
1138 2890 1522 2960 Augustanus;
1563 2898 1791 2961 uterque
1814 2899 1994 2946 autem

416 2990 483 3045 ab
537 2989 738 3044 infelici
785 2984 1189 3056 interpolatoris
1230 2999 1419 3038 manu.
1460 2981 1597 3037 Nam
1628 2983 1799 3039 codex
1829 2982 1996 3038 Medi—

416 3100 543 3139 ceus
576 3084 662 3137 hic
691 3097 791 3136 nos
815 3080 1081 3145 destituit,
1118 3078 1205 3133 cui
1250 3078 1392 3132 hanc
1418 3078 1702 3147 epistolam
1746 3078 1992 3133 defuisse

2111 590 2162 644 in
2206 606 2311 646 ms.
2345 590 2567 647 Caiensi
2621 590 2877 661 praefixos
2918 604 3169 663 apparet:
3204 593 3535 663 Martyrium
3565 593 3674 649 Son.

2106 686 2176 738 (ειὶ
2222 684 2423 754 Ignatii
2471 686 2703 753 episcopi
2751 685 3069 751 Antiochiae,
3115 688 3221 741 sive
3276 688 3513 756 epistola
3554 688 3674 744 ΧΗ.

2104 776 2223 845 Ipsa
2255 786 2436 830 autem
2468 776 2601 831 Acta
2628 777 2951 846 interpolata
2978 787 3130 843 sunt,
3157 788 3209 833 et
3233 794 3298 833 eo
3321 780 3555 848 quidem
3577 781 3678 835 locu

2104 868 2194 922 ubi
2237 868 2467 938 epistola
2520 868 2636 923 haec
2692 868 2985 935 inseritur;
3042 880 3103 925 ut
3141 887 3173 925 a
3211 873 3679 941 perspicacissimo

2103 961 2450 1015 Armachano
2485 960 2836 1015 observatum
2871 972 2973 1017 est.
3022 964 3203 1033 Atque
3239 966 3358 1019 hac
3390 965 3463 1020 de
3496 967 3682 1020 eodici«

2102 1051 2205 1106 bus
2231 1050 2434 1106 Graecis
2458 1059 2512 1105 et
2542 1049 2775 1106 Latinis.
2811 1050 3086 1117 Secundo,
3126 1055 3170 1109 si
3204 1055 3323 1110 haec
3347 1064 3679 1125 reputemus,

2103 1144 2288 1198 nescio
2339 1142 2615 1213 quomodo
2661 1145 3003 1214 inscriptioni
3038 1145 3430 1217 Metaphrastae
3478 1162 3683 1201 omnem

2110 1236 2291 1291 locum
2314 1236 2730 1307 denegabimus.
2764 1237 2883 1307 Ipse
2905 1237 3182 1308 professus
3215 1248 3299 1294 est
3328 1255 3392 1293 se
3409 1240 3684 1308 epistolam

2102 1326 2244 1382 hanc
2294 1328 2360 1382 ad
2413 1326 2690 1384 Romanos
2735 1329 2827 1382 ἐπὶ
2861 1327 3077 1393 λέξεως,
3136 1330 3202 1383 ad
3250 1330 3491 1383 verbum
3554 1339 3682 1384 tran-

2106 1419 2417 1489 scripsisse,
2446 1428 2502 1475 et
2545 1420 2765 1490 scriptis
2797 1422 2911 1476 suis
2938 1422 3256 1477 inseruisse.
3291 1421 3376 1474 An
3401 1422 3515 1477 hoc
3546 1437 3685 1475 men-

2100 1511 2317 1567 dacium
2361 1527 2483 1568 esse
2527 1513 2797 1576 dicemus,
2842 1514 3142 1582 praisertim
3185 1526 3311 1569 cum
3350 1514 3683 1569 contrarium

2098 1618 2287 1659 verum
2314 1618 2435 1659 esse
2466 1604 2617 1660 nullo
2663 1605 2826 1659 modo
2851 1606 3082 1675 probare
3123 1607 3450 1675 possimus?
3488 1605 3678 1661 Demus

2102 1692 2412 1751 Simeonem
2452 1696 2606 1751 illum
2648 1697 2820 1751 multa
2867 1696 3003 1752 falsa
3055 1698 3380 1767 scripsisse;
3416 1707 3478 1753 at
3508 1698 3679 1753 eadem

2101 1784 2168 1839 ab
2197 1784 2322 1840 aliis
2354 1800 2479 1839 eum
2513 1786 2791 1856 accepisse
2817 1790 3045 1842 omnino
3074 1788 3439 1843 credendum.
3475 1788 3680 1844 Scimus

2101 1879 2269 1934 multa
2303 1895 2426 1949 quae
2458 1880 2697 1949 scripsit,
2731 1881 2799 1934 ab
2830 1882 3071 1936 historia:
3110 1881 3213 1936 fide
3238 1881 3446 1948 aliena,
3482 1883 3553 1937 ab
3573 1883 3684 1937 aliis

2099 1979 2222 2024 ante
2254 1970 2475 2035 tradita,
2508 1982 2563 2026 et
2594 1972 2675 2025 vel
2697 1986 2791 2026 ore
2817 1973 3061 2025 omnium
3087 1973 3403 2039 decantata,
3442 1975 3531 2028 vel
3559 1976 3685 2029 scri-

2099 2060 2206 2129 ptis
2237 2061 2403 2115 etiam
2439 2065 2695 2117 mandata
2732 2062 2925 2130 fuisse,
2954 2077 3013 2118 ut
3042 2065 3111 2120 iis
3144 2065 3282 2119 nihil
3316 2066 3409 2121 ille
3442 2066 3548 2121 nisi
3579 2082 3684 2120 me-

2098 2152 2327 2207 thodum
2382 2162 2435 2208 et
2488 2164 2741 2209 ornatum
2787 2156 3095 2211 contulerit.
3138 2155 3338 2211 Habuit
3386 2158 3562 2228 igitur
3608 2159 3685 2213 me

2095 2246 2383 2315 epistolam
2413 2247 2479 2301 ad
2515 2246 2790 2303 Romanos
2823 2249 2877 2302 in
2910 2249 3061 2303 Actis
3092 2249 3284 2320 lgnatii
3326 2250 3682 2319 descriptam,

2096 2338 2229 2392 Acta
2256 2338 2624 2408 interpolavit,
2648 2340 2833 2394 omnia
2856 2355 2977 2410 qua:
3004 2340 3071 2395 de
3097 2349 3339 2410 martyre
3355 2350 3459 2395 aut
3488 2341 3685 2412 legerat

2099 2439 2194 2484 aut
2225 2429 2535 2495 audiverat,
2558 2432 2611 2485 in
2645 2432 2981 2488 luculentum
3005 2432 3257 2488 ordinem
3300 2435 3549 2503 redegit;
3574 2436 3684 2505 epi-

2097 2523 2315 2587 stolam,
2360 2532 2418 2577 ut
2465 2523 2765 2588 invenerat,
2812 2524 3035 2580 totidem
3075 2525 3255 2580 verbis
3307 2526 3683 2596 transcripsit.

2094 2613 2172 2669 ita
2194 2615 2409 2670 tandem
2431 2631 2519 2670 res
2541 2616 2647 2671 huc
2668 2618 2824 2681 redit,
2841 2600 3107 2672 utmerito
3124 2632 3369 2687 quaerere
3388 2620 3684 2687 possimus,

2095 2723 2163 2761 an
2206 2708 2295 2762 illo
2338 2708 2628 2777 inscriptio
2654 2724 2819 2778 quam
2859 2709 2913 2762 in
2949 2708 3100 2764 Actis
3128 2708 3324 2779 lgnatii
3363 2710 3579 2765 invenit
3608 2713 3686 2764 in-

2096 2808 2306 2869 terpres
2343 2797 2708 2865 Usserianus;
2742 2814 2810 2853 an
2844 2800 2934 2853 illa
2961 2814 3125 2869 quam
3158 2800 3212 2853 in
3244 2800 3499 2870 ejusdem
3537 2802 3688 2855 Actis

2094 2891 2296 2959 reperit
2320 2889 2541 2945 Simeon
2564 2889 2975 2961 Metaphrastes.
3001 2890 3253 2947 Judicent
3279 2895 3518 2959 eruditi;
3556 2895 3687 2948 mihi

2096 2983 2311 3037 interim
2356 2990 2549 3039 neutra
2594 2992 2784 3037 nostro
2814 2984 3034 3054 indigna
3071 2984 3308 3040 videtur.
3350 2985 3482 3042 Βίοις
3524 2988 3691 3057 igitur

2094 3075 2198 3129 erit
2245 3074 2485 3145 legitima
2536 3076 2844 3147 inscriptio,
2892 3076 2939 3131 si
2984 3076 3374 3148 Metaphrastae
3430 3080 3687 3135 codicem

415 3189 466 3229 et
512 3178 669 3231 docet
723 3185 777 3228 et
837 3173 1086 3244 queritur
1136 3171 1491 3225 doctissimus
1540 3153 1792 3226 Vossius.
1851 3170 1994 3237 Quid
2021 3198 2065 3257 ρ
2103 3180 2421 3233 sequamur,
2449 3174 2502 3220 et
2527 3182 2590 3221 ex
2627 3166 3036 3236 comparatione
3068 3184 3192 3223 cum
3225 3170 3483 3239 reliquis,
3518 3186 3689 3225 unam

416 3268 559 3337 quod
589 3281 687 3319 nec
716 3265 769 3317 hi
805 3264 914 3317 duo
953 3262 1127 3317 αι’ωοὶ
1157 3262 1395 3327 codices,
1428 3276 1603 3331 neque
1632 3263 1883 3331 vulgatus
1911 3263 1994 3315 in-

416 3363 624 3422 terpres
672 3352 901 3406 Latinus
947 3366 1066 3405 eam
1110 3350 1347 3415 exhibet,
1382 3365 1544 3419 quam
1588 3352 1834 3406 recitavit
1866 3352 1991 3406 Dal-

414 3444 583 3499 laeus?
616 3442 713 3497 llic
739 3444 883 3497 enim
912 3456 1032 3495 eam
1064 3441 1167 3494 hoc
1199 3426 1318 3494 loco
1349 3440 1537 3505 edidit,
1570 3458 1734 3511 quam
1777 3443 1994 3498 lsaacus

420 3534 646 3592 Vossius
696 3550 759 3589 ex
823 3533 1076 3589 versione
1134 3529 1431 3586 Usseriana
1482 3531 1737 3596 confecit,
1776 3542 1830 3587 et
1871 3541 1997 3602 post

415 3638 574 3683 notas
603 3628 681 3689 [in
735 3627 1019 3696 epistolam
1070 3627 1137 3679 ad
1186 3625 1463 3680 Romanos
1488 3625 1572 3680 edi
1603 3624 1845 3690 curavit;
1884 3639 1993 3679 non

413 3718 559 3787 quod
599 3718 653 3771 in
684 3718 797 3771 ullo
845 3716 1033 3771 codice
1065 3717 1135 3769 ita
1173 3717 1460 3787 legeretur,
1491 3715 1587 3771 sed
1625 3716 1773 3785 quod
1811 3716 1887 3770 ita
1920 3715 1997 3770 le-

415 3810 643 3879 gendam
683 3823 804 3862 esse
840 3823 907 3861 ex
951 3808 1116 3861 veteri
1167 3807 1460 3878 interprete
1513 3807 1627 3877 ipse
1673 3808 1988 3877 conjiceret.

418 3900 541 3952 ll.rc
570 3908 748 3953 autem
776 3898 1057 3957 Usseriani
1092 3898 1402 3967 interpretis
1448 3914 1571 3953 cum
1606 3898 1811 3954 Grmcis
1843 3900 1991 3953 codi-

415 3993 571 4045 cibus
602 4006 709 4044 non
737 3991 873 4045 bene
908 3992 1262 4045 conveniunt.
1298 3989 1569 4045 Nonnulla
1618 3990 1707 4044 ille
1739 3990 1897 4046 aliter
1938 3993 1990 4045 in

416 4091 517 4137 s'uo
548 4082 735 4136 codice
772 4081 920 4150 legit,
953 4090 1012 4135 ut
1048 4096 1147 4150 pro
1180 4082 1874 4155 ἡγιασμένῃ,ἠγαπημένῃ,
1896 4098 1994 4152 pro

416 4175 759 4246 ποιήσαντος,
795 4172 1139 4242 θελήσαντος,
1174 4188 1275 4242 pro
1299 4173 1441 4243 ἥτις,
1478 4174 1599 4242 ἥτις
1633 4173 1737 4238 καί,
1780 4188 1877 4242 pro
1895 4192 2014 4243 χω-

418 4268 554 4337 ρίου,
592 4267 676 4333 (ιιι
709 4264 942 4333 videtur)
973 4262 1155 4333 χοροῦ,
1192 4278 1291 4332 pro
1324 4261 1783 4325 άξιοεπίτευκτος,
1822 4260 1995 4325 ἀξιοε-

416 4359 674 4419 πὶτακτος
696 4397 711 4421 ,
745 4372 843 4425 pro
876 4354 1115 4425 ἀγάπης,
1152 4356 1208 4407 ἐν
1241 4353 1463 4425 ἀγάπῃ,
1514 4368 1611 4423 pro
1653 4352 1848 4416 αὑτοῦ,
1884 4353 1994 4405 Πα-

414 4453 558 4521 τρός,
596 4466 693 4520 pt'o
728 4452 784 4502 ἐν
815 4449 934 4519 Θεῷ
967 4449 1059 4502 καὶ
1092 4447 1282 4518 Κυρίῳ
1315 4445 1472 4517 ἡμῶν
1495 4485 1508 4509 ,
1545 4449 1602 4498 ὲν
1653 4445 1841 4515 Κυρίῳ
1872 4444 1992 4514 Θεῷ

2096 3266 2191 3311 aut
2233 3259 2454 3311 alteram
2503 3258 2846 3313 manifestam
2880 3259 3357 3328 interpolationem
3400 3263 3685 3316 tollamus

2108 3348 2385 3419 Ἰγνάτιος,
2420 3352 2447 3402 ὁ
2481 3350 2574 3403 καὶ
2607 3350 2909 3420 Θεοφόρος,
2958 3354 3023 3421 τῇ
3072 3352 3350 3426 ἡλεημένῃ
3404 3357 3464 3407 ὲν
3518 3373 3693 3426 p.571-

2096 3440 2328 3510 λειότητι
2371 3441 2585 3513 Πατρὸς
2637 3440 2867 3510 ὑψίστου
2912 3443 3005 3496 καὶ
3068 3444 3241 3514 Ἰησοῦ
3294 3447 3546 3517 Χριστοῦ
3597 3448 3693 3500 τοῦ

2100 3532 2417 3601 μονογενοῦς
2449 3533 2579 3587 Υἱοῦ
2612 3533 2806 3598 αὐτοῦ,
2856 3534 3148 3607 Ἐκκλησίᾳ
3199 3538 3549 3614 ἡγαπημένῃ
3599 3544 3693 3593 καὶ

2096 3624 2481 3696 πεφωτισμένῃ
2514 3628 2572 3678 ὲν
2607 3624 2869 3697 θελήματι
2903 3627 2998 3680 τοῦ
3033 3627 3363 3699 Θελήσαντος
3398 3632 3467 3684 τὰ
3506 3633 3696 3685 πάντα

2096 3713 2130 3766 ἆ
2164 3715 2278 3766 ἐστι
2314 3716 2432 3766 κατ’
2465 3716 2686 3786 ἀγάπην
2731 3715 2903 3787 Ἰησοῦ
2936 3718 3173 3788 Χριστοῦ
3194 3718 3288 3772 τοῦ
3322 3721 3464 3774 Θεοῦ
3504 3724 3693 3792 ἡμῶν.

2093 3806 2215 3876 ἥτις
2246 3806 2337 3859 καὶ
2372 3808 2710 3879 προκάθηται
2743 3811 2801 3863 ὲν
2834 3810 2984 3880 τόπῳ
3016 3812 3217 3882 χωρίου
3264 3812 3605 3883 Ῥωμαίων(
3628 3816 3697 3883 ἦν

2093 3898 2186 3952 καὶ
2227 3899 2539 3969 ἀσπάζομαι
2590 3902 2648 3953 ὲν
2706 3902 2929 3971 ὀνόματι
2995 3902 3169 3973 Ἰησοῦ
3234 3904 3480 3974 Χριστοῦ
3550 3908 3699 3958 κατὰ

2096 3992 2275 4062 σάρκα
2312 3992 2403 4044 καὶ
2438 3991 2653 4062 πνεῦμα
2703 3993 2989 4065 ἡνωμένην
3030 3996 3182 4069 πάσῃ
3230 3995 3427 4066 ἐντολῇ
3493 3995 3696 4057 αὐτοῦ,

2096 4083 2527 4155 πεπληρωμένην
2582 4084 2800 4155 χάριτος
2849 4086 3062 4157 Θεοῦ),
3109 4089 3168 4140 ἐν
3211 4088 3440 4158 Χριστῷ
3507 4088 3697 4158 Ἰησοῦ

2094 4173 2170 4243 τῷ
2201 4174 2316 4244 Θεῷ
2352 4175 2581 4246 χαίρειν.
2645 4174 2949 4245 clgnatius,
3010 4178 3103 4247 qui
3166 4187 3218 4232 et
3283 4177 3697 4249 Theophoms.

2093 4262 2525 4317 misericordiam
2556 4273 2865 4319 consecutae
2892 4265 2944 4318 in
2981 4264 3269 4333 majestate
3307 4265 3495 4323 Patris
3526 4270 3697 4325 altis-

2093 4355 2217 4409 simi
2259 4364 2312 4408 et
2347 4353 2473 4409 Jcsu
2509 4354 2713 4411 Christi
2764 4357 2935 4411 solius
2971 4357 3089 4426 ejus
3117 4356 3266 4422 Filii,
3303 4358 3577 4417 Ecclesia
3606 4367 3703 4417 di-

2092 4447 2264 4510 lectae,
2301 4455 2355 4500 et
2391 4446 2710 4502 illuminata:
2752 4448 3033 4503 voluntate
3062 4449 3295 4504 volentis
3335 4454 3533 4508 omnia
3565 4472 3705 4526 qua

414 4542 587 4613 ἡμῶν,
625 4558 688 4596 ac
716 4542 970 4610 denique,
999 4548 1055 4593 ut
1080 4538 1279 4593 Dallaeo
1303 4538 1499 4608 placet,
1538 4550 1637 4606 pro
1686 4536 1985 4607 χριστὼνυ-
2020 4547 2065 4604 ο
2091 4548 2221 4593 sunt
2243 4538 2543 4594 secundum
2571 4539 2917 4595 dilectionem
2957 4539 3086 4595 Jesu
3109 4540 3317 4597 Christi
3347 4543 3447 4599 Dei
3480 4553 3705 4612 nostri,

417 4650 533 4701 μσς,
570 4634 921 4703 χριστόνομος
945 4648 957 4660 ·
997 4631 1150 4699 plura
1176 4631 1228 4682 in
1256 4645 1321 4684 eo
1354 4645 1460 4683 non
1493 4629 1645 4688 vidit,
1673 4638 1730 4682 ut
1753 4628 1905 4691 Θεοῦ,

2237 4640 2291 4684 et
2314 4631 2566 4698 praesidet
2596 4632 2650 4686 in
2680 4632 2799 4688 loco
2821 4633 3058 4703 regionis
3084 4633 3464 4692 Romanorum
3492 4642 3705 4710 (quam

414 4739 606 4777 rursus
628 4723 781 4787 Θεοῦ,
818 4724 998 4775 πίστιν
1031 4722 1145 4785 καὶ,
1168 4722 1262 4775 καὶ
1298 4720 1574 4792 σωτῆρος,
1609 4737 1902 4789 πνευματος

2218 4736 2251 4773 n
2306 4720 2484 4775 saluto
2533 4722 2586 4775 in
2626 4724 2850 4778 nomine
2904 4722 3033 4778 Jesu
3090 4724 3320 4790 Christi,
3372 4734 3706 4787 secundum

417 4835 545 4887 ρος,
594 4816 727 4868 Θεοῦ
776 4814 1210 4886 παντοκράτορος
1255 4815 1385 4879 καὶ,
1434 4815 1650 4883 πάσης,
1687 4814 1905 4867 καὶηΠαι

2221 4827 2305 4864 em
2366 4820 2419 4865 et
2474 4812 2725 4880 spiritum
2781 4814 2991 4867 unitam
3045 4815 3194 4868 omni
3238 4817 3507 4871 mandato
3534 4822 3706 4888 ejus,

340 4960 343 4963 γ
415 4907 528 4960 καί.
554 4907 672 4959 Alia
697 4907 860 4974 igitur
882 4917 965 4961 est
997 4906 1281 4975 inscriptio
1308 4921 1471 4974 quam
1499 4906 1633 4960 vidit
1658 4904 1983 4968 Halloixius,
2088 4904 2299 4972 plenam
2334 4903 2520 4971 gratia:
2539 4901 2669 4972 Dei)
2704 4904 2759 4957 in
2798 4904 3017 4959 Christo
3052 4904 3182 4960 Jesu
3218 4905 3330 4961 Deo
3360 4910 3649 4977 gaudere.
3686 4932 3707 4964 ι

412 5000 517 5053 alia
567 5012 731 5067 quam
780 5012 844 5051 ex
884 4996 1079 5050 Latino
1130 4996 1425 5065 interprete
1470 4996 1709 5052 confecit
1733 4994 1982 5060 Vossius,
2164 4996 2233 5048 At
2271 5013 2289 5045 ι
2321 4994 2566 5063 epistolae
2600 4996 2665 5049 ad
2700 4993 3203 5065 Philadelphienses
3241 4998 3569 5068 inscriptio,
3617 5004 3712 5055 iu-

412 5089 661 5144 recitavit
690 5087 941 5142 Dallteus.
971 5087 1133 5141 Solus
1166 5086 1329 5156 igitur
1358 5087 1622 5154 interpres
1660 5083 1986 5139 Usserianus
2086 5086 2224 5155 quit,
2253 5084 2416 5138 etiam
2447 5098 2612 5154 quam
2652 5084 2766 5138 hazc
2788 5084 3000 5153 longior
3019 5094 3169 5149 θείῃ
3203 5087 3355 5156 quod
3386 5090 3575 5144 cuivis
3614 5093 3715 5146 vel

409 5181 638 5234 relictus
666 5189 768 5244 est,
793 5178 885 5247 qui
912 5175 1250 5246 inscriptioni
1279 5191 1310 5228 a
1336 5174 1534 5228 Dallaao
1560 5174 1800 5229 recitatae
1823 5174 1982 5228 fidem
2088 5187 2377 5246 utramque
2404 5176 2565 5231 simul
2598 5177 2908 5245 inspicienti
2949 5177 3122 5246 prima
3156 5177 3295 5233 faeie
3342 5179 3549 5235 falsum
3602 5184 3709 5237 de-

380 5302 383 5305 »
412 5271 608 5339 faciat;
637 5269 783 5341 quod
812 5268 1032 5339 quidem
1061 5282 1158 5337 per
1185 5282 1270 5319 me
1300 5266 1446 5321 licet.
1480 5264 1629 5318 Nihil
1653 5265 1800 5320 enim
1831 5266 1885 5320 in
1920 5281 1982 5320 ea
2086 5269 2461 5338 prehenditur,
2493 5267 2598 5322 nisi
2634 5268 3049 5337 interpolatoris
3096 5269 3389 5339 inscriptio
3420 5286 3555 5326 cum
3598 5291 3715 5347 se.

412 5363 650 5428 invenio,
676 5361 820 5431 quod
863 5358 921 5415 S.
955 5359 1165 5431 lgnatio
1190 5359 1354 5413 tribui
1403 5374 1513 5412 non
1560 5358 1754 5413 merito
1786 5359 1982 5429 possit.
2084 5361 2254 5414 nuina
2282 5359 2618 5415 conferatur.
2650 5360 2847 5431 Aliqua
2880 5376 2946 5415 ex
2976 5376 3040 5416 ea
3070 5362 3221 5426 libat,
3250 5372 3391 5416 utet
3412 5379 3479 5417 ex
3510 5366 3717 5424 alter:

412 5450 482 5508 Ut
510 5464 688 5508 tamen
727 5454 874 5523 quod
914 5468 1103 5507 verum
1153 5467 1275 5507 esse
1322 5452 1482 5505 video
1530 5448 1708 5505 dicam
1742 5468 1757 5505 :
1797 5466 1985 5520 parem
2084 5452 2154 5507 ad
2178 5449 2674 5523 Smyrnaeos(nam
2696 5453 2786 5508 illa
2816 5453 2884 5508 ad
2903 5449 3201 5510 Tarsenses
3233 5464 3288 5511 et
3316 5454 3615 5515 Heronem
3640 5468 3719 5517 ad

413 5547 571 5611 fidem
600 5549 866 5617 interpres
890 5544 1220 5602 Usserianus
1251 5547 1305 5599 in
1334 5545 1563 5615 epistola
1583 5544 1650 5599 ad
1687 5542 1983 5610 Romanos,
2090 5560 2194 5600 nos
2227 5561 2336 5599 non
2369 5545 2700 5615 pertinent),
2721 5553 2781 5599 ut
2816 5545 2896 5599 illi
2927 5546 3163 5611 videtur,
3184 5547 3399 5615 putida,
3426 5558 3490 5602 ut
3519 5554 3717 5618 mihi,

410 5636 458 5689 ei
490 5652 652 5705 quam
685 5638 738 5690 in
768 5639 892 5692 aliis
913 5640 1145 5701 obtinet,
1173 5638 1366 5692 mereri
1402 5635 1639 5692 fortasse
1669 5651 1776 5689 non
1803 5635 1985 5689 videa-
2086 5636 2341 5703 prarclara
2391 5644 2446 5690 et
2491 5637 2823 5705 apostolica;
2852 5636 3101 5711 judicent
3140 5638 3366 5692 eruditi.
3404 5657 3422 5689 ι
3450 5636 3515 5691 In
3560 5646 3717 5699 aliis

413 5735 519 5780 tur.
554 5727 670 5781 Non
696 5729 839 5782 enim
869 5745 988 5783 eam
1011 5745 1073 5783 ex
1106 5730 1335 5799 simplici
1360 5729 1598 5783 editione
1621 5727 1982 5798 genuinarum
2085 5725 2532 5794 inscriptionibus
2557 5727 2830 5795 quaedam,
2858 5725 3059 5793 inquit,
3090 5725 3271 5781 hiulca
3286 5735 3441 5790 sunt;
3468 5743 3723 5789 mnam

411 5819 763 5889 epistolarum
789 5820 1083 5885 transtulit,
1107 5820 1202 5875 sed
1225 5836 1292 5876 ex
1308 5822 1421 5887 illa,
1450 5837 1571 5892 quae
1592 5820 1724 5875 Acta
1754 5818 1811 5874 S.
1832 5818 1985 5889 lgna-
2086 5826 2300 5875 tantum
2336 5819 2401 5875 ad
2426 5818 2734 5888 Magnesiae
2754 5818 3035 5885 nominat;
3068 5836 3192 5890 quae
3220 5835 3347 5876 cum
3380 5821 3524 5877 satis
3563 5826 3687 5885 ιιι-ε
