3800 6208
132 304 227 357 ιϐὅ

982 292 1345 351 PEARSONII
1399 284 1725 347 VINDICIIE
1781 284 2205 343 ΙΟΝΑΤΙΑΝΛΞ.
2250 316 2319 325 -
2356 283 2540 340 PARS
2574 282 2640 338 Π.

3321 286 3442 343 466'

134 423 275 475 viset
300 434 332 474 ι
357 432 570 489 pompa
596 418 840 474 maxime
866 416 1061 484 aliena,
1086 425 1142 472 et
1172 416 1241 472 ab
1264 414 1527 471 omnibus
1549 412 1721 479 vitiis,
1754 421 1802 476 Α
1831 408 2348 464 Philomeliensium
2383 424 2490 462 non
2524 410 2659 463 adeo
2686 407 3027 478 praeclaram,
3060 408 3154 463 sed
3194 416 3248 462 et
3277 424 3418 477 prae-

133 511 319 580 quibus
346 512 491 566 alias
517 521 746 579 onerat,
774 512 941 566 libera
967 511 1059 575 sit,
1093 520 1356 579 tauquam
1388 506 1573 561 hiulca
1598 519 1726 560 con-

134 606 427 660 demnatur.
481 603 653 672 Quod
685 614 863 659 tamen
906 606 1104 658 mirum
1148 611 1234 657 est
1268 599 1721 669 interpolatorem

136 710 231 750 non
262 699 645 766 perspexisse.
672 713 833 768 quem
877 697 1083 752 lictoris
1112 696 1195 751 sui
1222 702 1405 751 errata
1430 703 1486 748 et
1516 692 1711 763 praecia-

136 800 229 853 pne
261 787 610 841 elocutionis
647 788 793 841 mala
831 802 1043 857 semper
1074 786 1436 857 corrigentem
1470 781 1725 836 introdu-

139 876 205 930 cit
263 875 519 932 Deitatis.
604 877 797 949 Neque
824 879 1020 933 mirum
1049 886 1129 934 est
1150 917 1165 942 ,
1193 893 1318 933 cum
1348 874 1548 930 similis
1573 874 1725 927 enal-

141 970 243 1038 lnge
268 968 321 1023 in
350 970 788 1025 constructione
819 970 958 1040 apud
983 970 1221 1040 optimos
1250 968 1549 1035 scriptores
1580 979 1723 1033 saepe

139 1060 461 1116 observetur.
513 1062 669 1117 Cum
725 1073 846 1131 post
872 1077 1059 1118 vocem
1092 1060 1435 1130 εὐλογημένη
1476 1056 1723 1111 Ecclesia

137 1162 399 1223 sequatur,
426 1156 706 1225 quamvis
737 1157 844 1211 alio
875 1170 1029 1221 casu,
1058 1154 1312 1208 dubitare
1337 1165 1498 1205 nemo
1522 1150 1722 1219 potuit,

135 1247 250 1314 quin
290 1246 355 1299 ad
396 1263 527 1303 eam
566 1248 859 1305 referenda
904 1256 1069 1304 esset.
1099 1246 1156 1301 Si
1185 1245 1416 1301 dixisset
1440 1244 1508 1314 ἢν
1544 1242 1724 1297 ἀσπά-

138 1339 275 1408 ςομαι
300 1340 670 1412 Ἐκκλησίαν,
708 1342 849 1397 idem
898 1341 1126 1397 dixisset
1169 1339 1315 1410 quod
1362 1336 1477 1392 fere
1529 1351 1723 1391 omnes

136 1440 244 1483 ante
271 1447 395 1486 eum
426 1433 727 1488 dixerant.
760 1432 914 1488 Nunc
939 1449 1064 1489 cum
1095 1432 1486 1486 intercesserat
1522 1443 1722 1481 nomen

134 1522 421 1589 Christi,év
487 1516 579 1590 ᾧ,
645 1536 748 1592 pro
802 1523 926 1594 ἣνὲν
981 1526 1129 1596 αὐτῷ
1159 1520 1723 1589 hreviterdixit,quod

137 1614 256 1667 idem
285 1623 387 1669 est.

192 1704 253 1757 At
286 1723 304 1755 ι
327 1720 497 1760 nemo
539 1721 613 1759 ex
653 1705 803 1759 omni
836 1703 1241 1761 Christianismi
1273 1712 1398 1773 post
1438 1701 1721 1772 apostolos

135 1799 371 1853 memoria
423 1799 761 1869 reperitur,
805 1798 899 1869 qui
954 1797 1277 1867 hujusmodi
1332 1796 1720 1865 inscriptiones

134 1889 300 1957 quales
321 1891 493 1945 istius
523 1898 688 1956 sunt,
716 1889 833 1945 suis
854 1889 1102 1959 epistolis
1126 1888 1373 1959 praatlxit.
1396 1908 1414 1941 ›
1442 1887 1716 1942 Fortasse.

134 1980 250 2046 Quid
299 1992 495 2037 autem
560 1984 611 2039 si
674 1998 836 2036 nemo
890 1989 1017 2052 post
1069 1981 1351 2052 apostolos
1395 1980 1448 2034 id
1493 1978 1721 2035 fecerit?

134 2071 296 2128 Nonne
329 2076 478 2131 satis
512 2084 629 2141 est,
665 2077 813 2145 quod
835 2068 1131 2146 Apostolus
1163 2076 1279 2145 ipse
1309 2073 1454 2127 idem
1491 2071 1715 2128 fecerit?

133 2163 307 2222 llabuit
354 2168 418 2223 S.
456 2166 705 2222 Paulum
768 2167 826 2223 S.
856 2169 1101 2239 lgnatius
1149 2183 1313 2239 quem
1363 2175 1717 2237 sequeretur;

133 2258 387 2314 meliorem
451 2261 619 2331 sequi
659 2275 770 2315 non
814 2260 1011 2330 potuit.
1051 2259 1208 2327 Quod
1242 2262 1297 2314 in
1336 2273 1567 2329 corpore
1608 2258 1722 2326 epi-

132 2352 364 2407 stolarum
404 2368 640 2423 semper
665 2351 817 2417 facit,
840 2369 939 2409 cur
964 2370 1072 2409 non
1098 2363 1152 2407 et
1181 2354 1233 2407 in
1270 2352 1721 2422 inscriptionibus

131 2438 340 2498 faceret?
400 2444 524 2500 Cur
574 2444 856 2499 Ecclesias
914 2444 1259 2515 ἀποστολικῷ
1297 2444 1626 2515 χαρακτῆρι,
1664 2453 1721 2497 ut

133 2532 226 2599 ipse
253 2538 556 2603 proﬁtetur
593 2536 665 2590 ad
704 2534 1027 2604 Trallesios,
1063 2553 1171 2591 non
1213 2536 1513 2591 salutaret?
1546 2534 1719 2591 Unica

131 2635 314 2682 tantum
353 2629 612 2700 epistola
670 2638 867 2699 prteter
918 2630 1251 2700 apostolicas
1280 2630 1346 2683 ad
1388 2630 1721 2699 singularem

130 2719 341 2788 aliquam
381 2720 709 2775 Ecclesiam
760 2730 872 2774 tum
908 2722 1111 2790 scripta
1163 2722 1454 2791 reperitur,
1479 2720 1724 2775 Clemen-

132 2811 187 2865 tis
219 2813 433 2868 scilicet
472 2813 545 2867 ad
577 2811 926 2867 Corinthios.
975 2814 1058 2867 An
1090 2829 1252 2884 coges
1297 2814 1569 2883 lgnatium
1597 2812 1721 2868 Cle-

131 2913 341 2959 mentem
384 2904 642 2971 imitari,
691 2902 751 2957 S.
780 2902 1007 2960 Paulum
1039 2906 1328 2961 deserere?
1358 2905 1438 2958 An
1470 2904 1720 2959 Clemen-

134 3002 220 3046 tem
248 2996 437 3064 potius
496 3009 676 3065 quam
731 2991 790 3048 S.
820 2991 1051 3049 Paulum
1084 2994 1297 3049 itineris
1330 2996 1585 3049 comitem
1626 2995 1721 3048 ha-

1826 511 1975 556 terea
2006 500 2074 554 ad
2110 516 2306 555 omnes
2328 500 2654 565 catholicos,
2688 500 2806 555 haec
2835 501 2903 555 ad
2955 499 3153 555 fratres
3200 500 3256 554 iu
3288 502 3418 555 Asia

1825 602 1881 647 et
1910 592 2148 663 Phrygia
2173 592 2380 663 ubique
2404 592 2756 655 constitutos,
2783 594 2989 663 quibus
3004 594 3133 647 talia
3163 594 3417 649 encomia

1828 700 1935 739 non
1964 685 2393 750 conveniebant,
2424 685 2725 754 praesertim
2758 686 2813 739 in
2843 685 3091 754 epistolis
3118 702 3242 755 qua:
3279 684 3419 738 nihil

1826 777 1973 831 aliud
2025 792 2192 847 quam
2244 778 2595 832 narrationes
2644 779 2912 848 quasdam
2972 778 3039 833 de
3082 779 3198 833 suis
3254 777 3417 833 rebus

1826 867 2203 923 continebant.
2238 868 2297 921 S.
2324 866 2587 938 Cypriani
2614 879 2669 923 et
2722 868 3026 923 Firmiliani
3070 869 3316 937 epistolae
3346 870 3414 921 ad

1825 975 2091 1029 personas
2115 960 2428 1030 singulares
2452 962 2793 1032 plerumque",
2821 973 2916 1017 aut
2957 964 3024 1017 de
3068 963 3284 1033 negotio
3316 962 3417 1015 ali-

1823 1066 1933 1121 quo
1985 1052 2269 1120 peculiari,
2306 1053 2528 1122 scriptae
2572 1061 2747 1109 sunt:
2789 1063 2845 1110 et
2889 1054 3077 1126 lgnatii
3126 1055 3299 1124 ipsius
3326 1054 3414 1107 in-

1825 1144 2057 1213 scriptio
2109 1144 2176 1197 ad
2238 1144 2464 1198 unicum
2527 1143 2886 1218 Polycarpum
2921 1148 3057 1202 satis
3114 1147 3296 1202 brevis
3332 1153 3418 1200 est

1824 1245 1988 1306 atque
2018 1235 2263 1291 concisa.
2318 1234 2592 1291 Praeterea
2653 1239 2975 1307 posterioris
3016 1238 3113 1294 aevi
3172 1240 3415 1309 epistola:

1825 1327 2035 1381 similes
2066 1324 2372 1395 lgnatianis
2399 1326 2790 1395 inscriptiones
2832 1328 3035 1383 habere
3063 1328 3214 1382 nullo
3250 1328 3415 1383 modo

1826 1419 2152 1473 debuerunt.
2184 1418 2499 1489 Smyrnazos
2528 1419 2619 1474 ille
2650 1420 2836 1475 laudat
2872 1430 2933 1474 ut
2976 1421 3312 1492 ἡλεημένους
3356 1423 3416 1476 ὲν

1828 1512 1990 1565 παντὶ
2042 1512 2368 1583 χαρίσματι,
2392 1520 2445 1566 et
2477 1512 2878 1583 ἁνυστερήτους
2912 1515 3111 1577 παντὸς
3146 1515 3415 1587 χαρίσμα-

1826 1624 1935 1670 τος,
1986 1621 2109 1675 quae
2136 1604 2471 1659 charismata
2507 1614 2638 1658 tunc
2666 1605 2930 1674 temporis
2953 1606 3190 1675 plurima
3237 1608 3414 1661 maui—

1829 1697 1964 1753 feste
1991 1698 2045 1751 in
2076 1696 2329 1752 ecclesiis
2362 1696 2721 1765 apparebant,
2764 1697 3031 1765 paulatim
3078 1714 3207 1753 vero
3265 1698 3413 1754 defe-

1822 1798 2035 1845 cerunt.
2068 1789 2227 1844 Certe
2274 1788 2450 1842 multo
2474 1787 2828 1843 verisimilius
2861 1798 2920 1843 ut
2970 1788 3029 1843 S.
3058 1789 3300 1860 lgnatius
3331 1792 3415 1846 vir

1824 1882 2165 1953 apostolicus
2220 1896 2410 1936 revera
2455 1880 2513 1935 S.
2564 1880 2794 1936 Paulum
2849 1882 2904 1936 in
2955 1882 3413 1952 inscriptionibus

1823 1979 2155 2043 imitaretur,
2186 1994 2352 2049 quam
2386 1986 2445 2031 ut
2486 1978 2775 2045 impostor,
2823 1979 2970 2032 circa
3021 1978 3181 2033 linem
3244 1980 3411 2045 tertii,

1822 2081 1916 2126 aut
1943 2072 2159 2125 initium
2183 2070 2368 2140 quarti
2401 2069 2609 2131 saeculi,
2640 2069 2919 2123 hominem
2946 2081 3134 2124 contra
3160 2088 3415 2125 COllllllll-

1823 2179 1944 2218 nem
1970 2164 2136 2219 totius
2168 2162 2427 2218 Ecclesize
2459 2168 2913 2223 consuetudinem
2934 2167 3002 2221 ab
3033 2155 3410 2235 apostolorum

1824 2263 2065 2322 tempore
2097 2254 2423 2308 scribentem
2466 2254 2712 2323 fingeret.

1898 2344 2014 2400 Sub
2063 2347 2223 2401 titulo
2279 2345 2444 2415 hujus
2497 2350 2806 2417 argumenti
2856 2350 2925 2403 ab
2955 2348 3411 2417 inscriptionibus

1823 2440 1999 2509 petiti,
2027 2439 2093 2494 de
2123 2441 2343 2510 scriptis
2367 2448 2421 2494 et
2444 2440 2607 2495 dictis
2638 2441 2696 2496 S.
2735 2441 2926 2512 lgnatii
2960 2442 3410 2497 dissertationem

1826 2532 1960 2586 mire
1991 2532 2324 2599 introducit;
2354 2535 2447 2588 sed
2473 2536 2718 2589 lictorem
2750 2550 2911 2589 suum
2948 2535 3257 2600 ostendere,
3290 2534 3411 2603 opie

1825 2640 1949 2693 nor,
1981 2626 2193 2691 voluit,
2226 2640 2333 2679 non
2368 2636 2579 2680 tantum
2635 2622 2695 2678 S.
2749 2623 2925 2692 Pauli,
2984 2628 3076 2683 sed
3128 2636 3181 2681 et
3218 2626 3411 2697 lgnatii

1823 2720 2029 2773 malum
2068 2720 2417 2785 imitatorem,
2445 2719 2560 2773 sive
2587 2720 2804 2775 simiam
2839 2720 3031 2776 fuisse.
3064 2718 3251 2774 Primo
3273 2734 3412 2773 con-

1819 2808 2089 2876 jecturam
2116 2810 2337 2880 promit,
2370 2823 2493 2877 qua:
2521 2824 2588 2861 an
2622 2825 2749 2864 vera
2795 2811 2899 2876 sit,
2927 2826 2996 2865 ne
3033 2811 3169 2879 ipse,
3208 2810 3413 2879 inquit,

1824 2902 2132 2971 perspicere
2156 2904 2353 2971 potuit.
2397 2922 2414 2953 ι
2440 2902 2494 2957 Si
2532 2904 2716 2973 aliqua
2740 2904 2983 2974 lgnalius
3018 2902 3259 2973 scripsit,
3286 2904 3411 2972 ejus

1826 2992 2199 3048 characterem
2252 2994 2319 3048 ad
2356 2995 2539 3048 vivum
2574 2997 2881 3065 exprimere
2915 2995 3103 3050 voluit.
3154 2993 3261 3049 Sed
3305 2995 3423 3049 huc

132 3086 293 3143 buisse
343 3087 643 3159 putandus
696 3096 803 3151 est,
848 3097 942 3142 aut
988 3089 1034 3143 si
1085 3096 1341 3142 neutrum
1376 3086 1629 3142 habuerit
1665 3086 1719 3140 in
1751 3118 1794 3177 ο
1827 3100 1896 3140 an
1929 3102 2119 3141 verum
2155 3087 2246 3153 sit,
2294 3088 2585 3158 explorare
2618 3105 2681 3143 ac
2727 3089 3039 3159 perspicere
3075 3104 3183 3141 non
3213 3103 3413 3157 possu-

132 3181 352 3251 scriptis,
383 3196 581 3236 nonne
612 3180 767 3235 hunc
797 3181 979 3249 potius
1002 3196 1167 3251 quam
1198 3181 1351 3235 illum
1384 3181 1635 3235 intimum
1666 3188 1720 3235 et

132 3270 175 3324 in
201 3274 365 3328 animi
396 3289 639 3328 recessu
685 3272 921 3327 habuit?
969 3274 1110 3340 Quid
1148 3274 1293 3344 quod
1325 3273 1580 3329 Clemens
1606 3275 1722 3343 ipse

132 3378 223 3418 non
252 3381 353 3420 suo
387 3367 627 3420 nomine
660 3365 887 3434 scripsit
932 3366 999 3421 ad
1049 3366 1392 3433 Corinthios,
1421 3367 1515 3422 sed
1544 3365 1724 3421 Eccle-

131 3456 199 3510 sia
245 3460 496 3514 llomana
550 3459 646 3512 διὰ
684 3458 1005 3528 Κλήμεντος
1056 3460 1122 3513 ad
1174 3459 1477 3515 Ecclesiam
1523 3459 1721 3513 Corin-

134 3547 371 3619 thiat‘am,
396 3566 644 3621 eamque
670 3550 915 3619 pessima
938 3552 1256 3607 sehismatis
1281 3561 1433 3623 peste
1457 3553 1720 3608 amatam?

130 3638 200 3693 An
230 3651 587 3711 exspectaret
622 3642 925 3712 quisquam
957 3653 1015 3697 ut
1037 3642 1282 3700 Ecclesia
1338 3644 1607 3713 Romana,
1642 3655 1720 3700 tot
1754 3652 1757 3655 ‘

131 3735 374 3788 encomiis
397 3734 471 3789 ab
490 3735 771 3804 Apostolo
792 3750 963 3804 nuper
978 3745 1192 3803 ornata,
1215 3754 1559 3793 summorum
1585 3753 1720 3806 apo-

134 3826 377 3881 stolorum
420 3826 707 3897 martyrio
732 3826 897 3881 modo
928 3829 1551 3896 coronata,Corinthios
1571 3847 1719 3886 acer-

132 3917 254 3973 rime
284 3920 680 3992 objurgatura,
703 3918 1118 3988 inscriptionem
1142 3920 1559 3979 Corinthiorum
1592 3925 1718 3979 lau-

134 4007 276 4066 dibus
302 4014 522 4082 plenam
558 4010 886 4066 adhiberet?
910 4010 1029 4067 Alia
1058 4014 1241 4069 omnia
1270 4016 1487 4086 lgnatio
1518 4031 1719 4071 conve-

134 4102 355 4159 niebant.
370 4102 836 4159 Florentissimas
852 4102 1125 4161 Ecclesias
1138 4107 1337 4163 salutat
1350 4109 1467 4177 ipse
1484 4110 1717 4176 unicus;

133 4194 349 4252 vinculis
401 4199 681 4259 innexus,
745 4196 815 4250 ad
871 4197 1078 4254 bestias
1148 4200 1476 4272 damnatus,
1538 4205 1721 4274 quoti-

132 4289 281 4343 diam
311 4288 701 4344 Ecclesiarum
721 4289 1125 4346 ministratione
1146 4304 1512 4363 sustentatus,
1544 4297 1722 4367 iisque

136 4385 309 4439 multis
340 4385 673 4439 nominibus
698 4384 1012 4451 devinctus,
1043 4386 1175 4455 quid
1229 4391 1419 4445 minus
1478 4390 1721 4445 scribere

1831 3193 1969 3234 mus.
1994 3199 2012 3232 ι
2045 3179 2212 3247 Quasi
2248 3196 2376 3235 vero
2400 3181 2654 3235 dubitare
2687 3198 2833 3236 nunc
2864 3191 3134 3251 oporteat,
3178 3196 3247 3235 an
3307 3181 3413 3234 ali-

1824 3286 1931 3341 qua
1961 3273 2242 3342 scripserit
2265 3272 2609 3345 lgnatius,de
2630 3289 2738 3343 qua
2772 3290 2829 3329 re
2857 3274 3129 3328 nemiuem
3159 3288 3415 3343 unquam

1824 3364 2104 3421 dubitasse
2136 3374 2261 3421 ante
2299 3367 2402 3419 hoc
2455 3364 2642 3419 infelix
2671 3367 2933 3420 saeculum
2988 3368 3271 3432 novimus,
3338 3366 3409 3419 de

1823 3458 1983 3528 cujus
2016 3460 2234 3530 scriptis
2262 3463 2573 3531 complures
2599 3460 2748 3515 omni
2776 3460 2978 3515 sa'culo
3014 3458 3231 3514 locutos
3259 3476 3407 3525 esse,

1823 3551 1890 3604 ab
1916 3550 2035 3620 ipso
2065 3567 2175 3622 quo
2208 3553 2432 3623 scripsit
2470 3568 2615 3606 anno
2663 3554 2890 3606 scimus.
2943 3551 3046 3607 Sel
3070 3551 3254 3621 aliqua
3289 3551 3409 3605 for-

1822 3651 1970 3697 tasse
2000 3643 2105 3697 alia
2135 3644 2341 3709 voluit,
2390 3660 2515 3699 cum
2549 3662 2658 3700 non
2685 3647 2799 3701 haec
2834 3645 3106 3700 admittat.
3166 3645 3235 3698 At
3280 3646 3415 3714 quis

1824 3751 2067 3804 unquam
2096 3734 2231 3791 feret
2260 3738 2532 3805 ﬁctorem,
2566 3739 2654 3793 cui
2686 3738 3076 3793 obstetricatus
3102 3754 3224 3792 esse
3266 3739 3408 3793 dici-

1824 3838 1913 3882 tur
1934 3828 2225 3897 Eusebius,
2262 3845 2326 3883 ea
2348 3828 2537 3901 lgnatii
2571 3831 2772 3900 scripta
2804 3831 3023 3895 vidisse,
3062 3847 3183 3900 quae
3234 3829 3404 3885 Eusc-

1822 3920 1948 3975 bius
1971 3920 2085 3990 ipse
2106 3936 2212 3975 non
2244 3922 2396 3987 vidit,
2424 3938 2543 3992 qua:
2572 3939 2732 3977 nemo
2765 3933 2912 3987 ante,
2950 3939 3109 3977 nemo
3132 3932 3253 3992 post
3279 3939 3406 3977 eum

1825 4012 1998 4066 oculis
2031 4014 2358 4082 usurpavit?
2390 4012 2666 4080 Quorsum
2699 4015 2862 4084 igitur
2892 4015 3007 4069 haec
3032 4014 3266 4069 scribit?
3299 4016 3407 4069 sci-

1827 4103 1973 4169 licet,
2003 4114 2062 4157 ut
2088 4106 2339 4161 ostendat
2366 4107 2549 4177 aliqua
2572 4106 2765 4177 lgnatii
2790 4117 2975 4161 tenere
3003 4124 3125 4172 nos,
3144 4122 3266 4176 qua:
3290 4116 3410 4179 tur-

1828 4213 1949 4265 pem
1972 4198 2293 4267 impostoris
2324 4200 2688 4254 imitationem
2720 4200 2988 4268 produnt;
3030 4200 3123 4265 sed
3171 4200 3318 4254 dicta
3342 4218 3407 4253 ea

1826 4290 1939 4343 vult
1966 4307 1996 4344 a
2023 4290 2080 4344 S.
2111 4302 2369 4363 martyre,
2398 4310 2677 4363 nunquam
2719 4302 2899 4348 autem
2932 4294 3154 4362 scripta.
3196 4292 3240 4346 Ο
3271 4308 3407 4361 pra:—

1825 4383 2035 4437 clarum
2062 4388 2469 4439 commentum!
2509 4386 2766 4456 Legimus
2800 4386 2945 4455 apud
2991 4384 3279 4454 Origenein
3324 4386 3407 4439 dio

134 4476 297 4541 potuit
324 4491 493 4547 quam
519 4477 673 4547 quod
698 4478 953 4546 exemplo
990 4477 1047 4533 S.
1080 4478 1233 4534 Pauli
1260 4482 1522 4552 scripsit?
1552 4481 1713 4553 Poly-

1850 4476 1969 4530 ;isse
2015 4474 2313 4546 lgnatium:
2370 4476 2425 4529 '0
2455 4477 2596 4548 ἔρως
2643 4481 2674 4531 ὁ
2705 4478 2836 4548 ἐμὸς
2894 4478 3253 4546 ἐσταύρωται.
3320 4479 3405 4532 Au

135 4570 288 4636 carpi,
308 4568 762 4641 Smyrnensium,
782 4568 1247 4641 Lugdunensium,
1265 4575 1527 4649 Cypriani
1558 4576 1719 4630 etiam

136 4668 182 4712 et
206 4658 503 4717 Firmiliani
530 4662 924 4731 inscriptiones
954 4663 1158 4719 frustra
1183 4666 1558 4735 adducuntur,
1582 4683 1722 4737 quos

138 4750 320 4809 imitari
357 4754 606 4826 lgnatius
639 4772 753 4810 non
793 4756 997 4826 potuit,
1032 4767 1221 4828 utpote
1244 4777 1489 4831 quorum
1515 4760 1721 4831 episto-

138 4846 209 4903 las
228 4851 401 4907 serius
430 4851 675 4920 scriptas
696 4866 979 4921 nunquam
1004 4852 1216 4908 viderit.
1249 4856 1317 4911 At
1343 4854 1449 4919 illi,
1479 4855 1722 4923 inquies,

139 4935 387 5008 lgnatium
422 4943 633 4998 imitari
663 4943 1006 5012 potuissent;
1042 4954 1343 5013 potuerunt
1390 4947 1635 5015 quidem,
1668 4955 1723 5001 et

142 5030 180 5082 si
209 5034 386 5089 eadem
429 5035 659 5090 occasio
692 5050 751 5088 se
779 5035 1085 5103 obtulisset,
1120 5037 1223 5092 sub
1245 5038 1445 5095 iisdem
1482 5037 1723 5093 circum-

143 5128 336 5181 stautiis
367 5128 511 5183 forte
537 5129 686 5182 idem
717 5126 998 5182 fecissent.
1026 5128 1096 5183 At
1132 5126 1189 5183 S.
1221 5128 1587 5202 Polycarpus,
1621 5145 1722 5185 ne-

144 5229 234 5281 que
249 5219 413 5288 solus,
446 5230 510 5277 ut
543 5218 820 5290 lgnatius,
843 5235 1020 5290 neque
1041 5237 1105 5276 ea
1136 5223 1460 5278 conditione
1484 5223 1721 5293 positus,

146 5319 295 5377 napis
338 5311 477 5368 adeo
544 5309 1003 5381 Philippensibus
1055 5313 1386 5380 obstrictus,
1449 5313 1543 5368 sed
1591 5329 1719 5367 cum

147 5402 451 5474 Presbyteris
477 5414 533 5460 et
552 5403 721 5476 quasi
754 5402 1019 5461 Ecclesiae
1054 5422 1171 5461 suae
1219 5408 1467 5470 nomine,
1495 5408 1562 5461 ad
1592 5405 1724 5459 Phi-

147 5489 386 5561 lippenses
412 5498 531 5553 fere
566 5497 772 5553 eodem
804 5497 971 5553 modo
996 5514 1109 5568 quo
1139 5497 1395 5555 Clemens
1426 5499 1493 5553 ad
1523 5498 1720 5553 Coriu-

144 5582 264 5642 tbios
308 5590 553 5660 scripsit,
589 5590 840 5659 ideoque
892 5603 1018 5644 eum
1080 5591 1270 5659 potius
1311 5590 1560 5645 imitatus
1614 5600 1717 5645 est.

144 5671 535 5750 Smyrnensium
563 5682 742 5738 etiam
788 5687 842 5736 et
878 5680 1328 5753 Lugdunensium
1360 5682 1603 5753 epistolae
1654 5685 1722 5737 ab

128 5764 360 5834 Ecclesiis
385 5780 577 5837 missa:
614 5783 778 5845 sunt,
814 5775 987 5831 etilla
1038 5776 1259 5847 quidem
1311 5777 1377 5833 ad
1420 5775 1725 5834 Ecclesiam

1828 4583 2067 4637 unquam
2110 4565 2349 4638 lgnatius
2377 4569 2505 4622 alibi
2532 4584 2597 4623 ea
2631 4570 2795 4625 verba
2816 4570 2978 4635 dixit,
3003 4585 3169 4639 quam
3207 4571 3261 4624 in
3287 4572 3406 4640 epi—

1826 4660 2007 4714 stola?
2048 4659 2242 4715 Annon
2270 4660 2552 4729 Origenes,
2598 4676 2759 4730 quem
2798 4662 3062 4731 epistolas
3106 4662 3270 4719 hasce
3320 4665 3407 4715 vi—

1823 4754 1972 4809 disse
2002 4768 2101 4822 pro
2124 4760 2274 4809 certo
2296 4752 2585 4820 evicimus,
2619 4768 2685 4808 ex
2738 4753 2827 4808 illa
2882 4755 2949 4809 ad
2980 4754 3260 4812 Romanos
3291 4756 3407 4812 haec

1826 4846 2241 4916 transcripsisse
2271 4846 2545 4916 putandus
2582 4855 2687 4911 est,
2712 4861 2836 4901 eum
2892 4848 3034 4903 hanc
3076 4848 3404 4903 sententiam

1825 4936 1977 4992 alteri
2003 4938 2218 5006 scripta:
2239 4936 2539 5008 adjungat?
2593 4937 2749 5007 Apud
2802 4940 3053 4995 eumdem
3114 4940 3407 5010 Origenem

1824 5032 2025 5087 iterum
2051 5030 2283 5101 legimus
2322 5048 2335 5084 :
2373 5048 2391 5081 ι
2426 5029 2716 5101 Eleganter
2746 5032 2798 5085 in
2831 5032 3117 5102 cujusdam
3149 5032 3404 5099 martyris

1823 5124 2056 5194 cpistola
2080 5124 2344 5194 scriptum
2377 5125 2552 5193 reperi
2587 5123 2891 5195 (lgnatium
2915 5124 3059 5185 dico,
3086 5127 3403 5191 episcopum

1824 5218 2129 5273 Antiochia:
2162 5228 2282 5287 post
2303 5216 2527 5271 Petrum
2551 5217 2885 5283 secundum)
2918 5216 3012 5285 qui
3041 5216 3094 5267 in
3145 5228 3402 5282 persecu-

1825 5312 1969 5364 tione
1993 5311 2255 5381 pugnavit
2282 5311 2349 5365 ad
2390 5308 2623 5364 bestias:
2648 5329 2667 5358 ι
2698 5306 3003 5375 Principem
3029 5304 3211 5359 saeculi
3234 5304 3405 5373 hujus

1826 5402 1985 5456 latuit
2008 5403 2293 5473 virginitas
2317 5401 2519 5456 Mariae.
2546 5400 2737 5455 Nonne
2764 5402 2879 5453 haac
2904 5397 3174 5453 sententia
3199 5397 3403 5467 scripta

1824 5494 2043 5556 dicitur.
2076 5494 2375 5564 etquidem
2411 5493 2463 5547 in
2498 5491 2749 5561 epistola,
2798 5500 2962 5558 atque
2997 5487 3164 5541 etiam
3201 5503 3405 5560 marty-

1826 5589 1934 5643 ris?
1966 5586 2158 5642 Nonne
2203 5596 2407 5655 martyr
2468 5586 2555 5639 ille
2606 5584 2809 5638 diserte
2854 5581 3100 5652 lguatius
3150 5592 3403 5648 vocatur,

1824 5682 1985 5734 etiam
2018 5682 2303 5748 episcopus
2332 5678 2654 5740 Antiochiae,
2688 5692 2870 5731 nonne
2902 5676 3044 5730 idem
3070 5676 3162 5745 qui
3190 5692 3403 5747 pugna-

1827 5776 1901 5830 vit
1933 5776 1995 5829 ad
2024 5774 2262 5830 bestias?
2295 5771 2486 5831 Nonne
2518 5773 2629 5828 lucc
2674 5772 2937 5842 przeclara
2970 5772 3264 5839 sententia,
3326 5778 3405 5824 tot
