3768 6302
428 276 532 332 467

1486 285 1543 339 8.
1583 284 1934 342 lCNATiUS.
1972 318 2041 327 —
2078 286 2609 367 PROLEGOMENA.

3567 291 3655 348 “'8

429 399 685 458 Patribus
707 402 993 459 decantata
1014 419 1079 459 ex
1107 404 1335 475 epistola
1359 404 1549 475 lgnatii
1583 409 1755 463 nostri
1780 413 1848 463 ah
1874 407 1994 463 Ori—
2020 414 2070 471 Α
2095 409 2301 465 dictum
2334 426 2393 465 se
2409 426 2473 465 ex
2503 410 2732 480 epistola
2762 408 2953 481 lgnatii
2971 410 3039 467 ad
3071 410 3355 466 Romanos
3374 407 3663 479 sumpsisse

429 513 587 566 gene,
612 508 667 552 et
697 499 768 555 ab
809 499 901 554 illo
948 499 1111 554 etiam
1142 500 1234 570 qui
1284 499 1339 554 S.
1375 499 1577 556 Basilio
1609 503 1831 573 ἀρχαῖος
1858 504 1995 575 ἀνήρ

429 589 759 657 appellatur,
791 590 1064 660 descripta
1095 601 1199 658 est,
1229 593 1322 647 diu
1374 601 1667 663 antequam
1715 610 1747 649 a
1796 593 1997 651 Dallzeo

428 678 695 748 impostor
714 691 878 736 natus
907 698 1029 738 esse
1057 683 1316 754 tingitur?

498 768 694 825 Fateor
730 771 981 841 equidem
1024 772 1419 846 Hieronymum
1457 776 1749 847 scripsisse
1774 815 1789 840 ,
1833 774 1994 846 lgna-

427 859 561 914 tium
594 862 758 916 verba
787 878 912 932 quin
932 864 1076 933 apud
1101 863 1365 920 Irenaeum
1394 875 1631 931 exstant,
1670 876 1802 921 tunc
1846 867 1998 922 locu-

424 958 539 1004 tum
570 950 761 1019 fuisse,
791 969 916 1008 cum
965 956 1242 1025 rugientes
1267 956 1481 1011 audiret
1507 957 1732 1023 leones;
1759 957 1853 1013 sed
1890 958 1996 1013 hoc

422 1041 493 1097 ab
518 1042 612 1098 illo
632 1044 837 1099 dictum
862 1045 982 1101 sine
1004 1046 1112 1101 ulla
1140 1048 1465 1103 auctoritate
1490 1049 1653 1104 etiam
1681 1058 1740 1104 ut
1784 1048 1994 1103 fatean-

422 1144 514 1189 tur
536 1135 838 1191 adversarii
862 1153 1085 1194 neeesse
1121 1148 1222 1193 est.
1257 1139 1451 1194 Omnia
1507 1156 1629 1210 quae
1673 1141 1742 1195 de
1786 1140 1995 1210 lgnatio

423 1224 588 1280 habet
610 1226 665 1280 in
688 1226 976 1298 Catalogo,
1005 1244 1069 1284 ex
1110 1228 1329 1287 Eusebii
1366 1229 1609 1289 Historia
1635 1232 1900 1302 sumpsit;
1924 1246 1993 1286 ex

422 1315 516 1370 illa
541 1317 888 1388 transeripsit
940 1318 1305 1391 Hieronymus
1359 1323 1684 1378 sententiam
1741 1323 1884 1378 hanc
1925 1322 1995 1378 ab

423 1403 627 1462 [remeo
672 1407 985 1477 laudatam;
1032 1411 1171 1467 nihil
1198 1412 1306 1466 tale
1342 1410 1632 1480 Eusebius,
1693 1412 1830 1466 nihil
1885 1411 1996 1468 Ire-

423 1513 594 1566 naeus,
614 1501 755 1570 apud
777 1517 941 1571 quem
981 1513 1187 1575 martyr
1227 1505 1580 1578 κατακριθεὶς
1621 1506 1760 1578 πρὸς
1805 1505 1990 1577 θηρία,

430 1610 448 1637 ι
473 1608 598 1646 cum
615 1592 729 1662 jam
765 1594 1055 1652 damnatus
1075 1605 1221 1652 esset
1247 1597 1315 1652 ad
1343 1598 1545 1653 bestias
1578 1617 1596 1649 ι
1635 1613 1698 1653 ea
1720 1599 1883 1653 verba
1905 1598 1989 1654 lo-

424 1693 584 1739 cutus
630 1699 752 1740 esse
798 1684 1031 1755 dicitur;
1084 1687 1152 1742 de
1205 1702 1307 1743 suo
1345 1688 1506 1743 verba
1536 1696 1731 1744 caetera
1781 1689 1988 1745 addidit

423 1772 790 1846 Hieronymus
817 1777 1056 1841 incaute,
1088 1776 1420 1847 utpleraque
1450 1777 1555 1838 alia
1580 1792 1647 1833 ex
1671 1776 1906 1841 Eusebio
1934 1779 1991 1834 in

424 1865 519 1920 illo
545 1865 810 1936 Catalogo
839 1867 1022 1923 minus
1045 1877 1191 1925 recte
1230 1869 1695 1932 transcribuntur.
1748 1869 1992 1941 lgnatiurs

421 1957 570 2011 enim
602 1973 712 2014 non
740 1957 949 2025 Romae,
981 1949 1076 2016 sed
1125 1959 1433 2019 Antiochia:
1468 1961 1761 2018 damnatus
1808 1972 1893 2019 est
1921 1963 1991 2020 ad

422 2044 646 2111 bestias,
671 2055 725 2101 et
740 2057 866 2117 post
892 2048 1041 2102 illam
1064 2049 1574 2104 condemnationem
1593 2066 1718 2106 cum
1746 2049 1993 2123 Smyrna:

418 2151 480 2191 ea
528 2139 691 2193 verba
727 2139 1049 2217 scripserit,
1082 2138 1437 2213 κατακριθεὶς
1477 2139 1614 2211 πρὸς
1647 2140 1812 2212 θηρία
1854 2141 1993 2197 scri-

418 2228 548 2300 psit.
612 2229 993 2286 Certissimum
1043 2240 1129 2289 est
1175 2231 1567 2309 Hieronymum
1633 2234 1990 2304 epistolarum

416 2319 613 2392 lgnatii
637 2322 978 2389 meminisse,
1006 2331 1059 2377 et
1078 2321 1226 2384 illius
1241 2323 1512 2397 prmcipue
1532 2323 1796 2397 epistola,
1824 2341 1988 2396 quam

424 2412 493 2466 ad
527 2411 806 2473 Romanos
831 2413 1092 2487 scripsit,
1151 2414 1207 2468 in
1242 2429 1350 2484 qua
1396 2430 1543 2470 nunc
1573 2416 1687 2471 haec
1717 2416 1991 2487 ipsissima

424 2504 680 2576 leguntur
697 2504 882 2567 verba,
899 2512 954 2558 et
976 2518 1102 2561 ante
1126 2505 1247 2575 ejus
1261 2515 1473 2562 aetatem
1492 2506 1830 2578 legebantur.
1855 2506 1991 2565 Nam

401 2594 563 2666 'quod
586 2595 653 2651 de
675 2597 928 2666 prmsenti
953 2596 1223 2670 ἁληθομαι
1246 2598 1416 2653 molor
1444 2608 1752 2670 argutatur,
1784 2599 1990 2656 nullam

418 2688 530 2742 vim
561 2688 791 2748 obtinet.
821 2687 947 2744 Sive
976 2689 1119 2744 enim
1145 2689 1304 2755 dixit,
1328 2692 1442 2747 sive
1470 2694 1710 2763 scripsit,
1734 2708 1844 2748 non
1862 2708 1991 2750 cum

414 2781 528 2851 jam
562 2780 882 2847 laniaretur,
917 2780 970 2836 id
1000 2780 1203 2836 factum
1238 2791 1345 2849 est,
1371 2782 1468 2838 sed
1517 2799 1641 2839 cum
1692 2784 1872 2841 adhuc
1905 2787 1990 2842 la-

419 2872 658 2929 niandus
688 2882 855 2928 esset.
886 2870 955 2927 Et
986 2874 1244 2930 omnibus
1269 2874 1322 2929 in
1352 2890 1506 2931 more
1532 2876 1769 2946 positum
1814 2887 1900 2933 est
1923 2879 1990 2934 de

417 2980 478 3020 re
495 2974 641 3021 certe
659 2965 842 3023 futura
859 2968 1109 3037 praesenti
1128 2978 1369 3038 tempore
1384 2970 1483 3023 uti.
1502 2967 1612 3025 Nec
1628 2970 1741 3026 haec
1755 2970 1989 3042 objectio

419 3053 813 3129 Hieronymum
872 3060 1085 3129 tangit,
1131 3060 1227 3137 qui
1288 3075 1397 3116 non
1430 3061 1626 3129 molor,
1668 3063 1768 3119 sed
1817 3065 1988 3119 molar

2096 517 2163 556 ex
2218 500 2401 555 verbis
2446 501 2806 570 sequentibus
2834 541 2850 567 ,
2895 500 3129 554 τοιοῦτοι
3184 501 3298 573 γὰρ
3330 502 3381 553 οἱ
3445 499 3663 571 ἐρῶντες

2095 588 2233 660 ὅπερ
2265 588 2331 643 ἂν
2366 588 2647 660 πάσχωσιν
2681 590 2789 644 ὑπὸ
2836 590 2945 644 τῶν
2978 592 3272 663 ἐρωμένων
3328 591 3454 662 μεθ’
3489 591 3664 661 ἡδονῆς

2092 682 2337 751 δέχονται
2362 699 2377 713 -
2418 702 2436 735 ι
2464 682 2568 749 Qui
2590 683 2734 738 enim
2766 682 2847 738 sic
2887 692 3097 749 amant,
3129 682 3403 754 quidquid
3436 682 3511 737 ab
3533 698 3663 737 ama-

2094 771 2194 826 siis
2246 772 2548 841 patiuntur,
2600 788 2725 828 cum
2756 773 3035 843 voluptate
3070 774 3375 844 accipiunt.
3410 791 3433 825 ι
3474 773 3663 827 Alludit

2092 861 2238 916 enim
2276 860 2565 917 manifeste
2592 862 2658 917 ad
2689 862 2949 933 praeclara
2980 862 3072 916 illa
3105 862 3297 933 Ignatii
3323 862 3502 917 verba
3538 863 3663 917 etab

2093 953 2351 1009 omnibus
2395 954 2682 1009 decantata
2710 994 2726 1021 ,
2775 956 2804 1009 ὁ
2837 954 2977 1026 ἔρως
3024 955 3054 1007 ὁ
3098 954 3231 1026 ὲμδς
3282 953 3661 1027 ὲαταύρωταιε

2100 1061 2119 1095 ε
2149 1046 2317 1098 Amor
2344 1060 2499 1100 meus
2530 1044 2826 1100 cruciﬁxus
2850 1054 2954 1111 est,
2980 1063 3000 1099 ι
3045 1061 3167 1115 quae
3210 1045 3264 1102 in
3312 1046 3515 1101 eadem
3559 1045 3663 1115 epi-

2093 1136 2229 1190 stola
2262 1136 2638 1192 continentur.
2673 1135 2974 1195 Levissima
3022 1137 3187 1208 igitur
3223 1136 3555 1207 conjectura
3588 1145 3659 1190 est

2091 1226 2476 1295 impostorem,
2495 1225 2645 1297 quod
2679 1228 2793 1281 haec
2821 1227 2890 1283 ab
2915 1227 3125 1298 lgnatio
3151 1227 3298 1284 dicta
3331 1242 3450 1283 non
3478 1226 3663 1296 scripta

2090 1320 2409 1387 audivisset,
2442 1320 2565 1375 ideo
2594 1319 2711 1375 suis
2734 1319 2981 1389 epistolis
3009 1320 3344 1385 inseruisse,
3392 1334 3529 1373 cum
3554 1316 3663 1372 Ori-

2090 1424 2256 1480 genes
2296 1424 2404 1464 non
2430 1417 2642 1468 tantum
2670 1407 2802 1467 dicti
2828 1408 3174 1474 meminerit.
3203 1408 3299 1463 sed
3324 1417 3385 1462 et
3404 1407 3663 1478 epistola,

2090 1500 2457 1573 Hieronymus
2488 1501 2775 1572 epistolam
2824 1502 3033 1557 diserte
3058 1500 3437 1557 nominaverit
3502 1500 3667 1572 Chry-

2089 1605 2367 1651 sostomus
2413 1604 2599 1665 aperte
2625 1595 2887 1649 innuerit.

2158 1685 2345 1757 Capite
2366 1686 2429 1741 51
2458 1686 2707 1741 ultimum
2725 1696 3103 1757 argumentum
3118 1695 3174 1742 et
3190 1686 3244 1742 vi
3261 1695 3320 1741 et
3353 1686 3556 1742 ordine
3583 1686 3668 1741 ad-

2020 1756 2064 1812 Β
2089 1756 2262 1845 ducit,
2296 1796 2315 1830 ι
2336 1777 2603 1848 lgnatium
2644 1756 2876 1845 scilicet,
2902 1778 3095 1834 decere
3119 1794 3227 1834 non
3253 1778 3508 1845 videtur,
3533 1778 3665 1849 quod

2089 1872 2250 1927 toties
2294 1871 2485 1926 eadem
2535 1871 2752 1940 repetit.
2789 1890 2809 1923 ι
2840 1870 2911 1926 At
2934 1870 3127 1941 quidni
3150 1868 3428 1942 Ignatium
3467 1871 3665 1935 deccat,

2085 1963 2235 2035 quod
2271 1964 2363 2018 alii
2390 1964 2443 2017 iu
2475 1962 2627 2018 omni
2652 1978 2850 2033 genere
2879 1963 3183 2033 scriptores
3230 1978 3291 2018 se
3336 1962 3546 2019 decere
3571 1978 3663 2032 pu-

2088 2056 2314 2111 tarunt?
2366 2054 2635 2120 Πολλάκις
2682 2054 2743 2109 τὸ
2780 2054 2914 2109 αὐτὸ
2952 2054 3082 2127 ὲρῶ,
3153 2054 3335 2124 inquit
3368 2053 3661 2108 Lucianut.

2092 2142 2151 2199 S.
2183 2145 2516 2201 Athanasius
2558 2145 2626 2201 de
2670 2145 3050 2199 incarnatione
3087 2142 3251 2199 Verbi
3284 2145 3425 2197 Dei:
3481 2145 3570 2215 Μή
3619 2160 3664 2196 τι

2091 2234 2395 2307 θαυμάσῃς,
2431 2237 2478 2289 ei
2505 2234 2762 2301 πολλάκις
2793 2236 2862 2290 τὰ
2896 2235 3033 2289 αὐτὰ
3066 2236 3196 2307 περὶ
3226 2235 3338 2289 τῶν
3370 2235 3560 2288 αὐτῶν
3589 2234 3663 2287 λέ-

2089 2339 2293 2398 γομενε
2334 2322 2453 2382 (Ne
2494 2323 2737 2391 mireris,
2774 2324 2822 2380 si
2871 2324 3070 2394 saepius
3119 2324 3312 2378 eadem
3352 2324 3426 2378 de
3480 2324 3659 2377 iisdem

2089 2412 2345 2469 dicimus.
2386 2432 2405 2466 ι
2460 2412 2761 2484 XenOphon
2814 2414 2998 2485 plures
3040 2413 3345 2470 sententias
3396 2412 3568 2466 habet
3612 2412 3657 2464 in

2090 2504 2369 2571 Historia,
2424 2521 2562 2576 quas
2614 2506 2809 2576 repetit
2840 2507 2896 2560 iu
2943 2504 3065 2560 Vita
3119 2505 3383 2577 Agesilai.
3421 2503 3657 2559 Plurima

2089 2598 2231 2668 apud
2255 2595 2576 2667 Gregorium
2600 2594 3003 2655 Nazianzenum
3028 2596 3083 2650 in
3119 2611 3230 2650 una
3268 2596 3531 2651 oratione
3571 2595 3658 2649 ha-

2090 2690 2311 2755 bentur,
2344 2704 2468 2759 quze
2494 2689 2547 2742 in
2577 2688 2685 2744 alia
2716 2704 2844 2743 mox
2874 2696 3213 2758 repetuntur.
3264 2688 3373 2742 Sed
3406 2688 3517 2742 hoc
3558 2704 3654 2743 non

2089 2781 2246 2837 decet
2268 2778 2535 2852 Ignatium
2570 2798 2589 2832 ς
2612 2780 2788 2835 aetatis
2809 2779 2921 2849 jam
2952 2788 3250 2849 provectae;
3276 2798 3297 2834 ι
3318 2780 3486 2849 quasi
3509 2795 3654 2835 senes

2091 2874 2509 2945 repetitionibus
2546 2873 2729 2931 minus
2752 2873 2948 2945 “dediti
2982 2873 3095 2928 sint
3118 2915 3135 2938 ,
3190 2888 3361 2943 quam
3404 2873 3650 2942 juvenes.

2089 2965 2208 3023 Non
2239 2967 2394 3022 decet
2420 2966 2698 3021 hominem
2738 2983 2757 3018 ι
2785 2965 3247 3034 apud,apostolos
3282 2964 3648 3029 educatum;-

2090 3060 2249 3129 quasi
2275 3074 2385 3113 non
2404 3058 2593 3113 deceat
2619 3057 3005 3128 apostolicum,
3033 3057 3179 3128 quod
3204 3057 3391 3112 decuit
3423 3058 3655 3126 Aposto-

419 3150 733 3218 transtulit;
760 3151 902 3213 unde
935 3151 1273 3225 Sophronius
1296 3152 1368 3209 ita
1391 3154 1585 3215 vertit:
1613 3156 1722 3209 Καὶ
1756 3154 1984 3228 εὔχομαι

2103 3153 2227 3209 lum.
2262 3150 2342 3205 Τὰ
2372 3150 2511 3205 αὐτὰ
2541 3151 2770 3222 γράφειν
2803 3149 2951 3221 ὑμῖν,
2987 3149 3108 3220 ἐμοὶ
3144 3147 3244 3220 μὲν
3274 3150 3378 3207 οὐκ
3408 3147 3655 3221 ὀκνηρδν,

417 3242 532 3312 τοῖς
563 3241 742 3301 ὀδοῦσι
774 3242 881 3296 τῶν
915 3242 1118 3324 θηρίων
1150 3243 1460 3324 ἀλεσθῆναι,
1501 3263 1520 3297 ι
1545 3254 1599 3301 et
1616 3256 1746 3317 opto
1784 3257 1842 3302 ut
1862 3249 1995 3305 deu—

422 3330 567 3387 tihus
614 3333 913 3393 bestiarum
960 3334 1156 3389 molar.
1186 3355 1204 3387 I
1244 3336 1313 3395 At
1335 3334 1506 3389 illud:
1541 3354 1559 3387 ι
1588 3334 1808 3401 Utinam
1842 3336 1994 3394 fruar

418 3427 608 3482 bestiis
624 3427 757 3481 mihi
771 3428 998 3501 paratis,
1017 3428 1215 3498 inquit,
1240 3444 1304 3484 ex
1330 3429 1724 3501 Chrysostomo
1744 3432 1878 3488 certi
1900 3447 1994 3488 su-

417 3533 541 3579 mus
563 3516 1025 3582 Romaalgnatium
1048 3520 1114 3573 ad
1132 3520 1413 3579 Romanos
1424 3530 1716 3591 praesentes
1733 3523 1987 3589 dixisse»

417 3624 541 3663 cum
583 3608 1008 3679 Chrysostomus
1034 3610 1256 3665 minime
1287 3620 1491 3675 narret,
1521 3626 1646 3665 eum
1673 3620 1767 3666 aut
1788 3613 1853 3669 ad
1879 3612 1993 3670 Ro-

416 3714 611 3755 manos
639 3710 955 3777 praesentes,
989 3711 1083 3757 aut
1112 3701 1300 3759 Roma
1352 3718 1417 3757 ea
1455 3706 1623 3758 verba
1671 3707 1988 3775 protulisse.

415 3791 663 3851 AiIirmat
708 3793 977 3863 Ignatium
1020 3795 1238 3850 lubente
1278 3795 1464 3853 animo
1516 3778 1718 3852 bestias
1767 3798 1987 3859 vidisse.

417 3880 590 3933 Πόθεν
622 3880 782 3935 τοῦτο
813 3883 1004 3953 δῆλον;
1047 3902 1064 3935 ι
1087 3882 1240 3938 Unde
1266 3885 1370 3939 hoc
1401 3886 1671 3956 apparet?
1707 3905 1726 3937 ι
1790 3889 1988 3956 inquit,

416 3969 526 4022 ἀπὸ
558 3969 667 4023 τῶν
718 3970 978 4041 ῥημάτων
1011 3965 1087 4026 ὧν
1118 3973 1484 4043 ἀποθνήσκειν
1537 3974 1746 4044 μέλλων
1794 3976 1990 4046 ἐφθέγ-

420 4059 565 4125 ξατο.
610 4079 628 4110 ε
664 4062 746 4115 Ab
780 4061 887 4116 illis
913 4063 1115 4130 verbis,
1164 4079 1286 4134 quae
1325 4080 1449 4119 cum
1488 4066 1791 4121 moriturus
1821 4078 1987 4135 esset,

415 4154 634 4208 locutus
656 4161 756 4207 est.
788 4174 807 4205 ι
834 4154 905 4209 At
923 4165 1041 4209 erat
1063 4156 1422 4228 ἀποθνήσκειν
1443 4155 1647 4228 μέλλων
1680 4159 1748 4212 ab
1770 4174 1835 4213 eo
1855 4169 1991 4213 tem—

415 4260 570 4319 pore,
600 4260 710 4316 quo
740 4246 806 4299 ad
832 4255 1060 4302 mortem
1088 4247 1483 4304 condemnatus
1505 4259 1618 4304 est:
1644 4264 1821 4320 neque
1841 4251 1987 4317 enim

420 4334 636 4411 μέλλειν
668 4350 781 4389 rem
814 4344 1159 4407 praesentem,
1192 4344 1286 4390 aut
1330 4339 1514 4391 statim
1543 4338 1781 4393 futuram
1816 4341 1987 4416 signi-

2093 3244 2223 3314 ὑμῖν
2270 3242 2326 3296 δὲ
2357 3240 2614 3311 ἀσφαλές.
2660 3259 2679 3293 ‹
2707 3239 2908 3296 Eadem
2944 3241 3097 3296 vobis
3119 3241 3391 3307 scribere,
3424 3257 3514 3296 me
3540 3240 3655 3310 qui-

2091 3336 2214 3391 dem
2241 3350 2351 3390 non
2384 3334 2547 3404 piget,
2577 3333 2731 3388 vobis
2766 3341 2947 3387 autem
2994 3338 3169 3387 tutum
3198 3342 3300 3398 est,
3328 3351 3349 3385 ι
3392 3333 3576 3403 inquit
3598 3331 3652 3387 S.

2090 3426 2298 3483 Paulus
2323 3426 2557 3496 Philipp.
2592 3441 2675 3492 ill,
2702 3426 2755 3480 1.

2161 3519 2303 3587 Quid
2334 3534 2483 3585 vero,
2508 3534 2577 3572 an
2600 3517 2703 3573 hoc
2736 3527 2820 3573 est
2850 3517 3040 3571 eadem
3070 3526 3334 3587 repetere,
3367 3516 3515 3572 idem
3563 3532 3657 3571 vo-

2091 3613 2348 3670 cabulum
2376 3610 2666 3679 aliquoties
2698 3610 2995 3679 usurpare?
3018 3607 3167 3662 Dixit
3195 3607 3254 3662 S.
3279 3607 3490 3663 Paulus
3543 3609 3657 3663 loco

2086 3708 2200 3781 jam
2222 3704 2474 3758 laudato:
2506 3702 2739 3755 Βλέπετε
2773 3702 2899 3765 τοὺς
2932 3702 3117 3765 κύνας,
3148 3700 3374 3771 βλέπετε
3406 3702 3533 3763 τοὺς
3565 3718 3658 3753 κα-

2091 3797 2220 3861 κοὺς
2252 3795 2510 3867 ἐργάτας,
2549 3793 2772 3863 βλέπετε
2804 3793 2901 3864 τὴν
2934 3792 3262 3863 κατατομήν.
3310 3790 3431 3846 Non
3484 3801 3657 3846 tamen

2090 3888 2196 3942 hoc
2218 3895 2323 3947 est,
2347 3886 2493 3956 quod
2524 3894 2648 3940 ante
2670 3885 2830 3951 dixit,
2857 3884 2923 3938 τὰ
2944 3881 3091 3938 αὑτᾶ
3112 3883 3363 3955 γράφειν.
3388 3882 3497 3938 Sed
3520 3884 3658 3938 ὀναί-

2093 3994 2199 4049 μην
2232 3986 2285 4030 et
2315 3974 2607 4045 ἁντίψυχον
2634 3993 2652 4026 ι
2679 3974 2882 4044 ubique
2905 3975 3046 4042 apud
3089 3974 3236 4028 hunc
3283 3983 3605 4028 occurrunt.
3635 3992 3652 4025 ι

2089 4054 2245 4138 Apud
2282 4068 2429 4121 hunc
2453 4075 2634 4125 autem
2668 4066 2902 4135 ubique?
2932 4064 3167 4135 Scripsit
3207 4081 3354 4120 unus
3407 4065 3659 4135 idemque

2090 4166 2295 4228 septem
2322 4158 2603 4227 epistolas,
2626 4166 2686 4211 ut
2714 4157 2983 4222 arbitror;
3017 4167 3077 4211 ut
3116 4166 3173 4211 tu
3207 4157 3515 4221 existimas,
3568 4174 3658 4213 sex

2090 4258 2301 4309 tantum
2342 4236 2608 4324 impostor
2629 4258 2777 4303 tuus.
2814 4248 2960 4319 Lego
3014 4248 3208 4303 harum
3260 4259 3522 4318 quatuor,
3556 4267 3657 4304 vox

2093 4341 2381 4415 ἀντίψυχον
2416 4342 2468 4395 in
2493 4357 2682 4396 earum
2712 4340 2859 4393 nulla
2904 4339 3149 4394 occurrit
3179 4355 3190 4387 ε
3227 4356 3294 4394 an
3346 4341 3513 4411 igitur
3544 4342 3659 4395 ubi-

416 4428 561 4481 licet.
598 4425 714 4481 Hoc
743 4443 939 4483 rursus
984 4429 1219 4498 probat:
1266 4429 1528 4493 Ἀκούσας
1560 4431 1668 4504 γὰρ
1714 4432 1796 4484 ὃτι
1838 4428 1984 4498 οὗτος

2103 4435 2233 4504 que?
2260 4418 2403 4501 Lego
2428 4434 2621 4493 iterum
2651 4440 2907 4501 quatuor,
2941 4446 3045 4485 nec
3079 4432 3321 4485 occurrit
3350 4447 3456 4486 vox
3500 4433 3656 4485 ἀναι-

414 4518 576 4573 αὑτὸν
608 4519 709 4590 τῆς
740 4520 1055 4593 τιμωρίαςὸ
1083 4521 1283 4593 τρόπος
1312 4522 1484 4593 μένει,
1507 4521 1617 4591 ἐγὼ
1650 4522 1757 4581 τῶν
1789 4523 1991 4598 Θηρίων

417 4617 643 4667 ἐκείνων
701 4615 939 4687 ὀναίμην
991 4613 1166 4683 ἔλεγε.
1227 4635 1246 4665 ι
1314 4616 1452 4668 Cum
1507 4617 1651 4671 enim
1696 4618 1993 4681 audivisset

417 4707 525 4762 hoc
585 4722 711 4761 eum
760 4706 1014 4778 supplicii
1066 4724 1236 4780 genus
1295 4724 1561 4765 manere:
1612 4708 1829 4779 Utinam
1888 4727 1990 4783 ego

419 4798 539 4853 istis
583 4798 775 4853 bestiis
815 4798 999 4853 fruar?
1040 4800 1337 4869 inquiebat.
1379 4818 1399 4851 ε
1463 4802 1758 4857 Audivcrat
1806 4813 1986 4859 autem

420 4889 479 4943 8.
509 4886 751 4959 lgnatius
781 4887 875 4942 diu
910 4896 1200 4957 antequam
1237 4887 1464 4943 Romam
1519 4892 1855 4960 perveniret,
1884 4892 1990 4948 hoc

416 4978 519 5033 sibi
546 4977 739 5033 mortis
769 4992 940 5047 genus
962 4985 1213 5047 paratum
1248 4975 1440 5043 fuisse,
1488 4980 1555 5033 ad
1600 4981 1746 5049 quod
1794 4982 1989 5036 Antio-

413 5071 553 5125 ehiae
575 5069 970 5126 condemnatus
1006 5068 1199 5123 fuerat.
1236 5067 1303 5122 Et
1331 5070 1548 5139 quidem
1573 5072 1640 5126 ad
1662 5072 1986 5133 sententiam

420 5163 488 5216 ab
516 5163 844 5234 imperatore
868 5162 1035 5215 latam
1066 5162 1375 5232 respexisse
1405 5164 1857 5234 Chrysostomum
1890 5182 1987 5235 pa-

415 5268 509 5309 cet.
537 5255 639 5311 Διά
667 5254 825 5310 τοῦτο
848 5253 955 5307 τῶν
988 5252 1214 5325 θηρίων,
1248 5253 1450 5323 ἔλεγεν,
1484 5255 1713 5325 ὀναίμην
1734 5296 1748 5318 ,
1792 5275 1811 5306 ι
1842 5255 1979 5309 Pro-

417 5353 599 5413 pterea
619 5387 637 5411 ,
659 5344 852 5400 bestiis
880 5343 1065 5411 fruar,
1107 5345 1340 5409 dicebat,
1373 5364 1393 5397 ι
1450 5345 1543 5398 καὶ
1576 5344 1751 5417 πολλῷ
1782 5347 1987 5401 τούτων

415 5434 738 5507 ἡμερώτεροι
770 5437 839 5491 τὰ
872 5438 1115 5508 στόματα
1149 5436 1395 5515 ἐνόμιζεν
1428 5433 1566 5491 εἶναι
1598 5438 1698 5508 τῆς
1746 5439 1840 5492 τοῦ
1891 5458 1985 5494 τυ-

2089 4540 2242 4593 μηνο
2285 4538 2462 4591 neque
2515 4522 2604 4579 illa
2653 4522 2817 4591 igitur
2848 4520 3068 4589 ubique.
3129 4522 3239 4575 Cur
3286 4522 3502 4576 veritati
3553 4532 3655 4576 tam

2090 4624 2275 4684 aperte
2314 4613 2688 4668 contradicis?
2713 4613 2913 4685 Ubjicit
2936 4622 2991 4667 et
3013 4613 3149 4678 haec,
3171 4628 3229 4668 se
3258 4614 3528 4668 minorem
3544 4628 3657 4667 esse

2089 4708 2235 4772 aliis,
2259 4706 2543 4776 indignum
2575 4722 2716 4770 esse,
2750 4721 2857 4759 non
2882 4721 3004 4760 esse
3033 4704 3263 4775 aliquid,
3295 4720 3406 4759 non
3440 4716 3501 4759 ut
3528 4722 3656 4775 apo-

2089 4796 2292 4853 stolum
2326 4796 2653 4866 praecipere:
2682 4796 2881 4864 quibus
2916 4810 3047 4850 suos
3077 4794 3411 4866 Smyrnzuos,
3446 4796 3655 4867 Magne-

2087 4888 2299 4952 sianos,
2340 4872 2667 4953 Trallianos,
2692 4886 2989 4953 Romanos,
3016 4886 3302 4963 Ephesios,
3338 4887 3654 4951 Tarsenses,

2088 4980 2613 5051 Philadelphienses,
2646 4978 3021 5033 Antiochenos
3060 4987 3113 5033 et
3153 4978 3537 5048 Philippenses
3562 4980 3653 5034 oh-

2088 5073 2288 5127 tundit.
2323 5071 2467 5125 Proh
2510 5072 2742 5135 miseros
2769 5069 3055 5134 homines,
3107 5070 3175 5124 ad
3220 5086 3363 5139 quos
3420 5070 3652 5142 lgnatius

2088 5169 2342 5237 Scripsit!
2380 5165 2492 5221 luto
2519 5180 2649 5229 vero
2679 5165 2752 5218 illi
2784 5164 2918 5218 satis
2944 5164 3163 5230 felices;
3198 5179 3302 5219 nos
3332 5168 3519 5233 potius
3544 5164 3655 5217 Bal.

2087 5259 2219 5323 lzeus
2244 5256 2517 5323 obtundit,
2546 5256 2641 5325 qui
2674 5254 3171 5324 smpiqshaacnobis
3201 5254 3469 5319 inculcat,
3498 5270 3650 5324 quam

2086 5350 2205 5405 suis
2231 5348 2507 5418 Ignatius;
2539 5348 2746 5417 quique
2774 5350 2977 5416 optime
3034 5345 3187 5411 novit
3224 5347 3484 5403 eumdem
3524 5346 3652 5400 scri-

2084 5450 2297 5508 ptorem
2346 5440 2442 5509 qui
2495 5424 2829 5509 Smyrnaeos
2861 5438 3130 5500 allocutus
3166 5447 3289 5505 est,
3332 5436 3648 5495 Tarsenses,

418 5524 610 5595 ράννον
641 5525 906 5599 γλώττης.
945 5526 1052 5582 «Et
1076 5530 1248 5583 multo
1273 5530 1358 5613 his
1382 5531 1753 5587 mansuetiora
1780 5533 1983 5588 bestia-
2068 5531 2457 5597 Antiochenos
2506 5539 2559 5585 et
2624 5528 3001 5601 Philippenses
3054 5545 3163 5586 non
3208 5530 3527 5594 obtudisse,
3588 5545 3649 5581 ne

418 5630 539 5668 sum
586 5629 682 5670 ora
737 5618 948 5686 putavit
1000 5635 1161 5688 esse,
1195 5637 1359 5691 quam
1396 5622 1636 5690 linguam
1678 5625 1919 5694 tyranni.
1959 5643 1977 5676 ι

418 5707 680 5766 Praeterea
723 5710 780 5764 S.
817 5710 1240 5782 Chrysostomus
1269 5715 1401 5773 satis
1426 5716 1572 5773 clare
1610 5716 1851 5775 ostendit
1872 5716 1976 5772 hoc

2086 5624 2383 5678 allocutum
2424 5624 2644 5692 quidem
2671 5638 2765 5693 per
2790 5623 3078 5693 epistolam
3106 5638 3250 5679 esse.
3284 5623 3356 5677 Se
3387 5624 3645 5677 minorem

2089 5732 2208 5773 csse
2234 5716 2353 5773 aliis
2377 5718 2547 5785 semel
2578 5727 2788 5773 tantum
2815 5718 2972 5784 dixit,
3008 5732 3201 5791 nempe
3224 5716 3293 5774 ad
3323 5715 3643 5789 Magnesios;
