3768 6320
110 321 208 377 ³89

918 310 1288 369 PEARSONII
1320 306 1649 368 VINDICIE
1682 305 2099 364 lGNATlANIE.
2127 337 2201 349 —
2237 307 2416 363 PARS
2446 305 2509 363 ll.

3244 311 3351 364 470

115 438 231 492 illos
259 434 427 507 igitur
454 447 514 491 ea
538 432 820 491 locutione
848 434 1081 489 minime
1104 434 1340 498 obtudit,
1367 432 1567 488 nedum
1593 447 1679 486 re-
1708 436 1752 491 Δ
1780 429 1903 485 dem
1935 412 2340 500 Magnesianos,
2374 449 2393 483 ι
2430 426 2588 499 quasi
2614 443 2722 484 non
2752 429 2886 485 satis
2930 430 3347 495 intellexissent,

117 530 313 596 liquos:
345 542 405 583 se
431 541 539 580 non
557 540 683 581 esse
704 525 967 596 aliquem,
988 526 1159 581 semel
1187 534 1399 580 tantum
1420 565 1435 591 ,
1464 524 1674 580 scilicet

118 619 179 674 ad
204 618 499 688 Ephesios:
526 632 634 672 non
666 625 725 671 ut
746 619 1056 688 apostolum
1081 617 1399 689 praecipere,
1432 616 1527 671 bis
1553 624 1675 670 tan-

120 722 244 776 tum,
269 708 562 779 etquidem
596 709 665 764 ad
711 709 995 775 diversos;
1036 710 1238 779 sapius
1283 722 1344 763 se
1387 706 1673 777 indignum

120 803 336 866 vocavit,
371 818 495 871 qua:
519 817 624 857 vox
651 803 726 856 ita
754 801 992 871 posteris
1021 802 1248 871 placuit,
1303 810 1366 855 ut
1417 798 1675 855 omnibus

121 895 217 964 piis
234 894 501 963 episcopis
524 894 683 964 quasi
710 893 1031 948 adhaereret.
1071 893 1224 948 Adeo
1263 907 1383 946 rara
1409 905 1520 945 non
1546 899 1677 946 sunt

120 1000 229 1053 quae
248 984 413 1041 semel
436 984 588 1049 dicit,
623 994 682 1038 ut
702 1000 767 1039 ex
795 984 881 1039 his
903 992 1141 1054 quatuor
1157 999 1281 1053 quae
1305 984 1467 1039 toties
1494 982 1675 1040 incul-

121 1076 222 1131 cari
251 1076 384 1139 vult,
414 1075 527 1130 duo
556 1076 725 1131 semel
755 1084 963 1130 tantum
988 1074 1207 1130 dixerit.
1236 1073 1294 1130 Si
1324 1075 1680 1145 haacaposw-

122 1170 273 1224 licum
301 1167 481 1224 virum
538 1167 756 1235 feriant,
815 1168 947 1239 quid
976 1168 1045 1224 de
1084 1169 1143 1225 S.
1174 1168 1349 1225 Paulo
1384 1170 1679 1227 dicemus?

125 1258 443 1318 Vocabulum
471 1260 548 1317 illi
573 1261 780 1331 placuit
809 1263 1218 1334 κατενάρκησα,
1246 1262 1394 1333 quod
1419 1262 1515 1334 qui
1552 1274 1679 1321 ante

121 1374 233 1415 eum
254 1360 620 1430 usurpaverit,
672 1359 947 1414 neminem
1008 1358 1237 1414 scimus.
1301 1356 1419 1415 Hoc
1469 1369 1676 1426 autem,

122 1451 251 1522 quat
265 1452 547 1520 proposito
579 1466 681 1509 suo
715 1450 919 1521 optime
956 1451 1250 1507 convenire
1298 1458 1536 1521 putaret,
1568 1467 1677 1506 non

123 1543 272 1598 semel
304 1558 437 1599 usus
462 1553 568 1610 est,
592 1552 647 1599 et
670 1542 891 1614 quidem
919 1543 986 1597 ad
1007 1541 1255 1609 eosdem,
1283 1541 1329 1597 ll
1358 1540 1488 1598 Cor.
1520 1559 1595 1609 xt,
1620 1542 1672 1599 8:

126 1635 197 1687 Οὐ
226 1632 642 1702 κατενάρκησα
686 1633 953 1701 οὐδενός.
990 1632 1206 1689 Rursus
1227 1648 1349 1704 cap.
1412 1650 1527 1700 xu,
1574 1635 1673 1689 l3:

123 1727 294 1794 Αὐτὸς
322 1726 437 1797 ἐγὼ
451 1730 527 1782 οὐ
556 1727 973 1797 κατενάρκησα
988 1726 1175 1797 ὑμῶν,
1193 1736 1249 1783 ει
1267 1727 1540 1783 versiculo
1557 1743 1679 1798 pro-

124 1816 282 1873 ximo:
320 1817 401 1871 οὑ
435 1815 872 1885 καταναρκήσω
901 1816 1090 1886 ὑμῶν.
1122 1815 1178 1871 Si
1224 1816 1341 1871 haec
1364 1817 1678 1886 scripsisset

123 1906 363 1978 lgnatius,
396 1923 539 1978 quas
569 1908 760 1964 turbas
802 1907 1099 1964 excitasset
1161 1908 1425 1966 Dallaeusl
1470 1908 1675 1965 Nactus

124 2008 195 2053 est
222 1999 440 2054 verbum
477 2015 671 2055 rarum
706 2010 760 2055 et
796 2000 1101 2067 insolitum,
1142 2001 1291 2070 quod
1313 2000 1382 2055 ad
1409 2001 1676 2057 orationis

125 2106 353 2161 pompam
373 2099 429 2146 et
445 2090 613 2160 ὄγκον
638 2089 865 2146 faceret.
900 2108 920 2143 ι
943 2087 1060 2146 Hoc
1108 2089 1212 2146 sibi
1255 2089 1401 2145 salse
1440 2099 1495 2146 et
1537 2090 1677 2146 belle

125 2184 257 2239 visus
275 2192 357 2239 est
374 2183 603 2240 dixisse.
636 2201 658 2236 ι
685 2180 806 2238 Νοη
834 2182 1002 2255 igitur
1026 2183 1131 2239 sibi
1154 2193 1458 2254 temperare
1475 2186 1673 2254 potuit,

126 2276 238 2345 quin
263 2275 455 2331 iisdem
489 2274 789 2341 occineret,
820 2289 1028 2347 eosque
1056 2274 1305 2331 conferta
1350 2275 1677 2345 repetitione

124 2369 443 2435 obtunderet,
487 2376 545 2423 et
590 2368 710 2438 ipsa
756 2367 1037 2438 torpedine
1066 2369 1343 2438 potentius
1364 2366 1679 2439 obstupefa-

124 2470 267 2517 ceret.
283 2458 391 2517 Nec
417 2471 603 2517 tamen
626 2461 831 2517 veritus
860 2470 941 2516 est
966 2460 1264 2531 Gregorius
1296 2458 1677 2519 Nazianzenus

128 2553 248 2608 idem
270 2554 597 2609 vocabulum
624 2564 747 2625 post
769 2553 827 2609 S.
876 2553 1107 2610 Paulum
1165 2554 1334 2610 etiam
1385 2555 1676 2625 repetitum

126 2643 237 2699 dare
251 2644 617 2716 oratione_28:
648 2646 797 2699 Πάνυ
824 2645 953 2719 γάρ,
980 2647 1057 2710 ὡς
1080 2648 1234 2719 ὁρᾷς,
1258 2646 1525 2701 πλείστων
1546 2665 1679 2702 κατ-

129 2736 484 2807 εναρκήσαμεν
509 2776 525 2802 ,
578 2736 821 2806 καίτοιγε
895 2739 1355 2811 προκαλουμένων
1373 2756 1387 2769 θ
1452 2738 1514 2791 ού
1568 2739 1677 2810 γάρ

127 2825 537 2899 άχαριστήσομεν
557 2844 571 2858 ·
604 2829 654 2880 εί
700 2828 757 2882 δὲ
783 2829 878 2882 καὶ
903 2831 1411 2902 κατεναρκήσαμεν,
1450 2828 1529 2900 τῷ
1557 2828 1677 2898 φεί-

128 2917 284 2972 δεσθαι
305 2920 522 2990 μᾶλλον,
554 2921 590 2992 ἢ
615 2920 692 2991 τῷ
709 2921 1046 2992 προσίεσθαι.

186 3008 467 3068 Enumerat
520 3013 753 3083 phrases
805 3016 1075 3084 quasdam
1122 3025 1217 3070 aut
1265 3014 1675 3083 similitudines,

1775 524 1859 577 bis
1887 522 2047 579 dixit.
2086 542 2105 574 ι
2137 522 2325 592 Neque
2354 523 2591 578 mirum:
2632 539 2756 579 eum
2816 524 2935 594 ipse
2960 523 3153 579 Cicero
3178 564 3194 589 ,
3234 522 3351 592 epi-

1775 615 1919 670 stola
1939 615 2006 669 ad
2032 614 2287 677 Marium.
2321 631 2445 671 cum
2476 616 2647 671 semel
2678 616 2815 671 belle
2856 616 3119 671 dixisset:
3156 634 3175 667 ι
3215 613 3349 669 Veni

1773 707 2022 774 domum,
2054 707 2101 762 si
2122 714 2269 764 esset
2289 708 2471 777 aliqua
2502 706 2679 762 forma
2722 707 3035 777 reipublicae
3085 716 3349 777 tanquam

1774 795 1827 849 in
1851 796 2025 865 patria
2055 805 2116 851 ut
2142 812 2320 853 essem
2352 815 2367 850 :
2403 799 2451 852 si
2476 798 2646 863 nulla,
2672 807 2941 867 tanquam
2964 798 3020 853 in
3064 798 3295 860 exsilio;
3324 817 3343 849 ι

1775 902 1885 942 non
1902 888 2006 943 sibi
2027 890 2408 958 temperaverit
2430 892 2564 961 quin
2590 891 3169 962 paulopostdiceretzc
3193 890 3351 945 Nunc

1775 987 1956 1035 autem
1985 979 2032 1035 si
2060 980 2176 1035 haec
2200 981 2395 1036 civitas
2421 992 2524 1045 est.
2558 983 2732 1038 civem
2789 998 2912 1039 esse
2940 998 3054 1048 me;
3112 984 3157 1038 si
3214 998 3346 1047 nim,

1775 1069 2018 1125 exsulem
2048 1085 2190 1126 esse.
2227 1090 2245 1122 ι
2292 1070 2583 1141 Nunquam
2628 1074 2984 1143 repetitioncs
3023 1072 3353 1141 frequentia.

1776 1176 1864 1217 res
1893 1170 2022 1217 sunt
2054 1178 2220 1233 quam
2266 1164 2322 1217 in
2347 1163 2619 1233 epistolis,
2643 1164 2689 1219 si
2715 1180 2824 1219 non
2859 1164 3077 1226 iisdem,
3110 1172 3259 1217 certe
3294 1162 3349 1216 in

1774 1252 2029 1309 diversis.
2064 1254 2129 1310 Et
2152 1255 2373 1325 quidem
2392 1255 2495 1325 ipsi
2525 1254 2778 1311 Ciceroni
2803 1265 3083 1311 oratorum
3108 1255 3351 1310 maxime

1774 1342 1907 1399 olim
1950 1344 2288 1415 objiciebant
2315 1344 2505 1399 eadem
2536 1346 2733 1400 omnia
2760 1347 3177 1411 obtrectatores,
3227 1360 3351 1414 qua:

1776 1450 1923 1489 nunc
1945 1434 2155 1505 lgnatio
2195 1444 2387 1490 nostro
2412 1434 2603 1503 objicit
2650 1433 2902 1491 Dallarus.
2957 1434 3035 1490 ita
3085 1435 3346 1489 nimirum

1778 1522 2174 1591 Quintilianus,
2206 1525 2528 1579 Ciceronem
2582 1540 2809 1579 suorum
2834 1534 3140 1595 temporum
3174 1524 3349 1578 homi-

1778 1631 1878 1672 nes
1907 1617 2180 1672 incessere
2218 1618 2494 1672 audebant
2542 1627 2601 1671 ut
2632 1616 3003 1682 tumidiorem,
3038 1626 3091 1672 et
3145 1616 3349 1671 Asiati-

1778 1724 1928 1775 cum,
1949 1716 2004 1763 et
2031 1708 2452 1775 redundantem,
2477 1718 2531 1763 et
2556 1709 2610 1763 in
2647 1708 3065 1777 repetitionibus
3094 1708 3346 1761 nimium.

1707 1788 1750 1843 Β
1849 1800 1993 1856 Ιηιει·
2022 1816 2215 1856 omnes
2265 1818 2359 1857 eas
2399 1801 2699 1856 sententias
2752 1816 2891 1871 quas
2937 1810 3224 1855 enumerat
3270 1801 3353 1855 bis

1778 1893 1862 1949 vel
1890 1901 1971 1948 ter
2001 1892 2056 1947 in
2086 1893 2335 1963 epistolis
2370 1900 2662 1963 usurpatas
2690 1908 2855 1947 unam
2883 1896 3140 1947 observat
3165 1894 3353 1947 absur-

1776 1985 1903 2040 dam
1941 1994 1996 2039 et
2024 1986 2312 2048 absonam,
2346 1984 2416 2039 ah
2447 1984 2833 2054 interpolatore
2876 1984 3173 2038 indicatam
3197 2022 3214 2050 ,
3258 1982 3349 2052 qui

1776 2092 1899 2131 eam
1935 2074 2076 2130 ferre
2114 2092 2221 2129 non
2243 2076 2438 2144 potuit,
2468 2075 2702 2145 ideoque
2736 2076 2954 2145 quoties
2984 2075 3037 2128 in
3067 2090 3187 2129 eam
3216 2075 3353 2129 inci-

1776 2166 1877 2229 dit,
1914 2164 1998 2220 vel
2026 2166 2313 2236 expunxit,
2342 2166 2427 2221 vel
2459 2167 2707 2221 mutavit.
2758 2169 2842 2219 An
2878 2167 3063 2221 omnia
3112 2165 3352 2221 absurda

1775 2268 1831 2315 et
1872 2259 2075 2315 absona
2110 2268 2261 2325 sunt,
2284 2276 2407 2332 qua:
2460 2260 2694 2315 mutavit
2736 2259 3127 2330 interpolator?
3170 2258 3352 2313 Infeli-

1777 2352 2170 2423 cissimiigitur
2200 2353 2513 2409 mortalium
2540 2352 2597 2408 8.
2633 2352 2991 2418 Athanasius,
3022 2351 3081 2406 S.
3109 2350 3353 2407 Theodo-

1777 2453 1929 2501 retus
1952 2445 2155 2516 aliique
2177 2455 2410 2510 veteres,
2441 2445 2536 2515 qui
2570 2454 2649 2499 tot
2675 2445 2797 2499 loca
2830 2460 2900 2499 ex
2925 2444 3133 2514 Ignatio
3157 2442 3226 2498 ad
3251 2459 3352 2497 sua

1776 2537 1983 2607 scripta
2008 2537 2325 2593 exornanda
2347 2545 2401 2591 et
2427 2535 2951 2607 Ecclesiardogmata
2979 2534 3354 2589 conﬁrmanda

1778 2630 2175 2699 produxerunt,
2209 2643 2446 2700 quorum
2491 2629 2779 2700 pleraque,
2822 2636 2881 2682 ut
2915 2627 3147 2681 absurda
3201 2627 3354 2681 scilié

1776 2732 1863 2777 cet
1902 2731 1956 2777 et
1994 2721 2202 2778 absona
2225 2722 2487 2788 mutavit,
2516 2720 2865 2786 ohscuravit,
2918 2727 3012 2773 aut
3043 2719 3355 2774 obliteravit

1778 2814 2158 2884 interpolator,
2195 2814 2516 2885 prudentior
2545 2813 2721 2869 multo
2743 2821 2909 2883 atque
2943 2812 3211 2883 sagacior.
3262 2810 3356 2865 Ille

1776 2906 1961 2961 omnia
1999 2921 2099 2976 pro
2132 2907 2290 2964 libitu
2336 2907 2580 2975 miscuit,
2596 2916 2655 2963 ut
2678 2916 2805 2962 ante
2836 2908 3199 2972 ostendimus,
3232 2921 3351 2959 ma-

1778 2997 1927 3051 xima
1954 2996 2181 3052 minima
2206 2998 2433 3055 licenter
2463 2997 2805 3054 immutavit:
2840 2999 2988 3055 illius
3025 2998 3355 3068 quisquilias

130 3103 308 3172 quain
328 3104 544 3160 duabus
578 3114 677 3160 aut
706 3104 850 3161 forte
900 3106 1076 3161 tribus
1115 3107 1363 3176 epistolis
1389 3108 1747 3190 inveniun-C
1781 3096 1835 3190 ft
1862 3097 2041 3190 errata
2092 3090 2629 3190 tanquafuoracula
2682 3089 2918 3190 Balteus
2976 3091 3349 3146 exosculatur-

132 3204 220 3260 tur,
242 3206 292 3251 et
316 3196 427 3252 haec
463 3198 631 3253 toties
662 3213 931 3268 usurpare
974 3198 1322 3269 βαττολογεῖν
1348 3215 1470 3256 esse
1499 3210 1673 3271 putat.

132 3284 302 3344 Eadem
347 3290 513 3360 igitur
563 3291 821 3361 loquendi
853 3290 1111 3359 formula,
1140 3302 1237 3347 aut
1262 3293 1461 3349 eadem.
1498 3304 1675 3352 meta-

132 3378 277 3445 phora
311 3380 364 3436 in
381 3382 572 3453 aliqua
598 3384 831 3453 epistola
848 3383 948 3449 uti,
968 3399 1076 3453 qua
1108 3384 1161 3439 in
1180 3384 1287 3439 alia
1323 3401 1458 3441 usus
1482 3385 1675 3451 fueris,

131 3479 198 3524 est
218 3472 543 3544 βαττολογία.
579 3475 816 3530 Severus
848 3474 1013 3531 nimis
1036 3474 1263 3532 eriticus
1300 3486 1383 3532 est
1419 3476 1673 3533 Dallaeus.

133 3562 249 3627 Quid
271 3567 338 3621 sit
363 3566 710 3636 βαττολογία,
728 3582 834 3622 non
857 3581 1051 3623 omnes
1068 3568 1455 3635 consentiunt;
1480 3585 1677 3639 quam-

132 3668 319 3727 cunque
357 3659 732 3729 acceptionem
763 3659 1052 3729 sequaris,
1111 3657 1383 3730 lgnatium
1424 3670 1674 3723 nostrum

134 3745 439 3819 βατυολογεῖν
469 3766 753 3822 nunquam
785 3751 1006 3807 efﬁcies.
1036 3751 1346 3809 Delectatus
1368 3753 1584 3809 videtur
1615 3753 1671 3817 8.

134 3836 305 3897 Paulus
336 3842 658 3911 metaphora
703 3843 811 3896 ἀπὸ
838 3843 948 3896 τῶν
970 3843 1151 3898 ὅπλων
1203 3845 1363 3900 ducta
1410 3846 1463 3899 in
1504 3847 1677 3916 expli-

136 3931 279 3985 canda
308 3933 554 3988 doctrina
589 3930 939 3999 Christiana;
984 3934 1229 3990 scribens
1260 3936 1443 4005 itaque
1464 3938 1531 3991 ad
1573 3936 1676 3992 Ro-

136 4034 293 4080 manos
318 4026 454 4079 ὃπλα
493 4025 710 4089 ἀδικίας
742 4026 911 4091 dixit,
949 4026 1073 4081 dein
1122 4025 1261 4083 ὅπλα
1310 4027 1671 4101 δικαιοσύνης,

134 4124 239 4166 mox
258 4115 411 4169 etiam
439 4116 584 4170 ὅπλα
608 4114 703 4169 τοῦ
731 4117 906 4186 φωτός
926 4132 939 4146 ·
976 4133 1172 4172 rursus
1193 4118 1439 4174 scribens
1463 4120 1529 4174 ad
1568 4118 1671 4175 Co-

137 4202 353 4271 rinthios,
378 4210 578 4263 iterum
618 4208 757 4261 ὅπλα
800 4208 1165 4279 δικαιοσύνης,
1196 4210 1288 4263 καὶ
1323 4210 1461 4265 ὅπλα
1503 4228 1673 4284 στρα-

135 4295 272 4361 τείας,
305 4301 367 4352 ad
410 4300 714 4370 Ephesios,
754 4301 1049 4355 ἀναλάϐετε
1084 4300 1183 4375 τὴν
1225 4302 1524 4356 πανοπλίαν
1576 4303 1670 4361 τοῦ

136 4386 262 4457 Θεοῦ,
291 4392 576 4446 ἐνδύσασθε
597 4393 694 4464 τὴν
723 4394 1024 4448 πανοπλίαν
1048 4393 1141 4447 τοῦ
1169 4394 1326 4459 Θεοῦ,
1354 4411 1517 4465 quam
1535 4397 1671 4451 adeo

1780 3176 2023 3250 lgnatius
2051 3196 2159 3235 non
2188 3197 2251 3237 ea
2272 3181 2442 3248 dixit,
2476 3198 2598 3253 quae
2618 3197 2779 3238 nemo
2812 3183 3029 3238 locutus
3057 3192 3175 3248 est,
3224 3198 3355 3237 eum

1779 3272 2037 3347 episcopo
2077 3282 2191 3342 aut,
2215 3274 2465 3330 diaconis
2514 3274 2734 3345 ἐντολήν
2756 3318 2771 3344 ,
2826 3277 3166 3348 presbyterio
3190 3278 3354 3348 νόμον

1780 3361 2016 3433 Χριστοῦ
2048 3364 2328 3419 adhibuit:
2364 3366 2460 3421 sed
2490 3365 2800 3421 S..Paulum
2838 3368 3087 3423 imitatus
3115 3378 3219 3432 est,
3258 3368 3369 3436 qni.

1777 3454 1967 3509 eodem
1995 3454 2158 3511 modo
2182 3456 2447 3529 διαταγήν
2479 3460 2785 3529 usurpavit,
2814 3459 2975 3513 Rom.
3015 3475 3137 3523 xm,
3162 3458 3230 3511 2:
3299 3459 3373 3510 ’ου

1776 3546 2284 3618 ἀντιτασσόμενος
2306 3550 2378 3618 τῇ
2399 3550 2668 3618 ἐξουσίᾳ,
2690 3551 2765 3619 τῇ
2791 3552 2895 3606 τοῦ
2929 3552 3075 3607 Θεοῦ
3103 3550 3353 3621 διαταγῇ

1776 3638 2166 3707 ἀνθέστηκεν.
2201 3639 2337 3696 Nam
2371 3643 2417 3697 si
2442 3642 2531 3697 ille
2563 3644 2657 3713 qui
2707 3644 3050 3715 magistratui
3101 3644 3353 3697 ἀντιτάσ-

1779 3746 1953 3794 σεται,
1986 3730 2080 3787 Dei
2113 3731 2341 3805 διαταγῇ
2373 3735 2775 3800 ἀντιτάσσεται,
2812 3744 2927 3790 tum
2952 3736 3042 3790 ille
3068 3736 3231 3789 etiam
3257 3737 3351 3805 qni

1776 3822 2033 3893 episcopo
2067 3824 2450 3891 ὑποτάσσεται,
2480 3826 2579 3881 Dei
2604 3827 2791 3899 ἐντολῇ
2827 3828 3227 3891 ὑποτάσσεται,
3266 3844 3353 3881 ει·-

1775 3916 2015 3971 cundum
2075 3919 2403 3973 sententiain
2444 3917 2501 3974 S.
2536 3919 2752 3991 lgnatii,
2785 3922 2889 3977 hoc
2938 3931 3041 3986 est,
3092 3922 3351 3990 episcopo

1776 4008 2067 4077 subjicitur
2102 4010 2196 4080 qui
2231 4011 2487 4068 mandato
2515 4011 2609 4071 Dei
2637 4014 2974 4069 constitutus
3007 4022 3111 4069 est.

1846 4097 2089 4169 Denique
2113 4102 2366 4156 observat
2417 4112 2669 4159 nostrum
2724 4104 2977 4174 plurimis
3031 4105 3099 4160 de
3142 4106 3349 4159 unitate

1774 4192 2169 4259 conservanda,
2214 4193 2283 4249 de
2316 4194 2625 4251 ubedientia
2655 4197 2984 4268 evangelicis
3016 4199 3347 4267 praestanda,

1773 4284 1841 4340 de
1874 4285 2144 4343 haereticis
2165 4296 2221 4341 et
2246 4287 2615 4349 schismaticis
2644 4286 2917 4358 fugiendis
2938 4288 3226 4353 disserere,
3256 4304 3350 4345 εει-τ

1773 4376 2007 4449 demque
2038 4379 2093 4433 in
2115 4380 2373 4435 omnibus
2400 4379 2516 4436 fere
2553 4382 2799 4452 epistolis
2856 4381 3153 4437 inculcare.
3188 4379 3349 4447 Quod

138 4482 459 4547 particulatim
495 4486 870 4557 persequitur,
904 4496 961 4540 ut
985 4484 1301 4545 Sarravium
1340 4502 1478 4556 pene
1508 4487 1665 4542 obtu-

1850 4468 1992 4523 idem
2025 4485 2214 4523 verum
2248 4480 2351 4526 est.
2381 4470 2520 4527 Nam
2540 4481 2601 4527 ut
2625 4482 2771 4531 recte
2802 4471 2859 4527 S.
2892 4472 3225 4527 Athanasius
3248 4474 3347 4529 lib.

138 4569 266 4625 derit.
320 4572 407 4630 Sic
449 4576 598 4630 enim
652 4575 962 4645 scripsitad
1011 4576 1341 4631 Sahnasium
1369 4577 1436 4631 de
1475 4578 1669 4633 militia

140 4663 276 4717 multa
292 4665 667 4721 meditantem:
697 4686 715 4719 ι
746 4666 954 4725 Divina:
980 4666 1189 4720 militia:
1214 4681 1430 4737 semper
1452 4668 1671 4723 studere

140 4761 331 4815 oportet.
364 4754 519 4821 Quod
566 4756 701 4811 dum
742 4755 885 4812 facio
918 4756 1137 4829 quando
1185 4766 1343 4811 vacat
1382 4759 1440 4810 ὲν
1472 4760 1537 4829 τῇ
1572 4757 1672 4819 τοῦ,

138 4838 245 4896 θεοῦ
274 4850 556 4921 πανοπλίᾳ,
590 4866 754 4920 quam
798 4851 1037 4919 explicat
1091 4850 1391 4920 Apostolus
1442 4852 1670 4921 epistola

140 4934 190 4989 ad
211 4935 474 5007 Ephesios,
508 4944 748 5013 plurima
776 4952 1075 4998 occurrunt
1101 4952 1393 5003 armaturae
1446 4959 1667 5013 genera,

139 5028 300 5094 quibus
330 5032 499 5089 fateor
522 5050 609 5089 me
634 5052 741 5089 non
770 5051 931 5105 posse
964 5035 1138 5100 indui,
1168 5050 1291 5089 cum
1307 5052 1369 5090 ea
1399 5052 1507 5091 non
1533 5036 1668 5091 satis

142 5117 412 5193 intelligam.
447 5127 706 5198 Clypeum
741 5128 883 5192 fidei,
913 5128 1042 5197 quia
1074 5127 1206 5197 quid
1230 5138 1375 5183 esset
1397 5128 1554 5193 dixit,
1588 5126 1668 5181 fa-

142 5211 219 5267 cile
242 5218 399 5287 capio.
439 5218 545 5275 Sed
569 5220 798 5289 reliqua,
824 5236 1016 5290 nempe
1041 5221 1202 5291 στῆτε
1232 5222 1667 5293 περιζωσάμενοι

141 5298 214 5369 τὴν
237 5304 387 5372 ὀσφὺν
418 5309 573 5379 ὑμῶν
615 5312 671 5364 ὲν
694 5309 954 5383 ἀληθεία,
980 5309 1072 5369 καὶ
1114 5310 1510 5381 ὑποδησάμενοι
1543 5312 1668 5374 τοὺς

314 5401 367 5451 ὲν
412 5402 696 5472 ἑτοιμασίᾳ
750 5401 843 5455 τοῦ
883 5402 1216 5471 Εὐαγγελίου
1274 5403 1374 5473 τῆς
1417 5405 1664 5475 εἰρήνης-

144 5474 243 5534 item
265 5483 430 5557 θώραξ
456 5490 821 5563 δικαιοσύνης,
858 5502 907 5546 et
938 5492 1339 5564 περικεφαλαία
1358 5492 1450 5546 τοῦ
1486 5511 1662 5565 σωτη-

146 5566 255 5635 Ρίον,
298 5585 345 5629 ct
382 5580 623 5652 μάχαιρα
678 5581 986 5651 πνεύματος
1010 5598 1172 5655 quam
1220 5582 1404 5651 σχέσιν
1432 5581 1666 5637 habeant

146 5671 243 5714 cum
272 5667 544 5726 virtutibus
574 5672 868 5728 Christiani
900 5674 1110 5739 militis,
1149 5683 1374 5743 paratus
1427 5690 1547 5728 sum
1581 5675 1663 5730 di-

149 5762 285 5819 scere.
316 5758 358 5814 si
394 5762 486 5817 tibi
518 5763 681 5821 libeat
717 5783 802 5827 mc
828 5765 1043 5822 docere.
1082 5786 1099 5817 ι
1157 5766 1228 5821 At
1263 5765 1402 5823 idem
1434 5766 1498 5821 ad
1533 5782 1658 5823 cos~

1772 4562 1849 4619 De
1884 4561 2265 4618 Incnrnatione
2309 4564 2513 4623 Verbi;
2538 4566 2647 4623 Καὶ
2681 4566 2791 4639 γὰρ
2844 4565 3051 4635 βέλτιον
3094 4566 3347 4620 ταυτολο-

1771 4654 1895 4723 γίας
1937 4655 2140 4726 μέμψιν
2161 4656 2537 4727 ὑποστῆναι,ἢ
2568 4654 2898 4726 παραλεῖψαί
2950 4673 3001 4709 τι
3041 4656 3149 4709 τῶν
3198 4659 3347 4726 ὀφει-

1770 4746 1971 4800 λὸντων
2001 4747 2296 4819 γραφῆναι.
2340 4769 2357 4800 ι
2397 4747 2588 4803 Melius
2617 4749 2763 4803 enim
2786 4757 2864 4803 est
2901 4751 3212 4818 tautologia:
3242 4754 3347 4806 cri«

1772 4854 1893 4893 men
1932 4840 2224 4904 sustinere,
2250 4856 2415 4910 quam
2448 4842 2651 4911 aliquid
2702 4858 2893 4899 eorum
2934 4844 3348 4912 prmtermittere

1769 4946 1891 4999 qua:
1931 4932 2097 4991 scribi
2130 4933 2450 4988 debuerant.
2493 4952 2512 4985 ι
2560 4933 2965 4991 Pullulantibus
3008 4945 3190 4990 autem
3230 4937 3363 4990 luco.

1771 5024 2007 5089 resibus,
2026 5033 2081 5079 et
2100 5035 2226 5095 post
2252 5027 2498 5081 omnium
2529 5029 2901 5098 apostolorum
2923 5038 3150 5083 mortem
3177 5028 3351 5085 libere

1769 5124 2031 5185 ctaperte
2062 5120 2501 5188 erumpentibus,
2541 5119 2838 5179 schismate
2887 5121 3051 5176 etiam
3109 5121 3217 5174 late
3251 5136 3346 5189 per

1770 5210 2044 5268 Ecclesiae
2077 5222 2385 5281 grassante,
2421 5214 2551 5282 quid
2579 5212 2961 5269 sanctissimus
3000 5221 3206 5281 martyr
3245 5229 3345 5281 op-

1769 5305 2059 5372 portunius
2093 5303 2367 5361 Ecclesias
2385 5314 2653 5370 moneret,
2679 5319 2845 5374 quam
2882 5312 2940 5356 ut
2972 5303 3043 5358 ab
3074 5303 3176 5357 hac
3193 5314 3345 5372 peste

1768 5395 2114 5466 potissimum
2140 5398 2431 5451 caverent?
2450 5396 2602 5465 Quod
2626 5406 2809 5453 autem
2832 5394 3013 5464 aptius
3038 5394 3341 5449 remedium

1768 5492 1834 5543 ad
1867 5489 2117 5547 vitandas
2151 5490 2385 5544 haereses
2416 5497 2470 5543 et
2491 5488 2841 5558 exstirpanda
2858 5486 3156 5547 schismata
3186 5487 3344 5543 adhi-

1766 5582 1895 5636 bere
1923 5580 2118 5651 potuit,
2152 5595 2317 5651 quam
2360 5588 2418 5633 ut
2453 5579 2763 5648 pastoribus
2788 5618 2803 5643 ,
2840 5595 2980 5648 quos
3027 5580 3143 5650 ipse
3189 5582 3344 5635 novit

1768 5676 1822 5728 in
1881 5682 2025 5729 recta
2067 5673 2170 5728 lide
2202 5682 2385 5735 stare,
2418 5670 2750 5729 unanimiter
2808 5670 3182 5727 adhmrcrcnt?
3229 5671 3341 5739 Ego

1767 5777 1910 5821 certe
1950 5766 2083 5820 nihil
2118 5764 2261 5818 aliud
2293 5763 2413 5817 inde
2445 5764 2805 5833 colligendum
2853 5764 3104 5820 existimo
3131 5806 3144 5830 ,
3174 5780 3338 5834 quam
