3768 6304
411 284 507 339 ιη

1474 278 1530 337 s.
1572 274 1921 345 lGNATlUS.
1964 321 2031 329 _
2069 276 2602 346 PROLEGOMENA.
3578 296 3666 349 ιη

411 396 513 455 Ista
539 399 596 454 in
627 397 871 455 Ecclesia
905 400 1142 457 maxime
1164 413 1286 459 esse
1313 404 1587 474 fugienda,
1618 407 1720 462 hoc
1743 410 1812 462 ad
1860 425 1983 464 eum
2016 419 2060 475 Α
2092 421 2203 468 tate
2232 423 2531 476 armasset,
2562 415 2722 484 cujus
2744 424 2984 485 potestas
3013 431 3076 470 ea
3101 422 3453 485 tempestate,
3510 414 3666 471 etiam

409 489 573 544 finem
597 506 720 547 esse
780 509 993 549 summe
1024 497 1430 563 necessarium;
1479 500 1624 570 quod
1680 516 1875 556 omnes
1916 503 1984 556 ab

408 581 572 637 initio
595 582 922 639 Christianae
972 587 1256 658 religionis
1309 589 1541 658 professi
1598 601 1748 647 sunt.
1804 591 1901 648 Vel
1940 594 1986 649 si

407 675 740 744 conjecturis
770 678 1065 747 etquidem
1095 679 1423 749 justissimis
1465 683 1749 755 indulgere
1799 685 1983 751 liceat,

407 781 474 820 ex
503 766 603 821 hac
627 766 896 838 frequenti
936 772 1312 828 admonitione
1334 774 1401 829 de
1430 774 1738 832 obedientia
1770 778 1987 847 episco-

407 857 525 926 pis,
558 860 893 931 presbyteris
931 874 987 919 et
1014 865 1263 922 diaconis
1288 869 1454 923 simul
1494 872 1822 941 praestanda,
1882 888 1983 943 ego

407 951 616 1020 optimo
656 952 783 1022 jure
833 957 1199 1025 colligendum
1229 974 1385 1028 reor,
1440 978 1553 1017 non
1613 964 1729 1019 haac
1784 966 1986 1035 scripta

406 1042 580 1100 fuisse
605 1046 710 1101 sub
746 1048 904 1103 initio
934 1052 1117 1120 quarti
1149 1054 1354 1120 sweuli,
1386 1064 1483 1110 aut
1536 1057 1682 1111 tertii
1712 1058 1837 1125 line,
1889 1059 1985 1114 sed

403 1138 591 1204 potius
623 1142 728 1196 sub
758 1142 915 1197 initio
940 1147 1189 1201 secundi.
1208 1146 1379 1204 Nemo
1408 1150 1553 1204 enim
1593 1161 1702 1206 tam
1728 1154 1866 1209 seris
1883 1153 1988 1211 Ec-

403 1228 590 1286 clesiae
613 1234 953 1303 temporibus
981 1246 1059 1292 tot
1101 1239 1292 1309 elogiis
1328 1253 1581 1298 ornasset
1626 1243 1984 1301 diaeonornm

407 1321 668 1387 cilicium,
702 1327 849 1396 quod
882 1335 1011 1383 tunc
1062 1332 1328 1402 temporis
1354 1333 1581 1405 ubique,
1617 1348 1843 1406 excepta
1876 1342 1984 1394 una

405 1418 637 1473 ecclesia
664 1418 817 1476 urbis
839 1419 1117 1489 Romanae,
1152 1424 1288 1479 adeo
1320 1425 1615 1495 eviluerat;
1670 1443 1830 1483 nemo
1859 1445 1985 1499 pre-

409 1511 708 1581 shyterium
740 1522 819 1569 tot
848 1513 1105 1570 laudibus
1149 1518 1505 1587 cumulasset,
1548 1528 1696 1575 tanta
1743 1521 1986 1577 auctori-

2091 506 2451 571 Alexandriae,
2494 508 2586 562 ubi
2611 508 2848 562 maxime
2872 507 3150 574 ﬂoruerat,
3178 518 3475 580 tantopere
3498 508 3669 562 immi-

2089 607 2222 653 nuta
2247 608 2351 653 est.
2386 596 2535 653 Vidit
2562 599 2665 654 hoc
2694 597 3019 665 Salmasius,
3045 610 3099 656 et
3131 600 3204 656 ob
3251 614 3375 655 eam
3408 602 3667 653 rationem

2090 691 2358 760 scriptum
2386 692 2512 755 hoc,
2546 693 2924 764 cujuscunque
2950 702 3042 761 sit,
3071 695 3319 750 secundo
3347 694 3559 747 saeculo
3589 708 3667 745 as-

2088 784 2378 838 serendum
2403 784 2687 855 judicavit.
2715 786 2780 841 Et
2804 789 2848 843 si
2877 788 3008 859 quid
3050 802 3153 858 ego
3184 786 3240 840 in
3262 786 3371 840 hac
3425 801 3491 839 re
3522 784 3668 837 intel«

2087 875 2216 945 ligo,
2248 877 2564 947 quicunque
2587 880 2943 951 presbyterali
2965 879 3214 949 dignitati
3244 877 3672 947 auctoritatiqee

2090 968 2329 1023 maxime
2390 969 2652 1036 student,
2680 986 2788 1024 non
2842 970 3044 1025 habent
3085 986 3199 1025 sua:
3245 968 3672 1024 existimationis

2088 1059 2304 1113 ﬁrmius
2332 1068 2429 1113 aut
2460 1059 2690 1117 solidius
2739 1060 3160 1116 fundamentum
3211 1074 3383 1130 quam
3421 1059 3674 1130 epistolas

2091 1150 2149 1206 S.
2174 1152 2367 1223 lgnatii
2394 1154 2608 1207 nostri:
2636 1169 2813 1225 neque
2832 1154 2980 1209 enim
3012 1155 3066 1208 in
3120 1155 3233 1209 ullo
3266 1168 3401 1208 vere
3459 1153 3675 1222 antiquo

2088 1246 2359 1315 scriptore
2391 1254 2545 1300 extra
2580 1244 2678 1302 has
2702 1245 2965 1316 epistolas
2997 1255 3162 1302 totae
3194 1255 3351 1301 tanta
3400 1246 3675 1317 presbyte-

2089 1347 2246 1392 ratus
2271 1339 2545 1407 praeconia
2579 1338 2879 1406 invenient,
2907 1355 3083 1409 neque
3136 1339 3289 1393 illius
3326 1338 3552 1394 ordinis
3590 1338 3674 1392 ho-

2093 1446 2284 1485 norem
2316 1429 2435 1486 sine
2462 1431 2809 1501 episcopatus
2836 1431 3192 1503 prmmgativa
3226 1430 3385 1486 ullibi
3415 1431 3673 1487 constitu-

2091 1533 2204 1578 tum
2230 1524 2521 1593 reperient.

1365 1654 1857 1712 Pearsonianarum
1888 1656 2093 1730 Ignatii
2125 1660 2501 1717 Vindiciarum
2564 1662 2709 1737 finis.

421 1841 3467 1886 M

1509 2031 2570 2162 DISSERTATIO

907 2290 1091 2402 DE
1172 2290 1911 2407 EPISTOLIS
1998 2293 2523 2411 SANCTI
2614 2298 3174 2461 lGNATII

1312 2510 1542 2579 VEBIS,
1592 2511 2105 2571 lNTERPOLATlS
2132 2515 2219 2570 ET
2253 2515 2774 2574 SUPPOSITITIIS.

407 2669 682 2732 Auctore
741 2673 818 2735 ι).
862 2674 962 2774 iis
1014 2674 1330 2750 Noonnv,
1386 2677 1751 2757 presbytero
1810 2685 1864 2737 et
1896 2680 2239 2819 Smgwcho
2300 2682 2546 2744 ordini:
2594 2685 2663 2745 S.
2724 2684 3044 2747 Benedicti
3104 2706 3137 2746 e
3197 2691 3664 2769 congregatim

1946 2804 1961 2819 .
2078 2778 2247 2819 aurL

1946 2804 1961 2820 .
2003 2778 2247 2823 maurt.

1139 2914 1436 2979 (Apparatus
1458 2915 1527 2966 ad
1550 2912 1897 2967 Bibliotliecam
1920 2917 2145 2977 Patrum,
2174 2918 2211 2977 l,
2238 2918 2319 2979 78,
2342 2919 2564 2981 Parisiis,
2588 2920 2728 2983 1703,
2754 2923 2803 2972 in
2826 2921 2931 2985 1ὀι.)

1744 3292 2034 3383 PARS
2105 3293 2484 3382 PRIMA

1414 3474 1502 3534 De
1561 3477 1726 3539 veris
1790 3478 1996 3541 sancti
2050 3480 2287 3557 Ignatii
2334 3480 2655 3559 epistolis.

909 3642 1141 3702 CAPUT
1176 3646 1469 3707 PRIMUM.

405 3785 612 3829 STATUS
659 3792 993 3839 QUJSTIONIS
1024 3799 1094 3836 ΕΤ
1124 3798 1465 3842 GBNUINABUI
1518 3806 1723 3848 IGNATH
1766 3809 1985 3852 131³18το-

761 3864 941 3904 ΙιΑΒιῙΜ
974 3869 1226 3910 ANALYSIS
1268 3873 1627 3917 PROPONITUR.

679 3981 707 4053 §
738 3981 780 4037 ἰ.
810 3983 998 4040 Status
1029 3992 1337 4057 qumstionis
1367 3997 1702 4064 proponitur.

473 4094 725 4160 Quatuor
743 4108 871 4153 sunt
897 4101 1254 4170 epistolarum
1278 4104 1473 4176 Ignalii
1496 4108 1722 4177 classes,
1750 4128 1982 4183 quarum

402 4186 581 4255 prima
613 4203 801 4243 earum
827 4201 931 4257 est,
963 4208 1102 4262 quas
1137 4193 1357 4252 lsaacus
1394 4197 1623 4257 Vossius
1666 4219 1732 4257 ex
1783 4220 1981 4259 manu-

400 4279 607 4350 scripto
628 4278 820 4337 Graeco
844 4274 1197 4343 Bibliotheca:
1240 4286 1571 4348 Florentinze
1613 4295 1801 4351 codice
1833 4294 1981 4352 Grae-

398 4386 461 4429 ce
487 4368 690 4443 edidit;
719 4392 1066 4448 quarumque
1095 4381 1378 4452 antiquam
1395 4386 1700 4441 versionem
1728 4386 1977 4443 Latinam

401 4464 659 4524 Usserius
712 4471 1162 4543 archiepiscopus
1217 4466 1601 4534 ArmaChanus
1638 4495 1705 4534 ex
1762 4480 1978 4537 duobus

396 4559 678 4616 codicibus
704 4574 867 4617 manu
896 4566 1157 4631 exaratis,
1180 4566 1354 4621 altero
1377 4565 1727 4625 Bibliotheca:
1750 4570 1978 4626 Richar-

396 4651 448 4703 di
478 4649 824 4720 Montacutii,
861 4656 1032 4712 altero
1062 4658 1510 4731 Cantabrigensis
1538 4670 1698 4717 antea
1731 4664 1980 4738 divulga‘

396 4752 569 4796 verat.

468 4831 723 4890 Secunda
750 4836 944 4894 classis
992 4841 1213 4895 easdem
1242 4845 1646 4914 complectitur,
1678 4848 1772 4902 sed
1801 4848 1974 4904 inter-

391 4926 628 4994 polatas,
652 4944 717 4983 ac
742 4944 872 4984 cum
904 4932 1020 4987 suis
1043 4934 1417 4992 additionibus
1451 4936 1638 4995 Graece
1689 4949 1744 4994 et
1783 4939 1976 4997 Latine

390 5019 585 5074 editas.

459 5109 643 5167 Tertia
670 5114 865 5170 classis
897 5116 1139 5186 quinque
1170 5116 1306 5172 alias
1334 5118 1599 5187 continet,
1625 5120 1812 5176 Graece
1840 5122 1969 5177 item

388 5214 441 5259 ct
472 5201 669 5260 Latine
692 5206 1023 5276 publicatos,
1047 5223 1168 5277 qua:
1190 5208 1246 5261 in
1272 5206 1566 5265 Usseriana
1589 5210 1971 5284 Vossianaque

388 5297 648 5367 editione,
679 5299 802 5355 aliis
834 5315 1000 5371 supra
1025 5303 1366 5366 memoratis,
1399 5304 1825 5373 subjunguntur.

457 5387 664 5454 Quarta
690 5388 928 5462 denique
956 5393 1014 5447 in
1063 5395 1240 5448 claSSe
1270 5394 1611 5449 collocantur
1640 5396 1744 5450 tria
1774 5396 1966 5466 lgnatii

388 5481 663 5550 epistolia,
716 5483 825 5539 duo
867 5484 937 5540 ad
966 5484 1232 5541 Joannem
1265 5488 1693 5558 evangelistam,
1746 5497 1801 5543 et
1858 5498 1967 5543 ter--

386 5576 523 5631 tium
542 5579 612 5631 ad
638 5590 851 5633 sacram
880 5579 1145 5649 virginem
1172 5580 1420 5649 Mariam,
1472 5580 1678 5636 Christi
1712 5595 1965 5648 matrem,

385 5665 473 5721 cui
511 5665 754 5735 ejusdem
785 5662 969 5724 Mariae
1017 5671 1083 5726 ad
1111 5670 1380 5742 lgnatium
1422 5674 1709 5744 responsio
1768 5676 1969 5732 subne-

390 5766 549 5810 Clllll‘.

2012 3667 2059 3726 B
2158 3659 2419 3715 Omnium
2445 3666 2625 3714 autem
2657 3659 2921 3713 harumce
2944 3655 3308 3726 epistolarum
3343 3668 3577 3710 examen
3604 3655 3667 3708 ab

2089 3754 2158 3809 iis
2200 3754 2469 3819 ordimur,
2502 3767 2623 3822 quae
2648 3752 2841 3821 prima:
2885 3760 3014 3807 sunt
3060 3750 3276 3815 classis,
3300 3761 3355 3804 et
3382 3750 3452 3803 de
3475 3749 3665 3819 quibus

2087 3844 2363 3915 prmeipua
2418 3861 2566 3899 nunc
2620 3859 2684 3899 ac
2730 3859 2867 3914 pene
2891 3845 3071 3898 omnis
3104 3843 3247 3896 inter
3289 3842 3540 3895 eruditos
3589 3852 3665 3895 est

2090 3937 2483 3992 controversia.
2511 3934 2729 4007 Septem
2756 3950 2921 4005 porro
2935 3943 3062 3989 sunt
3091 3931 3435 4003 ejuscemodi
3467 3933 3663 4003 episto-

2086 4024 2170 4089 lae,
2208 4038 2443 4092 quarum
2490 4032 2549 4076 ut
2603 4021 2780 4092 major
2810 4023 3077 4076 habeatur
3107 4022 3324 4089 notitia,
3386 4038 3454 4077 ac
3504 4023 3570 4076 de
3601 4022 3661 4077 iis

2086 4114 2290 4167 certius
2345 4115 2413 4168 ah
2444 4113 2703 4169 omnibus
2741 4115 3008 4184 judicium
3051 4113 3179 4169 ferri
3218 4117 3415 4185 possit,
3448 4117 3658 4171 brevem

2085 4219 2298 4271 earum,
2325 4205 2419 4261 sed
2443 4205 2647 4261 claram
2703 4216 3135 4277 accuratamque
3164 4223 3265 4278 pro
3296 4208 3447 4263 virili
3477 4208 3660 4280 analy-

2086 4295 2188 4350 sim
2222 4296 2641 4364 prazmittemus.

2228 4494 2257 4569 ᾗ
2290 4495 2353 4551 ll.
2395 4492 2647 4567 Analysis
2673 4508 2868 4569 septem
2898 4497 3242 4570 epistolarum
3272 4499 3500 4572 Ignatii.

2150 4653 2286 4707 Cum
2316 4651 2557 4723 lgnatius
2600 4651 2905 4707 Antiochiae
2942 4652 3238 4707 damnatus
3268 4660 3417 4707 esset
3447 4652 3515 4707 ad
3566 4652 3650 4706 he-

2081 4747 2235 4811 stias,
2264 4745 2626 4816 Romamque,
2653 4754 2712 4799 ut
2762 4745 2830 4798 iis
2858 4745 3210 4814 objiceretur,
3248 4746 3473 4801 vinctus
3499 4747 3657 4800 duce-

2078 4852 2249 4908 retur,
2278 4849 2332 4896 et
2369 4840 2660 4912 Smyrnam
2695 4840 3030 4909 appulisset;
3079 4839 3204 4894 inde
3236 4849 3481 4909 quatuor
3512 4842 3654 4911 prio-

2077 4948 2188 4999 res,
2234 4933 2302 4987 de
2329 4931 2529 5002 quibus
2556 4932 2670 5001 jam
2700 4931 2901 5001 agitur,
2951 4931 3103 4985 dedit
3138 4931 3419 5001 epistolas.
3456 4931 3651 4986 [larum

2001 5042 2044 5099 ο
2081 5025 2257 5093 prima
2284 5023 2542 5078 Ecclesiae
2571 5020 2884 5091 Ephesinaa,
2921 5036 3045 5091 qua:
3069 5023 3135 5076 ad
3187 5036 3312 5076 eum
3344 5038 3411 5076 ex
3449 5022 3651 5078 diliicil-

2082 5117 2197 5171 limi
2230 5115 2444 5170 itineris
2468 5114 2859 5183 defatigatione
2880 5113 3244 5168 recreandum
3276 5116 3650 5169 reficiendum-

2080 5226 2206 5280 que,
2243 5218 2400 5263 antea
2448 5207 2771 5263 Onesimum
2817 5208 3135 5277 episcopum
3168 5220 3331 5262 suum
3379 5224 3487 5262 una
3530 5224 3645 5264 eum

2079 5302 2267 5373 Byrro,
2301 5301 2472 5373 Euplo
2520 5310 2572 5356 et
2619 5299 2897 5355 Frontone
2944 5301 3189 5365 miserat,
3228 5299 3502 5354 destinata
3549 5309 3645 5355 est.

2079 5396 2228 5451 Hane
2251 5407 2432 5451 autem
2464 5395 2784 5459 Ecclesiam,
2814 5393 2884 5448 ob
2905 5392 3163 5447 eximiam
3208 5393 3262 5446 in
3318 5410 3379 5449 se
3417 5394 3645 5449 Charita-

2078 5500 2185 5544 tcm
2222 5490 2459 5557 primum
2491 5488 2697 5549 laudat,
2730 5489 3043 5559 gratiasque
3073 5488 3345 5542 maximas
3376 5488 3423 5540 ei
3460 5502 3641 5556 repen-

2073 5578 2171 5631 dit.
2202 5575 2341 5629 Tum
2376 5576 2719 5635 Christianos
2776 5592 2991 5643 omnes,
3047 5592 3284 5648 quorum
3322 5593 3383 5632 se
3411 5576 3642 5646 discipu-

2072 5672 2184 5725 lum
2216 5686 2336 5727 esse
2385 5671 2484 5724 etsi
2533 5672 2724 5724 lubens
2780 5670 3038 5736 fateatur,
3073 5688 3293 5726 summo
3322 5679 3504 5725 tamen
3548 5684 3638 5724 suo

2072 5778 2196 5834 erga
2229 5778 2323 5817 eos
2344 5776 2529 5816 amore
2560 5769 2610 5816 ct
2638 5760 2816 5820 studio
2848 5760 3045 5831 victus,
3081 5770 3269 5818 mouet
3294 5772 3350 5818 ut
3383 5763 3435 5818 in
3462 5761 3634 5817 eadem
