3800 6208
172 279 257 334 073
1102 275 1165 329 D.
1206 273 1497 332 NOURRII
1535 273 2018 332 DISSERTATIO.
2059 308 2126 318 -—
2163 272 2344 333 PARS
2379 276 2422 333 l.

3284 270 3390 326 ΕΗ

172 412 350 466 semper
369 411 487 451 cum
512 394 790 453 Onesimo
814 404 867 453 et
889 397 1289 453 necessitudine
1316 409 1371 452 et
1397 398 1707 453 obedientia
1737 404 1782 460 Α
1810 400 2063 469 quamvis
2092 400 2227 454 nihil
2254 399 2540 456 molestius
2572 413 2815 470 unquam
2868 397 3074 464 tulerit,
3110 410 3276 466 quam
3306 394 3390 448 ni-

172 498 498 559 persevcrent;
568 499 897 559 quantaque
961 489 1086 544 inde
1113 490 1345 560 singulis
1398 491 1710 559 quibusque

170 587 282 640 bona
326 592 480 653 atque
529 584 806 641 utilitates
847 585 1119 648 oriantur,
1167 584 1379 639 eisdem
1424 584 1618 653 aperit.
1651 583 1707 637 In

172 679 253 732 hoc
279 686 441 731 autem
472 679 625 747 quod
671 679 940 749 quosdam
998 679 1305 744 haereticos,
1358 679 1451 748 qui
1503 678 1711 733 Christi

166 780 357 824 mortem
387 780 439 824 et
460 772 931 826 resurrectionem
959 770 1138 825 fictam
1174 778 1229 824 et
1254 770 1565 824 simulatam
1589 783 1713 822 esse

164 866 397 932 dicebant,
422 868 716 922 noluerint
747 866 955 931 audire,
987 864 1081 922 sed
1114 866 1408 921 continuas
1448 866 1516 919 ad
1540 864 1711 917 Deum

163 973 243 1027 pro
272 959 473 1012 illorum
506 960 883 1014 conversione
907 972 1094 1029 preces
1120 958 1379 1023 fuderint,
1403 957 1564 1012 tidem
1591 956 1712 1010 illo-

163 1065 258 1101 rum
291 1050 557 1118 przedicat.
620 1050 744 1105 Sub
777 1052 889 1107 haec
942 1050 1202 1105 nonnulla
1248 1051 1327 1105 eis
1362 1049 1528 1104 tradit
1586 1049 1711 1104 vita:

160 1158 443 1212 morumque
474 1154 785 1213 pratcepta,
812 1145 994 1215 ibique
1023 1146 1189 1200 de'se
1232 1153 1384 1198 tanto
1416 1146 1581 1199 sentit
1607 1145 1712 1199 hu-

160 1232 326 1297 milius,
347 1242 556 1301 quanto
588 1234 831 1289 virtutes
879 1235 1099 1291 illorum
1138 1234 1302 1288 altius
1352 1233 1586 1287 extollit.
1649 1231 1706 1285 In

156 1322 311 1391 primis
335 1337 459 1377 vero
474 1338 578 1378 eos
594 1324 854 1379 hortatur
876 1325 1035 1380 tidem
1061 1326 1326 1393 integram
1366 1332 1612 1387 servent,
1645 1338 1710 1377 ac

156 1430 336 1485 semper
378 1418 619 1472 credant
660 1419 942 1473 Christum
993 1433 1122 1473 vere
1146 1419 1369 1487 quidem
1425 1432 1493 1471 ex
1536 1414 1710 1470 Maria

156 1509 330 1578 virgine
359 1520 573 1576 natum,
611 1504 713 1565 sed
771 1512 961 1566 matris
982 1511 1349 1581 virginitatem
1397 1517 1452 1564 et
1478 1516 1708 1563 mortem

154 1597 271 1663 Filii,
308 1600 461 1668 cujus
490 1601 775 1656 divinitas
802 1616 870 1657 eo
915 1602 1115 1667 sidere,
1148 1601 1297 1671 quod
1345 1615 1511 1669 supra
1561 1606 1707 1673 astra

152 1691 301 1745 omnia
329 1692 705 1760 resplenduit.
741 1690 1083 1747 manifestata
1112 1702 1213 1753 est,
1233 1692 1453 1746 diabolo
1482 1705 1708 1760 prorsus

150 1782 289 1837 fuisse
318 1784 659 1854 incognitas.
689 1784 987 1840 Pollicetur
1008 1786 1202 1839 deinde
1226 1801 1283 1839 se
1309 1785 1469 1838 aliam
1486 1783 1551 1836 ad
1584 1797 1702 1848 eos,

150 1874 183 1925 si
207 1888 287 1942 per
318 1873 483 1930 Deum
521 1875 720 1938 liceat,
754 1875 1010 1929 daturum
1040 1874 1359 1945 epistolam;
1395 1889 1459 1928 ac
1485 1872 1703 1926 tandem

149 1974 394 2035 postquam
430 1982 639 2023 eorum
695 1968 1042 2022 orationibus
1101 1967 1499 2022 Antiochenam
1554 1948 1706 2020 conr-

148 2055 384 2109 mendavit
436 2056 770 2113 .Ecclesiam
803 2099 819 2123 ,
866 2059 1055 2128 prima:
1087 2058 1216 2114 huic
1258 2058 1506 2127 epistola:
1536 2057 1702 2111 tinem

142 2147 352 2217 imponit.
1178 2164 1181 2167 ‘

197 2240 423 2297 Secunda
468 2243 688 2313 scripta
726 2252 813 2297 est
866 2242 1121 2297 Ecclesiae
1167 2240 1549 2313 Magnesianae,
1583 2256 1705 2310 qua;

143 2333 329 2389 Damam
357 2336 699 2406 episcopum
731 2350 917 2397 suum,
947 2343 1001 2388 et
1051 2333 1304 2399 Bassum,
1339 2342 1506 2403 atque
1537 2333 1703 2402 Apol-

144 2426 311 2481 Ionium
346 2430 741 2500 presbyteros,
769 2443 835 2482 ac
861 2426 1120 2481 Solonem
1151 2426 1447 2481 diaconum
1479 2426 1545 2480 ad
1575 2441 1699 2479 eum

139 2522 392 2577 direxerat.
420 2522 485 2577 Hi
523 2534 831 2593 postquam
866 2520 1132 2591 lgnatium
1181 2519 1250 2574 de
1276 2518 1419 2574 felici
1453 2520 1697 2590 ejusdem

140 2611 359 2667 Ecclesiae
394 2623 546 2668 statu
592 2610 896 2667 certiorem
935 2610 1217 2678 fecissent,
1242 2611 1309 2666 ad
1332 2626 1452 2664 eam
1511 2608 1701 2664 confe-

137 2702 234 2753 stim
248 2699 487 2758 hancille
516 2702 784 2759 exaravit
811 2703 1122 2772 epistolam,
1155 2703 1209 2757 in
1236 2718 1345 2773 qua
1371 2702 1437 2757 de
1459 2718 1519 2759 se
1547 2718 1700 2757 sum-

136 2808 203 2846 ma
222 2809 333 2848 cum
361 2796 721 2852 demissioue
749 2796 985 2857 locutus,
1010 2793 1488 2866 Magnesianorum
1516 2792 1700 2847 chari-

134 2896 286 2951 tatem,
317 2888 687 2944 concordiam
728 2894 1060 2955 cazterasque
1095 2885 1326 2939 virtutes
1351 2883 1697 2939 Christianas

134 2993 311 3033 summe
332 2978 731 3034 commendat.
765 2977 898 3031 Eam
946 2992 1168 3048 quoque
1197 2977 1267 3032 ob
1291 2992 1536 3043 causam,
1569 2977 1696 3032 bre-

130 3072 300 3126 dorem
328 3088 389 3128 se
410 3072 625 3128 fecisse
656 3070 950 3141 epistolam
980 3078 1240 3137 testatur;
1266 3071 1410 3141 quod
1450 3071 1692 3124 homini-
1725 3111 1767 3168 Ο

130 3162 228 3228 bus,
248 3172 323 3218 tot
342 3165 638 3236 tantisque
689 3162 987 3217 virtutibus
1017 3171 1072 3216 et
1097 3163 1462 3217 sanctimonia
1502 3165 1698 3232 praadi-

128 3254 195 3314 tis.
223 3256 583 3323 prolixiorem
622 3255 874 3310 scribere
894 3270 1031 3326 opus
1066 3272 1175 3310 non
1195 3267 1332 3312 erat.
1372 3257 1482 3312 Illis
1513 3258 1698 3327 itaque

127 3345 372 3417 duntaxat,
417 3359 482 3405 ut
515 3348 978 3420 presbyterorum
1039 3349 1233 3417 instar,
1275 3351 1329 3404 in
1363 3351 1543 3405 debita
1571 3367 1695 3412 suo.

124 3434 223 3491 licet
241 3438 445 3508 juniori
476 3480 493 3504 ,
545 3438 819 3508 episcopo
871 3438 1209 3505 ohedientia,
1266 3441 1571 3495 reverentia
1603 3441 1699 3493 ad-

126 3543 282 3585 versus
307 3532 684 3602 presbyteros
718 3538 773 3583 et
799 3529 1060 3585 diaconos
1088 3531 1394 3587 exhibenda
1418 3576 1432 3599 ,
1479 3542 1699 3587 mutua-

124 3636 206 3689 que
234 3623 369 3680 inter
419 3640 484 3679 se
521 3638 670 3694 pace
716 3630 772 3676 et
821 3622 1115 3678 concordia
1160 3626 1429 3681 servanda
1485 3642 1698 3695 semper

122 3727 458 3782 perseverent,
480 3718 850 3771 adhortatur.
870 3713 1035 3769 Docet
1059 3717 1254 3773 deinde
1271 3734 1463 3774 omnes
1492 3718 1696 3789 Moysis

122 3805 213 3877 lege
237 3810 471 3875 solutos,
530 3809 661 3865 sola
690 3807 898 3863 Christi
955 3807 1263 3865 Servatoris
1315 3814 1432 3881 lege
1485 3812 1693 3879 teneri;

120 3916 251 3965 quem
270 3918 397 3957 vere
429 3911 736 3957 mortuum
759 3941 775 3966 ,
800 3910 854 3954 et
894 3916 923 3953 a
951 3902 1184 3956 mortuis
1213 3905 1540 3959 suscitatum
1574 3920 1697 3960 esse

118 3985 445 4045 demonstrat.
514 3990 689 4057 Quod
735 3990 957 4059 quidem
1017 4008 1126 4046 non
1178 3993 1301 4049 ideo
1357 3996 1697 4065 argumentis

117 4080 428 4145 probandum
458 4098 527 4138 se
575 4082 896 4152 suscepisse
924 4083 1076 4149 dicit,
1119 4087 1263 4154 quod
1305 4103 1496 4143 eorum
1526 4086 1694 4157 aliqui

117 4168 221 4225 illud
261 4189 370 4229 non
419 4173 770 4240 crederent;
832 4175 925 4229 sed
962 4186 1021 4229 ut
1055 4191 1149 4232 eos
1188 4191 1381 4235 onmes
1430 4180 1695 4236 adversus

115 4268 449 4328 quorumdam
504 4281 760 4331 errores,
788 4267 882 4335 qui
920 4268 970 4321 id
1008 4268 1174 4337 impie
1221 4272 1513 4341 negabant,
1557 4284 1693 4342 prte-

116 4356 321 4411 muniret
345 4373 414 4413 ac
444 4366 739 4413 tueretur.
777 4356 853 4411 Ea
900 4370 1126 4428 propter
1157 4360 1278 4416 illos
1309 4375 1368 4416 ut
1394 4365 1447 4417 in
1477 4362 1692 4418 Domini

1812 495 1953 549 mias
1987 494 2353 562 quorumdam
2387 494 2605 557 laudes;
2655 508 2855 562 negare
2874 499 3054 546 tamen
3088 505 3198 544 non
3228 501 3392 553 posse

1813 587 2178 657 cognitionem
2208 586 2602 656 scientiamque
2624 600 2733 638 non
2759 583 3037 652 vulgarem
3062 579 3387 644 divinitatis,

1813 679 2129 748 angelorum
2167 692 2459 746 rerumque
2508 676 2835 740 caelestium,
2868 686 3033 743 quam
3065 687 3187 728 cum
3222 671 3388 739 ipsis,
3426 692 3429 695 ί

1811 772 1919 825 nisi
1941 772 2121 825 adhuc
2151 777 2337 825 essent
2386 769 2738 833 inﬁrmiores,
2762 768 2909 822 ultro
2932 764 3388 828 communicaret,

1814 854 1917 920 sibi
1940 864 2201 917 divinitus
2224 860 2395 916 fuisse
2423 858 3166 915 concessam.Verumtamen
3195 869 3391 928 prmter

1814 956 1912 1010 has
1955 954 2319 1026 cognitiones,
2352 953 2708 1023 quantumvis
2752 952 3037 1015 sublimes,
3085 950 3191 1006 sibi
3254 950 3392 1004 alias

1811 1047 1984 1101 multo
2034 1047 2269 1116 majores
2317 1046 2510 1101 deesse
2542 1087 2555 1109 ,
2618 1060 2719 1099 nec
2771 1060 2831 1101 se
2880 1045 3073 1114 primis
3106 1043 3393 1113 discipulis

1810 1141 2122 1210 proximum
2147 1139 2450 1203 numerari,
2486 1138 2630 1191 ultro
2657 1136 2880 1193 fatetur.
2910 1136 3042 1192 Post
3085 1138 3200 1193 haec
3231 1136 3392 1192 Tral-

1810 1232 1990 1286 lenses
2036 1229 2478 1296 commonefacit,
2513 1230 2582 1284 ab
2628 1230 2697 1285 iis
2754 1231 2846 1298 qui
2878 1230 3159 1284 Christum
3205 1231 3391 1285 fictum

1811 1325 2112 1391 hominem,
2146 1324 2404 1379 simulate
2431 1334 2711 1378 mortuum
2750 1333 2803 1378 et
2842 1325 3241 1379 cxsuscitatum
3294 1342 3393 1380 au-

1808 1417 1995 1472 dacter
2028 1416 2367 1483 asserebant,
2394 1417 2450 1471 in
2480 1416 2673 1486 primis
2706 1427 2967 1483 caveant;
3016 1430 3116 1473 nec
3167 1420 3390 1489 laqueos

1807 1524 1997 1564 eorum
2023 1507 2236 1563 facilius
2292 1525 2455 1578 quam
2489 1524 2590 1563 sua
2616 1509 2675 1564 in
2698 1510 3018 1578 episcopum
3043 1552 3057 1575 ,
3092 1527 3391 1582 sacrosque

1808 1602 2094 1655 ministros
2142 1601 2451 1655 obcdientia
2496 1616 2659 1670 posse
2689 1602 2976 1655 declinari.
3012 1601 3216 1656 Deinde
3242 1603 3385 1668 illos,

1807 1703 1861 1747 et
1902 1709 2022 1758 suo,
2056 1702 2110 1746 et
2154 1691 2523 1763 Smyrnensis,
2584 1707 2648 1746 ac
2707 1691 2997 1762 Ephesium
3049 1692 3391 1764 aliarumque

1810 1784 2176 1840 Ecclesiarum
2228 1787 2448 1839 nomine
2482 1786 2704 1848 salutat,
2746 1798 2909 1854 atque
2940 1786 3006 1839 ad
3036 1795 3280 1840 mutuam
3308 1786 3394 1840 in-

1804 1881 1889 1927 ter
1921 1888 1981 1927 se
2005 1889 2217 1943 pacem,
2250 1884 2303 1927 et
2340 1873 2394 1926 in
2425 1875 2741 1943 episcopum
2766 1875 3226 1945 prcsbyterosque
3259 1892 3390 1933 suos

1807 1965 2207 2019 observantiam
2235 1980 2427 2019 rursus
2448 1965 2669 2018 excitat.
2696 1964 2882 2019 Poscit
2906 1967 3141 2037 denique
3165 1979 3225 2021 ut
3249 1967 3389 2022 fusis

1806 2057 1873 2112 ad
1906 2055 2073 2110 Deum
2102 2056 2377 2124 precibus,
2411 2072 2680 2126 eam.qua
2714 2059 3039 2127 martyrium
3076 2075 3236 2113 somn
3262 2075 3388 2115 con-

1806 2162 2085 2203 summare
2114 2148 2310 2215 possit,
2341 2148 2570 2216 gratiam
2594 2157 2841 2202 exorent.

1875 2236 2076 2302 Quarta
2114 2236 2412 2306 ultimaque
2441 2239 2689 2306 epistola,
2718 2238 3120 2309 Smyrnaedata,
3141 2238 3209 2294 ad
3226 2239 3385 2293 Chri-

1806 2328 2016 2383 stianos
2044 2327 2231 2381 Ruina:
2275 2329 2532 2396 degentes
2554 2328 2757 2383 directa
2785 2341 2889 2395 est,
2918 2330 3115 2399 illaque
3138 2331 3383 2399 lgnatius

1800 2433 1896 2474 eos
1919 2420 1984 2473 de
2002 2418 2267 2490 martyrio
2290 2435 2413 2486 suo,
2431 2420 2484 2473 in
2514 2436 2707 2474 eorum
2729 2422 2861 2476 urbe
2881 2421 3237 2491 perficiendo,
3259 2438 3380 2475 cer-

1803 2512 1970 2567 tiores
1996 2511 2146 2566 facit.
2176 2511 2300 2567 lllos
2334 2526 2465 2566 vero
2487 2512 2744 2567 omnibus
2768 2529 2904 2583 quas
2935 2514 3381 2569 ardentissimum

1801 2613 1868 2654 ac
1922 2614 2062 2669 pene
2109 2600 2430 2656 incredibile
2495 2603 2764 2656 subeundi
2830 2604 3077 2674 martyrii
3141 2605 3380 2658 studium

1801 2706 2094 2762 suggerere
2121 2702 2354 2762 poterat,
2417 2696 2721 2750 rationibus
2756 2697 2971 2765 pulsat;
3037 2712 3103 2750 ne
3154 2709 3381 2752 mortem

1800 2800 1980 2850 suam,
2029 2787 2177 2855 quod
2236 2803 2405 2841 unum
2452 2788 2698 2853 timebat,
2736 2790 3025 2859 prohibere
3088 2797 3382 2845 tentarent.

1803 2878 2100 2950 Subjungit
2130 2894 2189 2935 se
2214 2881 2616 2937 crudelissimis
2652 2884 2971 2948 satellitum,
2998 2899 3027 2937 a
3057 2884 3258 2953 quibus
3281 2884 3384 2937 du-

1799 2976 2051 3041 cebatur,
2113 2978 2495 3031 vexationibus
2541 2979 2607 3031 ad
2666 2978 3066 3048 assequendam
3134 2978 3380 3048 martyrii

1800 3071 2035 3138 palmam
2060 3071 2377 3139 praeparari.
2426 3079 2589 3141 atque
2612 3071 2821 3125 idcirco
2847 3070 3111 3125 Romanis
3145 3085 3204 3126 se
3256 3071 3382 3139 qui-

1802 3162 1924 3217 dem
1956 3175 2063 3216 non
2096 3162 2413 3232 praecipere,
2446 3163 2552 3217 sed
2587 3177 2683 3217 eos
2730 3163 3014 3228 obtestari,
3057 3171 3117 3215 ut
3179 3178 3210 3215 a
3270 3163 3381 3216 Deo

1801 3255 2095 3321 impetrent
2123 3269 2325 3323 corpus
2356 3271 2542 3321 suum,
2569 3266 2830 3323 tanquam
2857 3255 3191 3309 frumentum
3226 3256 3381 3309 Citri-

1802 3349 1894 3414 sti,
1922 3348 2180 3405 dentibus
2212 3350 2512 3405 bestiarum
2566 3351 2639 3403 ita
2662 3350 2788 3403 moli
2813 3390 2826 3414 ,
2862 3358 2921 3403 ut
2974 3350 3111 3403 nihil
3153 3351 3383 3404 omnino

1801 3441 1872 3495 sit
1893 3441 2198 3510 reliquum;
2228 3442 2561 3511 tandemque
2586 3450 2778 3511 optare
2800 3459 2857 3498 se
2883 3444 2951 3497 ab
2969 3443 3161 3497 iisdem
3190 3441 3381 3496 bestiis

1800 3533 2206 3603 quamprimum
2238 3533 2521 3599 devorari;
2559 3544 2724 3602 atque
2748 3535 2792 3589 si
2830 3534 2911 3587 vel
2938 3534 3225 3587 minimum
3262 3549 3382 3587 mo-

1798 3633 2011 3691 rentur,
2041 3625 2183 3691 illas,
2214 3634 2273 3679 ut
2300 3624 2540 3687 Christo,
2568 3640 2677 3694 quo
2703 3625 2841 3679 nihil
2869 3625 2972 3679 sibi
3002 3625 3378 3692 chariuscrat,

1799 3718 1963 3772 citius
1994 3716 2288 3782 frueretur,
2316 3718 2607 3786 derepente
2634 3732 3046 3787 aggressurum.
3080 3716 3163 3771 0b
3186 3720 3381 3773 oculos

1798 3810 1993 3863 deinde
2046 3810 2127 3864 cis
2168 3810 2324 3879 ponit
2368 3819 2575 3878 quanto
2634 3816 2833 3863 conatu
2891 3810 3144 3880 princeps
3193 3811 3379 3864 surculi

1799 3900 2063 3971 martyrio
2087 3916 2188 3955 suo
2219 3901 2486 3956 obsistere
2512 3901 2794 3955 niteretur.
2828 3900 2968 3956 Ilinc
3000 3902 3128 3965 illis,
3158 3916 3225 3955 ne
3252 3918 3378 3956 cum

1798 3990 2079 4046 dirissimo
2104 3991 2417 4045 mortalium
2453 3992 2610 4046 hoste
2633 3993 2975 4061 conspirent,
3019 3992 3116 4046 sed
3162 3992 3288 4059 sibi,
3321 4000 3384 4047 ut

1798 4086 1956 4139 ocius
2009 4093 2242 4138 mortem
2269 4094 2508 4153 optatam
2541 4084 2740 4147 obiret,
2770 4100 2927 4154 opem
2972 4085 3154 4154 potius
3177 4084 3377 4151 ferant,

1799 4189 1990 4232 auctor
2020 4186 2103 4232 est
2150 4186 2204 4231 et
2227 4192 2443 4231 suasor.
2495 4175 2662 4231 Suam
2713 4186 2901 4247 postea
2959 4176 3292 4244 Ecclesiam,
3325 4180 3381 4235 iu

1798 4284 1903 4338 qua
1956 4284 2024 4322 ne
2073 4268 2267 4322 ultimo
2325 4267 2544 4337 quidem
2626 4267 2717 4335 qui
2773 4268 3144 4322 ascribcrctur
3209 4268 3378 4333 loco,

1797 4361 1994 4432 dignus
2024 4370 2161 4424 erat,
2191 4360 2485 4431 plurimum
2516 4360 2624 4415 illis
2663 4361 3045 4426 commendat;
3089 4360 3299 4429 eisque,
3327 4371 3382 4415 et

112 4456 151 4499 et
192 4452 576 4518 apostolorum
632 4449 883 4503 doctrina
956 4449 1270 4508 ﬁrmissime
1315 4456 1689 4523 stabiliantur,
1726 4456 1771 4513 D
1798 4455 1935 4520 suis,
1964 4462 2018 4508 et
2048 4453 2320 4516 omnium,
2359 4468 2479 4522 qua:
2509 4454 2592 4506 vel
2622 4468 2745 4508 eum
2777 4462 3128 4522 exceperant,
3179 4453 3264 4505 vel
3309 4452 3379 4505 ad

114 4538 449 4613 t'piscopoque
501 4557 621 4598 suo
653 4556 863 4595 morem
919 4558 1134 4612 semper
1175 4559 1389 4614 gerant,
1443 4549 1695 4603 obsecrat

112 4630 531 4706 obtestaturque.
569 4633 828 4702 Denique
862 4634 945 4688 sui
978 4634 1171 4704 ipsius,
1206 4646 1260 4690 et
1296 4638 1554 4694 Ecclesiae
1581 4656 1693 4694 sua)

112 4720 437 4781 Antiochense
486 4724 656 4782 brevi
717 4726 1192 4782 commendatione
1242 4730 1445 4786 claudit
1486 4732 1692 4801 cpisto-

110 4809 211 4868 lam.

159 4900 327 4960 Tertia
382 4908 459 4962 ad
494 4905 820 4961 Ecclesiam
847 4904 1181 4961 Trallensem
1215 4911 1283 4964 ab
1311 4927 1377 4967 eo
1408 4913 1535 4968 data
1585 4921 1689 4977 est,

106 5008 362 5067 postquam
392 5017 504 5071 per
532 4998 838 5069 Polybium
874 4998 1120 5067 ejusdem
1174 5000 1435 5059 Ecclesiae
1480 4988 1691 5072 episco-

109 5095 230 5148 pum,
255 5087 324 5140 ad
358 5104 422 5143 se
452 5088 533 5142 ab
585 5102 657 5140 ea
718 5086 967 5151 missum,
1016 5100 1166 5143 certo
1194 5094 1495 5163 accepisset
1531 5093 1690 5148 Tral-

106 5171 252 5233 lrnses
280 5178 657 5235 Christianos
702 5176 1035 5247 inculpatam
1090 5192 1328 5239 mentem
1376 5187 1606 5250 habere,
1639 5199 1692 5243 et

106 5265 523 5339 insuperabilem
585 5273 640 5326 in
674 5272 961 5340 patientia,
1003 5288 1211 5343 eosque
1264 5293 1394 5333 vere
1443 5292 1566 5332 esse
1595 5278 1689 5333 Dei

104 5358 399 5421 imitatores.
440 5365 550 5419 llic
594 5365 748 5417 enim
798 5363 882 5417 his
910 5367 1117 5420 nuntiis
1157 5369 1358 5436 gaudio
1411 5370 1684 5438 perfusus,

104 5451 222 5511 hanc
249 5459 483 5527 scripsit
516 5454 822 5526 epistolam
842 5496 858 5518 ,
885 5471 993 5525 qua
1022 5457 1103 5512 eis
1129 5458 1195 5512 de
1230 5466 1308 5515 tot
1339 5462 1556 5516 eximiis
1580 5463 1691 5515 vir-

102 5546 281 5603 tutibus
312 5551 635 5620 plurimum
672 5546 1003 5617 gratulatus,
1032 5550 1251 5605 eosdem
1279 5564 1339 5607 ut
1367 5552 1685 5621 episcopum

102 5637 383 5697 ubedientia
418 5686 435 5708 ,
501 5641 869 5712 presbyteros
923 5643 1268 5696 veneratione
1293 5687 1306 5710 ,
1339 5644 1687 5698 observantia

100 5724 335 5791 diaconos
392 5738 853 5805 prosequantur,
906 5732 1077 5787 antire
1129 5746 1333 5791 monet.
1388 5734 1581 5790 Subdit
1631 5751 1688 5794 se

1797 4560 1923 4599 eum
1980 4543 2328 4598 invisendum
2380 4544 2598 4612 aliquos
2649 4543 2937 4609 miserant,
3000 4542 3375 4597 Ecclesiarum

1796 4638 1977 4692 verbis
2003 4638 2297 4707 plurimam
2343 4636 2577 4689 salutem
2617 4635 2806 4689 mittit.
2838 4634 3085 4706 Denique
3113 4636 3377 4692 charissi-

1795 4745 1947 4784 mum
1977 4745 2135 4783 suum
2165 4728 2402 4783 Crocum
2436 4727 2501 4781 ad
2535 4742 2594 4783 se
2612 4729 2927 4799 pervenisse
2951 4729 3188 4795 nuntiat,
3216 4738 3381 4798 atque

1795 4831 1857 4875 ut
1881 4822 1946 4875 iis
1963 4823 2055 4890 qui
2095 4838 2162 4876 ex
2192 4819 2349 4892 Syria
2397 4820 2627 4874 Romam
2654 4830 2938 4883 venerant,
2961 4820 3214 4875 eumdem
3248 4820 3378 4874 Cro-

1795 4916 1843 4969 ci
1874 4914 2190 4979 adventum,
2221 4930 2391 4984 seque
2428 4929 2523 4968 eos
2552 4915 2704 4969 brevi
2732 4924 3131 4969 conventurum
3167 4913 3378 4983 signiti-

1795 5010 2003 5068 carent,
2041 5005 2204 5057 etiam
2233 5015 2400 5074 atque
2423 5004 2585 5057 etiam
2612 5013 2887 5073 precatur.

1867 5097 2108 5167 lgnatius
2142 5097 2227 5151 his
2246 5105 2483 5167 quatuor
2510 5096 2705 5151 litteris
2731 5094 2979 5166 Smyrna:
3030 5091 3343 5160 obsignatis
3361 5134 3374 5157 ,

1796 5190 1921 5244 inde
1950 5189 2190 5255 solvens,
2223 5189 2432 5259 appulit
2461 5188 2754 5255 Troadem,
2793 5189 2883 5241 ubi
2918 5198 3029 5240 tres
3054 5184 3213 5249 alias,
3240 5200 3377 5252 qua-

1794 5297 1917 5335 rum
1944 5281 2117 5349 prima
2143 5280 2209 5334 ad
2246 5280 2750 5350 Philadelphienses
2780 5280 2982 5346 scripta
3039 5286 3143 5341 est,
3183 5291 3375 5329 exara-

1794 5376 1890 5428 vit.
1927 5372 2321 5427 llancinchoat
2352 5389 2381 5426 a
2414 5372 2670 5426 laudibus
2697 5370 2871 5425 sancti
2915 5367 3231 5423 eorumdem
3258 5366 3359 5435 epi~

1794 5462 1969 5532 scopi,
2008 5463 2166 5531 cujus
2190 5463 2429 5516 divinam
2474 5463 2541 5516 ad
2574 5462 2950 5531 episcopatum
3004 5458 3365 5521 vocationem

1795 5553 2161 5617 modestiam,
2217 5554 2463 5621 aliasque
2518 5551 2748 5605 virtutes
2793 5547 2898 5602 sibi
2950 5547 3371 5602 admirationem

1796 5646 2038 5699 movisse
2077 5654 2327 5711 testatus,
2372 5644 2493 5698 illos
2521 5644 2587 5697 ad
2611 5644 2684 5710 ei,
2715 5646 2857 5698 sicut
2879 5657 3010 5697 oves
3037 5642 3267 5712 pastori,
3317 5651 3377 5697 ut

1794 5737 2109 5795 mortiferas
2140 5738 2401 5793 doctrina:
2435 5751 2679 5795 erronem
2708 5735 2906 5794 herbas
2935 5734 3193 5802 devitem,
3214 5736 3347 5792 obs»
3372 5764 3373 5767 η
