3768 6300
448 257 553 315 173

1513 267 1573 327 8.
1612 271 1962 334 IGNATIUS.
1998 310 2067 320 —
2105 278 2640 339 PROLEGOMENA.

3597 296 3689 355 436

444 382 724 448 quendum
751 426 766 453 _.
801 387 991 443 sedulo
1019 389 1286 447 hortatur.
1313 389 1453 445 Tum
1504 396 1768 451 continuo
1792 399 2020 470 subjnn-
2046 408 2095 466 Α
2122 402 2233 458 sias
2262 404 2328 458 ad
2379 404 2527 459 illam
2568 404 2759 460 eadem
2790 404 2861 461 de
2903 422 3071 465 causa
3103 408 3483 468 'scribendum
3516 413 3688 469 torte.

444 474 525 542 git
555 491 717 532 nosse
746 494 806 533 se
836 495 929 535 eos
964 481 1019 534 in
1060 483 1161 536 hac
1191 497 1407 553 semper
1445 484 1620 542 fuisse
1652 488 1963 547 obedientia
1996 512 2014 561 ;

443 565 541 621 sed
566 582 635 622 ne
655 570 725 624 ab
755 570 881 635 illis,
909 572 1002 641 qui
1032 572 1204 643 legem
1230 573 1433 647 Moysis
1464 592 1574 632 non
1605 588 1787 634 autem
1810 582 2018 642 Christi

444 660 768 714 servandam
790 676 913 717 esse
938 665 1207 720 docebant
1230 708 1245 733 ,
1284 681 1734 740 corrumpantur,
1765 689 2020 743 perseve-

444 750 676 805 rantiam
707 752 984 824 eﬁlagitat.
1019 754 1287 813 Memorat
1322 767 1506 815 autem
1559 776 1619 816 se
1647 778 1771 819 cum
1822 766 1891 819 ad
1919 781 2017 823 eos

442 838 772 907 divertisset,
832 846 1290 917 cognovissetque
1317 850 1461 919 apud
1502 850 1650 921 ipsos
1696 868 1820 909 esse
1850 856 2015 924 quos-

440 928 589 994 dam,
613 931 708 1000 qui
739 941 969 991 eatenus
1009 936 1328 1009 Evangelio,
1379 953 1653 1011 quatenus
1691 945 1889 1014 priscis
1922 962 2017 1003 eo-

438 1035 560 1075 rum
627 1027 949 1083 auctoribus
1001 1042 1429 1087 consentaneum
1464 1044 1629 1104 esset,
1685 1039 2013 1094 credendum

436 1127 559 1168 esse
580 1122 990 1187 contenderent,
1020 1130 1152 1182 tunc
1175 1125 1423 1180 eamdem
1478 1127 1587 1183 illis
1613 1130 1856 1186 suasisse
1886 1133 2019 1189 obe~

437 1204 724 1263 dientiam.
754 1208 874 1265 Jam
898 1227 1030 1267 vero
1053 1228 1110 1268 se
1135 1230 1416 1287 nunquam
1442 1218 1528 1272 his
1560 1219 1895 1291 hominibus,
1919 1221 2018 1282 sed

435 1299 610 1366 cruci,
649 1303 841 1369 morti,
888 1306 1280 1363 resurrectioni
1320 1309 1549 1375 Christi,
1581 1321 1747 1383 atque
1772 1312 2020 1386 Evange-

435 1385 512 1442 lio
541 1404 571 1443 a
600 1392 879 1461 prophetis
932 1398 1319 1465 praznuntiato,
1366 1409 1626 1472 tanquam
1672 1409 1898 1462 omnino
1932 1385 2019 1461 in-

436 1492 712 1551 corruptae
736 1485 949 1542 veritati
976 1487 1138 1542 ﬁdem
1188 1489 1504 1548 habiturum
1545 1494 1850 1563 profitetur.
1890 1495 2019 1554 illos

436 1570 634 1626 deinde
664 1586 870 1643 monet,
905 1587 966 1633 ut
995 1580 1061 1634 ad
1078 1578 1375 1638 Ecclesiam
1408 1583 1809 1645 Antiochenam
1832 1588 2020 1646 diaco-

437 1676 569 1716 num
604 1668 921 1736 quemdam,
977 1673 1061 1726 vel
1099 1673 1246 1731 sicut
1276 1676 1471 1732 vicinae
1498 1680 1764 1748 ecclesiae,
1805 1683 2018 1753 episco-

2120 503 2229 562 tur,
2260 510 2355 565 per
2382 512 2549 567 quam
2579 506 2828 554 amanter
2848 500 3123 557 obseCrat.
3153 502 3404 575 Denique
3434 505 3687 561 Christia-

2119 587 2207 643 nis
2248 589 2507 646 omnibus
2541 591 2871 661 generatim,
2905 595 3235 665 quibusdam
3267 612 3401 654 vero
3445 601 3685 655 nomina-

2110 678 2216 734 tim
2246 679 2520 749 salutatis,
2551 682 2809 754 obsignat
2832 684 3139 755 epistolam.

2732 846 2967 903 CAPUT
3017 848 3081 907 11.

2116 965 2293 1005 νΑιιιε
2350 967 2688 1009 εοιιιρτοιιυιι
2748 971 2816 1011 DE
2867 974 2954 1012 1118
3006 974 3281 1018 εριετοιιε
3342 978 3682 1033 SENTENTIA;

2190 1036 2419 1083 ΩΒΑΕΒΔΙ
2452 1038 2791 1080 οβεελιιγλιωλ
2832 1044 3293 1097 Ριιιειιττυμτωι,
3340 1049 3413 1087 ΕΤ
3460 1051 3562 1098 ρυΔ
3605 1054 3689 1091 ιιι-

2191 1106 2367 1147 ΤΗΟΒΟ
2398 1109 2534 1147 VERA
2565 1110 2862 1151 SENTENTIA
2894 1114 3359 1158 PROPUGNABITUR.

2190 1201 2219 1273 §
2244 1201 2283 1258 1.
2324 1202 2501 1260 Varia:
2530 1207 2847 1276 scriptorum
2875 1209 2938 1265 de
2968 1210 3032 1264 iis
3061 1213 3300 1282 epistolis
3331 1219 3627 1272 sententiae.

2187 1312 2263 1369 De
2297 1315 2381 1370 his
2422 1329 2629 1386 septem
2660 1318 2910 1387 epistolis
2942 1330 3051 1376 tres
3099 1331 3231 1377 sunt
3274 1323 3522 1380 diversae
3567 1328 3689 1381 scri-

2115 1414 2335 1477 ptorum
2367 1407 2599 1478 hujusce
2633 1411 2810 1465 aetatis
2836 1413 3144 1483 opiniones.
3181 1412 3377 1470 Prima
3414 1426 3507 1472 est
3543 1416 3689 1471 Blon-

2116 1495 2276 1561 dclli,
2328 1495 2513 1553 Dallati
2563 1499 2909 1570 aliorumque
2968 1502 3209 1572 plurium
3263 1503 3691 1577 Presbyter-ian:

2118 1585 2559 1657 Calvinianaeque
2609 1599 2771 1646 sectae
2802 1592 3109 1658 hominum,
3140 1595 3235 1665 qui
3271 1595 3401 1651 illas
3438 1606 3689 1667 tanquam

2118 1676 2343 1731 omnino
2375 1677 2734 1746 adulterinas,
2785 1679 2945 1736 ﬁctas
2987 1688 3156 1751 atque
3199 1680 3421 1753 lgnatio
3456 1686 3693 1754 supposi-

436 1769 589 1822 pum,
627 1772 691 1812 ac
720 1760 1088 1832 presbyteros,
1127 1766 1219 1835 qui
1244 1766 1312 1821 de
1343 1768 1553 1829 reddita
1578 1770 1635 1825 ei
1663 1788 1795 1842 pace
1823 1783 2007 1844 gratu-

2184 1783 2194 1821 s
2224 1767 2533 1837 repudiant.
2576 1768 2649 1824 De
2685 1784 2749 1826 ea
2784 1784 2916 1825 vero
2944 1778 3102 1826 aetate
3141 1787 3250 1840 qua
3279 1788 3380 1829 eas
3430 1773 3491 1829 in
3532 1774 3692 1829 lucem

435 1844 637 1913 lentur,
664 1850 921 1922 dirigant.
957 1852 1071 1910 Sub
1098 1857 1212 1913 haec
1260 1859 1332 1914 ob
1360 1858 1649 1917 Philonem
1697 1863 2012 1932 diaconum,

434 1935 609 1992 Reum
689 1949 743 1996 et
796 1943 1202 2015 Agathopodem
1256 1948 1648 2019 benignissime
1703 1953 1773 2008 ab
1807 1954 1889 2009 eis
1919 1970 2016 2011 ex-

431 2038 622 2101 ceptos
652 2035 855 2101 gratias
887 2037 1017 2107 agit.
1052 2038 1296 2110 Denique
1322 2058 1418 2097 eos
1452 2042 1853 2101 Troadensium
1887 2062 2013 2103 ver—

432 2121 516 2211 bis
546 2124 768 2190 salutat,
808 2139 1070 2200 optatque
1101 2141 1160 2186 ut
1189 2132 1434 2191 Burrhus
1466 2144 1520 2191 et
1557 2135 1823 2206 Ephesini
1851 2149 2015 2211 atque

431 2210 703 2283 Smyrnaei
732 2234 761 2271 a
785 2217 1028 2286 Christo,
1057 2220 1110 2276 in
1140 2239 1251 2294 quo
1276 2240 1427 2294 spem
1461 2242 1681 2283 omnem
1712 2210 2014 2288 collocave—

429 2311 575 2366 rant,
607 2305 786 2375 dignis
819 2308 1122 2368 honoribus
1150 2312 1474 2373 afﬁciantur.

503 2391 671 2450 Sexta
700 2400 927 2466 epistola
962 2403 1030 2457 ab
1053 2402 1261 2474 lgnatio
1298 2408 1364 2462 ad
1392 2409 1783 2482 Smyrnensem
1820 2415 2009 2474 Eccle-

431 2484 570 2539 siam
594 2503 691 2557 per
724 2489 1023 2559 Burrhum,
1072 2512 1233 2565 quem
1257 2498 1470 2557 itineris
1503 2502 1589 2558 sui
1624 2502 1879 2564 comitem
1912 2510 2012 2565 ha-

430 2577 649 2647 buerat,
681 2583 851 2638 missa
891 2594 994 2641 est.
1028 2586 1332 2661 Praecipua,
1367 2595 1514 2664 quod
1545 2596 1601 2650 in
1632 2612 1694 2653 ea
1719 2606 2007 2668 tractatur,

430 2682 755 2739 argumento
784 2673 1030 2745 lgnatius
1074 2679 1419 2742 Christianos
1454 2687 1719 2745 adversus
1740 2693 2008 2761 quosdam

431 2760 742 2832 litereticos,
809 2767 904 2837 qui
950 2769 1231 2829 Christum
1284 2777 1467 2833 ﬁctam
1508 2787 1719 2838 tantum
1759 2760 2008 2843 hominis

429 2868 675 2923 carnem,
711 2873 818 2927 qua
866 2870 1095 2918 mortem
1131 2874 1186 2920 et
1217 2872 1678 2928 resurrectionem
1714 2874 2009 2933 simulave-

430 2953 538 3007 rat,
571 2953 938 3021 assumpsisse
968 2957 1242 3026 dicebant,
1274 2964 1453 3020 munit
1498 2980 1565 3022 ac
1616 2976 1819 3025 tuetur.
1859 2969 2007 3038 Qua-

2115 1858 2383 1927 prodiisse
2425 1871 2676 1929 censent,
2723 1870 2860 1932 quot
2897 1879 3087 1920 eorum
3119 1867 3327 1937 capita,
3361 1877 3451 1922 tot
3490 1883 3691 1925 sensus.

2112 1949 2431 2006 Albertinus
2463 1954 2609 2007 enim
2639 1970 2734 2010 eas
2761 1956 2911 2012 circa
2939 1957 3179 2013 medium
3207 1959 3483 2014 saeculum
3512 1976 3690 2015 secun-

2112 2041 2241 2095 dum
2264 2082 2279 2107 ,
2330 2040 2636 2101 Salmasius
2663 2046 2767 2101 sub
2798 2048 3032 2118 imperio
3062 2049 3364 2118 Antonini,
3401 2052 3495 2106 vel
3541 2050 3691 2106 Μαι-εἰ

2111 2130 2340 2196 Aurelii,
2373 2131 2686 2190 Blondellus
2716 2144 2841 2204 post
2870 2148 3099 2194 mortem
3121 2138 3433 2196 Clementis
3468 2142 3690 2197 Alexan-

2110 2220 2274 2289 drini,
2306 2221 2563 2292 Dallteus,
2585 2235 2817 2283 exeunte
2845 2230 3048 2285 sarculo
3075 2231 3260 2299 tertio,
3308 2234 3558 2303 scriptas
3585 2249 3689 2288 esse

2110 2314 2505 2381 pronuntiant:
2538 2315 2650 2372 imo
2676 2333 2807 2374 vero
2832 2319 3138 2379 Bochartus
3165 2323 3469 2394 epistolam
3496 2324 3564 2379 ad
3592 2324 3688 2379 Ro-

2111 2418 2307 2461 manos
2337 2421 2447 2460 non
2475 2417 2601 2464 ante
2628 2408 2979 2468 Constantini
3016 2412 3195 2487 Magni
3234 2414 3540 2487 imperium
3566 2433 3683 2471 exa-

2110 2507 2287 2553 ratam
2318 2515 2443 2556 esse
2469 2503 2790 2561 arbitratur.

2182 2592 2435 2651 Secunda
2467 2599 2654 2668 opinio
2684 2610 2768 2657 est
2804 2600 3015 2659 Usserii
3056 2604 3395 2663 Armachani
3423 2608 3691 2677 archimi-

2108 2685 2283 2756 sc0pi,
2329 2688 2424 2757 qui
2473 2704 2570 2744 sex
2619 2691 2835 2761 priores
2880 2694 3143 2766 epistolas
3198 2696 3413 2766 Ignatio
3468 2700 3693 2764 asserit,

2109 2779 2396 2847 septimam
2425 2796 2578 2849 vero,
2614 2799 2738 2853 quae
2760 2786 2829 2841 ad
2857 2785 3220 2860 Polycarpum
3250 2790 3379 2846 data
3410 2801 3521 2859 est,
3564 2793 3689 2862 reji-

2108 2869 2182 2923 cit
2208 2870 2563 2943 ﬁctitiamque
2589 2889 2712 2932 esse
2737 2875 2991 2934 aﬁirmat.

2182 2962 2367 3019 Tertia
2419 2964 2652 3022 aliorum
2705 2970 2955 3026 omnium
3008 2975 3281 3029 sententia
3328 2973 3433 3030 has
3485 2984 3687 3046 septem

430 3047 652 3106 propter
679 3043 960 3101 veritatem
1001 3050 1207 3117 carnis,
1237 3056 1530 3124 passionis,
1585 3061 1779 3117 mortis
1818 3072 1874 3119 et
1918 3079 2005 3118 rc-

2184 3053 2368 3110 istolas
2390 3071 2579 3112 verum
2611 3073 2677 3113 ac
2697 3060 2993 3130 genuinum
3022 3061 3217 3129 lgnatii
3240 3080 3383 3135 opus
3411 3043 3687 3123 esse—con-

429 3132 791 3190 surrectionis
851 3136 1058 3195 Christi
1116 3142 1336 3201 invictis
1385 3152 1725 3220 argumentis
1774 3154 2007 3211 demon-

2184 3143 2317 3210 idit;
2342 3161 2514 3217 eaque
2535 3164 2644 3205 non
2661 3127 2733 3205 ab
2755 3127 3074 3208 orthodoxis
3099 3127 3336 3221 tantum,
3366 3159 3550 3213 scdab
3570 3174 3690 3213 eru-

431 3228 606 3286 strat,
638 3228 989 3299 praecipitque
1041 3230 1358 3306 Smyrnteis,
1402 3250 1463 3295 ut
1509 3243 1893 3302 haereticorum
1922 3246 2009 3303 1⁸η·-

430 3310 582 3379 giant
610 3316 917 3388 colloquia,
937 3338 1002 3378 ac
1033 3326 1150 3382 suis
1176 3330 1427 3398 precibus
1470 3348 1659 3390 eorum
1694 3340 2011 3396 conversio-

431 3421 556 3460 nem
613 3425 642 3462 a
696 3409 807 3466 Deo
851 3428 1175 3485 exposcant.
1234 3422 1341 3480 Eos
1367 3425 1564 3483 deinde
1616 3439 1676 3487 ut
1726 3431 2006 3504 episcopo,

428 3498 759 3570 presbyteris
804 3517 857 3561 et
892 3508 1217 3571 diaconibus
1265 3516 1658 3589 obsequantur,
1717 3498 1776 3578 in
1814 3498 2009 3594 primis

430 3600 610 3645 autem
645 3595 903 3668 episcopo
938 3617 1155 3661 summa
1202 3606 1256 3661 in
1302 3610 1559 3666 omnibus
1602 3613 1913 3671 obedientia
1954 3626 2009 3671 et

430 3685 781 3741 veneratione
826 3695 1159 3764 auscultent,
1205 3698 1440 3777 sollicite
1490 3701 1769 3758 admonet.
1798 3703 2011 3762 Dehinc

400 3812 403 3813 ν
432 3776 701 3832 maximas
731 3779 812 3837 eis
844 3782 1050 3840 idcirco
1096 3790 1345 3858 rependit
1368 3776 1607 3861 gratias,
1657 3795 1803 3864 quod
1834 3811 1892 3851 se
1920 3813 2009 3852 so-

431 3865 661 3937 ciosque
713 3886 844 3927 suos
897 3875 1204 3935 incredibili
1247 3881 1622 3941 benevolentia
1673 3889 2008 3957 exceperint,

431 3963 599 4023 atque
622 3958 749 4013 inde
774 3977 869 4017 eos
896 3964 1113 4035 dignam
1160 3984 1191 4023 a
1216 3967 1326 4023 Deo
1353 3973 1657 4029 mercedem
1686 3988 2008 4046 accepturos

432 4063 557 4103 esse
582 4051 889 4119 pollicetur.
914 4056 1107 4114 Postea
1149 4076 1336 4130 pacem
1359 4063 1617 4123 Ecclesiae
1654 4068 2008 4126 Antiochena:

432 4141 699 4198 redditam
729 4148 972 4216 nuntiat,
1015 4162 1245 4222 oratque
1289 4165 1348 4210 ut
1373 4158 1635 4228 aliquem,
1665 4160 1757 4229 qui
1799 4161 1901 4217 hac
1940 4164 2007 4218 de

431 4247 492 4287 re
517 4232 590 4286 illi
620 4237 942 4307 gratuletur,
997 4258 1060 4295 ac
1097 4243 1208 4298 Deo
1257 4246 1445 4302 laudes
1477 4251 1792 4321 gratiasque
1842 4254 2008 4308 simul

432 4341 557 4380 cum
635 4345 697 4384 ea
751 4331 971 4398 referat,
1025 4341 1431 4407 quamprimum
1488 4343 1703 4399 mittere
1765 4345 2002 4403 festinet.

2110 3236 2402 3293 ditissimis
2441 3238 2654 3295 Calvini
2700 3256 2765 3297 ac
2811 3245 3234 3313 protestantium
3287 3250 3684 3313 sectatoribus,

2113 3325 2313 3384 Vossio
2343 3330 2578 3397 scilicet,
2612 3331 2919 3401 Hamondo,
2960 3334 3174 3402 Riveto,
3206 3337 3491 3406 Sculteto,
3523 3340 3685 3395 Pear-

2111 3435 2279 3488 sone,
2332 3420 2508 3490 Bullo,
2556 3422 2775 3496 Moynio
2827 3427 3061 3498 aliisque
3098 3441 3501 3500 propugnatur.
3559 3431 3688 3488 Huic

2112 3513 2397 3568 sententiae
2437 3515 2689 3572 iubentes
2717 3516 3142 3587 subscribimus,
3181 3521 3446 3593 illamque
3472 3527 3689 3581 verissi-

2114 3617 2258 3658 mam
2285 3619 2409 3661 esse
2439 3606 2679 3676 invictis,
2714 3619 2775 3664 ut
2801 3621 3079 3680 putamus,
3122 3614 3401 3671 rationum
3444 3634 3687 3675 momen-

2111 3695 2183 3754 tis
2212 3697 2590 3755 demonstrare
2616 3702 2962 3760 conabimur.

2289 3833 2323 3906 ς
2353 3834 2417 3889 11.
2454 3835 2713 3902 Ωιιιεάαηι
2741 3839 3062 3895 observanda
3091 3845 3513 3912 prmmittuntur.

2185 3969 2382 4028 Verum
2415 3982 2707 4045 antequam
2735 3977 2801 4033 ad
2833 3977 2974 4033 hanc
3001 3980 3313 4049 opinionem
3351 3984 3685 4051 probandam

2111 4061 2514 4132 aggrediamur,
2556 4066 2816 4121 nonnulla
2845 4083 2968 4137 quae
2999 4069 3065 4123 ad
3119 4071 3445 4139 quaestionis
3494 4083 3691 4128 nosti-te

2110 4151 2553 4220 explanationem
2582 4169 2690 4208 non
2720 4169 2913 4223 parum
2941 4156 3278 4223 conducunt,
3305 4157 3470 4227 juvat
3501 4159 3688 4213 obser-

2111 4258 2259 4297 vare.
2292 4242 2475 4297 Primo
2501 4254 2717 4300 constat
2744 4245 2885 4300 inter
2922 4261 3114 4301 omnes
3145 4247 3440 4317 cujuslibet
3468 4250 3679 4318 opinio-

2112 4335 2200 4389 nis
2255 4344 2508 4391 auctores
2554 4337 2819 4405 quasdam
2864 4338 2934 4392 ab
2971 4336 3401 4408 lgnationostro
3457 4342 3691 4412 scriptas

434 4421 677 4491 Denique
706 4426 962 4481 omnibus
990 4444 1115 4483 cum
1141 4428 1559 4498 Troadensium,
1600 4444 1713 4489 tum
1755 4454 1857 4493 suo
1905 4455 2006 4494 no-

2184 4431 2285 4485 isse
2328 4431 2593 4500 epistolas
2629 4450 2642 4486 :
2686 4451 2705 4483 t
2735 4430 2870 4497 Quis
2918 4433 3089 4498 enim,
3134 4434 3315 4503 inquit
3361 4434 3600 4490 Dallzens
3620 4436 3680 4499 ³³,

433 4520 578 4574 mine
604 4525 878 4591 salutatis,
904 4523 1150 4595 epistola:
1176 4525 1491 4579 coronidem
1520 4527 1770 4597 imponit.

502 4611 797 4682 Septimam
852 4617 1115 4686 lgnalius,
1166 4613 1380 4670 Troade
1430 4612 1715 4688 Neapolim
1776 4629 2006 4675 conten-

433 4703 589 4769 dens,
638 4714 802 4775 atque
852 4708 907 4761 in
956 4709 1137 4764 navim
1163 4708 1393 4779 jamjam
1443 4724 1886 4778 conscensurus,
1936 4714 2003 4767 ad

429 4793 787 4865 Polycarpum
816 4839 831 4862 ,
890 4800 1279 4854 charissimam
1338 4802 1667 4873 discipulum
1709 4819 1868 4859 suum
1891 4844 1909 4873 ,
1940 4820 2005 4860 ac

329 4934 337 4944 .
430 4885 820 4958 Smyrnensem
862 4890 1202 4959 episcopum,
1234 4891 1528 4948 destinavit
1577 4895 1886 4964 epistolam.
1925 4893 2003 4949 lbi

429 4981 623 5036 miram
660 4981 779 5051 ejus
808 4982 861 5035 in
894 4982 996 5037 ﬁde
1025 4986 1388 5040 constantiam
1437 4988 1817 5054 commendat,
1863 5003 2002 5058 gau-

426 5074 689 5143 diumque
711 5089 870 5128 suum
900 5076 1045 5144 quod
1076 5075 1326 5147 Smyrna:
1356 5078 1476 5147 ipso
1501 5078 1701 5133 fruitus
1729 5079 1820 5146 sit,
1853 5079 1999 5134 testi-

429 5166 641 5221 ﬁcatur.
670 5165 918 5221 Poslhzec
960 5183 1071 5237 quo
1098 5177 1152 5222 et
1189 5169 1308 5237 ipse
1346 5169 1399 5223 in
1434 5170 1634 5224 virtute
1692 5171 1998 5240 proﬁceret,

426 5268 482 5312 et
522 5258 874 5312 commissam
910 5257 1015 5312 sibi
1061 5257 1360 5315 Ecclesiam
1401 5261 1715 5317 Christiane
1758 5272 1999 5332 regeret,

426 5348 593 5404 variis
626 5349 778 5403 illum
810 5349 1095 5420 praeceptis
1148 5350 1363 5406 imbuit.
1415 5348 1659 5406 Subinde
1700 5367 1829 5407 vero
1875 5367 1997 5406 eum

428 5444 548 5491 orat
592 5437 1005 5509 obtestaturque
1050 5448 1110 5494 ut
1154 5441 1220 5494 ad
1251 5439 1549 5496 Ecclesiam
1601 5442 1999 5496 Antiochenam

426 5525 494 5581 de
519 5528 726 5582 reddita
759 5545 893 5598 pace
922 5531 970 5584 ei
1015 5531 1391 5602 gralulaturus
1422 5533 1651 5595 litteras,
1705 5533 1774 5587 ab
1815 5534 2000 5602 aliquo

427 5615 771 5687 deferendas,
807 5622 1044 5689 scribat;
1095 5633 1256 5695 atque
1280 5634 1341 5679 ut
1373 5625 1511 5681 alias
1559 5642 1780 5698 quoque
1813 5625 1999 5681 Eccle-

500 5732 546 5764 ⁸⁸
576 5730 692 5787 Lib.
738 5733 811 5788 Dc
840 5738 1021 5804 script.
1057 5735 1259 5806 Ignat.,
1292 5753 1342 5807 p.
1374 5738 1496 5793 450.

2109 4529 2218 4576 tam
2253 4521 2433 4576 fatuus
2457 4531 2577 4587 est,
2609 4530 2669 4577 ut
2694 4538 2821 4578 eum
2855 4523 3145 4595 scripsisse
3188 4524 3408 4594 aliquas
3440 4528 3638 4595 neget?
3663 4548 3679 4577 υ

2105 4611 2336 4668 Constat
2358 4614 2523 4667 etiam
2572 4613 2716 4669 inter
2747 4615 2969 4670 eosdem
3008 4615 3154 4679 illas,
3183 4630 3307 4685 quae
3335 4616 3405 4670 ab
3438 4617 3683 4671 Athana-

2108 4703 2227 4769 sio,
2282 4703 2523 4760 Eusebio
2570 4705 2804 4775 aliisque
2853 4706 2995 4761 infra
3045 4707 3279 4762 citandis
3319 4707 3683 4779 scriptoribus

2105 4792 2298 4864 lgnatii
2347 4797 2572 4852 nomine
2607 4798 2935 4862 laudantur,
2979 4813 3087 4852 non
3122 4799 3260 4854 alias
3305 4814 3431 4853 esse
3474 4800 3545 4854 ab
3578 4799 3681 4863 iis,

2107 4901 2248 4955 quas
2279 4886 2539 4945 Usserius
2572 4900 2629 4945 et
2658 4889 2889 4946 Vossius
2924 4892 3165 4947 sinceras
3196 4899 3251 4946 et
3283 4891 3496 4961 absque
3524 4892 3681 4949 inter-

2104 4978 2476 5048 polationibus
2508 4982 2820 5046 ediderunt,
2851 4997 3100 5052 quasque
3140 4984 3376 5053 primam
3418 4984 3679 5053 epistola-

2104 5086 2226 5124 rum
2260 5070 2453 5141 lgnatii
2500 5072 2734 5127 classem
2771 5073 3108 5129 constituere
3141 5071 3405 5128 diximus.
3438 5072 3678 5128 Conten-

2103 5161 2240 5216 dunt
2270 5178 2400 5218 vero
2428 5163 2619 5232 prima:
2651 5164 2937 5219 sententiae
2961 5163 3176 5233 patroni
3211 5163 3312 5219 has
3344 5181 3373 5219 a
3411 5166 3678 5219 nebulone

2103 5255 2287 5325 aliquo
2307 5263 2583 5322 exaratas,
2613 5264 2667 5310 ct
2688 5254 2834 5313 veris
2860 5253 3053 5326 Ignatii
3082 5254 3328 5324 epistolis
3356 5254 3381 5309 f
3383 5256 3530 5311 uisse
3550 5272 3677 5325 sup-

2102 5347 2324 5416 positas.

2172 5439 2586 5494 Observandum
2620 5455 2840 5509 quoque
2874 5448 2959 5495 est
2991 5439 3208 5495 easdem
3240 5438 3435 5511 lgnatii
3474 5442 3672 5511 episto-

2101 5532 2183 5586 las
2208 5546 2313 5585 non
2346 5546 2377 5585 a
2409 5531 2714 5597 catholicis,
2753 5531 2847 5585 sed
2874 5531 2942 5585 ab
2974 5529 3196 5586 Usserio
3219 5539 3274 5585 et
3300 5530 3517 5599 Vossio,
3546 5534 3679 5588 viris

2100 5625 2241 5681 inter
2287 5634 2656 5686 protestantes
2700 5624 3070 5681 celeberrimis
3154 5640 3221 5679 cx
3271 5626 3491 5699 Optima
3531 5636 3673 5685 nota
