3768 6348
130 353 212 410 477

1048 351 1111 405 D.
1152 347 1443 408 NOURRII
1482 344 1961 405 DISSERTATIO.
2000 376 2069 385 —
2100 342 2283 400 PARS
2313 342 2361 432 Il.

3236 334 3341 391 I78

130 470 468 543 manuscriptis
512 485 639 528 cum
688 470 903 527 Latinis
937 480 1051 528 tum
1085 472 1292 529 Graecis
1336 472 1651 541 codicibus,
1683 477 1730 535 Α
1759 486 2041 544 urgemus,
2087 468 2232 540 quod
2283 468 2321 522 ii
2357 480 2551 522 omnes
2581 465 2911 526 concedunt.
2957 481 3058 522 nec
3090 465 3237 521 ullus
3278 481 3344 519 cx

131 564 330 636 primum
378 561 576 632 publici
634 562 810 618 factas
851 562 1025 619 fuisse
1070 563 1216 635 juris
1247 578 1315 620 ea
1365 579 1500 619 sane
1526 563 1653 631 fide,

128 671 215 727 qua
237 655 478 725 majorem
507 655 693 710 nullus
717 655 1017 711 desiderat.

182 746 701 802 Animadvertendum
759 746 998 817 denique
1055 762 1153 805 eos
1206 748 1397 815 etiam,
1429 749 1539 820 'qui
1585 748 1655 805 ad

127 837 531 911 propugnandam
560 843 822 893 harumce
842 838 1201 909 epistularum
1223 840 1507 897 veritatem
1527 855 1657 910 pro-

128 930 311 985 lixiores
329 928 737 985 dissertationes
752 930 993 996 edidere,
1007 932 1312 989 catholicos
1330 948 1440 988 non
1457 931 1652 999 fuisse,

127 1023 201 1078 sed
241 1022 575 1093 protestantis
634 1019 1080 1094 Calvinianmque
1146 1034 1311 1080 sectae
1378 1024 1651 1080 homines.

126 1112 374 1167 Enimvero
401 1110 649 1167 Vedelius
676 1110 976 1168 Calvinista
1018 1129 1085 1169 ac
1124 1113 1460 1170 Genevensis
1493 1115 1655 1170 mini-

125 1216 233 1272 stcr,
253 1193 490 1262 Usserius
519 1212 575 1260 et
592 1203 822 1260 Vossius
856 1206 913 1260 in
948 1206 1139 1261 harum
1164 1205 1521 1276 epistularum
1535 1206 1653 1262 edi-

127 1300 325 1355 tionibus
376 1315 530 1354 suam
579 1301 815 1372 quisque
855 1300 1171 1357 earumdem
1213 1300 1518 1371 apologiam
1556 1300 1655 1356 ad-

123 1388 291 1458 junxit.
323 1387 563 1451 Cumque
591 1387 898 1446 Salmasius
942 1398 999 1446 et
1029 1390 1303 1461 praecipue
1337 1390 1654 1447 Blondellus

127 1479 365 1537 Usserium
394 1497 458 1536 ac
504 1481 761 1538 Vossium
809 1484 1129 1555 impugnare
1156 1491 1480 1549 tentassent,
1528 1483 1653 1540 illos

124 1581 330 1645 uterque,
357 1583 408 1629 et
430 1571 691 1631 Usserius
712 1573 934 1645 quidem
960 1576 1016 1630 in
1039 1591 1137 1631 sua
1160 1575 1460 1645 Appendice
1483 1573 1653 1647 lgna-

123 1668 260 1731 tiana,
288 1665 506 1723 Vossius
548 1684 678 1725 vero
707 1670 764 1724 in
798 1669 917 1725 suis
951 1670 1149 1724 litteris
1199 1678 1420 1725 strenue
1452 1668 1651 1724 confu-

120 1765 348 1813 taverunt.
380 1755 489 1813 llos
513 1758 727 1829 excepit
762 1756 1032 1814 Henricus
1063 1755 1385 1812 [inmundus
1415 1756 1645 1828 presby—

120 1857 183 1907 ter
203 1849 537 1921 Anglicanus,
572 1850 667 1921 qui
700 1850 967 1921 prolixam
990 1850 1257 1906 adversus
1306 1847 1649 1903 Blondellum

118 1939 358 1996 adornavit
385 1940 833 2011 disputationem,
885 1956 995 2014 qua
1034 1956 1144 1997 non
1182 1941 1362 1997 solum
1393 1940 1651 1996 omnibus

118 2032 338 2089 Blondelli
363 2034 703 2105 argumentis
729 2035 1034 2106 respondit,
1059 2033 1155 2090 sed
1183 2034 1340 2092 novis
1369 2034 1653 2105 firmisque

118 2124 349 2179 rationum
390 2126 688 2182 momentis
734 2125 904 2180 hasce
946 2123 1211 2195 epistolas
1244 2125 1456 2195 lgnatio
1502 2140 1653 2181 asse-

116 2225 217 2271 ruit.
243 2215 429 2274 Contra
453 2218 602 2275 hunc
632 2217 868 2274 Dallazus
902 2217 1369 2273 Charentonensis
1401 2217 1652 2273 minister

116 2317 283 2379 pugnat
334 2310 718 2367 dissertatione
773 2310 934 2382 longe
1001 2310 1323 2382 prolixiori;
1364 2309 1461 2365 sed
1517 2309 1647 2375 fide,

117 2403 334 2474 quidquid
372 2406 487 2476 ipse
507 2407 732 2472 dixerit,
760 2422 873 2462 non
907 2407 1136 2461 omnino
1168 2406 1399 2478 integra.
1444 2405 1649 2463 Omnes

117 2494 228 2549 enim
254 2496 497 2568 epistolas
516 2499 728 2571 lgnatio
760 2498 1052 2570 ascriptas,
1090 2498 1207 2555 sive
1239 2515 1334 2555 eas
1367 2513 1509 2571 quas
1534 2498 1647 2555 Ha-

115 2587 307 2643 mondus
332 2600 489 2661 atque
533 2590 630 2645 alii
676 2590 884 2662 lgnatio
917 2592 1186 2656 tribuunt,
1225 2590 1344 2646 sive
1378 2604 1475 2647 eas
1507 2606 1649 2662 quas

116 2678 194 2747 ipsi
218 2681 530 2751 abjudicant,
570 2684 662 2739 ille
698 2682 947 2751 confuse,
978 2683 1278 2756 generatim
1313 2692 1368 2739 et
1395 2683 1451 2738 in
1486 2684 1647 2755 globo

113 2773 405 2843 aggreditur;
433 2785 600 2847 atque
626 2786 686 2831 ut
716 2776 821 2834 hac
849 2775 1176 2834 confusione
1207 2786 1262 2832 et
1312 2775 1518 2849 ingenti
1554 2792 1646 2831 ar-

114 2876 447 2932 gumentorum
495 2867 729 2924 cohorte
768 2867 958 2926 fucum
1004 2866 1231 2934 faceret,
1279 2877 1475 2924 contra
1520 2868 1645 2925 illas

112 2970 266 3015 omnes
293 2959 517 3026 litteras,
549 2960 796 3031 quinque
829 2975 997 3031 supra
1029 2961 1338 3032 sexaginta,
1383 2977 1507 3032 quae
1552 2977 1645 3017 ac-

113 3058 264 3104 curate
287 3060 554 3121 numerat,
587 3052 794 3123 promit
822 3053 1099 3109 rationum
1130 3052 1498 3109 iirmamenta.
1535 3052 1643 3109 Ve-

112 3154 204 3195 rum
240 3140 565 3202 Pearsonius
607 3145 892 3218 presbyter
928 3145 1268 3217 Anglicanus
1311 3146 1489 3203 doctis
1524 3147 1642 3204 suis
1669 3172 1712 3231 ρ

112 3233 377 3290 earumdem
409 3236 770 3307 epistularum
800 3235 1070 3295 Vindieiis
1110 3253 1303 3294 omnes
1322 3238 1446 3310 ejus
1472 3254 1643 3294 cona-

111 3329 178 3376 tus
200 3338 370 3384 cassos
396 3337 451 3385 et
480 3329 674 3385 irritos
707 3330 960 3386 reddidit.
991 3330 1167 3387 Tanta
1195 3332 1345 3387 enim
1388 3331 1645 3388 claritate

110 3421 151 3466 et
181 3414 468 3477 sinceritate
511 3421 731 3478 illarum
775 3424 1057 3480 veritatem
1114 3426 1391 3493 astruxit,
1439 3436 1643 3497 quanta

109 3505 386 3569 confusione
416 3512 657 3571 Dallazus
704 3516 889 3571 omnia
924 3518 1148 3574 turbare
1177 3527 1504 3575 tentaverat.
1535 3520 1644 3576 Co-

109 3607 235 3655 natus
257 3612 335 3659 est
361 3607 583 3676 quidem
607 3606 748 3663 alios
770 3607 1201 3667 Calvinistarum
1224 3612 1477 3668 minister
1504 3628 1643 3669 ano-

109 3701 264 3758 nymus
287 3694 586 3767 desperatae
634 3697 822 3755 Dallaai
871 3716 1053 3757 causae
1085 3716 1228 3756 nova
1270 3702 1641 3773 disputatione

109 3784 349 3857 opitulari;
380 3792 474 3847 sed
504 3807 674 3863 quam
709 3795 854 3850 male
883 3794 1028 3852 votis
1057 3794 1179 3865 ejus
1213 3810 1303 3851 res
1334 3797 1582 3866 cesserit,
1607 3813 1641 3854 a

108 3876 231 3933 nobis
249 3878 353 3949 jam
384 3883 881 3940 demonstrandum
916 3894 1019 3942 est.

136 3966 250 4037 jlll.
281 3974 396 4038 Qua
425 3977 673 4031 methoda
702 3994 825 4032 vera
854 3980 1117 4035 sententia
1158 3981 1599 4053 propugnabitur.

156 4057 465 4136 Quapropter
484 4077 693 4139 septem
722 4068 915 4141 lgnatii
937 4073 1222 4143 epistolas,
1239 4090 1360 4144 qua:
1379 4075 1638 4145 primam,

108 4152 165 4203 uti
180 4152 361 4213 dictum
390 4169 495 4227 est,
524 4163 762 4217 classem
796 4174 1156 4233 componunt,
1191 4181 1256 4219 ea
1289 4166 1548 4221 methodu
1569 4166 1639 4221 ab

106 4237 268 4311 llinatio
288 4250 559 4320 profectas
587 4268 712 4309 esse
736 4255 1093 4311 ostendemus
1112 4295 1127 4322 ,
1157 4265 1219 4312 ut
1250 4258 1435 4313 omnia
1468 4274 1641 4328 argu-

106 4345 266 4405 menta,
282 4344 474 4410 quibus
499 4345 595 4401 alii
618 4346 773 4415 prius
796 4362 890 4402 eas
913 4347 1016 4418 ipsi
1039 4349 1391 4404 vindicarunt
1414 4364 1637 4405 rursum

106 4426 155 4480 ad
178 4430 403 4491 incudem
433 4449 715 4506 revocata,
747 4442 873 4497 aliis
903 4442 1081 4508 novis,
1128 4451 1183 4498 et
1210 4459 1241 4497 a
1279 4444 1440 4499 nobis
1464 4460 1635 4501 exco-

106 4520 247 4587 gitalis
271 4530 539 4586 rationum
579 4535 875 4591 momentis
900 4536 1315 4592 confirmentur.
1366 4537 1504 4592 Tum
1538 4539 1641 4594 ob-

105 4609 315 4678 iectiones
342 4624 807 4693 adversariorum,
841 4629 1096 4698 expensis
1137 4630 1371 4685 aliorum
1405 4646 1637 4701 respon-

106 4704 322 4776 sionibus,
354 4716 435 4770 vel
459 4716 671 4773 nostris
702 4733 803 4788 pro
835 4719 979 4773 virili
1009 4733 1163 4789 parte
1194 4722 1505 4792 subjunctis
1540 4723 1636 4778 de-

106 4803 271 4884 struere
296 4807 647 4878 conabimur;
683 4825 749 4865 ac
781 4811 997 4866 tandem
1026 4812 1094 4865 ad
1127 4828 1190 4868 ea
1219 4815 1403 4868 omnia
1434 4830 1555 4884 qua:
1579 4816 1635 4870 in

106 4883 409 4953 Pearsonium
437 4901 509 4955 ab
556 4917 835 4974 anonymo
872 4904 1193 4975 deprompta
1232 4908 1418 4962 nullus
1450 4883 1639 4963 hacte-

108 4991 184 5071 nus
216 4989 394 5059 attigit,
427 4995 580 5049 clare
607 5007 663 5051 et
688 4995 947 5062 dilucide,
980 5012 1146 5070 atque
1172 5001 1253 5055 uti
1292 5016 1586 5071 speramus
1610 5042 1627 5067 ,

106 5067 303 5137 funditus
327 5087 617 5142 evertenda
644 5091 883 5175 propius.
898 5067 1242 5148 accedemus.

654 5198 887 5255 CAPUT
920 5200 1011 5258 Ill.

108 5312 383 5365 PEOPONITUB
411 5329 620 5369 PRIMUS!
648 5330 1034 5381 ARGUIIENTUM,
1074 5333 1142 5371 EX
1175 5333 1248 5373 IIS
1275 5333 1396 5382 QUAE
1430 5334 1637 5374 Αυνειι-

387 5398 529 5439 SAR"
577 5402 807 5440 FINGUNT
851 5403 1229 5443 DEPROIPTUII.

156 5459 366 5525 Primum
407 5475 635 5543 quidem
672 5487 1010 5531 momentum
1041 5478 1146 5533 etsi
1178 5479 1305 5534 inde
1338 5481 1457 5535 erui
1510 5495 1637 5550 pos-

107 5558 341 5626 “quod
389 5565 839 5621 adversariorum
892 5567 948 5622 in
1001 5570 1379 5625 commentitia
1434 5572 1632 5625 barum

106 5644 400 5710 Wlarum
414 5666 577 5713 actate
605 5660 952 5731 assignanda,
981 5670 1090 5717 tam
1104 5663 1270 5718 variae
1285 5663 1398 5719 sint
1424 5662 1639 5733 opinio-

108 5746 203 5799 nes,
226 5751 277 5797 ut
306 5748 480 5805 nullus
515 5753 743 5807 omnino
776 5753 921 5808 inter
950 5770 1047 5811 eos
1066 5755 1133 5811 de
1165 5770 1227 5811 re
1247 5772 1356 5810 non
1389 5756 1462 5813 ita
1498 5756 1639 5821 ditii-

107 5829 171 5882 cili
207 5852 486 5900 consensus
526 5860 649 5904 esse
682 5853 874 5915 queat;
912 5846 1041 5904 illud
1079 5856 1255 5906 tamen
1292 5849 1635 5917 potissimum

1683 1822 1726 1877 Β

1756 565 1838 620 eis
1872 577 2073 633 negare
2103 575 2347 630 unquam
2378 559 2579 630 potuit,
2621 558 2884 614 nimirum
2917 560 3018 613 bas
3043 556 3343 627 epistolas,

1755 669 2049 732 postquam
2081 656 2337 726 genuinae
2369 655 2448 708 uti
2483 653 2719 723 lingunt,
2770 651 2966 720 lgnatii
3013 652 3209 706 litterae
3251 666 3346 719 pe-

1758 750 2007 812 riissem,
2028 749 2170 804 intra
2201 762 2404 802 annum
2431 744 2557 810 106,
2577 760 2688 815 quo
2716 745 2806 799 ille
2829 753 3034 816 martyr
3061 742 3344 809 occubuit,

1755 852 1812 898 et
1838 856 2043 897 annum
2080 852 2178 896 aut
2209 839 2334 906 526,
2366 848 2457 895 aut
2486 839 2553 894 ad
2591 853 2867 894 summum
2897 837 3023 905 3'50,
3054 853 3165 908 quo
3184 853 3339 893 suam

1760 932 2365 1005 Eusebiusﬂlisturiam
2395 932 2715 1001 divulgavit,
2748 932 3023 1002 publicam
3070 931 3343 1000 prodiisse

1756 1026 1812 1083 in
1869 1028 2069 1083 lucem.
2121 1025 2178 1082 ld
2233 1026 2517 1081 enimvero
2566 1024 2768 1079 falsum
2833 1024 3111 1095 gratisque
3153 1023 3339 1079 ﬁctum

1760 1140 1886 1180 esse
1928 1124 2059 1179 inde
2103 1122 2396 1188 evincitur,
2446 1119 2590 1191 quod
2639 1120 2709 1177 iis
2746 1135 2966 1190 quoque
3009 1117 3339 1187 fatentibus,

1755 1215 2002 1286 lgnatius
2046 1213 2311 1285 quasdam
2354 1211 2578 1282 scripsit
2629 1210 2913 1281 epistolas,
2945 1209 3150 1280 quibus
3200 1218 3341 1265 teste

1758 1308 2023 1366 Dallaeou
2041 1307 2173 1363 Post
2204 1306 2376 1361 divini
2423 1304 2648 1361 ftederis
2690 1304 2863 1359 libros
2887 1290 3047 1358 ‘nihil
3076 1317 3201 1358 esse
3240 1302 3339 1357 de-

1755 1400 1878 1456 buit
1922 1400 1977 1455 in
2024 1406 2140 1455 tota
2183 1396 2423 1453 Ecclesia
2469 1396 2713 1451 nobilius
2776 1410 2841 1450 ac
2888 1392 3183 1459 celebrius,
3230 1393 3339 1448 nisi

1754 1490 1897 1547 forte
1920 1490 2220 1546 Clementis
2252 1489 2541 1560 epistolam
2572 1487 2873 1557 exeeperis.
2910 1505 2930 1540 ι

1830 1583 1971 1640 Hinc
1998 1583 2199 1655 quippe
2227 1581 2361 1637 illud
2392 1582 2703 1646 conficitur,
2732 1579 2880 1651 quod
2908 1588 3056 1635 certe
3089 1594 3190 1633 nec
3211 1575 3340 1632 Dal-

1756 1676 1915 1743 lreus,
1949 1692 2053 1731 neo
2080 1676 2228 1731 ullus
2267 1691 2417 1731 sanae
2446 1674 2648 1730 mentis
2687 1672 2985 1744 negaverit,
3019 1672 3118 1726 bas
3154 1670 3338 1726 since-

1760 1784 1852 1824 ras
1877 1767 2168 1838 scriptoris
2194 1767 2369 1822 nostri
2413 1766 2676 1837 epistolas
2719 1765 2884 1820 abiis
2916 1764 3110 1819 saltem
3150 1762 3340 1818 Eccle-

1756 1858 1886 1925 siis,
1921 1857 1991 1914 ad
2021 1872 2162 1929 quas
2194 1857 2483 1914 destinatae
2522 1868 2701 1925 erant,
2731 1874 2793 1912 ea
2832 1874 2956 1928 qum
2998 1866 3151 1911 tanto
3192 1872 3339 1911 mar-

1754 1950 1859 2021 tyri
1909 1948 2247 2015 debebatur,
2302 1948 2653 2005 veneratione
2708 1959 2982 2020 acceptas,
3035 1963 3161 2004 cum
3215 1948 3340 2005 aliis

1752 2040 1916 2096 etiam
1972 2039 2413 2095 communicatas
2447 2038 2728 2105 ecclesiis,
2773 2038 2826 2093 in
2877 2054 3067 2094 earum
3118 2040 3339 2097 scriniis

1752 2137 2083 2194 asservatas,
2113 2144 2179 2184 ac
2205 2129 2259 2183 in
2282 2128 2729 2184 Christianorum
2760 2129 3019 2195 erratibus,
3044 2143 3151 2183 non
3177 2145 3339 2186 secus

1752 2237 1817 2277 ac
1851 2220 2151 2276 Clementis
2179 2220 2488 2291 epistolam,
2522 2207 2741 2291 aliaque
2772 2221 2908 2276 tanti
2938 2221 3098 2291 pretii
3132 2236 3333 2276 monu—

1752 2324 1958 2381 menta,
1997 2314 2214 2384 publice
2242 2314 2433 2371 lectas.
2468 2314 2541 2369 At
2567 2318 2691 2385 quis
2724 2315 2779 2370 in
2829 2314 3076 2370 animum
3109 2315 3213 2370 sibi
3250 2314 3337 2369 in.-

1750 2412 1916 2467 ducat
1941 2410 2192 2482 pluribus
2229 2410 2389 2466 annis
2433 2421 2559 2465 ante
2589 2407 2911 2463 Eusebianaa
2938 2406 3191 2463 Historia:
3219 2407 3339 2462 edi-

1751 2506 1953 2562 tionem
1975 2502 2161 2558 omnia
2179 2502 2408 2557 omnino
2429 2501 2692 2557 liarumce
2709 2500 3066 2572 epistularum
3093 2510 3199 2554 tam
3220 2514 3340 2570 pre-

1748 2593 1889 2648 tiosa
1918 2591 2254 2662 exemplaria
2296 2590 2371 2646 ita
2410 2590 2675 2661 periisse,
2712 2599 2773 2646 ut
2808 2606 2878 2645 ne
2910 2590 3079 2645 unius
3108 2588 3332 2661 quidem

1747 2683 2041 2755 vestigium
2087 2698 2267 2754 neque
2307 2684 2363 2738 in
2411 2682 2658 2740 Ecclesia
2711 2683 3097 2749 Antiochena,
3155 2698 3335 2754 neque

1750 2775 2102 2849 Smyrnensi,
2164 2790 2342 2845 neque
2409 2774 2696 2841 Romana,
2758 2791 2859 2830 nec
2908 2775 3020 2830 ulla
3075 2775 3180 2830 alia
3247 2775 3339 2830 de~

1746 2871 2011 2943 prehendi
2040 2870 2312 2942 potuerit?
2340 2867 2600 2939 Nunquid
2637 2882 2830 2923 omnes
2868 2875 2923 2922 et
2955 2865 3249 2931 Ecclesiae,
3281 2877 3335 2921 et

1746 2963 2047 3019 Christiani
2077 2963 2243 3018 etiam
2270 2960 2600 3017 Antiocheni
2630 2959 2796 3015 tantis
2821 2958 3041 3025 animis,
3075 2968 3336 3028 tantaque

1747 3062 1863 3109 arte
1882 3055 1935 3108 in
1960 3054 2175 3109 illarum
2206 3050 2503 3124 perniciem
2547 3048 3083 3116 exstinctionemque
3108 3046 3333 3116 conspi-

1746 3156 1970 3211 rarunt,
2002 3153 2064 3200 ut
2089 3160 2217 3200 cum
2249 3158 2348 3208 ere,
2377 3156 2516 3212 quas
2539 3139 2921 3210 supposititias
2961 3153 3083 3194 esse
3104 3138 3330 3203 dicunt,

1748 3243 1924 3298 altero
1947 3250 2074 3312 post
2096 3241 2291 3312 lgnatii
2322 3250 2555 3297 mortem
2592 3238 2796 3295 saeculo
2822 3237 3009 3291 lumen
3042 3247 3329 3304 aspexere,

1744 3340 1862 3387 tum
1889 3332 2075 3387 nullus
2099 3332 2226 3387 licet
2246 3331 2701 3403 diligentissimus
2725 3337 2971 3383 veterum
2999 3324 3331 3395 scriptorum

1745 3422 2061 3492 indagator,
2100 3422 2230 3477 licet
2274 3420 2465 3492 lgnatii
2500 3419 2853 3490 temporibus
2883 3426 2940 3472 et
2976 3415 3332 3470 Antiocbcnze

1741 3513 2003 3569 Ecclesia:
2033 3513 2342 3584 proximus,
2368 3513 2437 3568 de
2470 3512 2559 3577 iis,
2598 3526 2739 3583 quas
2766 3525 2925 3567 veras
2949 3509 3332 3580 genuinasquc

1742 3604 1915 3661 fuisse
1955 3606 2317 3669 contendunt,
2350 3604 2491 3659 nihil
2538 3604 2767 3659 omnino
2796 3617 3039 3673 unquam
3080 3602 3332 3671 suspica-

1746 3707 1831 3754 tus
1863 3699 1972 3754 sit?
2001 3697 2059 3754 Si
2086 3699 2232 3754 enim
2265 3706 2397 3753 tunc
2417 3697 2641 3768 aliquod
2667 3697 2863 3751 harum
2897 3696 3034 3750 tanti
3062 3694 3328 3766 martyris

1740 3791 2100 3860 epistularum
2136 3790 2417 3859 exemplar
2445 3800 2727 3860 superstes
2771 3788 2974 3844 alicubi
3022 3786 3327 3852 exstiterit;
3386 3822 3389 3823 ν

1741 3880 1788 3936 si
1819 3880 2019 3951 aliquis
2043 3879 2285 3936 Eusebio
2309 3881 2609 3951 antiquior,
2635 3880 2720 3934 vel
2745 3878 2953 3951 lgnatio
2986 3894 3210 3949 suppar,
3235 3889 3331 3934 aut

1740 3988 1991 4040 coaevus,
2016 3973 2084 4029 de
2118 3973 2313 4029 iisdem
2346 3973 2593 4043 epistolis
2617 3973 2826 4043 aliquid
2856 3972 3111 4036 audierit,
3145 3972 3291 4027 illico
3311 4013 3328 4040 ,

1740 4067 1824 4121 vel
1858 4067 2023 4122 unius
2052 4067 2268 4121 illarum
2314 4066 2643 4136 exemplaris
2685 4067 2799 4121 sola
2838 4065 3211 4130 exhibitione,
3247 4065 3331 4118 vel

1740 4160 1976 4231 alicujus
2015 4159 2216 4215 veteris
2247 4159 2534 4231 scriptoris
2582 4159 3038 4223 contradictione,
3081 4173 3159 4212 ere
3189 4157 3331 4211 ficti-

1740 4253 1830 4309 tiaa
1865 4253 2059 4308 littera:
2088 4252 2157 4307 ab
2202 4252 2296 4308 illo
2338 4262 2394 4308 et
2435 4252 2691 4307 omnibus
2725 4250 2848 4306 aliis
2908 4250 3145 4320 explosa:
3192 4249 3331 4306 fuis—

1740 4353 1881 4400 $8M.

1814 4458 1925 4514 Nec
1956 4458 2088 4513 illud
2131 4458 2658 4529 praetermittendum
2697 4464 2800 4522 est,
2832 4456 2979 4527 quod
3026 4458 3326 4511 adversarii

1671 4558 1713 4612 ι)
1747 4552 1800 4606 in
1840 4552 2014 4620 hisee,
2057 4567 2194 4623 quas
2227 4550 2440 4621 lgnatio
2480 4550 2799 4620 suppositas
2839 4549 3051 4613 dicunt,
3080 4548 3327 4618 epistolis

1739 4644 2049 4700 doctrinam
2118 4644 2368 4715 ejusdem
2418 4641 2613 4713 lgnatii
2651 4641 3134 4711 Ecclesiarumque
3176 4640 3327 4696 illius

1739 4737 2003 4807 temporis
2025 4737 2262 4792 decretis
2286 4736 2594 4806 oppositam
2622 4749 2743 4789 sese
2764 4733 3217 4788 animadvertisse
3237 4749 3327 4787 ar-

1740 4829 2045 4895 bitrantur;
2078 4837 2241 4897 atque
2281 4827 2601 4882 earumdem
2643 4835 2921 4882 auctorem
2952 4828 3322 4897 ingeniosum,

1741 4921 2101 4987 industrium,
2138 4920 2420 4985 callidum,
2464 4927 2783 4986 versutum;
2821 4921 2907 4975 vel
2930 4931 3093 4990 prout
3127 4936 3323 4976 eorum

1739 5017 1989 5080 interest,
2031 5013 2271 5079 tardum,
2316 5012 2675 5083 plumbeum,
2716 5014 3000 5083 supinum,
3041 5016 3322 5070 indoctum

1747 5105 1952 5175 passim
2000 5105 2325 5174 praedicant.
2356 5104 2469 5159 Cur
2509 5121 2640 5175 ergo
2686 5106 2808 5162 lucc
2845 5107 3032 5161 omnia
3075 5107 3323 5162 doctissi-

1740 5214 1862 5254 mos
1885 5199 2028 5253 tertii
2051 5199 2343 5269 quartique
2372 5199 2557 5253 saeculi
2592 5199 2911 5268 scriptores,
2941 5209 3107 5269 atque
3146 5198 3320 5254 Eusc-

1740 5290 1892 5345 bium
1924 5291 2127 5360 ipsum,
2156 5291 2250 5361 qui
2282 5300 2487 5345 tantam
2526 5291 2581 5345 in
2617 5291 2935 5346 evolvendis
2979 5300 3036 5345 et
3063 5292 3320 5347 erucndis

1738 5392 1984 5439 veterum
2036 5382 2261 5438 Patrum
2316 5385 2693 5439 monumentis
2744 5398 2966 5452 operam
3026 5392 3317 5452 posuerat,

1739 5476 1904 5546 plane
1948 5478 2275 5547 penitusque
2324 5475 2622 5546 fugerunt?
2666 5473 2862 5529 Nullus
2915 5472 3189 5543 profectu,
3241 5476 3318 5529 uti

1740 5569 2054 5639 epinamur,
2081 5570 2191 5624 erit
2220 5569 2472 5623 sincerus
2500 5568 2773 5637 aequitatis
2801 5577 2856 5621 et
2885 5567 3133 5623 veritatis
3160 5583 3318 5623 ama-

1741 5675 1847 5727 tor,
1874 5663 1970 5733 qui
2002 5676 2111 5717 non
2154 5662 2425 5732 intelligat
2462 5669 2726 5730 quantum
2764 5660 2848 5715 ha:
2885 5661 3178 5730 opiniones
3215 5675 3315 5731 pa-

1724 5778 1845 5824 rum
1881 5776 2009 5815 vero
2034 5760 2321 5817 videantur
2353 5759 2583 5827 similes,
2613 5770 2992 5835 quantumque
3020 5764 3124 5821 sibi
3162 5764 3307 5822 invio

1723 5868 1841 5912 cem
1878 5851 2167 5911 contrariae
2201 5852 2308 5910 sint
2339 5861 2393 5910 et
2422 5853 2682 5911 adversm.
