3768 6304
153 282 235 335 ιει
1086 280 1148 334 D.
1190 280 1477 336 NOURRII
1520 280 1998 336 DISSERTATIO.
2032 313 2096 321 —-
2138 281 2317 338 PARS
2354 282 2394 337 ε.

3276 289 3379 344 483

151 402 327 457 clarius
363 403 512 457 erat?
552 421 570 456 ι
614 401 870 474 Nunquid
908 418 1102 460 omnes
1139 405 1255 460 sole
1294 406 1595 462 meridiano
1625 407 1704 461 lu-
1732 414 1776 469 Α
1807 408 1877 461 ab
1898 422 1961 461 ea
1989 406 2320 470 diﬁicultate,
2349 423 2471 477 qum
2505 416 2697 463 contra
2730 408 2910 478 ipsum
2942 410 3121 465 solum
3152 410 3375 479 militat,

150 504 285 549 ceute
310 496 704 552 excutiebant?

209 583 303 639 Sed
330 596 463 652 esto,
503 586 774 644 Eusebius
802 590 1006 659 aliique
1033 605 1225 647 omnes
1255 591 1389 647 solis
1410 590 1695 647 meridiani

148 677 403 746 splendore
436 681 732 748 perstricti,
763 682 815 737 id
839 683 985 752 quod
1022 684 1139 739 sole
1160 686 1463 739 meridiano
1491 684 1695 740 clarius

146 777 264 834 erat,
289 784 391 823 non
425 770 682 827 viderint.
715 774 825 828 Cur
850 774 1042 829 saltem
1076 775 1218 831 hanc
1248 776 1693 831 decentissimam

145 859 438 927 clausulam,
472 862 530 917 in
556 879 721 933 quam
744 865 1031 921 desinebat
1052 868 1284 936 epistola
1315 883 1506 937 quam,
1557 876 1695 923 teste

145 951 336 1015 Dallazo,
370 968 561 1010 omnes
589 957 797 1020 vident,
844 959 920 1012 illi
963 975 1071 1015 non
1108 960 1399 1015 viderunt?
1436 958 1693 1030 Nunquid

145 1043 347 1099 Dallmus
396 1045 691 1102 Eusebium
739 1049 991 1120 aliosque
1039 1052 1186 1107 viros
1248 1051 1689 1116 oculatissimos,

141 1136 219 1201 qui
260 1135 391 1189 hanc
426 1137 713 1206 epistolam
759 1139 1025 1211 integram
1071 1139 1374 1212 Polycarpo
1423 1141 1689 1211 tribuunt,

141 1227 255 1279 adeo
276 1241 444 1282 aecus
475 1230 736 1299 omnique
781 1231 988 1286 lumine
1035 1234 1261 1289 orbatos
1298 1234 1474 1289 fuisse
1513 1234 1686 1300 dicet;

139 1327 189 1371 ut
213 1333 365 1371 unum
389 1320 538 1387 quod
569 1321 683 1375 sole
710 1323 1014 1378 meridiano
1044 1324 1247 1381 clarius
1276 1334 1423 1391 erat;
1456 1326 1687 1381 alterum

137 1409 259 1479 quod
286 1425 473 1466 omnes
504 1412 709 1479 vident,
740 1412 844 1483 ipsi
868 1414 1051 1472 videre
1074 1432 1181 1471 non
1210 1418 1524 1487 p0tuerint?

197 1500 303 1555 Iam
338 1518 472 1559 vero
518 1505 585 1559 ad
636 1521 749 1561 rem
801 1506 976 1577 ipsam
1028 1510 1335 1565 veniamus.
1396 1510 1687 1567 Contendit

137 1591 337 1648 Dallzus
380 1596 608 1662 verbis,
655 1612 777 1667 qua:
823 1601 1147 1668 particulam
1196 1600 1445 1655 ultimam
1485 1618 1687 1672 praece-

135 1683 275 1749 dunt;
316 1685 440 1754 quia
485 1704 505 1737 ‹
554 1687 996 1744 decentissimam
1041 1691 1345 1745 clausulam
1377 1712 1396 1743 ι
1447 1694 1680 1759 habent,

133 1774 382 1841 epistolam
427 1773 712 1846 Polycarpi
756 1778 958 1834 claudi.
1006 1778 1263 1850 Nunquid
1303 1797 1435 1851 ergo
1470 1783 1685 1851 quoties
1720 1774 1761 1828 Β

134 1864 175 1916 in
206 1865 436 1933 epistolis
480 1868 726 1922 occurrit
768 1868 1153 1925 decentissima
1193 1872 1473 1937 clausula,
1524 1875 1684 1931 toties

133 1956 189 2009 ibi
218 1958 468 2013 ﬁniuntur
498 1959 779 2028 epistolae?
821 1959 878 2014 Id
908 1976 1040 2016 sane
1062 1962 1146 2018 vel
1190 1962 1321 2033 ipsa:
1359 1964 1489 2019 sola:
1531 1964 1682 2019 Pauli

129 2048 341 2116 epistolae
361 2048 721 2106 falsissimum
748 2068 869 2107 esse
899 2054 1176 2109 evincunt.
1230 2054 1366 2109 Nam
1408 2057 1462 2110 in
1508 2057 1683 2127 capite

128 2134 309 2189 decimo
338 2137 533 2205 quinto
560 2139 681 2207 ejus
719 2138 975 2209 Epistolas
1002 2142 1070 2196 ad
1115 2141 1394 2199 Romanos
1426 2143 1541 2201 htec
1589 2143 1683 2200 de-

127 2227 403 2281 centissima
432 2229 681 2284 clausula
712 2230 908 2301 legitur
937 2251 951 2289 :
988 2232 1124 2289 Deus
1154 2236 1299 2303 pacis
1322 2236 1392 2288 sit
1419 2253 1539 2289 cum
1570 2254 1681 2290 om-

127 2320 251 2371 nibus
287 2322 447 2374 vobis.
489 2321 687 2385 Amen;
728 2323 781 2378 in
831 2326 1007 2394 capite
1046 2341 1175 2381 vero
1219 2328 1381 2384 tertio
1426 2328 1680 2399 Epistulae

126 2410 177 2463 ad
203 2409 455 2480 Ephesios
496 2413 598 2469 ista
621 2431 635 2467 :
675 2413 789 2485 Ipsi
834 2416 1004 2487 gloria
1031 2418 1086 2472 in
1111 2420 1309 2473 swcula
1337 2422 1674 2478 ste-culorum.

125 2506 290 2568 Amen;
328 2513 381 2559 et
424 2514 610 2562 tamen
658 2517 851 2563 neutra
892 2509 967 2563 ibi
996 2510 1237 2565 desinit:
1283 2511 1377 2567 sed
1416 2512 1467 2566 in
1508 2515 1675 2584 priori

125 2609 267 2648 unum
296 2605 489 2665 caput,
538 2597 591 2651 in
625 2600 912 2668 posteriori
947 2602 1049 2655 tria
1090 2602 1299 2673 integra
1334 2604 1510 2674 capita
1542 2606 1675 2662 sub-

124 2698 410 2755 sequuntur.
456 2690 707 2762 Longum
736 2702 881 2749 esset
924 2702 978 2748 et
1026 2695 1217 2750 inutile
1249 2696 1530 2752 innumera
1560 2699 1675 2769 epi-

122 2779 351 2834 stolarum
384 2780 634 2851 proferre
680 2786 951 2857 exempla,
993 2804 1116 2857 qua:
1162 2789 1229 2843 ad
1282 2780 1490 2844 similes
1523 2791 1673 2846 clau-

123 2870 279 2935 sulas,
333 2884 494 2942 quas;
533 2875 767 2931 Dallams
826 2878 1245 2935 decentissimas
1308 2891 1506 2947 vocat,
1565 2900 1671 2937 non

120 2961 362 3018 desinunt.
388 2963 606 3021 Norunt
631 2968 778 3022 enim
812 2983 1006 3024 omnes
1034 2986 1101 3024 ex
1133 2972 1422 3043 scriptoris
1454 2973 1673 3045 ingenio

119 3052 350 3119 pendere,
391 3070 534 3124 quas
574 3056 722 3125 velit,
772 3068 825 3113 et
856 3059 949 3114 ubi
1003 3060 1149 3125 velit,
1200 3061 1253 3115 in
1304 3063 1533 3134 epistola
1569 3081 1667 3120 sua

116 3142 355 3200 clausulas
390 3162 699 3217 apponere:
735 3150 971 3205 maxime
1008 3166 1135 3206 vero
1166 3153 1257 3208 ubi
1290 3156 1467 3223 plura,
1504 3156 1665 3212 sicuti

118 3231 436 3305 Polycarpus,
474 3247 672 3296 tractat
702 3250 1048 3311 argumenta,
1098 3242 1181 3298 vel
1219 3259 1345 3298 cum
1376 3245 1667 3300 scribentis

114 3324 269 3378 animo
290 3327 496 3396 aliquid
520 3329 647 3383 novi
673 3329 965 3384 scribendo
992 3334 1285 3387 succurrit.

170 3412 413 3472 Praeterea
443 3417 643 3474 falsum
676 3420 807 3475 illud
834 3432 939 3489 est,
978 3426 1123 3494 quod
1155 3426 1231 3479 ait
1261 3425 1516 3495 Dallmus,
1550 3432 1670 3486 ulti-

115 3529 232 3568 tuam
260 3516 418 3586 hujus
447 3518 696 3588 epistolae
722 3522 1069 3589 particulam,
1102 3524 1407 3591 mendacio,
1454 3528 1520 3581 iis
1547 3544 1669 3599 qua:

113 3606 332 3675 superius
362 3608 510 3664 dicta
545 3620 722 3677 erant,
749 3612 1026 3667 contrario
1053 3622 1109 3668 et
1135 3626 1473 3686 repugnante
1494 3658 1509 3683 ,
1547 3635 1667 3675 esse

114 3698 402 3768 inspersam.
435 3703 527 3768 At,
556 3703 734 3772 inquit
762 3703 872 3768 ille,
915 3704 1030 3759 haec
1056 3705 1255 3760 verba:
1312 3727 1328 3758 ι
1362 3706 1422 3761 Et
1453 3709 1518 3764 de
1547 3709 1666 3780 ipso

113 3786 311 3858 lgnatio,
351 3802 406 3848 et
442 3793 511 3848 de
553 3794 638 3847 his
680 3794 775 3864 qui
826 3810 950 3849 cum
978 3810 1045 3849 eo
1074 3806 1222 3862 sunt,
1270 3801 1412 3867 quod
1465 3802 1667 3854 certius

112 3884 425 3951 agnoveritis,
463 3885 799 3954 signiﬁcate:
841 3905 859 3937 ι
905 3888 1041 3950 haec,
1084 3888 1282 3957 inquit,
1315 3891 1474 3944 verba
1517 3890 1666 3962 Igna-

113 3974 242 4042 tium,
284 3979 373 4047 qui
397 3980 554 4048 prius
589 3978 879 4033 defunctus
906 3980 1235 4044 declaratur,
1281 3982 1334 4035 in
1377 3982 1512 4038 vivis
1544 4000 1665 4039 esse

110 4065 401 4131 signiﬁcant.
441 4068 641 4125 Verum
672 4070 719 4126 si
742 4086 805 4124 ea
830 4079 1033 4126 attente
1067 4072 1494 4142 perpendantur,
1525 4074 1663 4130 nihil

111 4155 162 4209 de
208 4159 391 4229 lgnatii
434 4172 612 4216 morte
656 4162 742 4216 vel
790 4164 897 4217 vita
937 4163 1173 4217 innuunt
1227 4173 1322 4218 aut
1366 4164 1664 4221 testiﬁcan-

109 4255 197 4302 tur.
241 4249 329 4307 Ilis
370 4255 572 4307 etenim
605 4253 938 4326 Polycarpus
983 4258 1361 4311 tantummodo
1404 4259 1661 4328 postulat,

107 4349 155 4390 ut
178 4338 535 4413 Philippenses
576 4347 668 4415 qui
711 4347 777 4401 de
803 4346 1013 4418 Ignatio
1040 4347 1255 4403 facilius
1296 4350 1478 4419 aliqua
1511 4353 1661 4407 acci-

106 4445 209 4497 pere
232 4444 495 4503 poterant,
540 4437 607 4493 de
648 4438 762 4507 illo,
801 4454 1130 4509 quocunque
1161 4440 1379 4494 tandem
1427 4440 1483 4495 in
1512 4451 1657 4498 statu

1799 514 1921 555 sese
1968 507 2115 552 recte
2167 497 2536 567 explicuisset.
2590 497 2792 554 Verum
2824 516 2931 554 non
2980 501 3047 556 de
3104 499 3373 560 Hamondi

1798 600 1976 646 mente
2002 591 2383 661 disputamus,
2422 592 2517 647 sed
2562 592 2629 647 de
2662 594 2947 665 Polycarpi
3011 596 3263 665 epistula,
3320 597 3375 651 in

1796 702 1903 755 qua
1927 702 2051 740 cum
2081 686 2291 739 nullutn
2323 686 2693 747 mendacium,
2727 688 2988 758 nullaque
3045 690 3116 743 sit
3150 698 3375 743 contra-

1799 777 1962 835 dictio
1992 787 2046 833 et
2073 778 2430 849 repugnantia
2454 818 2469 843 ,
2501 776 2769 849 integram
2801 780 2971 846 illam,
2996 795 3295 850 omnesque
3321 789 3376 834 et

1796 870 2041 940 singulas
2088 870 2234 924 illius
2288 878 2471 940 partes
2521 886 2551 925 a
2600 869 2905 943 Polycarpo
2964 873 3200 941 scriptas
3254 888 3375 927 esse

1794 970 1942 1016 certo
1967 960 2171 1015 certius
2199 961 2491 1015 evincitur.

1899 1071 1927 1143 §
1956 1074 2046 1127 III.
2073 1071 2306 1143 Reliquos
2345 1072 2537 1129 Βαλιιεὶ
2573 1076 2898 1143 exceptiones
2936 1077 3269 1146 refelluntur.

1862 1162 2032 1217 Instat
2057 1162 2311 1231 Dallams,
2344 1179 2595 1234 novoque
2620 1165 2790 1220 utitur
2814 1176 2867 1221 et
2899 1168 3037 1223 miro
3080 1184 3373 1237 argumen-

1793 1257 1942 1310 tandi
1974 1272 2191 1324 genere.
2221 1257 2314 1311 Ille
2337 1257 2606 1327 siquidem
2648 1258 2784 1311 nihil
2817 1258 2883 1312 de
2912 1260 3139 1313 veritate
3171 1275 3235 1315 ac
3288 1260 3367 1313 in-

1790 1348 2039 1417 tegritate
2061 1348 2307 1417 epistola:
2345 1347 2628 1419 Polycarpi
2651 1350 2887 1419 amplius
2903 1350 3210 1420 disputans,
3244 1367 3373 1406 con-

1788 1439 1932 1493 cedit
1970 1438 2331 1510 Polycarpuni
2359 1440 2550 1494 testari
2580 1441 2793 1511 aliquas
2811 1443 2879 1496 ab
2904 1443 3111 1512 Ignatio
3134 1444 3370 1514 scriptas

1788 1528 1959 1584 fuisse
1997 1530 2277 1599 epiStolas.
2310 1529 2509 1585 Verum
2544 1546 2669 1585 cum
2697 1531 2839 1585 idem
2870 1531 2987 1600 ipse
3036 1530 3369 1603 Polycarpus

1787 1621 1911 1677 illas
1938 1623 2159 1677 easdem
2184 1637 2307 1677 esse
2336 1662 2350 1689 ,
2387 1638 2527 1691 quas
2569 1622 2936 1688 defendimus,
2982 1638 3091 1677 non
3144 1624 3367 1692 dixerit,

1787 1714 1923 1769 alias
1955 1714 2188 1769 Dallaaus
2213 1715 2441 1769 omnino
2478 1715 2548 1769 ab
2577 1730 2642 1770 eo
2667 1714 2938 1769 indicatas
2956 1729 3079 1769 esse
3108 1715 3371 1770 audacter

1786 1806 2043 1860 afﬁrmat.
2074 1806 2240 1875 Atqui
2270 1821 2301 1860 a
2338 1807 2541 1860 Dallaao
2565 1808 2847 1876 poscimus
2874 1806 3005 1875 quid
3033 1805 3367 1877 Polycarpo,

1786 1906 1845 1950 ut
1876 1896 2136 1966 epistolas
2183 1896 2303 1950 illas
2350 1895 2547 1966 Ignatii
2584 1910 2705 1950 esse
2743 1902 3058 1962 testaretur,
3099 1904 3367 1964 praestan-

1783 1986 1914 2041 dum
1944 1996 2079 2041 erat.
2126 1985 2385 2056 Nunquid
2447 1988 2517 2041 ab
2573 2001 2638 2040 eo
2699 1985 2784 2039 ha:
2836 1985 3082 2054 epistolae
3145 1985 3369 2054 integra:

1786 2081 2218 2135 transcribenda:
2259 2088 2437 2145 erant,
2493 2079 2577 2133 vel
2622 2094 2785 2133 manu
2846 2078 3063 2148 propria
3122 2078 3367 2131 subscri-

1784 2172 2009 2225 bendte'!
2056 2169 2313 2240 Nunquid
2378 2169 2593 2238 publica
2644 2168 2986 2222 notariorum
3038 2177 3091 2221 et
3140 2167 3362 2221 testium

1783 2266 1906 2329 fide,
1933 2264 2122 2318 aliisve
2147 2262 2784 2327 publicisinstrumentis
2815 2260 3159 2315 muniendas?
3192 2258 3249 2313 Si
3275 2276 3364 2314 res

1783 2357 1855 2412 ita
1888 2373 1945 2411 se
1984 2357 2204 2423 habeat,
2230 2356 2410 2411 nullas
2434 2356 2627 2425 procul
2673 2354 2842 2409 dubio
2893 2369 3038 2409 nunc
3094 2354 3363 2409 habemus

1779 2451 2021 2506 virorum
2044 2449 2467 2519 apostolicorum
2487 2447 2830 2516 aliorumque
2848 2446 3362 2516 antiquissimorum

1778 2542 2005 2597 Patrum
2037 2539 2321 2610 epistulas,
2354 2554 2418 2593 ac
2442 2552 2503 2591 ea
2537 2552 2660 2607 qua:
2690 2535 2943 2589 manibus
2976 2536 3225 2589 omnium
3279 2545 3361 2589 ιο·-

1778 2649 1996 2701 runtur,
2026 2637 2148 2690 alia:
2174 2632 2402 2689 omnino
2431 2639 2562 2685 sunt
2591 2629 2660 2683 ab
2691 2628 2758 2683 iis
2780 2643 2918 2698 quas
2949 2628 3245 2698 scriptores
3292 2629 3363 2682 ab

1777 2730 1884 2783 illis
1907 2730 2062 2782 datas
2085 2740 2207 2781 esse
2266 2728 2725 2780 commemorant.
2779 2715 3081 2772 Dicendum
3133 2733 3263 2789 ergo
3293 2736 3359 2772 ex

1776 2821 2069 2877 severioris
2092 2819 2311 2875 critices
2336 2814 2559 2887 regulis,
2585 2823 2643 2871 ut
2690 2811 2924 2881 alicujus
2963 2812 3211 2866 auctoris
3245 2813 3359 2880 cpi—

1775 2916 1949 2979 stolre,
1976 2928 2210 2983 quarum
2236 2910 2471 2980 scriptor
2507 2910 2609 2979 ipsi
2646 2921 2863 2963 corevus
2895 2904 3193 2976 generatim
3233 2913 3360 2958 tan-

1775 3017 1889 3061 tum
1942 3004 2207 3068 meminit,
2273 3000 2556 3073 speciatim
2607 3000 2986 3070 designentur,
3040 2997 3175 3053 nihil
3206 2996 3353 3054 aliud

1774 3098 2000 3169 requiri,
2030 3097 2134 3153 nisi
2158 3108 2219 3151 ut
2247 3096 2352 3150 illa:
2381 3096 2451 3149 ab
2478 3094 2701 3164 integrae
2722 3102 2995 3163 certzeque
3042 3092 3167 3148 lidei
3217 3093 3354 3148 scri-

1774 3191 2046 3262 ptoribus,
2079 3190 2254 3260 iisque
2279 3204 2384 3242 non
2410 3187 2484 3241 ita
2507 3186 2576 3240 ab
2600 3187 2746 3241 illius
2792 3195 2950 3240 :etate
2996 3186 3223 3241 remotis
3254 3201 3355 3241 no-

1774 3286 2021 3339 minatim
2055 3285 2386 3338 iudicentur.
2420 3280 2586 3351 Atqui
2614 3296 2753 3350 quas
2780 3279 3117 3351 Polycarpus
3156 3280 3351 3349 Ignatii

1770 3378 2030 3449 epistolas
2054 3379 2352 3447 generatim
2377 3377 2645 3445 designat,
2668 3390 2745 3429 ea:
2765 3374 3049 3443 speciatim
3093 3380 3147 3427 et
3175 3372 3351 3425 nomi-

1773 3472 1966 3537 natim,
1993 3481 2052 3525 ut
2110 3470 2349 3525 fatentur
2385 3469 2704 3534 adversarii,
2738 3467 2805 3521 ab
2851 3466 3088 3521 Eusebio
3116 3466 3353 3535 aliisque

1770 3564 1997 3635 integra:
2066 3572 2337 3632 cerlmque
2382 3561 2504 3615 ﬁdei
2552 3560 2913 3629 scriptoribus
2966 3558 3345 3628 designantur.

1770 3656 2015 3727 Denique
2041 3656 2157 3727 jam
2187 3672 2216 3709 a
2237 3654 2412 3721 nobis,
2433 3654 2511 3708 uti
2536 3663 2812 3723 putamus,
2835 3652 2979 3707 clare
3002 3650 3349 3705 demonstra-

1770 3758 1885 3802 tum
1916 3758 1999 3803 est
2024 3748 2291 3817 lgnatium
2316 3762 2421 3800 non
2450 3747 2587 3800 alias
2632 3746 2701 3799 ab
2727 3745 2816 3811 iis,
2848 3747 2915 3799 de
2936 3745 3138 3814 quibus
3198 3758 3347 3797 nunc

1772 3839 2217 3901 controvertitur,
2258 3851 2516 3893 exarasse
2541 3836 2823 3907 epistolas.
2870 3836 2982 3891 Illa:
3021 3836 3188 3907 igitur
3237 3850 3345 3889 eae-

1768 3937 1891 3989 dem
1926 3942 2057 3991 sunt
2083 3949 2223 4003 quas
2254 3931 2587 4002 Polycarpus
2621 3931 2888 4002 designat.

1841 4070 2010 4140 Urget
2032 4080 2210 4125 tamen
2239 4069 2471 4125 Dallzeus
2526 4069 2583 4123 in
2613 4068 2701 4124 his
2739 4069 2987 4139 epistolis
3018 4068 3243 4139 reperiri
3289 4078 3345 4123 et

1768 4164 1927 4233 σιγήν
1976 4161 2511 4226 Valentiuianorum,
2543 4161 2759 4232 aliaque
2781 4176 2947 4231 quam
2996 4161 3134 4215 bene
3168 4162 3340 4216 multa

1765 4256 1951 4309 minus
1978 4253 2303 4320 orthodoxa,
2333 4269 2455 4324 quae
2484 4252 2553 4307 ab
2602 4254 2810 4323 Ignatio
2859 4268 3129 4324 nusquam
3174 4255 3342 4308 scribi

1764 4352 2081 4413 potuerunt.
2110 4343 2216 4399 Sed
2242 4342 2540 4399 Eusebium
2571 4344 2817 4413 aliosque
2831 4344 3183 4398 doctissimos
3211 4345 3344 4399 scri-

1761 4444 1947 4505 ptores
1976 4436 2094 4506 qui,
2125 4445 2263 4491 teste
2294 4435 2495 4490 Dallwo
2528 4436 2667 4505 ipso,
2696 4436 2798 4491 has
2821 4435 3082 4504 epistolas
3124 4435 3336 4505 Ignatio

105 4518 262 4587 fuerit,
286 4527 417 4581 certi
447 4527 651 4597 aliquid
684 4529 1019 4582 renuntient.
1061 4529 1405 4598 Quapropter
1426 4527 1653 4587 sia'ﬂum

1798 4517 2262 4599 djudicant,‘nihil
2294 4530 2347 4583 in
2378 4528 2461 4583 eis
2490 4528 2573 4582 vel
2599 4528 2785 4583 minus
2823 4526 3216 4593 orthodoxum,
3251 4529 3337 4582 vel

100 4610 192 4677 iam
233 4618 488 4689 martyrio
538 4628 859 4674 coronatum
916 4619 1335 4688 suspicabatur,
1389 4634 1541 4692 rogat
1597 4635 1655 4679 ut

104 4716 297 4762 narrent
327 4711 567 4779 quando,
619 4711 734 4777 ubi,
777 4719 830 4765 et
869 4726 1033 4780 quam
1072 4712 1224 4767 vario
1260 4722 1651 4771 tormentorum

102 4802 520 4873 cruciatuumque
562 4818 762 4875 genere
815 4812 1048 4857 mortem
1100 4804 1339 4868 ohierit,
1406 4822 1654 4877 quosque

104 4896 324 4955 habuerit
354 4901 600 4974 martyrii
638 4904 723 4957 sui
754 4903 958 4957 socios.
1008 4899 1164 4955 Nulla
1198 4915 1328 4971 ergo
1379 4900 1451 4954 ibi
1500 4917 1655 4970 repu-

102 4994 313 5059 gnantia,
358 5009 460 5049 nec
501 4995 608 5048 ulla
642 5010 766 5049 cum
799 4995 867 5049 iis
897 5010 1018 5064 qua:
1062 4994 1129 5047 de
1178 5009 1310 5047 nece
1342 4992 1461 5062 ejus
1500 4994 1652 5062 prius

102 5082 273 5145 scripta
298 5094 474 5150 erant,
503 5085 747 5139 occurrit
775 5082 1161 5152 discrepantia.

158 5170 305 5243 Urget
327 5186 505 5229 tamen
544 5174 797 5239 Dallazus,
844 5185 1007 5244 atque
1040 5175 1213 5243 ipsius
1242 5170 1531 5234 ﬂamondi,
1554 5173 1648 5241 qui

102 5262 171 5315 his
196 5267 389 5323 ultimis
423 5267 668 5337 epistola:
697 5266 982 5338 Polycarpi
1034 5266 1215 5322 verbis
1257 5267 1425 5320 vitam
1458 5264 1649 5333 Ignatii

102 5355 342 5429 designari
388 5361 546 5429 dixit,
596 5360 803 5431 profert
850 5361 1248 5414 testimonium.
1303 5358 1373 5411 At
1408 5368 1556 5412 certe
1599 5358 1647 5411 si

102 5442 384 5508 Iiamoudus
441 5453 663 5508 humani
709 5453 917 5523 aliquid
975 5453 1048 5506 ibi
1094 5467 1289 5522 passus
1330 5458 1436 5517 est,
1485 5451 1532 5505 si
1578 5449 1645 5503 ad

100 5536 350 5615 Polycarpi
396 5547 561 5602 verba
607 5546 851 5600 animum
885 5560 991 5600 nun
1033 5545 1168 5600 satis
1213 5544 1465 5609 advertit,
1514 5542 1645 5612 quid

100 5632 206 5688 inde
252 5648 438 5693 contra
492 5639 775 5694 sententia:
820 5646 1023 5692 nostrae
1066 5636 1348 5691 veritatem
1398 5633 1649 5688 conficiet

101 5722 339 5796 Ilallgeus?
366 5727 512 5785 Nulli
552 5738 734 5786 autem
785 5730 1100 5786 dubitamus
1145 5728 1279 5799 quin
1329 5726 1644 5782 Hamondus

1757 4624 1939 4676 minus
1970 4622 2183 4692 Ignatio
2216 4621 2443 4690 dignum
2474 4619 2669 4689 legisse
2698 4619 3070 4674 certissimum
3100 4628 3204 4674 est.
3266 4622 3337 4675 At

1755 4726 1904 4770 certe
1935 4716 2057 4769 illos
2086 4728 2340 4783 quamam
2373 4713 2652 4782 Ignatiana
2679 4712 2931 4768 doctrina
2977 4728 3101 4768 esse
3129 4712 3335 4768 debue-

1756 4807 1846 4873 rit,
1879 4807 2182 4877 ignorasse,
2218 4805 2423 4868 nullus,
2483 4820 2550 4859 ne
2574 4803 2804 4860 Dallasus
2853 4806 3101 4875 quidem,
3150 4805 3333 4860 dicere

1756 4896 1972 4951 audeat.
2002 4894 2207 4950 Deinde
2232 4896 2369 4948 nihil
2390 4904 2580 4949 contra
2614 4894 2808 4966 Ignatii
2833 4898 3139 4952 doctrinam
3169 4897 3221 4951 in
3246 4898 3331 4951 his

1753 4989 2334 5060 epistolisoccurrere,
2374 4988 2515 5042 infra
2546 5004 2646 5044 suo
2674 4989 2818 5056 loco,
2870 5005 2938 5043 ne
2965 4990 3149 5045 omnia
3201 5004 3327 5043 cum

1756 5082 1955 5136 Dalheo
1982 5080 2409 5148 confundamus,
2441 5081 2748 5136 clarissime
2777 5083 3050 5137 ostensuri
3080 5096 3291 5136 sumus.

1822 5174 2245 5244 Instatdenique
2262 5173 2517 5240 Dallzeus,
2545 5175 2733 5244 sicque
2750 5175 2960 5242 arguit:
2991 5192 3010 5225 ι
3036 5171 3149 5228 Hoc
3179 5178 3328 5227 certe

1751 5266 2039 5338 Pulycarpi
2069 5268 2387 5324 testimonio
2414 5267 2591 5321 Latini
2624 5284 2722 5338 pro
2754 5282 2848 5323 sex
2881 5267 2989 5321 illis
3021 5266 3325 5335 Ignatianis

1751 5362 2021 5430 epistolis,
2051 5377 2188 5431 quas
2216 5372 2411 5432 praeter
2444 5361 2792 5418 Usserianam
2826 5360 3202 5416 collectionem
3232 5374 3323 5416 as—

1755 5463 1966 5518 serunt,
2002 5470 2109 5509 non
2141 5454 2323 5509 minus
2342 5455 2587 5524 speciose
2617 5463 3050 5523 utuntur,quam
3077 5467 3177 5522 pro
3205 5452 3320 5507 suis

1752 5559 1848 5598 sex
1892 5545 2085 5613 primis
2128 5544 2616 5599 reverendissimus
2648 5543 2903 5601 Usserius
2957 5552 3011 5599 et
3063 5542 3320 5599 doctissio

1753 5651 1877 5690 mus
1911 5635 2250 5691 Ilamondus.
2294 5656 2313 5688 ι
2352 5636 2429 5689 Ex
2479 5636 2678 5705 quibus
2726 5637 2806 5691 sic
2858 5636 2948 5691 ille
3003 5636 3316 5693 concludit:

1754 5744 1772 5778 ‹
1801 5726 2123 5796 Seponenda
2162 5742 2292 5798 ergo
2322 5726 2525 5798 pariter
2565 5736 2649 5782 est
2692 5730 2745 5783 In
2769 5729 3027 5784 universa
3072 5729 3139 5785 de
3162 5726 3316 5797 Igna-
