3768 6318
72 315 163 371 ι85

1010 317 1073 374 D.
1115 314 1406 373 NOURRII
1446 315 1928 373 DISSERTATIO.
1964 345 2035 359 —
2080 316 2259 372 PARS
2296 317 2337 370 l.

3204 322 3314 380 486

70 440 150 495 sed
187 444 235 493 in
279 440 427 495 Actis
469 438 742 511 corruptis
786 450 841 495 et
889 441 1259 510 interpolatis,
1307 457 1412 496 non
1449 449 1630 495 autem
1661 446 1707 502 Α
1738 442 1850 496 haec
1886 440 2027 496 falsa
2072 440 2203 505 sint,
2235 449 2289 496 et
2316 440 2385 496 ab
2415 441 2565 496 omni
2611 441 2830 513 penitus
2858 443 3103 500 veritatis
3128 445 3310 515 specie

70 535 118 585 in
156 533 293 587 veris
338 543 392 587 et
429 533 684 600 sinceris,
729 549 852 604 qua:
895 532 1087 589 Latine
1135 534 1417 598 Usserius,
1444 534 1629 590 Graece

69 640 184 678 vero
224 634 407 678 noster
457 624 835 682 Theodoricus
884 627 1185 683 Ruinartus
1244 628 1444 697 publici
1485 627 1628 697 juris

71 716 316 770 fecerunt.
368 718 531 787 Atqui
579 718 625 772 si
671 718 858 775 lrenzei
895 729 1139 790 tempore
1177 720 1427 791 quaedam
1474 720 1631 791 Igna-

74 810 187 862 tiani
219 811 459 879 martyrii
495 810 629 865 Acta
668 812 999 879 exstiterint,
1031 814 1146 867 haec
1190 820 1401 867 tantum
1446 820 1629 881 poste-

72 904 197 956 riora
228 902 502 957 exstitisse
552 916 716 957 nemo
757 916 908 958 831133
953 903 1155 958 mentis
1208 902 1375 957 homo
1411 903 1630 959 dubita-

71 994 209 1049 verit.

133 1085 240 1141 lluc
262 1086 329 1141 ad
353 1085 538 1141 Dallzei
576 1087 885 1143 subsidium
923 1102 1117 1141 rursus
1140 1087 1360 1142 advolat
1386 1086 1507 1157 ejus
1528 1088 1626 1142 de-

73 1176 256 1241 fensor,
287 1186 339 1231 et
379 1178 448 1231 ab
497 1176 829 1249 Hieronymo
867 1177 1115 1232 eamdem
1163 1176 1355 1250 lgnatii
1404 1189 1625 1234 senten-

74 1273 183 1325 tiam
216 1271 435 1325 citatam
470 1272 745 1327 observat.
782 1271 949 1343 Atqui
983 1290 1000 1323 ι
1028 1274 1201 1328 satius
1224 1287 1326 1341 est,
1356 1273 1533 1343 inquit
1557 1274 1622 1338 “,

72 1366 229 1421 dicere
266 1363 657 1436 Hieronymum
684 1368 739 1421 in
775 1371 1175 1440 antiquissimis
1199 1369 1442 1439 martyrii
1473 1368 1624 1423 Actis

75 1458 263 1529 legisse,
293 1475 416 1529 quae
448 1460 513 1514 de
544 1458 772 1531 lgnatio,
803 1463 903 1517 etsi
940 1463 1077 1518 forte
1111 1464 1349 1533 aliquam
1376 1462 1489 1532 jam
1523 1476 1623 1516 sua

75 1558 209 1604 aetate
238 1550 597 1604 mutationem
634 1561 860 1623 experta
893 1563 1078 1609 essent
1106 1554 1196 1608 illa
1224 1553 1381 1618 Acta,
1416 1554 1624 1609 nullam

76 1652 232 1697 tamen
260 1641 502 1701 sensisse
523 1644 704 1711 istius,
728 1660 836 1715 qua
871 1645 938 1700 de
972 1647 1171 1717 agitur,
1196 1647 1625 1701 circumstantia:

76 1747 295 1809 respectu
330 1754 430 1808 par
458 1747 545 1794 est
588 1740 843 1805 credere;
877 1754 1002 1793 nam
1040 1754 1107 1793 ex
1150 1739 1273 1794 istis
1321 1740 1495 1807 Actis,
1537 1740 1621 1795 vel

1735 532 1944 587 ahena?

1801 626 1972 681 Instat
2012 634 2191 681 tamen
2245 626 2480 681 Dallaeus
2504 646 2518 681 :
2544 626 2623 681 Ex
2665 627 2894 698 epistola
2926 628 2993 682 ad
3030 626 3310 683 Romanos

1734 717 1850 773 haec
1891 718 2052 772 verba
2086 716 2327 789 Ignatius
2370 735 2477 773 non
2506 719 2714 781 Romae,
2746 738 2764 770 ι
2795 720 2888 775 sed
2929 718 3175 791 Smyrna:
3214 720 3317 774 diu!

1731 818 1857 863 ante
1884 825 2113 878 agonem
2149 811 2389 866 absurde
2411 820 2463 866 et
2489 812 2668 880 inepte
2712 812 2931 880 scripsit
2957 812 3021 865 θ’.
3049 831 3066 861 ι
3111 808 3309 865 Verum

1731 902 1982 972 quisquis
2008 903 2149 958 hanc
2180 904 2427 959 eamdem
2458 904 2743 973 epistolam
2773 903 2959 957 animo
2984 902 3138 959 falsis
3167 919 3311 971 prae-

1727 990 1951 1061 judiciis
1974 1010 2080 1048 non
2107 995 2321 1064 penitus
2348 994 2623 1049 obcaecato
2653 994 2865 1063 legerit,
2895 996 2941 1049 is
2966 992 3123 1048 facile
3153 1010 3312 1048 com-

1730 1084 1904 1153 perict
1936 1085 2081 1139 illam
2118 1085 2185 1139 ad
2224 1085 2505 1141 Romanos
2548 1084 2795 1157 Smyrnae
2830 1086 2900 1140 ab
2932 1084 3141 1155 lgnatio
3175 1086 3313 1139 scri-

1730 1184 1900 1246 ptam,
1946 1194 2052 1232 non
2101 1178 2195 1232 diu
2234 1189 2361 1234 ante
2404 1193 2666 1249 agonem;
2704 1177 2799 1233 sed
2845 1194 2968 1233 cum
3017 1180 3311 1234 damnatus

1727 1279 1870 1324 esset
1905 1270 1972 1323 ad
2011 1271 2235 1338 bestias,
2280 1283 2334 1326 et
2376 1270 2605 1324 Romam
2640 1271 2711 1324 ab
2743 1270 2849 1325 illis
2883 1271 3107 1341 jamjam
3140 1273 3309 1326 devo-

1728 1368 1934 1419 randus
1967 1365 2339 1422 contenderet.
2375 1363 2492 1417 Non
2523 1378 2654 1432 ergo
2703 1364 2939 1417 absurde
2978 1379 3078 1418 nec
3107 1364 3309 1432 inepte,

1737 1457 1829 1511 sed
1865 1466 2012 1511 recte
2036 1468 2095 1512 et
2137 1458 2365 1513 omnino
2397 1460 2647 1529 apposite
2675 1460 2909 1514 [renitens
2944 1458 3085 1512 lianc
3119 1455 3309 1526 lgnatii

1727 1545 2010 1615 epistolam
2054 1547 2275 1603 citando
2320 1550 2502 1604 aiebat
2539 1549 2584 1581 '°
2614 1568 2629 1606 :
2661 1570 2678 1600 ε
2709 1549 2943 1615 Quidam
2993 1549 3059 1602 de
3106 1545 3311 1601 nostris

1727 1640 1885 1705 dixit,
1910 1647 2149 1709 propter
2183 1643 2508 1713 martyrium
2558 1646 2614 1696 in
2660 1640 2830 1697 Deum
2863 1639 3208 1710 adjudicatus
3240 1639 3310 1691 ad

1727 1732 1952 1800 bestias,
1975 1753 1993 1785 ι
2025 1742 2131 1789 etc.

76 1831 165 1883 alio
202 1832 435 1899 quodam
473 1830 680 1900 scripto
709 1845 863 1900 aeque
897 1838 1133 1895 vetusto,
1167 1846 1289 1900 quae
1321 1831 1388 1885 de
1420 1830 1628 1899 lgnatio
1658 1823 1702 1880 Β
1805 1822 1972 1895 Urget
2019 1826 2219 1894 adhuc,
2250 1836 2306 1882 et
2340 1830 2524 1882 acrius
2564 1828 2733 1883 instat
2775 1827 3011 1882 Dallzeus
3042 1826 3309 1881 lrcnmum

76 1931 263 1989 narrat,
307 1922 715 1992 deprompsisse
764 1921 1159 1994 Hieronymum
1196 1930 1281 1977 est
1330 1924 1625 1992 plusquam

78 2015 359 2070 verisimile.
386 2033 405 2066 ι
448 2013 652 2070 Verum
699 2014 932 2071 Dallteus
970 2030 1002 2070 e
1033 2016 1312 2071 contrario
1363 2014 1628 2087 Hierony-

78 2120 202 2159 mum
231 2121 404 2176 neque
434 2121 505 2162 ex
531 2107 616 2164 bis
639 2108 812 2174 Actis,
842 2122 1019 2177 neque
1042 2122 1107 2163 ex
1143 2108 1251 2162 alio
1273 2109 1499 2177 scripto,
1528 2107 1624 2162 sed

78 2210 129 2252 ex
148 2197 359 2253 Eusebio
375 2208 590 2254 tantum
610 2215 709 2255 sua
739 2198 1114 2269 desumpsisse
1145 2200 1445 2255 asserebat.
1487 2198 1625 2255 Nam

83 2306 100 2341 ι
122 2288 339 2357 Eusebii,
382 2291 566 2361 inquit
595 2292 662 2359 ⁸⁷,
686 2306 881 2347 omnes
918 2291 1221 2361 judicium,
1259 2290 1625 2364 Hieronymus

80 2379 215 2435 etiam
245 2381 404 2436 verba
441 2390 666 2437 secutus
705 2391 816 2450 est;
850 2390 910 2438 ut
952 2382 1057 2438 hoc
1099 2399 1208 2437 non
1237 2392 1349 2438 tam
1381 2384 1622 2454 illorum,

82 2483 218 2538 quam
246 2474 406 2527 unius
440 2471 664 2528 Eusebii
701 2473 1077 2529 testimonium
1114 2475 1329 2530 censeri
1358 2476 1574 2531 debeat.
1598 2495 1617 2529 ι

84 2560 266 2617 Siccine
291 2579 419 2635 ergo
444 2564 759 2619 defenditur
783 2564 1039 2631 Dallmus,
1056 2581 1185 2621 cum
1208 2566 1257 2621 ei
1285 2577 1471 2638 aperte
1491 2583 1626 2624 con-

83 2652 361 2707 tradicitur?
392 2652 538 2720 Quid
568 2670 695 2709 vero
732 2655 878 2724 quod
913 2656 1065 2711 nulla
1089 2656 1217 2724 alia,
1246 2660 1326 2713 uti
1357 2658 1621 2727 diximus,

84 2745 291 2816 martyrii
332 2745 602 2819 lgnatiani
645 2750 800 2815 Acta,
832 2764 998 2817 quam
1027 2764 1150 2819 quae
1187 2750 1257 2805 ab
1293 2748 1538 2815 Usserio,
1568 2762 1625 2807 et

84 2835 339 2891 novissime
377 2853 408 2891 a
443 2847 638 2892 nostro
689 2836 956 2894 Ruinarto
1001 2839 1147 2893 edita
1197 2847 1347 2907 sunt,
1378 2849 1625 2911 tempore

86 2922 358 2998 Hieronymi
391 2928 670 2983 eXstitisse
716 2939 927 2984 certum
974 2929 1210 2985 videtur.
1263 2930 1334 2986 At
1378 2929 1623 3001 profecto

87 3031 171 3070 non
206 3018 255 3071 in
290 3020 374 3085 iis,
421 3021 519 3075 sed
569 3021 623 3075 in
661 3021 935 3091 corruptis
976 3030 1184 3077 tantum
1219 3022 1392 3087 Actis,
1431 3021 1622 3093 lgnatii

86 3112 312 3164 sententia
349 3112 417 3166 ab
458 3110 791 3184 Hieronymo
819 3122 873 3168 et
904 3112 1110 3170 Irenaeo
1150 3115 1313 3170 citata
1355 3116 1617 3170 occurrit.

88 3196 289 3271 Denique
330 3204 477 3273 quod
519 3205 770 3275 egregius
806 3204 895 3260 ille
931 3203 1115 3261 Βαιιωί
1169 3206 1423 3261 defensor
1451 3208 1620 3272 addit,

88 3286 431 3366 Hieronymum
467 3310 589 3350 eam
630 3297 676 3351 si
712 3312 819 3351 non
855 3313 923 3351 ex
964 3297 1143 3363 Actis,
1172 3313 1238 3352 ex
1276 3300 1385 3354 alio
1416 3301 1624 3370 scripto

86 3399 209 3455 nque
239 3394 446 3441 vetusto
476 3385 870 3457 desumpsisse,
897 3387 1002 3442 hoc
1022 3396 1077 3442 et
1111 3388 1331 3455 Dallaeo,
1364 3398 1424 3443 ut
1460 3391 1624 3459 paulo

87 3489 184 3533 ante
226 3478 492 3546 diximus,
526 3479 852 3548 opponitur,
885 3488 942 3534 et
989 3481 1161 3551 gratis
1203 3481 1272 3536 ab
1306 3482 1400 3536 illo
1436 3482 1620 3538 fictum

86 3582 167 3626 est.
194 3570 362 3643 Neque
392 3572 545 3628 enim
585 3572 806 3643 aliquod
848 3574 917 3627 ab
959 3574 1082 3644 ipso
1127 3584 1223 3629 aut
1258 3576 1329 3629 ab
1371 3576 1481 3630 ullo
1515 3593 1622 3630 un-

88 3679 218 3732 quam
256 3665 358 3720 alio
398 3664 625 3720 homine
679 3664 945 3733 scriptum
991 3666 1262 3737 assignari
1299 3668 1520 3736 poterit,
1563 3667 1616 3722 in

88 3770 173 3823 quo
198 3757 296 3812 inec
326 3759 539 3829 legatur
573 3757 769 3829 lgnatii
806 3760 1073 3813 sententia
1108 3775 1121 3813 :
1154 3774 1255 3814 nos
1285 3768 1469 3815 autem
1504 3761 1622 3832 epi-

95 3849 253 3904 stolam
300 3851 364 3906 ad
417 3850 732 3917 Romanos,
803 3850 924 3920 ejus
989 3851 1211 3907 nomine
1266 3851 1618 3922 inscriptam,

92 3940 432 4011 producimus,
483 3942 580 3998 ubi
633 3942 727 3997 illa
784 3942 853 3997 de
912 3943 1078 3998 verbo
1136 3942 1205 3998 ad
1248 3944 1473 3999 verbum
1532 3960 1622 4002 re-

91 4033 275 4099 peritur.

174 4125 198 4195 ς
226 4125 305 4181 Ill.
330 4127 566 4199 Reliqua
589 4126 790 4182 Παιιωὶ
816 4127 1143 4199 exceptiones
1172 4127 1509 4197 refelluntur.

144 4218 316 4278 Eadem
368 4225 557 4295 itaque
608 4224 821 4279 ratione
878 4223 933 4278 id
986 4222 1259 4278 refellitur
1291 4224 1440 4294 quod
1485 4224 1620 4280 dicit

93 4308 282 4372 Dallazus
302 4318 344 4349 ⁸⁸
367 4336 379 4373 :
404 4335 423 4370 ‹
447 4315 653 4372 Omnes
666 4314 854 4371 vident
871 4313 1025 4371 facile
1051 4316 1169 4371 fieri
1198 4317 1460 4386 potuisse,
1486 4326 1541 4371 ut
1570 4316 1617 4371 si

92 4407 205 4474 quod
228 4408 485 4480 ejusmodi
514 4409 778 4480 scriptum
799 4408 1057 4465 edidisset
1084 4408 1355 4481 lgnatius;
1379 4429 1397 4463 ι
1426 4412 1479 4465 in
1502 4426 1612 4483 quo

1730 1914 1874 1972 hanc
1917 1916 2110 1988 lgnatii
2164 1920 2492 1974 sententiam
2527 1935 2595 1974 ex
2636 1919 2865 1989 epistola
2915 1921 2983 1974 ad
3033 1919 3312 1974 Romanos

1727 2023 1835 2062 non
1867 2008 2047 2064 solum
2086 2024 2196 2063 non
2243 2011 2568 2080 sumpsisse,
2598 2011 2695 2066 sed
2739 2026 2917 2081 neque
2960 2026 3177 2065 sumere
3209 2026 3310 2080 po-

1726 2098 1917 2154 tuisse.
1952 2098 2140 2170 Neque
2173 2100 2227 2154 id
2261 2101 2351 2155 ille
2379 2100 2622 2170 quolibet
2652 2110 3004 2171 argumento,
3035 2102 3128 2156 sed
3160 2101 3311 2155 clara

1725 2196 1780 2242 et
1822 2188 2024 2244 invicta
2077 2191 2543 2246 demonstratione
2592 2206 2651 2247 se
2702 2192 2938 2261 probare
2986 2192 3307 2247 arbitratur.

1724 2277 1852 2335 Haec
1894 2290 2076 2335 autem
2120 2282 2322 2336 invicta
2373 2281 2792 2349 demonstratio,
2832 2298 2900 2336 ne
2932 2283 3064 2353 quid
3107 2281 3310 2335 virium

1724 2389 1951 2429 suarum
1975 2375 2208 2441 amittat,
2228 2374 2471 2445 ejusdem
2502 2376 2681 2431 verbis
2709 2375 3061 2446 proponenda
3086 2386 3192 2431 eat.
3219 2374 3312 2427 Ait

1724 2465 1909 2537 itaque
1938 2469 1981 2499 ⁷¹
2012 2484 2207 2525 omnes
2246 2483 2386 2538 quas
2418 2470 2659 2524 diximus
2704 2485 2827 2525 esse
2873 2468 3063 2539 lgnatii
3106 2468 3313 2539 episto-

1723 2558 1806 2614 las
1831 2576 1844 2612 :
1870 2577 1891 2612 ι
1925 2558 2131 2617 Irenaeo
2162 2563 2323 2632 plane
2359 2563 2575 2633 ignotas
2608 2562 2796 2618 fuisse.
2828 2561 3074 2628 Quarum
3105 2561 3315 2617 scilicet

1724 2655 2056 2711 testimoniis
2084 2654 2349 2710 adversus
2378 2653 2688 2718 haereticos,
2717 2668 2861 2723 quos
2897 2652 3117 2719 refellit,
3147 2654 3306 2708 lucu-

1723 2750 2047 2806 lentissimis
2082 2765 2147 2804 ac
2176 2748 2553 2804 disertissimis
2580 2762 2851 2816 nusquam
2887 2762 3022 2801 usus
3042 2747 3312 2815 reperitur

1722 2842 1779 2898 in
1812 2850 1927 2899 toto
1959 2843 2224 2897 adversus
2273 2842 2511 2896 haereses
2556 2856 2753 2910 opere;
2802 2840 3020 2894 tametsi
3068 2839 3309 2909 plurima

1722 2936 1928 3007 passim
1963 2935 2083 2990 loca
2117 2934 2228 2989 illic
2260 2942 2574 2997 occurrant,
2602 2933 2654 2986 in
2686 2934 2889 3004 quibus
2924 2932 3211 2987 utilissime
3244 2946 3312 2988 ac

1722 3043 1861 3099 pene
1897 3027 2209 3084 necessario
2238 3026 2307 3081 ab
2332 3036 2560 3082 auctore
2608 3024 2918 3080 adhibenda
2950 3033 3127 3090 erant,
3155 3025 3201 3080 si
3244 3040 3309 3078 ca

1725 3121 1942 3191 cognita
1974 3120 2277 3175 habuisset.
2304 3138 2322 3171 ι
2358 3118 2537 3188 Atque
2570 3118 2675 3172 hoc
2721 3116 2853 3171 illud
2885 3124 2971 3171 est
3017 3131 3310 3186 argumen-

1726 3223 1867 3280 tum,
1894 3213 2041 3284 quod
2078 3211 2309 3266 Dallaeus
2338 3211 2543 3265 claram
2576 3217 2633 3264 et
2673 3207 2931 3263 invictam
2962 3208 3311 3261 demonstra-

1728 3309 1932 3364 tionem
1970 3305 2222 3376 appellat.
2262 3302 2368 3357 Sed
2414 3302 2559 3357 hunc
2603 3301 2854 3356 eumdem
2901 3298 3184 3364 Dallaeum,
3229 3299 3313 3352 lom

1725 3402 1859 3470 gica:
1909 3408 1963 3454 et
2012 3398 2313 3453 dialectica:
2371 3393 2860 3457 callentissimum,
2907 3391 3175 3445 miramur
3221 3390 3311 3445 liic

1723 3507 1832 3546 non
1867 3490 2185 3545 meminisse
2224 3488 2279 3542 in
2321 3487 2469 3542 clara
2514 3494 2569 3540 et
2601 3486 2803 3538 invicta
2842 3481 3310 3537 demonstratione

1722 3584 1910 3641 omnia
1940 3598 2062 3639 esse
2093 3580 2292 3637 debere
2328 3588 2497 3644 certa,
2534 3578 2736 3632 invicta
2770 3585 2824 3631 ct
2856 3574 3088 3629 omnino
3118 3588 3309 3627 neces-

1722 3677 1888 3733 saria.
1933 3675 2016 3730 Ad
2066 3689 2223 3730 suam
2256 3688 2386 3743 ergo
2430 3673 2634 3727 claram
2676 3677 2732 3723 et
2774 3667 3034 3722 invictam
3079 3666 3310 3720 demon-

1722 3766 2045 3822 strationem
2087 3766 2133 3798 "'
2187 3763 2621 3826 conficiendam,
2658 3758 2763 3830 ipsi
2816 3756 3306 3814 demonstrandum

1721 3870 1861 3924 erat,
1893 3856 2087 3930 lgnatii
2123 3855 2437 3912 testimonia
2480 3870 2589 3909 non
2619 3861 2831 3908 tantum
2869 3870 2887 3902 ‹
2920 3848 3211 3905 utilissime
3240 3862 3308 3902 ac

1718 3965 1858 4022 pene
1885 3948 2217 4013 necessario,
2239 3966 2258 4000 ι
2291 3948 2387 4003 sed
2419 3948 2580 4018 plane
2624 3946 2952 4017 penitusque
2992 3941 3306 3999 necessario

1723 4042 1894 4099 fuisse
1933 4042 2261 4097 adhibenda.
2310 4037 2508 4094 Verum
2542 4038 2809 4109 quidquid
2839 4037 2912 4092 sit
2945 4035 3014 4090 de
3046 4043 3210 4091 certa:
3250 4041 3309 4088 et

1718 4135 1933 4191 invicta:
1958 4130 2444 4188 demonstrationis
2466 4127 2718 4191 nomine,
2754 4126 2822 4181 ad
2856 4124 2964 4178 vim
2995 4120 3305 4193 argumenti

1718 4227 2089 4284 attendamus.
2126 4224 2259 4279 Illud
2285 4232 2469 4279 autem
2505 4236 2615 4275 non
2646 4220 2832 4275 minus
2860 4226 3053 4274 contra
3092 4216 3306 4286 ipsum-

1718 4330 1829 4376 met
1862 4319 2145 4386 Dallazum,
2182 4333 2349 4388 quam
2391 4325 2582 4373 contra
2621 4330 2723 4370 nos
2767 4314 2983 4369 militat.
3030 4310 3303 4381 Epistolas

1720 4413 1987 4483 siquidem
2017 4410 2313 4467 nonnullas
2333 4409 2404 4464 ab
2425 4407 2634 4479 lgnatio
2658 4416 2847 4461 nostro
2871 4406 3105 4475 scriptas
3133 4405 3305 4461 fuisse

92 4514 212 4554 suam
242 4504 557 4558 sententiam
587 4505 923 4570 exaraverit;
966 4521 987 4555 ι
1022 4503 1076 4558 id
1104 4511 1160 4558 et
1187 4503 1243 4558 in
1274 4502 1463 4559 lrenaei
1497 4520 1613 4558 ma-
1646 4499 1691 4555 D
1718 4502 1808 4561 ille
1840 4506 1985 4561 ultro
2014 4504 2303 4559 concedit?
2337 4521 2356 4554 ι
2386 4501 2522 4567 Quis
2562 4501 2732 4568 enim,
2779 4500 2955 4568 inquit
2983 4498 3049 4564 ⁷³,
3080 4506 3189 4552 tam
3222 4498 3304 4553 fa-

93 4595 394 4662 nnsveniret,
424 4605 481 4650 et
505 4596 597 4650 diu
641 4603 769 4650 ante
807 4604 996 4650 nostra
1046 4604 1293 4667 tempora
1330 4595 1615 4654 intercide-

92 4693 202 4737 ret.»
248 4685 459 4743 Nullum
515 4688 749 4759 quippe,
789 4687 936 4758 quod
989 4686 1359 4757 interciderit,
1418 4688 1611 4760 lgnatii

92 4775 304 4845 scriptum
333 4778 563 4836 Dallzeus
590 4780 872 4851 assignare
897 4788 1095 4852 potest,
1120 4781 1174 4834 in
1203 4796 1314 4851 quo
1343 4784 1611 4838 sententia

93 4865 158 4921 illa
184 4870 328 4928 fuerit
360 4873 593 4945 scripta;
634 4873 730 4929 sed
763 4888 864 4928 nos
902 4873 1186 4944 epistolam
1213 4875 1280 4928 ad
1309 4873 1607 4943 Romanos,

93 4956 161 5010 ubi
190 4974 381 5033 semper
419 4964 647 5031 exstitit,
687 4964 1057 5035 assiguamns.
1118 4963 1292 5020 Porro
1336 4975 1518 5020 autem
1561 4966 1608 5020 si

93 5052 190 5116 quid
222 5054 266 5107 in
308 5057 407 5112 hoc
435 5067 759 5129 argumento
788 5058 862 5112 sit
889 5057 1129 5123 roboris,
1155 5066 1301 5112 certe
1339 5072 1407 5111 eo
1442 5058 1608 5112 innu-

95 5154 217 5198 mera:
237 5150 572 5218 antiquorum
615 5150 840 5205 Patrum
881 5150 1294 5206 lucubrationes
1323 5150 1606 5215 excidant,

94 5244 266 5293 necesse
288 5250 388 5298 est.
415 5241 541 5298 Illas
569 5243 769 5313 quippe
796 5259 828 5296 a
855 5242 1211 5312 scriptoribus
1237 5242 1608 5297 celeberrimis

94 5324 209 5382 citari
242 5332 284 5387 si
324 5335 545 5402 dixeris,
576 5337 721 5391 illico
752 5344 1048 5406 reponetur
1095 5351 1203 5391 non
1243 5350 1359 5402 eas,
1400 5351 1524 5405 qua:
1551 5336 1605 5389 in

95 5429 246 5477 manus
266 5436 470 5484 nostras
500 5428 867 5499 pervenerint,
892 5426 987 5482 sed
1021 5426 1180 5491 alias,
1206 5442 1330 5497 quae
1358 5426 1453 5480 diu
1482 5437 1608 5481 ante

94 5521 234 5570 ηοειτε
266 5526 495 5589 tempora
542 5520 939 5585 interciderint,
988 5520 1057 5574 ab
1101 5521 1208 5575 illis
1254 5520 1475 5586 citatas,
1521 5518 1606 5573 vel

95 5602 240 5660 saltem
266 5610 406 5667 citari
438 5615 702 5684 potuisse.
730 5613 865 5680 Quis
890 5629 1073 5668 autem
1096 5629 1205 5669 non
1236 5612 1417 5668 videat
1438 5629 1603 5683 quam

96 5785 142 5803 ..
163 5722 393 5803 ’Ἴδα-ελ.
506 5734 549 5765 ⁸⁷
578 5749 698 5803 cap.
739 5732 837 5794 56,
869 5748 921 5802 p.
941 5733 1082 5788 €152.

95 5789 160 5856 35.
190 5789 232 5865 βξ
256 5789 367 5857 434.
440 5804 484 5836 ⁷³
515 5789 753 5874 cap."56,
782 5789 835 5873 ρ.
869 5789 994 5859 ἓιῦυ.

1182 5732 1226 5765 ⁸⁸
1256 5747 1379 5803 cap.
1411 5732 1502 5803 53,
1531 5748 1586 5804 p.
1617 5735 1746 5791 454.
1824 5736 1868 5768 θ’
1899 5748 2021 5805 cap.
2053 5733 2122 5789 '53
2142 5773 2157 5801 ,
2192 5748 2247 5804 p.
2301 5732 2429 5787 456.

1723 4610 1850 4656 tuus
1881 4609 1985 4667 est,
2017 4607 2077 4653 ut
2104 4613 2227 4653 eum
2260 4594 2550 4664 scripsisse
2574 4592 2785 4662 aliquas
2818 4592 3046 4661 neget?»
3076 4590 3303 4648 Fatetur

1718 4694 1884 4748 etiam
1935 4690 2151 4745 easdem
2199 4687 2373 4741 fuisse
2408 4705 2427 4737 ι
2458 4686 2525 4740 ad
2561 4699 2677 4739 rem
2721 4682 3093 4738 Christianam
3143 4685 3302 4740 valde

1721 4783 1945 4847 utiles,»
1984 4778 2320 4850 proindeque
2366 4775 2602 4847 plurima
2650 4776 2705 4830 in
2751 4775 2834 4830 eis
2866 4776 3146 4831 exstitisse
3179 4778 3301 4831 loca

1717 4879 1905 4928 contra
1942 4870 2123 4923 varios
2143 4867 2437 4938 lgnatiame
2462 4866 2639 4921 aetatis
2672 4866 2980 4933 haereticos,
3015 4882 3157 4937 quos
3189 4865 3301 4921 lre—

1717 4976 1868 5015 lucus
1900 4969 2091 5030 postea
2121 4956 2337 5012 refellit.
2362 4954 2533 5010 Porro
2558 4957 2748 5011 eadem
2780 4958 2939 5027 plane
2961 4958 3301 5013 demonstra-

1715 5055 1885 5119 tione,
1914 5068 2081 5122 quam
2123 5050 2327 5106 claram
2365 5059 2420 5106 et
2466 5050 2725 5105 invictam
2762 5050 2998 5106 Dallaeus
3031 5060 3211 5116 vocat,
3242 5049 3297 5104 id

1715 5145 1914 5200 falsum
1944 5160 2066 5199 esse
2113 5144 2192 5200 sic
2235 5142 2528 5199 evincitur.
2565 5141 2673 5199 Eas
2710 5144 2857 5197 enim
2902 5142 3147 5213 lgnatius
3187 5155 3298 5194 non

1712 5242 1932 5310 scripsit
1951 5239 2230 5310 epistolas,
2257 5254 2490 5309 quarum
2519 5238 2831 5293 testimonia
2856 5235 3092 5291 lrenmus
3116 5236 3169 5289 in
3195 5250 3298 5290 suo

1712 5333 1977 5387 Adversus
2020 5334 2243 5388 haereses
2286 5347 2452 5401 opere
2499 5340 2690 5386 contra
2738 5345 2869 5396 eos,
2912 5344 3054 5399 quos
3102 5326 3299 5385 refellit

1714 5432 2003 5487 haereticos
2029 5447 2141 5487 non
2180 5430 2450 5486 adhibuit.
2485 5428 2649 5499 Atqui
2684 5425 2922 5481 Irenaeus
2952 5424 3099 5480 nulla
3139 5424 3294 5479 testi-

1714 5526 1896 5580 monia
1924 5539 1992 5578 ex
2024 5524 2090 5578 iis
2121 5523 2393 5593 epistolis,
2429 5536 2566 5590 quas
2601 5519 2832 5573 Dallzeus
2861 5517 3127 5589 lgnatium
3157 5518 3297 5572 scri-

1712 5617 1888 5691 psisse
1912 5615 2166 5681 aﬂirmat,
2190 5615 2245 5669 in
2286 5628 2387 5670 suo
2416 5611 2683 5667 adversus
2715 5609 2949 5664 haereses
2973 5624 3136 5679 opere
3161 5623 3295 5665 con-

2507 5732 2550 5762 7°
2580 5728 2723 5784 Ibid.
2800 5728 2843 5760 ⁷¹
2878 5727 3021 5784 Ibid.
3097 5729 3141 5761 ⁷¹
3169 5743 3290 5798 cap.
