3768 6318
446 283 548 340 487

1505 278 1560 334 S.
1603 278 1952 337 IGNATIUS.
1987 312 2056 320 —-
2093 278 2630 338 PROLEGOMENA.

3602 286 3693 342 £88

447 411 532 457 tra
575 400 889 457 confutatos
919 418 951 457 a
991 417 1050 456 se
1095 401 1385 458 luereticos
1430 402 1700 458 adhibuit.
1755 402 1897 471 Ergo
1944 403 2027 458 hae
2054 407 2101 464 A
2131 403 2245 460 iloc
2274 405 2460 474 itaque
2505 403 2882 459 testimonium
2910 402 3186 475 Origenis,
3210 405 3343 475 quia
3374 403 3513 459 illud
3548 409 3694 459 annis

445 494 688 563 cpistola:
719 494 769 548 ei
797 495 954 564 plane
994 493 1286 564 incognita:
1328 493 1570 548 fuerunt.
1610 493 1752 564 Ergo
1784 493 2026 560 lgnntius

447 586 589 652 illas,
624 585 888 655 quidquid
932 585 1165 641 Dallaeus
1206 585 1426 651 dixerit,
1461 601 1586 641 vere
1625 601 1734 641 non
1781 587 2020 656 scripsit.

445 674 563 742 Qua
611 685 789 730 autem
845 675 1198 744 responsione
1251 677 1357 731 hoc
1404 684 1788 746 argumentum
1852 677 2027 732 solvet

447 768 697 832 Dallaeus,
716 767 904 823 eadem
930 779 983 823 et
1011 784 1111 824 nos
1139 768 1344 824 claram
1374 777 1430 824 et
1461 768 1718 824 invictam
1745 768 1894 827 illius
1923 770 2022 827 de-

444 862 894 918 monstrationem
924 863 1221 916 solvemus.

511 952 762 1006 Attamen
808 952 1067 1009 Da‘llzeani
1102 953 1409 1024 argumenti
1437 953 1767 1022 solutionem
1797 953 1867 1009 ab
1902 952 2023 1023 ipso

441 1058 550 1098 non
589 1055 993 1113 exspectamus.
1028 1044 1443 1114 Respondemus
1471 1045 1616 1099 enim
1667 1043 1864 1102 falsum
1895 1059 2022 1103 esse

439 1135 494 1190 in
535 1136 724 1208 lgnatii
755 1138 998 1207 epistolis
1043 1138 1277 1206 plurima
1305 1152 1594 1194 occurrere
1621 1138 1760 1204 loca,
1798 1153 1920 1207 quae
1951 1137 2021 1192 ab

438 1227 642 1284 lrenzeo
664 1229 716 1282 in
739 1245 840 1284 suo
865 1229 1004 1284 libro
1037 1232 1293 1283 Adversus
1316 1230 1536 1286 haereses
1562 1230 1870 1288 adhibenda
1900 1229 2022 1285 fue-

440 1321 569 1375 rint.
595 1319 724 1374 'Non
753 1323 940 1377 debuit
965 1322 1232 1390 siquidem
1264 1321 1500 1378 lrcnmus
1542 1338 1606 1377 ea
1648 1324 1829 1393 potius
1857 1324 2017 1379 adhi-

441 1413 589 1478 bere,
622 1429 787 1483 quam
831 1414 936 1468 alia
967 1414 1299 1480 testimonia,
1326 1429 1448 1483 quae
1481 1415 1684 1484 passim
1716 1416 2019 1472 occurrunt

440 1504 495 1559 in
523 1506 752 1575 epistola
777 1505 1060 1572 Barnabas,
1093 1507 1146 1560 in
1194 1507 1461 1576 apologiis
1492 1506 1757 1573 Quadrati
1797 1517 1850 1564 et
1893 1507 2020 1562 Ari-

441 1599 620 1665 stidis,
661 1600 715 1653 in
757 1599 975 1668 scriptis
1021 1599 1340 1668 Apollinarii
1389 1599 1848 1670 Hierapolitarum
1898 1601 2016 1670 epi-

439 1691 614 1760 scopi,
650 1691 899 1762 Agrippae.
919 1732 932 1755 ,
966 1691 1237 1746 Melitonis
1255 1732 1269 1756 ,
1292 1691 1655 1762 Athenagora:
1677 1693 2019 1762 aliorumque

439 1781 868 1850 quampiurium,
900 1781 993 1850 qui
1027 1782 1311 1838 haereticos
1334 1797 1475 1851 quos
1527 1781 1763 1840 lrenaeus
1795 1782 2012 1851 refellit,

437 1873 799 1929 disertissime
848 1873 1183 1945 redarguunt
1222 1884 1277 1931 et
1311 1885 1648 1946 oppugnant.
1693 1877 1804 1931 (Zur
1833 1887 2014 1936 autem

437 1965 676 2021 lrcnmus
719 1981 820 2020 nec
856 1966 947 2020 illa
987 1967 1171 2022 omnia
1202 1975 1282 2022 tot
1321 1976 1710 2038 tantorumque
1750 1968 2016 2036 virorum,

435 2074 537 2114 nec
565 2057 759 2129 lgnatii
808 2059 1117 2115 testimonia
1159 2060 1488 2125 adhibuerit.
1514 2061 1562 2116 si
1605 2076 1841 2130 quaeras,
1876 2062 2018 2118 ratio

437 2152 490 2205 in
531 2161 782 2221 promptu
830 2160 933 2208 est.
991 2152 1069 2206 Ex
1120 2153 1427 2210 innumeris
1475 2153 1756 2208 enimvero
1795 2153 2014 2210 Patrum

435 2242 571 2298 locis
600 2243 846 2312 quaedam
879 2243 1209 2313 paucissima
1238 2260 1364 2300 cum
1401 2245 1490 2299 ille
1525 2255 1719 2300 contra
1756 2246 2015 2314 haereses,

435 2350 574 2403 quas
619 2333 840 2399 refutat,
889 2335 1172 2398 citaverit,
1206 2336 1332 2392 inde
1370 2337 1644 2407 colligitur
1681 2337 1828 2392 aliud
1860 2353 2014 2402 sane,

436 2440 598 2493 quam
626 2441 689 2478 ex
718 2424 976 2480 continua
1006 2425 1229 2480 Patrum
1258 2427 1550 2482 traditione
1580 2428 1816 2484 haereses
1842 2444 2017 2500 expu-

436 2517 637 2587 gnandi
664 2517 836 2572 fuisse
867 2518 1014 2574 illius
1046 2519 1412 2588 propositum.
1440 2519 1507 2575 Et
1531 2535 1661 2574 vero
1693 2536 1864 2585 pauca
1895 2529 2017 2580 tan-

439 2606 721 2660 tummodo
770 2604 993 2662 Patrum
1035 2608 1150 2664 loca
1198 2608 1322 2664 ideo
1360 2609 1564 2675 retulit,
1609 2610 1694 2664 vel
1737 2610 1866 2679 quia
1911 2610 2015 2679 ipsi

435 2704 595 2750 erant
624 2695 689 2749 ad
716 2712 960 2763 manum,
993 2697 1075 2753 vel
1107 2698 1238 2768 quia
1271 2699 1588 2754 eorumdem
1613 2697 1838 2754 Patrum
1873 2700 2013 2755 seri-

435 2799 525 2858 pta
552 2791 820 2846 lmreticis
844 2807 1043 2862 magno
1065 2791 1305 2848 erantin
1333 2793 1528 2862 pretio,
1551 2791 2013 2865 sicutPolycarpi

435 2883 664 2952 cpistola
690 2882 914 2939 Florino
942 2903 955 2940 :
980 2885 1065 2940 vel
1086 2885 1322 2955 denique
1348 2886 1472 2940 aliis
1497 2887 1563 2940 de
1590 2886 1771 2942 causis
1791 2901 1857 2941 ex
1880 2894 2017 2942 tem-

437 2989 588 3043 pore,
622 2989 731 3042 quo
765 2975 1060 3039 scribebat,
1093 2983 1188 3032 aut
1213 2991 1281 3032 ex
1312 2990 1414 3031 suo
1442 2975 1527 3030 vel
1575 2975 2014 3032 adversariorum

435 3066 652 3136 ingenio
681 3067 883 3135 petitis.

1036 3199 1268 3254 CAPUT
1310 3197 1398 3254 VI.

434 3305 797 3344 ARGUMENTUH
839 3306 1113 3356 QUARTUM,
1148 3308 1218 3344 EX
1251 3307 1498 3347 ORIGENIS
1543 3307 1868 3347 TESTIHONIO
1909 3307 2009 3345 DE-

504 3376 774 3424 SUMPTUH,
809 3377 873 3414 ΑΒ
907 3377 1351 3417 ADVERSARIOBUM
1378 3377 1797 3419 EXCEPTIONIBUS
1828 3378 2009 3417 νιωυιιν

503 3445 700 3486 ωτυιι.

437 3542 465 3615 §
504 3543 553 3598 i.
591 3542 920 3615 Proponitur
964 3545 1320 3599 testimonium
1366 3544 1637 3616 Origenis,
1669 3556 1719 3601 et
1764 3564 1796 3600 a
1835 3548 2009 3616 prima

890 3618 1190 3686 exceptione
1229 3616 1550 3671 vindicatur.

499 3726 767 3782 invictum
821 3727 1012 3782 lrenmi
1053 3729 1428 3783 testimonium
1475 3728 1676 3798 excipit
1707 3728 2010 3785 auctoritas

429 3815 704 3886 Origenis,
744 3819 840 3888 qui
880 3819 1164 3888 epistolas,
1210 3835 1348 3889 quas
1396 3818 1763 3885 defendimus,
1797 3817 2006 3888 lgnatio

431 3909 638 3977 absque
671 3908 778 3962 ulla
812 3909 896 3962 vel
925 3909 1146 3963 minima
1176 3909 1513 3964 dubitatione
1543 3909 1756 3964 tribuit.
1782 3908 1834 3966 ls
1861 3909 2006 3966 enim

429 3998 596 4052 verba
630 3998 843 4069 lgnatii,
876 4015 943 4054 ex
976 4000 1205 4070 epistola
1235 4002 1301 4054 ad
1327 3999 1592 4069 Ephesios
1624 4009 1901 4070 excerpta,
1931 4003 2012 4057 sic

431 4088 616 4143 laudat
641 4089 728 4142 τις
761 4107 778 4140 ι
813 4088 1101 4160 Eleganter
1154 4091 1209 4144 in
1262 4092 1548 4161 cujusdam
1599 4093 1860 4164 martyris
1891 4093 2008 4162 epi-

430 4180 572 4237 stola
599 4181 862 4250 scriptum
894 4181 1089 4250 reperi,
1118 4180 1382 4251 lgnatium
1408 4182 1533 4238 dico
1557 4183 1870 4253 episcopum
1899 4183 2011 4239 An.-

431 4272 649 4328 tiochize
683 4283 806 4342 post
832 4269 1053 4326 Petrum
1085 4273 1410 4338 secundum,
1433 4273 1526 4344 qui
1554 4273 1609 4328 in
1637 4274 2011 4342 persecutione

432 4362 619 4418 Romae
645 4363 906 4433 pugnavit
936 4364 1001 4416 ad
1032 4364 1238 4419 bestias
1267 4383 1280 4418 :
1308 4365 1606 4434 principem
1633 4364 1818 4420 saeculi
1847 4364 2009 4434 hujus

2129 497 2348 553 circiter
2379 505 2597 551 centum
2636 505 2691 551 et
2716 496 3076 566 quadraginta
3122 507 3245 566 post
3282 496 3484 567 lgnatii
3519 511 3691 550 necem

2127 589 2347 658 scriptis
2373 588 2638 652 tradebat,
2667 586 3040 643 frustraneum
3081 589 3219 644 erit?
3245 587 3387 654 Quid
3420 588 3592 656 igitur
3619 588 3691 640 ﬁet

2125 679 2193 735 de
2235 688 2314 734 tot
2359 679 2870 752 antiquissimorum
2918 677 3144 734 Patrum
3189 688 3242 732 et
3289 677 3625 732 testimoniis
3653 688 3694 731 et

2124 769 2616 832 lucubrationibus,
2653 784 2888 840 quorum
2937 769 3026 824 vix
3081 768 3296 824 duobus
3342 777 3473 837 post
3516 784 3690 821 eorum

2125 870 2356 917 mortem
2403 861 2618 918 saeculis
2668 861 2870 916 alicubi
2925 860 3067 916 facta
3106 869 3190 918 est
3225 860 3472 914 mentio?
3506 858 3692 913 Deinde

2123 955 2369 1026 epistola:
2391 955 2608 1027 lgnatii,
2643 966 2704 1010 ut
2725 956 2985 1020 diximus,
3011 955 3064 1008 in
3089 954 3456 1010 ecclesiarum
3491 955 3692 1008 scriniis

2123 1048 2568 1114 asservabantur,
2593 1047 2687 1103 ubi
2712 1063 2808 1103 eas
2828 1046 3090 1116 Origenes
3114 1055 3166 1100 et
3194 1047 3395 1116 legere,
3427 1054 3486 1098 et
3508 1049 3693 1100 exscri-

2124 1141 2274 1208 bere,
2304 1151 2359 1197 et
2388 1141 2546 1211 cujus
2585 1148 2772 1196 essent
2818 1150 2969 1195 certo
3011 1139 3215 1194 certius
3251 1137 3476 1192 edoceri
3511 1139 3690 1206 potuit.

2123 1234 2265 1301 Quid
2313 1249 2464 1302 ergo,
2499 1231 2544 1287 si
2591 1231 2707 1286 haec
2736 1230 2897 1285 annis
2927 1230 3030 1283 MO
3063 1240 3184 1298 post
3227 1228 3426 1299 lgnatii
3476 1240 3688 1282 mortem

2123 1341 2182 1384 se
2206 1323 2526 1394 praestitisse
2553 1322 2803 1390 affirmet,
2830 1337 3013 1377 serum
3043 1321 3148 1376 erit
3185 1328 3241 1375 et
3273 1320 3441 1375 inane
3472 1321 3594 1388 ejus
3626 1328 3690 1372 te-

2122 1417 2477 1474 stimonium?
2515 1416 2688 1483 Quam
2712 1431 2841 1470 vero
2870 1415 3006 1469 falsa
3037 1415 3107 1468 sit
3129 1414 3245 1468 haec
3279 1413 3574 1466 Dailzeanaa
3598 1413 3692 1465 cri-

2123 1510 2257 1566 tices
2299 1509 2504 1582 regula,
2531 1508 2654 1564 inde
2686 1517 2834 1563 certo
2882 1506 3124 1577 colligas,
3151 1505 3299 1575 quod
3331 1503 3484 1558 ﬁlius
3523 1503 3691 1558 senior

2121 1619 2152 1658 a
2182 1611 2338 1673 patre
2365 1617 2470 1658 suo
2505 1600 2722 1657 seniore
2751 1608 3133 1654 testamentum
3170 1597 3362 1666 proavi
3398 1595 3488 1650 sui
3532 1597 3693 1666 potuit

2121 1691 2388 1760 accipere,
2422 1691 2566 1760 quod
2615 1698 2766 1760 pater
2815 1704 2948 1744 suus
2996 1688 3065 1742 ab
3115 1687 3262 1740 illius
3297 1685 3560 1740 similiter
3601 1701 3692 1738 avo

2119 1783 2338 1842 seniore
2369 1792 2674 1852 acceperat.
2714 1780 2974 1850 Nunquid
3001 1795 3129 1854 ergo
3166 1778 3212 1834 si
3249 1778 3399 1834 illius
3439 1778 3530 1832 ille
3557 1793 3690 1832 asse

2119 1885 2204 1930 rat
2233 1891 2264 1930 a
2290 1891 2348 1931 se
2378 1875 2758 1945 repraesentari
2784 1873 2973 1946 proavi
3003 1873 3087 1928 sui
3120 1869 3690 1942 testamentum,quod

2117 1976 2272 2038 pater
2314 1967 2434 2036 ejus
2464 1967 2534 2022 ab
2563 1982 2664 2021 avo
2693 1982 2752 2022 se
2791 1967 3065 2034 accepisse
3103 1964 3416 2023 certissime
3467 1963 3692 2017 aﬂirma-

2117 2059 2231 2124 bat,
2263 2073 2446 2112 serum
2481 2057 2584 2111 erit
2607 2066 2660 2111 et
2689 2055 3058 2111 frustraneum
3100 2055 3247 2108 illius
3285 2053 3692 2108 testimonium?

2117 2149 2310 2206 Nullus
2336 2161 2481 2206 certe
2512 2149 2564 2204 id
2589 2149 2816 2214 dixerit;
2843 2150 3094 2218 quamvis
3118 2147 3304 2216 plures
3340 2147 3397 2199 in
3432 2147 3540 2200 hoc
3562 2155 3688 2198 tem-

2117 2244 2265 2315 poris
2288 2242 2592 2307 intervallo,
2625 2257 2790 2311 quam
2820 2243 2946 2294 anni
2979 2241 3195 2295 circiter
3226 2246 3454 2293 centum
3482 2251 3538 2293 et
3567 2253 3690 2306 qui-

2117 2337 2362 2409 draginta
2409 2335 2550 2392 elabi
2585 2334 2880 2406 potuerint.
2928 2332 3062 2400 Quis
3097 2342 3278 2386 autem
3329 2331 3542 2385 abnuat
3587 2331 3689 2398 epi-

2119 2432 2288 2488 stolas
2314 2430 2528 2502 lgnatii,
2548 2445 2668 2500 quae
2698 2444 2913 2484 sacrum
2947 2429 3081 2482 tanti
3115 2424 3370 2496 martyris
3397 2433 3688 2480 testamen-

2119 2535 2234 2582 tum
2268 2533 2446 2591 erant,
2478 2523 2574 2580 uni
2600 2532 2654 2578 et
2684 2522 2840 2577 alteri
2866 2521 3105 2590 probata:
3136 2519 3257 2574 fidei
3286 2519 3408 2574 viro
3437 2519 3504 2574 de
3538 2534 3689 2572 manu

2118 2618 2172 2672 in
2198 2631 2421 2674 manum
2447 2615 2696 2684 traditas,
2720 2614 2963 2684 potuisse
2985 2614 3052 2667 ab
3082 2611 3176 2665 illo
3198 2611 3513 2681 posteriore
3539 2612 3689 2668 alicui

2107 2708 2376 2778 deinceps
2406 2708 2480 2764 ita
2514 2704 2840 2771 transmitti;
2871 2711 2932 2757 ut
2968 2704 3057 2759 hic
3088 2717 3180 2756 eas
3213 2702 3282 2756 ab
3317 2699 3538 2772 lgnatio
3579 2716 3691 2756 vere

2119 2803 2354 2874 scriptas
2389 2799 2559 2856 fuisse
2587 2800 2737 2856 omni
2763 2797 3168 2856 asseveratione
3198 2795 3481 2851 affirmare
3507 2805 3691 2866 potue-

2118 2895 2224 2950 rit?
2254 2892 2365 2950 Ncc
2414 2887 2600 2960 serum
2649 2892 2814 2963 igitur
2857 2905 2957 2946 nec
3000 2888 3368 2944 frustrariequ
3413 2889 3522 2942 erit
3557 2889 3689 2942 illius

2119 2987 2514 3045 testimonium.

2039 3105 2082 3162 ρ
2188 3078 2391 3136 Verum
2439 3076 2686 3148 pressius
2718 3090 3011 3146 urgeamus
3056 3072 3342 3134 Dallaaum,
3376 3082 3553 3143 atque
3576 3086 3688 3125 eum

2039 3164 2042 3167 ’
2115 3171 2220 3226 sibi
2250 3170 2351 3241 ipsi
2377 3184 2486 3224 non
2511 3169 2687 3224 solum
2720 3166 3116 3230 contradicere,
3151 3165 3245 3220 sed
3272 3165 3518 3235 ipsemet
3540 3163 3688 3218 etiam

2113 3270 2448 3328 teste,veras
2472 3259 2666 3332 lgnatii
2697 3258 2958 3329 epistolas
2983 3258 3050 3313 ab
3073 3257 3308 3327 Origene
3330 3255 3496 3310 citari
3526 3266 3691 3310 osten-

2111 3356 2329 3412 damus.
2386 3354 2650 3409 Concedit
2702 3353 2792 3407 ille
2843 3351 3128 3423 Origenem
3185 3350 3416 3406 laudare
3478 3349 3690 3418 quidem

2113 3447 2303 3519 lgnatii
2353 3446 2673 3516 epistolam,
2709 3445 2803 3500 sed
2851 3446 3048 3500 serius.
3104 3441 3197 3497 Vel
3228 3455 3360 3510 ergo
3408 3456 3604 3495 veram
3645 3449 3692 3490 et

2112 3538 2404 3610 genuinam
2433 3533 2623 3605 Ignatii
2649 3534 2958 3604 epistolam,
2983 3534 3065 3587 vel
3091 3531 3462 3587 adulterinam
3488 3528 3687 3585 citavit.

2112 3631 2276 3702 Atqui
2307 3647 2377 3686 ex
2407 3632 2640 3700 ipsomet
2681 3628 2879 3683 Dallaeo
2900 3642 2978 3682 eae
3005 3641 3142 3695 quas
3171 3631 3328 3680 vocat
3355 3624 3689 3678 adulterinas

2110 3721 2306 3793 Ignatii
2335 3723 2617 3793 epistolas,
2652 3721 2814 3790 longe
2835 3728 2960 3790 post
2987 3716 3238 3788 Origenis
3271 3725 3508 3770 mortem
3541 3716 3689 3770 edite

2111 3817 2353 3882 fuerunt.
2389 3813 2652 3885 Origenes
2679 3829 2810 3884 ergo
2843 3827 2951 3868 non
2992 3812 3113 3873 has,
3139 3809 3233 3866 sed
3262 3824 3456 3864 veram
3490 3817 3548 3862 et
3577 3824 3688 3878 ger-

2113 3923 2331 3964 manam
2383 3907 2575 3978 lgnatii
2619 3906 2905 3976 epistolam
2951 3904 3156 3958 citavit.
3219 3900 3362 3971 Ergo
3411 3917 3524 3956 non
3577 3907 3720 3978 sera

2113 4010 2242 4056 sunt
2271 4001 2389 4070 ejus
2416 4000 2695 4071 praesidia,
2723 4013 2846 4070 quae
2887 3997 3000 4068 jam
3034 3997 3103 4051 ab
3133 3997 3291 4050 initio
3324 3994 3553 4051 stetisse
3605 4010 3687 4050 nc-

2113 4108 2266 4152 cesse
2287 4101 2392 4148 est.

2115 4205 2143 4277 ς
2172 4205 2233 4260 ll.
2271 4204 2551 4277 Refu_tatur
2572 4201 2801 4277 secunda
2822 4199 3078 4277 exceptio,
3110 4197 3481 4277 ubi‘homilias
3511 4194 3687 4277 Orige:

2183 4279 2264 4330 m's
2295 4269 2354 4330 iri
2381 4273 2577 4327 Lucam
2609 4275 2673 4326 ab
2697 4289 2755 4325 eo
2787 4272 3013 4338 scriptas
3042 4287 3152 4324 esse
3178 4269 3584 4324 demonstratur
3603 4306 3615 4324 ,
3644 4274 3687 4314 et

2180 4346 2607 4400 adversariorum
2634 4342 3010 4405 obiectionibus
3039 4339 3408 4407 respondetur.

429 4454 587 4508 latuit
614 4454 906 4524 virginitas
927 4452 1134 4519 Mariae,
1172 4454 1330 4508 latuit
1358 4463 1579 4524 propter
1599 4452 1822 4524 .loseph,
1845 4472 1865 4505 ›
1894 4461 2000 4508 etc.
2035 4437 2083 4494 Ι)
2182 4459 2337 4516 Patet
2381 4459 2541 4528 igitur
2575 4472 2738 4528 quam
2771 4469 2909 4509 vana
2960 4452 3208 4522 falsaque
3260 4453 3334 4507 sit
3357 4451 3540 4519 prima
3571 4448 3688 4503 Daio

429 4547 662 4602 Daliaeus
709 4558 891 4600 autem
930 4546 1060 4600 huic
1094 4545 1528 4601 lneuientissimo
1558 4543 1804 4615 Origenis
1848 4544 2001 4599 testi-

429 4640 615 4694 monio
643 4640 752 4693 duo
782 4639 1029 4709 opponit,
1066 4654 1260 4708 nempe
1287 4637 1658 4694 i'rustraneum
1691 4637 1823 4690 illud
1856 4651 2002 4700 esse,

430 4746 530 4785 nec
562 4732 630 4785 ab
665 4730 898 4802 Origene
932 4731 1256 4801 profectum.
1301 4731 1413 4786 Cur
1454 4747 1584 4798 ergo
1614 4729 1713 4784 viri
1754 4728 2001 4785 omnium

428 4825 589 4892 longe
621 4823 982 4878 eruditissimi
1028 4823 1429 4890 testimonium,
1477 4824 1532 4876 in
1568 4823 1654 4877 his
1697 4836 1818 4891 quas
1851 4830 2002 4875 certo

427 4914 546 4985 ipse
577 4928 910 4982 cognoscere
944 4924 1176 4983 poterat,
1205 4916 1572 4969 frustraneum
1607 4915 1726 4967 est?
1751 4912 2003 4982 Respon-

425 5005 517 5058 det
567 5003 799 5058 Dallaans
824 5005 868 5036 ⁷³
897 5022 911 5058 :
941 5023 959 5056 ι
988 5003 1218 5060 Frustra
1261 5003 1514 5074 Origeuis
1551 5005 1805 5059 homilias
1843 5001 2004 5057 annis

425 5097 648 5152 circiter
677 5105 895 5150 centum
926 5107 980 5150 et
1009 5095 1375 5166 quadraginta
1416 5106 1540 5166 post
1570 5097 1822 5150 ultimum
1859 5109 2006 5148 mar-

426 5190 560 5260 tyris
587 5189 777 5257 lgnatii
803 5196 1081 5243 certamen
1100 5188 1332 5257 scriptas
1357 5189 1700 5242 recitaut.....
1725 5199 1846 5240 sera
1875 5195 2005 5240 sunt

423 5294 478 5338 et
505 5285 688 5338 inania
726 5282 1136 5354 lgnatianorum
1166 5283 1440 5352 praesidia,
1460 5297 1581 5350 qua:
1606 5280 1718 5351 jam
1751 5281 1820 5335 ab
1846 5280 2000 5334 initio

424 5375 640 5429 stetisse
684 5390 907 5428 necesse
930 5380 1034 5438 est,
1067 5372 1112 5426 si
1151 5380 1206 5426 et
1244 5387 1390 5426 nunc
1425 5379 1571 5426 stare
1600 5372 1818 5426 debent.
1867 5369 1999 5437 Quae

424 5465 570 5518 enim
601 5466 670 5519 ab
697 5466 852 5521 initio
877 5481 983 5521 non
1009 5465 1317 5527 valuerunt,
1342 5479 1405 5518 ea
1431 5464 1680 5519 homines
1705 5463 2002 5532 sapientis-

427 5555 550 5610 simi
579 5564 753 5609 tractu
801 5556 1064 5624 temporis
1099 5555 1480 5610 convalescere
1522 5570 1684 5624 posse
1718 5560 1940 5624 negant.
1975 5572 1993 5605 ι

2109 4555 2192 4608 laci
2234 4553 2300 4606 ad
2339 4550 2590 4619 Origenis
2633 4549 3016 4602 auctoritatem
3044 4547 3330 4614 responsio
3360 4563 3374 4596 :
3407 4543 3688 4597 videamus

2109 4659 2178 4697 an
2221 4640 2460 4695 secunda
2495 4638 2721 4707 majoris
2753 4637 2825 4690 sit
2865 4635 3122 4705 ponderis
3160 4644 3215 4688 et
3249 4635 3567 4703 soliditatis.
3592 4631 3691 4684 Ne-

2109 4739 2200 4801 gat
2247 4730 2339 4783 ille
2388 4729 2559 4792 hanc,
2587 4742 2751 4796 quam
2805 4726 3124 4792 laudamus,
3172 4725 3424 4795 aliasque
3464 4735 3689 4779 exteras

2109 4819 2356 4890 ejusdem
2389 4817 2642 4886 Origenis
2682 4817 2736 4870 in
2773 4815 2973 4870 Lucam
3007 4815 3261 4870 homilias
3293 4816 3362 4868 ab
3408 4815 3532 4884 ipso
3571 4829 3690 4883 pro-

2107 4909 2279 4966 fectas
2329 4925 2470 4964 esse.
2526 4909 2594 4963 At
2645 4907 2748 4962 illo:
2789 4907 3148 4963 ab.omnibus
3190 4907 3481 4962 catholicis
3530 4920 3688 4974 atque

2109 5001 2275 5054 etiam
2327 4999 2676 5054 heterodoxis
2702 5014 2824 5052 cum
2861 4997 3320 5068 pr0testantibus,
3349 5009 3466 5051 tum
3509 4996 3689 5049 Cabi-

2108 5092 2290 5159 nistis,
2324 5107 2435 5146 uno
2462 5100 2689 5161 excepto
2728 5090 2972 5160 ejusdem
3013 5088 3198 5143 Dallcei
3229 5087 3547 5153 defensore,
3572 5087 3686 5142 Ori-

2109 5183 2233 5255 geui
2265 5183 2638 5237 ascribuntur.
2676 5179 2802 5236 Haec
2832 5191 3012 5237 tamen
3046 5181 3304 5236 Dallazum
3341 5181 3578 5250 ejusque
3601 5182 3689 5231 de.

2107 5275 2383 5328 fensorem
2415 5275 2552 5328 nihil
2570 5284 2879 5341 morantur,
2905 5283 3065 5344 atque
3087 5282 3280 5327 contra
3305 5288 3496 5326 omnes
3521 5272 3685 5326 etiam

2107 5368 2457 5425 doctissimos
2497 5367 2814 5437 scriptores,
2863 5368 3083 5426 easdem
3131 5365 3388 5420 homilias
3432 5362 3685 5434 Origenis

2107 5459 2302 5514 fretum
2352 5472 2473 5512 esse
2514 5467 2828 5529 pernegant.
2867 5458 3078 5524 Quibus
3115 5473 3246 5527 ergo
3279 5455 3592 5510 rationibus
3637 5455 3685 5506 id

2109 5551 2456 5617 inficientur,
2498 5549 2812 5605 audiamus.
2848 5567 2867 5601 ε
2917 5546 3091 5615 Sane,
3133 5547 3316 5619 iuluit
3358 5545 3679 5610 Dalimls",

500 5664 544 5697 '"
575 5663 770 5721 Bomil.
802 5665 856 5733 6,
884 5669 938 5721 in
964 5664 1096 5724 Luc.
1172 5670 1218 5702 ⁷⁵
1249 5683 1370 5740 cap.
1403 5667 1502 5736 54,
1532 5683 1586 5738 p.
1617 5661 1742 5723 45-3.
1821 5668 1866 5699 ⁷⁸
1901 5682 2014 5738 ωρε

2156 5710 2160 5728 ι
2193 5682 2316 5737 pag.
2348 5666 2474 5723 459.
