3800 6208
138 307 234 364 ιερ

1104 312 1166 368 D.
1206 310 1498 369 NOURRII
1531 308 2007 367 DISSERTATIO.
2044 342 2113 351 -—-
2157 310 2337 367 PARS
2372 310 2414 365 Ι.

3269 312 3377 368 490

139 441 295 487 ιοῑιιη.
321 434 458 488 illud
488 434 854 491 homiliarnm
882 436 935 490 in
969 435 1170 492 Lucam
1201 452 1340 509 Opus
1380 437 1703 492 Latinorum
1732 443 1781 501 Α
1806 444 1987 491 menta
2007 436 2077 491 ab
2108 436 2228 503 ipso
2266 434 2437 490 Caeci
2484 434 2725 489 auctoris
2776 440 2925 489 textu
2960 433 3378 489 discriminare‘l

138 525 387 581 natalium
421 526 661 582 indiciis
685 537 873 583 scatet.
908 548 926 581 ι
964 528 1245 599 Longum,
1282 540 1463 599 putas,
1507 531 1705 586 horum

138 619 493 679 indiciorum,
550 619 705 674 sicut
752 621 805 674 in
854 620 975 675 aliis
1016 621 1134 690 ipse
1180 631 1357 686 amat,
1392 621 1703 693 catalogum

136 710 325 765 texuit?
351 708 522 765 Nullo
562 712 775 767 modo:
821 728 915 768 se);
948 721 1155 767 tantum
1202 714 1421 769 illorum
1459 717 1706 785 exempla

134 806 365 871 exhibet,
406 820 541 874 qua:
582 819 724 859 sane
752 804 879 875 quia
908 819 1007 859 nec
1032 805 1201 859 multa
1228 816 1357 861 sunt
1378 821 1478 861 nec
1518 807 1703 876 longa,

134 898 193 953 iis
236 897 638 952 examinandis
692 896 971 967 paulisper
1026 898 1401 950 immoremur.
1458 892 1703 951 Primum

133 988 422 1042 desumitur
455 1002 529 1040 ex
583 986 813 1041 homilia
841 986 894 1039 5.
932 1004 950 1036 t
980 983 1093 1054 Ego
1121 996 1301 1041 autem
1344 986 1530 1057 alogos
1557 1002 1703 1042 sum.

133 1078 270 1146 Quod
305 1079 433 1133 licet
474 1077 722 1133 Latinus
761 1077 917 1131 aliter
950 1079 1312 1145 expresserit,
1352 1086 1532 1133 tamen
1578 1094 1705 1148 pro-

131 1172 232 1241 prie
277 1168 582 1224 transferri
628 1176 814 1239 potest
858 1168 1049 1238 absque
1091 1184 1347 1235 sermone,
1385 1170 1497 1223 sine
1539 1171 1705 1223 ratio-

130 1280 198 1317 ne.
233 1281 250 1314 ι
277 1258 607 1316 Secundum
660 1275 730 1315 ex
772 1260 997 1314 homilia
1040 1268 1239 1314 sexta:
1289 1279 1308 1311 ‹
1362 1260 1496 1327 Ave,
1528 1260 1703 1330 gratia

130 1350 264 1417 plena
296 1368 308 1402 :
343 1349 499 1419 quod
547 1348 746 1403 Graece
784 1346 983 1403 dicitur
1016 1348 1459 1419 κεχαριτωμένη,
1499 1349 1592 1404 ubi
1647 1349 1702 1403 in

130 1439 410 1509 Scripturis
444 1440 591 1493 alibi
628 1440 852 1509 legerim
874 1481 891 1506 ,
922 1454 1032 1493 non
1075 1440 1352 1494 recordor.
1401 1460 1420 1492 ›
1456 1438 1699 1493 Tertium

126 1548 182 1587 ex
211 1532 433 1586 homilia
478 1531 555 1585 16
594 1549 609 1586 :
665 1549 685 1582 ι
726 1530 970 1585 Cadaver
1011 1532 1213 1601 quippe
1254 1547 1283 1586 a
1326 1545 1455 1586 casu
1499 1547 1700 1586 nomen

126 1625 331 1694 accepit.
372 1642 391 1675 ›
436 1623 729 1690 Quartum
753 1639 819 1678 ex
843 1624 1030 1678 homil.
1056 1623 1148 1691 ΞΩ,
1176 1624 1269 1678 ubi
1297 1622 1562 1694 Origenes
1586 1625 1703 1679 haec

125 1716 287 1781 verba,
325 1734 342 1766 ι
385 1724 698 1771 vertantur
732 1716 791 1771 in
821 1715 1056 1786 lapides,
1096 1736 1116 1769 ι
1143 1717 1395 1774 edisserit
1423 1735 1436 1771 :
1472 1735 1490 1768 ι
1522 1717 1701 1785 Roga—

1810 525 2067 583 Plnrimae
2101 544 2234 582 sane
2266 528 2510 597 ejusdem
2552 527 2766 599 generis
2795 525 3103 582 additiones
3155 526 3210 581 in
3249 543 3378 598 0pc-

1810 631 1931 671 rum
1968 612 2153 671 lrenati
2181 614 2367 670 Latina
2396 616 2665 683 versione,
2695 632 2859 687 quam
2893 617 3065 671 solam
3090 616 3377 685 habemus,

1809 716 2145 763 occurrunt:
2196 709 2378 763 nullus
2435 718 2613 762 tamen
2655 709 2707 763 in
2755 724 2817 763 ea
2863 724 2892 763 a
2951 708 3141 765 Grzeco
3190 709 3376 767 lrentei

1810 806 1962 853 textu
2002 797 2361 854 discernenda
2408 798 2677 854 hzesitavit
2728 816 3010 871 unquam,
3050 810 3145 856 aut
3202 802 3377 859 falsus

1808 900 1908 947 est.

1876 982 2065 1055 Neque
2094 983 2334 1049 dixeris,
2366 984 2510 1054 quod
2544 983 2589 1039 si
2624 983 2920 1041 fatentibus
2954 986 3146 1053 nobis,
3194 988 3379 1058 aliqua

1808 1076 1877 1131 ab
1908 1076 2202 1146 interprete
2238 1074 2379 1129 facta
2411 1075 2521 1129 sint
2561 1074 2953 1142 additamenta,
2985 1076 3053 1131 ab
3084 1078 3177 1131 illo
3209 1081 3371 1133 etiam

1806 1183 1893 1235 ea,
1918 1184 2040 1238 quae
2084 1182 2185 1237 pro
2224 1165 2419 1237 Ignatii
2446 1166 2693 1236 epistolis
2717 1166 3027 1231 citavimus,
3055 1170 3225 1224 textui
3255 1169 3379 1225 Ori-

1807 1259 1960 1329 genis
1994 1257 2156 1328 adjici
2197 1258 2460 1328 potuisse.
2508 1256 2641 1313 Nam
2686 1269 2891 1314 certum
2932 1262 3233 1316 estharum
3271 1262 3380 1317 llo-

1806 1350 2082 1405 miliarum
2114 1349 2468 1418 interpretem
2501 1364 2608 1403 non
2637 1363 2760 1404 esse
2790 1348 3044 1404 Rufinum
3065 1392 3080 1413 ,
3119 1360 3176 1405 ut
3219 1352 3381 1405 Blon-

1804 1440 1980 1497 dcllus
2021 1442 2390 1506 ariolabatnr,
2440 1440 2532 1495 sed
2580 1439 2967 1512 Hieronymum
2991 1485 3004 1508 ,
3039 1444 3201 1499 sicuti
3232 1444 3379 1515 ipse-

1804 1546 1915 1588 met
1941 1532 2387 1605 Hieronymus",
2421 1541 2474 1587 et
2498 1532 2639 1587 idem
2664 1533 2893 1590 Ruﬁnus
2914 1535 2961 1567 τ’
2988 1536 3232 1605 ejusdem
3260 1537 3358 1592 Hie

1804 1624 2017 1693 ronymi
2053 1623 2227 1677 hostis
2273 1622 2680 1677 infensissimus
2711 1630 2999 1678 testantur.
3048 1626 3121 1680 At
3165 1636 3378 1682 constat

1806 1713 2195 1785 Hieronymum
2228 1730 2403 1784 pauca
2441 1714 2494 1767 in
2524 1715 2638 1769 suis
2669 1712 3123 1785 Origcnianorum
3151 1732 3377 1787 operum

125 1816 214 1871 tur,
244 1806 444 1877 inquit,
472 1806 658 1874 Deus,
698 1815 758 1863 ut
786 1808 1062 1877 paulisper
1103 1816 1492 1864 convertantur
1527 1807 1581 1862 in
1617 1808 1696 1861 la-
1729 1787 1771 1841 Β
1799 1805 2143 1859 versionibus
2170 1805 2477 1870 addidisse;
2513 1820 2634 1873 qum
2663 1821 2692 1859 a
2716 1804 2912 1860 Rulino
2939 1806 3198 1861 adnotata
3225 1818 3373 1863 sunt.

125 1899 287 1968 pides;
325 1900 433 1954 hoc
462 1900 628 1954 enim
674 1899 899 1955 Graecus
948 1915 1129 1955 sermo
1171 1899 1570 1971 signiﬁcantius
1603 1915 1695 1955 so-

122 2000 217 2045 nat.
256 2009 274 2041 ι
313 1990 599 2056 Quintum
637 2005 709 2046 ex
744 1989 931 2043 homil.
962 1988 1030 2043 55
1059 2008 1071 2042 :
1105 2007 1124 2039 ‹
1160 1988 1277 2043 Νοη
1310 2004 1435 2043 cum
1463 1988 1694 2044 articulo

122 2082 400 2152 principem
432 2082 659 2152 posuit,
690 2097 762 2136 ne
799 2092 1008 2137 certum
1060 2081 1334 2136 videretur
1363 2080 1649 2137 ostendere
1677 2098 1691 2135 :

121 2173 200 2225 sed
228 2172 342 2226 sine
371 2173 632 2228 articulo
658 2214 673 2240 ,
713 2181 773 2227 ut
804 2187 835 2227 e
885 2173 1132 2243 pluribus
1180 2188 1350 2227 unum
1385 2187 1507 2227 esse
1536 2186 1695 2225 mon-

121 2271 337 2319 straret:
394 2265 555 2334 quod
607 2263 759 2333 apud
803 2262 1020 2318 Graecos
1063 2262 1237 2332 magis
1292 2262 1633 2333 intelligitur.
1669 2278 1688 2312 ι

122 2351 320 2408 Sextum
348 2371 419 2410 ex
444 2354 653 2410 eadem
680 2354 871 2408 homil.
895 2371 908 2409 :
949 2372 967 2405 ι
1004 2353 1373 2420 Quadrantem
1402 2354 1486 2407 vel
1516 2352 1697 2407 novis~

121 2444 297 2500 simum
332 2448 670 2512 minutum;
699 2446 849 2515 quod
878 2445 1063 2501 Graec
1090 2454 1254 2501 tenue
1296 2444 1402 2499 dici
1427 2452 1625 2515 potest.
1671 2461 1690 2495 ι

122 2537 298 2592 Verum
334 2540 401 2594 de
433 2540 547 2595 hoc
573 2552 817 2592 numero
850 2538 1071 2592 tertium
1098 2538 1405 2607 exemplum
1449 2536 1571 2592 tolli
1598 2536 1694 2590 de-

121 2632 224 2697 bet;
260 2632 494 2687 Latinus
532 2632 695 2685 enim
750 2630 1017 2699 interpres
1057 2631 1221 2684 verba
1268 2626 1453 2685 Grazca
1496 2629 1697 2701 πτῶμα

119 2729 209 2799 γὰρ
240 2730 343 2782 ἀπὸ
373 2728 659 2789 πτώσεως
689 2725 941 2792 λέγεται,
975 2725 1061 2778 his
1093 2723 1304 2778 Latinis
1341 2724 1542 2793 optime
1580 2725 1698 2780 red-

121 2824 276 2878 didit:
316 2842 335 2875 ι
375 2825 649 2880 Cadaver
688 2821 889 2889 quippe
935 2836 963 2873 a
1003 2834 1134 2873 casu
1159 2831 1357 2871 nomen
1404 2817 1632 2888 accepit.
1672 2836 1689 2868 i

122 2914 167 2969 ln
196 2929 387 2987 quarto
436 2917 621 2971 etiam
658 2912 915 2982 exemplo
965 2911 1102 2965 nihil
1142 2910 1405 2973 occurrit,
1440 2910 1585 2979 quod
1629 2911 1697 2966 ad

120 3007 347 3078 Origenis
374 3005 907 3077 interpretationem
938 3018 1047 3057 non
1074 3002 1360 3072 pertineat.
1388 3000 1527 3067 Quid
1550 3004 1697 3057 enim

120 3102 346 3168 prohibet
370 3099 698 3170 quominus
721 3095 792 3148 ab
824 3092 1057 3164 Origene
1086 3093 1333 3163 quadam
1361 3093 1415 3146 in
1448 3092 1697 3149 Graecum

123 3192 267 3246 Exodi
293 3194 555 3256 verbum,
597 3203 716 3258 quo
745 3186 1031 3240 llebraum
1060 3186 1411 3252 reddebatur,
1444 3188 1555 3241 sint
1594 3188 1695 3241 ob-

122 3295 331 3351 servata,
361 3301 490 3355 qua:
520 3298 634 3353 pro
665 3279 848 3334 oﬂicio
882 3293 982 3333 suo
1011 3278 1278 3348 interpres
1304 3277 1497 3332 Latina
1534 3277 1698 3332 fecit?

120 3375 364 3431 Creten-um
400 3373 802 3432 concedamus
848 3368 1047 3424 Dallazo
1092 3370 1258 3424 verba
1301 3370 1394 3424 illa
1443 3385 1565 3439 qua:
1598 3385 1694 3439 pa-

121 3468 333 3524 renthesi
368 3469 444 3524 ibi
476 3466 854 3529 clauduntur,
888 3479 1010 3518 esse
1032 3463 1101 3517 ab
1127 3463 1419 3532 interprete
1462 3461 1693 3531 adjecta.

119 3558 353 3623 Quinimo
374 3558 760 3615 concedimus
796 3554 874 3608 illi
903 3554 955 3607 in
1000 3563 1238 3623 quatuor
1266 3552 1389 3608 aliis
1431 3551 1695 3620 exemplis

121 3652 208 3705 alia
234 3668 351 3709 esse
386 3652 569 3706 verba
602 3646 835 3703 similia.
876 3645 980 3699 Sed
1031 3660 1171 3699 cum.
1211 3644 1479 3713 interpres
1507 3642 1597 3696 illa
1637 3652 1697 3697 ut

124 3745 362 3800 rersionis
415 3758 542 3799 suae
589 3739 867 3793 rationem
901 3736 1189 3799 redderet,
1233 3736 1317 3789 vel
1357 3745 1416 3789 ut
1455 3734 1695 3789 auctoris

119 3834 189 3887 sui
234 3846 478 3891 mentem
532 3831 753 3888 clarius
794 3828 1049 3898 aperiret,
1081 3827 1165 3881 vel
1206 3836 1261 3880 ut
1299 3826 1364 3881 iis
1393 3828 1485 3896 qui
1511 3824 1696 3880 Graece

122 3927 454 3991 nesciebant,
506 3921 705 3978 omnia
743 3918 991 3988 planiora
1025 3918 1233 3972 faceret
1258 3926 1311 3972 et
1335 3917 1693 3982 cvidentiora,

119 4020 264 4072 textui
286 4016 558 4088 Origenis
588 4006 899 4082 adjicienda
925 4025 1047 4065 esse
1074 4010 1376 4079 putaverit;
1409 4010 1544 4063 nihil
1569 4009 1694 4063 inde

118 4121 280 4164 contra
309 4112 549 4167 Graecos
580 4106 754 4174 hujus
786 4105 966 4174 operis
994 4103 1202 4157 natales
1246 4104 1541 4173 quidquam
1585 4101 1696 4155 clli-

120 4217 221 4257 cere
251 4210 515 4274 possunt.
560 4198 631 4253 Et
671 4212 733 4251 re
787 4196 1007 4266 quidem
1038 4210 1167 4250 vera
1215 4196 1268 4249 in
1323 4196 1512 4250 iisdem
1560 4194 1694 4249 locis

120 4311 277 4350 omnia
304 4294 663 4366 Origeniana
692 4300 843 4352 sunt,
881 4298 934 4343 et
978 4288 1234 4343 Latinum
1266 4289 1484 4358 sapiunt
1527 4288 1696 4343 inter-

119 4400 323 4457 pretem.
380 4386 531 4442 lllud
588 4393 776 4437 autem
826 4396 892 4434 ex
925 4395 992 4434 eo
1021 4380 1336 4435 conlirmari
1370 4390 1551 4450 potest
1576 4386 1692 4433 tum

1795 1898 2134 1969 Quapropter
2163 1913 2288 1953 cum
2320 1898 2463 1952 inter
2496 1899 2585 1953 illa
2613 1900 2990 1954 testimonium
3017 1941 3032 1965 ,
3068 1901 3217 1970 quod
3244 1918 3347 1971 pro

1795 1992 2041 2057 tulimus,
2066 1991 2291 2046 minime
2316 2001 2667 2046 recensentur
2688 2031 2704 2056 ,
2738 1991 2867 2045 illud
2891 2007 3017 2047 vere
3043 1992 3112 2046 ab
3135 1992 3373 2062 Origene

1795 2082 2097 2153 profectum
2134 2097 2255 2137 esse
2302 2084 2426 2153 quis
2468 2098 2709 2153 unquam
2752 2083 2855 2136 nisi
2892 2092 3096 2137 temere
3125 2093 3178 2138 et
3228 2085 3368 2140 falso

1795 2190 1993 2246 negare
2015 2175 2254 2230 audeat?

1868 2264 2180 2321 Secundum
2232 2266 2412 2322 Dallazi
2459 2276 2832 2332 momentum,
2866 2282 2977 2338 quo
3024 2268 3124 2323 has
3160 2270 3213 2322 in
3260 2268 3373 2325 Lu-

1795 2374 1915 2414 cam
1943 2358 2212 2416 Homilias
2243 2360 2493 2432 Origenis
2525 2376 2647 2415 esse
2674 2370 2862 2430 negat,
2892 2361 2978 2415 his
3006 2362 3187 2417 verbis
3231 2379 3367 2418 con-

1796 2452 1996 2522 cipitur
2022 2452 2069 2484 ⁸⁰
2106 2470 2119 2507 :
2157 2471 2174 2504 ι
2208 2452 2313 2507 Sed
2352 2462 2405 2507 et
2445 2454 2514 2508 ab
2550 2453 2669 2523 ipso
2698 2451 2947 2523 Origenis
2991 2456 3179 2524 genio,
3220 2471 3372 2513 more

1797 2556 1863 2597 ac
1893 2558 2057 2598 sensu
2086 2545 2336 2614 quaedam
2384 2553 2512 2599 sunt
2561 2545 2616 2598 in
2662 2544 2853 2599 eodem
2898 2559 3062 2614 opere
3109 2546 3309 2601 aliena.
3346 2565 3364 2599 I

1797 2636 1956 2704 Quod
1997 2638 2215 2709 quidem
2262 2639 2461 2709 triplici
2518 2639 2730 2693 ratione
2790 2640 3076 2694 ostendere
3118 2650 3369 2694 conatur.

1799 2728 2005 2785 llarum
2036 2730 2211 2800 prima
2243 2739 2347 2798 est,
2378 2730 2639 2802 Spiritum
2672 2742 2925 2787 sanctum
2957 2733 3065 2787 dici
3097 2736 3313 2788 tertiam
3340 2750 3368 2790 a

1798 2819 1961 2875 Patre
2002 2828 2057 2875 ct
2084 2820 2224 2875 Filio
2258 2836 2545 2890 personam
2575 2842 2587 2875 :
2628 2841 2648 2874 ι
2683 2823 2808 2888 Qui.
2854 2823 3122 2894 inquit",
3155 2825 3235 2880 sic
3259 2825 3370 2881 dis-

1800 2918 2003 2971 tinctus
2056 2930 2299 2984 personae
2349 2915 2402 2968 in
2448 2916 2648 2971 divinis
2705 2932 2877 2981 usus,
2911 2916 2980 2968 ab
3021 2913 3273 2987 Origene,
3322 2920 3371 2973 si

1802 3010 1938 3063 bene
1976 3007 2233 3074 memini,
2270 3006 2480 3061 alienus
2508 3015 2611 3061 cst.
2646 3025 2663 3058 ›
2712 3004 2816 3060 Sed
2863 3006 3001 3060 bene
3034 3023 3145 3061 non
3176 3010 3370 3063 memi-

1726 3119 1769 3176 C
1804 3099 1918 3164 nit,
1953 3108 2046 3152 aut
2081 3098 2218 3153 bene
2257 3113 2364 3151 non
2410 3097 2612 3167 legerat
2656 3096 2768 3150 lucc
2801 3095 3050 3168 Origenis
3081 3098 3244 3152 verba
3277 3098 3322 3130 θ’
3352 3119 3368 3155 :

1803 3212 1821 3243 ι
1863 3190 1973 3245 Nos
2008 3198 2186 3246 autem
2228 3190 2321 3258 qui
2352 3199 2460 3243 tres
2491 3203 2756 3258 personas
2777 3188 3014 3253 Patrem,
3048 3199 3102 3245 et
3145 3189 3371 3258 Filium,

1797 3294 1958 3352 atque
2011 3280 2275 3351 Spiritum
2320 3290 2566 3335 sanctum
2614 3297 2736 3336 esse
2780 3282 3077 3337 credimus.
3118 3302 3136 3334 ι
3182 3281 3371 3353 Neque

1799 3377 1965 3430 etiam
2015 3375 2155 3428 bene
2186 3373 2434 3427 meminit
2472 3374 2541 3427 ab
2580 3375 2769 3428 eodem
2820 3374 3050 3445 Origene
3088 3376 3369 3432 Christum

1796 3467 1923 3520 alibi
1955 3465 2215 3535 appellari
2244 3463 2491 3536 δεύτερον
2519 3464 2669 3530 Θεόν,
2702 3481 2721 3515 t
2754 3466 3055 3521 secundum
3076 3468 3245 3523 Deum
3260 3467 3363 3523 ⁸³.)

1795 3555 1981 3626 Neque
2035 3556 2250 3609 tandem
2304 3555 2439 3609 bene
2494 3556 2741 3611 meminit
2783 3556 3172 3629 Hieronymum
3227 3560 3372 3615 scri«

1795 3647 1969 3717 psisse
1990 3646 2056 3700 ad
2080 3647 2299 3700 Avitum
2328 3646 2394 3712 “,
2411 3647 2465 3699 in
2493 3646 2596 3702 hoc
2618 3647 2903 3719 Origenem
2923 3665 3162 3717 errasse,
3182 3652 3327 3721 quod
3350 3670 3367 3708 :

1802 3756 1820 3789 ι
1857 3738 2098 3793 Tertium
2132 3738 2393 3806 dignitate
2423 3748 2477 3793 et
2524 3740 2733 3794 honore
2762 3748 2889 3810 post
2924 3740 3139 3797 Patrem
3186 3754 3239 3798 et
3277 3744 3370 3798 Fi-

1796 3831 1929 3884 lium
1970 3830 2161 3884 asserit
2203 3828 2464 3899 Spiritum
2496 3840 2887 3887 sanctum......
2922 3832 3120 3887 Filium
3149 3850 3370 3905 quoque

1799 3922 2068 3976 minorem
2110 3918 2304 3986 Patre,
2335 3936 2402 3975 eo
2451 3921 2596 3992 quod
2636 3923 2909 3978 secundus
2952 3924 3020 3979 ab
3060 3924 3152 3979 illo
3180 3925 3280 3993 sit,
3314 3934 3369 3982 et

1798 4012 2063 4083 Spiritum
2096 4024 2343 4067 sanctum
2372 4013 2687 4069 inferiorem
2710 4014 2871 4081 Filio,
2902 4033 2922 4067 ›
2952 4024 3058 4071 etc.
3091 4014 3192 4082 Qui
3219 4019 3366 4073 enim

1797 4104 1997 4160 asserit
2028 4102 2292 4172 Spiritum
2329 4114 2579 4159 sanctum
2614 4120 2735 4161 esse
2776 4107 2994 4161 tertium
3021 4107 3283 4177 dignitate
3314 4119 3370 4165 ct

1797 4194 2026 4258 honore,
2054 4192 2251 4248 Filium
2273 4210 2402 4249 vero
2419 4196 2715 4249 secundum
2754 4206 2807 4249 et
2846 4194 3005 4251 Patre
3028 4198 3366 4265 inferiorem,

1800 4286 1870 4340 ab
1919 4285 2013 4339 illo
2057 4300 2190 4340 sane
2223 4304 2241 4336 4
2280 4286 2569 4341 distinctus
2612 4302 2860 4357 persona:
2900 4288 2955 4342 in
2996 4289 3196 4345 divinis
3233 4305 3368 4345 usus

1803 4378 2015 4432 alienus
2042 4395 2061 4427 ι
2096 4392 2203 4430 non
2239 4387 2341 4431 est.

120 4485 239 4549 quod
269 4483 606 4539 additioues
635 4475 992 4547 paucissimae
1017 4474 1160 4539 sint;
1193 4483 1303 4528 tum
1338 4474 1485 4544 quod
1511 4472 1693 4526 homi-
1726 4461 1772 4515 D
1875 4466 2123 4521 Secunda
2154 4466 2335 4520 Dallaai
2366 4467 2508 4522 ratio
2544 4468 2766 4537 majoris
2809 4484 2915 4522 non
2947 4478 3029 4522 est
3067 4469 3364 4538 ponderis:

123 4570 175 4625 lia
213 4574 407 4642 quinta
461 4578 519 4623 et
570 4575 751 4629 sexta,
803 4564 944 4617 unde
988 4563 1095 4617 duo
1149 4564 1305 4618 nobis
1359 4564 1695 4632 objiciuntur

120 4665 369 4734 exempla,
400 4674 738 4732 germanum
768 4655 1021 4725 Origenis
1052 4670 1189 4724 opus
1225 4671 1346 4711 esse
1368 4656 1498 4711 hinc
1536 4655 1693 4709 colli-

123 4766 273 4823 gatur,
315 4755 474 4825 quod
516 4750 854 4807 Ambrosius
876 4787 891 4810 ,
922 4757 981 4802 ut
1009 4747 1136 4801 alibi
1171 4748 1411 4803 diximus
1433 4749 1502 4813 ⁷⁷,
1536 4748 1692 4817 plura

120 4860 173 4897 et
201 4849 277 4903 eis
316 4854 374 4902 in
415 4860 581 4901 suam
627 4842 913 4912 Evangelii
946 4841 1244 4897 secundum
1276 4841 1478 4894 Lucam
1518 4854 1690 4908 expo-

124 4938 356 4995 sitionem
382 4935 777 4993 transfuderit.

178 5031 570 5087 Verumtamen
613 5028 929 5082 Dallaeanus
970 5025 1223 5081 defensor
1248 5035 1401 5096 urget
1437 5026 1552 5078 haec
1590 5021 1688 5075 ad-

120 5120 397 5179 ditamenta
436 5124 487 5179 si
522 5121 759 5176 Latinos
804 5119 1011 5173 natales
1052 5133 1159 5173 non
1214 5125 1488 5187 arguunt.
1541 5113 1688 5166 nulla

119 5212 207 5281 jam
245 5214 293 5269 in
319 5216 643 5271 Graecorum
678 5210 940 5281 operibus
962 5250 976 5271 ,
1009 5225 1244 5279 quorum
1276 5208 1556 5262 versioncs
1584 5204 1689 5259 La-

122 5306 253 5360 tinas
288 5317 497 5361 tantum
555 5302 865 5367 habemus,
888 5314 1015 5354 vera
1049 5314 1114 5353 ac
1143 5299 1378 5368 genuina
1419 5297 1622 5365 scripta
1656 5310 1689 5347 a

124 5398 303 5465 spuriis
326 5413 493 5469 posse
523 5395 774 5465 amplius
801 5390 1034 5446 secerni.
1067 5389 1172 5444 Sed
1207 5391 1341 5445 levis
1374 5388 1603 5442 omnino
1634 5394 1689 5441 et

126 5490 315 5548 inﬁrma
352 5504 437 5549 est
484 5492 611 5546 haac
640 5485 835 5541 Dallaai
869 5484 1137 5539 defensio.
1190 5482 1329 5549 Quid
1365 5482 1509 5535 enim
1558 5479 1692 5532 viris

126 5584 265 5639 etiam
299 5585 647 5641 tardioribus
675 5577 920 5640 facilius,
951 5592 1114 5646 quam
1146 5573 1459 5644 huiusmodi
1488 5571 1696 5625 addita-

1805 4576 1825 4610 ι
1866 4557 2050 4627 Neque
2081 4558 2170 4612 hic
2193 4558 2331 4627 ejus,
2366 4566 2423 4611 ut
2451 4559 2663 4627 opinor,
2700 4559 2894 4628 inquit,
2928 4574 3047 4615 mos
3071 4569 3154 4613 est
3175 4576 3361 4630 perso-

1799 4669 1920 4712 nas.
1944 4651 2088 4721 quod
2123 4651 2224 4705 iste
2253 4666 2361 4705 non
2396 4651 2563 4706 semel
2596 4651 2748 4717 facit,
2786 4653 3043 4707 inducere
3068 4653 3260 4724 longos
3286 4658 3369 4713 \el

1798 4746 1941 4800 inter
1970 4760 2027 4799 se
2050 4745 2130 4798 vel
2162 4744 2303 4813 apud
2328 4744 2496 4798 Deum
2521 4760 2800 4800 sermones
2822 4754 3083 4801 serentes.
3116 4766 3134 4798 ι
3165 4745 3364 4803 Verum

1797 4836 1960 4892 sicuti
1990 4836 2141 4904 prius
2167 4836 2255 4889 ille
2279 4850 2387 4890 non
2423 4837 2560 4891 bene
2592 4838 2955 4903 meminit,ita
2988 4853 3087 4893 nec
3122 4838 3209 4894 hic
3231 4840 3367 4894 bene

1800 4928 2075 4998 opinatur.
2094 4927 2383 4983 Enimvero
2414 4929 2665 4998 quamvis
2701 4930 2960 4985 audacter
2980 4931 3179 4985 dixerit
3207 4949 3225 4979 ο
3256 4945 3366 4983 non

1799 5019 1988 5085 semel,
2027 5038 2046 5071 ι
2080 5020 2187 5073 duo
2213 5021 2595 5075 tantummodo
2635 5021 2833 5075 horum
2877 5020 3083 5091 profert
3116 5020 3359 5088 exempla

1798 5126 2145 5176 sermonum;
2182 5111 2275 5181 qui
2308 5114 2569 5181 quoniam
2601 5128 2710 5167 non
2756 5114 2938 5183 longi,
2990 5124 3048 5166 ut
3082 5114 3198 5181 ipse
3232 5126 3356 5165 con-

1798 5200 2055 5257 ﬁdentius
2101 5211 2413 5269 asseverat,
2447 5203 2539 5258 sed
2573 5204 2763 5259 breves
2792 5205 3014 5257 omnino
3043 5210 3204 5269 sunt,
3240 5204 3363 5259 illos

1800 5294 1935 5363 ipsis
1964 5294 2214 5365 Origenis
2243 5297 2447 5362 verbis,
2478 5298 2623 5366 quod
2650 5297 2833 5350 forsan
2860 5295 3092 5349 Dallazus
3130 5311 3239 5348 non
3266 5311 3365 5349 au-

1798 5401 1893 5440 sus
1932 5396 2047 5451 est,
2090 5388 2330 5457 integros
2365 5390 2894 5457 repraesentabimus.
2933 5384 3151 5439 Primus
3179 5386 3364 5455 itaque

1797 5478 1879 5532 sic
1909 5495 1967 5533 se
2002 5480 2163 5533 habet
2196 5499 2210 5534 :
2251 5500 2267 5531 ι
2306 5480 2627 5549 Rcspondeo
2654 5479 2772 5543 tibi,
2803 5478 2977 5546 inquit
3005 5474 3268 5546 Origenes
3292 5478 3361 5542 ⁸⁸,

1798 5584 1832 5623 o
1871 5570 2171 5638 versipellis
2211 5579 2265 5623 et
2296 5586 2566 5639 nequam,
2600 5570 2692 5637 qui
2736 5584 2822 5623 me
2855 5576 3063 5622 tentare
3100 5582 3208 5622 non
3251 5585 3364 5622 me-

181 5703 573 5760 ⁷⁷Αάωοηῑι,ίη
617 5697 867 5766 Επροεὶε.
904 5697 957 5749 in
992 5695 1120 5751 Luc.
1196 5692 1540 5766 ⁷⁸Ριςεεΐίιῌῃ
1570 5691 1665 5766 has
1700 5688 1886 5766 homil.
1961 5686 2347 5766 7’in_lnvef_tin.
2424 5687 2603 5766 ffcanp‘.
2630 5685 2930 5755 5l,p.459.
3007 5683 3363 5741 "homil.!b'.

130 5772 166 5804 “
188 5784 303 5831 tom.
334 5776 435 5839 Vl,
474 5777 533 5828 in
573 5764 751 5824 lauit.
831 5766 876 5797 ⁸³
908 5767 1000 5820 lib.
1033 5783 1063 5822 ν
1132 5768 1253 5823 adv.
1288 5764 1426 5820 Cels.

379 5872 676 5930 Ριτιιοι.
729 5863 849 5923 Gn.
899 5868 970 5927 V.

1503 5761 1551 5794 ⁸⁵
1575 5761 1733 5816 enist.
1769 5760 1836 5813 (59
1857 5800 1871 5824 ,
1902 5760 1970 5812 ad
2005 5760 2145 5812 Avit.

2222 5758 2267 5788 ⁸⁵
2302 5758 2491 5811 homil.
2523 5758 2612 5811 9.9.

2974 5849 3047 5909 16
