3768 6300
368 362 467 425 Δ91

1437 340 1496 398 S.
1535 328 1892 397 lGNATlUS.
1929 358 1997 368 -
2030 315 2567 380 PROLEGOMENA.

3541 296 3641 352 ἃᾶ

373 495 503 550 tuis.
545 489 701 545 Alius
731 491 815 541 est
842 472 999 553 panis
1018 488 1201 534 sermo
1234 469 1353 534 Dei,
1378 466 1472 538 qui
1505 460 1744 517 vivilicat
1775 452 1959 511 homi-
1993 452 2037 510 Α
2138 446 2205 502 Et
2235 460 2297 500 τε
2324 442 2545 513 quidem
2579 452 2706 493 Vera
2751 432 3052 505 Ol‘igcmsi
3088 434 3229 484 ῑεδῑθ
3276 419 3641 490 Ηίθτοηῐιποο

2062 540 2076 553 .
2219 539 2231 553 .
2272 552 2275 553 ,
2330 536 2473 553 ναι-Α-
2531 531 2714 553 :_-_:-..
2766 522 3073 553 ..Ληιηηι-..ςα
3142 539 3162 553 ι
3208 516 3410 553 Fomm-
3471 511 3641 553 innuit

374 608 522 648 uem.
572 609 590 641 )
646 582 930 640 Secundus
980 587 1112 628 vero
1138 571 1220 623 8“z
1258 585 1276 619 ι
1326 564 1391 618 Et
1424 558 1808 630 unusquisque
1854 564 1953 605 no-

376 696 551 741 strum
583 694 766 737 secum
786 675 950 731 habet
980 663 1356 723 adversarium
1379 656 1767 712 cohaerentem,
1797 644 1956 714 cujus

378 796 517 852 opus
556 784 640 834 est
674 772 876 830 ducere
924 779 1025 820 nos
1060 759 1129 816 ad
1173 752 1511 829 principem,
1557 756 1612 801 et
1650 743 1831 797 dicere
1865 756 1878 792 :
1911 733 1957 790 Ο

383 831 514 852 -.-η
563 831 606 834 η

379 877 655 947 princeps,
712 861 865 919 verbi
914 854 1087 931 gratia
1143 848 1297 918 regni
1346 844 1664 904 Persarum,
1719 836 1822 889 iste
1864 831 1959 900 qui

1500 943 1508 947 -
1612 946 1615 947 ν
1652 940 1749 947 η--
1775 925 1865 947 1:-.2
1934 942 1949 947 _

382 925 720 1025 gubter'erat
740 956 876 1021 tibi,
918 925 1083 1013 eum,
1131 954 1192 1000 ut
1226 954 1367 1011 opus
1397 943 1550 999 erat,
1598 925 1892 987 custodivi.
1934 942 1952 974 ι

382 1058 524 1128 Quid
550 1056 634 1111 his
662 1045 1010 1107 sermonibus
1042 1038 1128 1093 vel
1163 1035 1346 1089 minus
1374 1029 1630 1098 longum,
1667 1019 1754 1075 vel
1783 1014 1963 1087 magis

378 1124 774 1223 Origeuianum
802 1132 1103 1195 desiderari
1133 1124 1345 1201 potest?

455 1201 639 1297 {ertia
675 1235 913 1303 denique
953 1223 1136 1281 Dallzei
1183 1219 1323 1275 ratio
1361 1213 1441 1270 sic
1468 1205 1809 1283 proponitur.
1852 1201 1965 1255 Au-

376 1349 507 1396 ‘ctor
558 1292 910 1389 homiliarum
968 1316 1300 1374 Saddueaeos
1352 1307 1477 1362 inde
1539 1300 1757 1373 arguit,
1816 1292 1965 1365 quod

377 1429 639 1503 quaedam
689 1421 843 1479 Isaiae
866 1424 919 1471 et
943 1412 1284 1469 Psalmorum
1309 1399 1472 1456 verba
1506 1414 1526 1448 r
1555 1388 1911 1463 corporaliter
1942 1401 1962 1436 ι

379 1486 762 1595 explicarent,
794 1526 916 1583 qua:
950 1507 1067 1577 ipse
1097 1495 1371 1572 Spirituali
1405 1503 1570 1546 sensu
1600 1486 1971 1552 interpretan-

1092 1593 1105 1595 -
1375 1585 1385 1595 .
1475 1582 1485 1593 .
1543 1589 1547 1593 ,
1606 1571 1717 1595 ιη,
1780 1584 1941 1595 “MM

391 1571 680 1595 w'r'v’w—v
748 1571 760 1583 1
812 1571 827 1583 .
972 1571 990 1577 -
1132 1571 1136 1572 ,

382 1619 462 1674 'da
496 1629 619 1670 esse
641 1608 939 1663 arbitratur
969 1617 984 1653 :
1022 1615 1040 1648 ι
1077 1593 1209 1660 Quae
1239 1585 1446 1650 omnia,
1475 1571 1742 1650 inquit“,
1775 1584 1971 1640 corpo-

393 1710 585 1766 raliter
614 1696 1047 1771 intelligentibus
1080 1682 1396 1744 Sadducazis
1419 1721 1434 1745 ,
1478 1675 1581 1771 qui
1605 1679 1762 1729 erant
1792 1666 1972 1725 portio

384 1805 710 1859 dudaeorum
733 1838 749 1864 ,
785 1757 917 1849 dicit
954 1787 1205 1843 Salvator
1234 1798 1248 1834 :
1299 1773 1525 1830 Nescitis
1544 1757 1921 1835 Scripturas”.
1948 1774 1966 1807 ι
2004 1803 2046 1861 Β

707 1852 959 1950 Oallzeus,
989 1884 1095 1936 hoc
1120 1880 1328 1949 pugnat
1354 1883 1479 1926 cum
1508 1864 1763 1963 Origene,
1793 1854 1888 1927 qui
1914 1852 1971 1907 in

389 1951 651 2065 genuinis
685 1981 953 2053 Operibus
986 1974 1123 2029 alios
1156 1964 1365 2065 Veteris
1391 1951 1976 2065 Testameiiti,apiae'ter

398 2037 601 2155 lD’loysis
632 2079 802 2133 libros
829 2073 884 2126 iu
918 2077 1183 2125 canonem
1231 2056 1665 2125 Scripturarum,
1701 2059 1731 2098 a
1757 2037 1974 2155 Saddu-

396 2128 525 2232 eaeis
554 2170 720 2240 rec’pi
747 2163 1042 2221 inliciatur.
1081 2152 1189 2210 Sed
1220 2147 1368 2205 aliud
1397 2153 1481 2200 est
1499 2141 1700 2195 librum
1737 2128 1976 2203 aliquem

395 2266 897 2335 iancripturarum
928 2249 1125 2309 ascribi
1168 2254 1459 2301 canonem,
1508 2230 1658 2289 aliud
1685 2242 1815 2282 vero
1856 2224 1977 2293 ejus

402 2362 565 2417 verba
616 2317 976 2425 corporaliter
1026 2338 1279 2407 intelligi.
1328 2332 1510 2387 Unum
1559 2327 1615 2381 in
1665 2317 1980 2377 Sadducaeis

406 2452 723 2529 perstringit
768 2454 958 2502 auctor
993 2445 1213 2500 noster,
1256 2444 1366 2485 non
1392 2439 1523 2481 vero
1566 2421 1831 2480 alterum;
1861 2427 1982 2483 pro-

1211 2525 1222 2529 -
1403 2519 1435 2529 ,,
1632 2513 1676 2529 ,Α
1734 2527 1748 2529 _
1777 2509 1948 2529 Lm“

405 2509 942 2616 indequeUOrigcnis
993 2525 1276 2589 sententiae
1326 2519 1476 2576 nullo
1522 2513 1686 2569 modo
1730 2509 1983 2564 adversa-

407 2654 521 2701 tur.

485 2736 583 2791 llic
639 2728 854 2800 magnis
919 2720 1118 2778 animis
1171 2710 1409 2782 insurgit
1466 2701 1649 2760 Dallaei
1704 2696 1983 2761 defensor,

408 2789 801 2893 contenditque
833 2817 1163 2873 Sadducmos
1199 2805 1343 2877 quod
1374 2800 1720 2857 Psalmorum
1751 2800 1805 2847 et
1830 2789 1988 2844 Isaiae

412 2922 580 2977 verba
621 2910 971 2986 corpolariter
1010 2901 1408 2970 intelligerent,
1437 2905 1547 2945 non
1583 2886 1691 2941 alio
1719 2897 1882 2938 sensu
1920 2877 1989 2931 ab

415 3014 604 3068 eodem
646 3016 871 3062 auctore
919 2996 1119 3062 notari,
1169 2992 1275 3047 nisi
1307 2987 1436 3058 quia
1480 2985 1584 3038 hos
1612 2980 1782 3034 libros
1812 2974 1881 3028 ab
1908 2972 1988 3026 eis

418 3107 471 3159 in
516 3103 929 3170 ‘Scripturarum
966 3101 1235 3146 canonem
1280 3087 1528 3150 receptos
1561 3074 1698 3129 falso
1728 3069 1832 3126 sibi
1868 3081 1991 3137 pcr-

419 3124 471 3159 ιη
524 3124 929 3170 DCl‘iptural'uul
966 3124 1235 3146 Lauuuuu
1280 3124 1387 3137 ,ιω
1406 3124 1528 3150 γ---
1561 3124 1691 3129 -___-
1736 3124 1745 3126 ,
1872 3124 1886 3137 ι

417 3207 688 3257 suaserat.
733 3188 905 3259 Quasi
942 3199 1073 3241 vero
1111 3178 1297 3235 nullus
1334 3187 1460 3229 cum
1504 3169 1615 3225 ullo
1668 3170 1892 3218 auctore
1925 3157 1992 3212 de
2016 3140 2061 3201 C
2095 3124 2161 3259 :i

422 3290 644 3360 scriptis
670 3278 1034 3355 'corpolariter
1075 3269 1403 3328 intellectis,
1446 3262 1553 3319 nisi
1586 3260 1653 3313 de
1682 3255 1813 3311 solis
1844 3250 1992 3306 Scri—

420 3344 596 3459 p!
622 3344 797 3435 sacrae-
815 3372 972 3429 libris
1001 3362 1351 3437 expostulare
1378 3354 1584 3429 queat?
1616 3351 1841 3419 Quoties
1866 3344 1995 3400 scri-

422 3443 563 3552 ptori
596 3473 729 3530 illud
772 3468 908 3524 vitio
938 3462 1191 3525 vertitur,
1244 3452 1393 3525 quod
1430 3446 1720 3505 illustrium
1752 3443 1995 3498 virorum

423 3536 623 3640 scripta
644 3609 658 3633 ,
690 3578 818 3636 quae
862 3560 918 3614 in
962 3555 1140 3628 pretio
1171 3548 1428 3605 omnibus
1459 3555 1580 3597 esse
1610 3536 1844 3599 debent,
1873 3546 1999 3585 cor-

421 3623 790 3735 poraliter,let
816 3656 885 3712 ad
903 3623 1142 3706 litteram
1169 3637 1556 3713 scrupulosius
1586 3623 2000 3701 interpretetur?

424 3723 612 3812 i‘otuit
639 3765 769 3821 ergo
803 3746 1066 3816 Origenes
1098 3737 1429 3793 Sadducaeos
1472 3728 1678 3785 idcirco
1707 3723 1997 3793 castigare,

428 3851 557 3921 quia
599 3845 752 3901 Isaia:
789 3850 845 3894 ct
894 3834 1198 3891 Psalmistae
1243 3829 1437 3891 libros,
1484 3836 1624 3891 quos
1666 3826 1793 3889 post
1837 3828 2001 3872 suum

430 3917 729 4011 Scripturae
757 3945 1021 3990 canonem
1056 3925 1227 3998 pluris
1258 3922 1436 3977 facere
1467 3917 1737 3973 debebant
1805 3927 2001 3983 corpo-

430 4037 619 4092 raliter
654 4030 1045 4099 intelligerent.
1133 4072 1161 4098 ἰ

499 4128 660 4183 Nulla
687 4133 771 4180 est
798 4122 971 4193 igitur
998 4119 1195 4172 harum
1230 4109 1585 4168 bomiliarum
1614 4101 1856 4159 auctoris
1879 4114 2002 4155 cum

431 4223 670 4294 Origene
700 4191 910 4289 pugna,
952 4210 1103 4267 nulla
1133 4207 1294 4277 plane
1326 4199 1621 4258 dissensio.
1656 4197 1856 4250 Verum
1903 4191 2007 4246 etsi

435 4312 766 4373 adversariis
812 4306 1021 4364 nostris
1056 4303 1283 4358 daretur
1317 4297 1555 4367 aliquam
1604 4292 1745 4345 inter
1776 4302 1873 4343 eos
1907 4285 2010 4337 hac

435 4412 501 4465 de
526 4423 583 4462 re
614 4405 782 4460 fuisse
807 4395 1249 4470 repugnantiam,
1274 4405 1406 4444 num
1430 4386 1693 4443 continuo
1721 4382 1804 4435 hae
1827 4378 2012 4434 homio

2062 540 2165 596 has
2219 511 2478 592 homilias
2527 531 2714 602 junior
2763 522 3098 595 composuit.
3142 539 3162 572 ‹
3208 516 3433 580 Fateor,
3471 511 3645 581 inquit

2060 632 2151 687 ille
2171 631 2241 695 ⁸⁸,
2273 630 2378 684 alia
2417 634 2548 682 sunt
2571 621 2751 678 virilia
2786 619 2929 689 ejus,
2964 624 3018 671 et
3047 610 3349 668 senectutis
3380 606 3640 663 seria.....

2061 735 2192 780 tunc
2224 721 2410 777 videre
2445 717 2666 790 poterit,
2698 715 2812 768 imo
2860 726 2960 781 per
3003 723 3104 763 vos
3151 704 3404 759 Romana
3454 699 3639 767 lingua

2063 818 2382 885 cognoscet,
2416 817 2687 880 quantum
2722 802 2855 859 boni
2885 809 2939 855 et
2968 808 3093 853 ante
3122 791 3402 857 nescierit,
3431 796 3491 843 et
3515 785 3647 841 scire

2065 883 2213 963 nunc
2253 903 2504 975 coeperit.
2544 919 2563 952 ι
2605 899 2674 951 At
2719 893 2904 949 Dallaei
2952 889 3211 946 defensor
3252 883 3521 939 audacter
3572 892 3651 931 re»

2063 1000 2298 1070 spondet
2343 1007 2562 1051 errasse
2600 990 3017 1059 Hieronymum,
3059 981 3405 1047 allirmatque
3440 992 3459 1025 ι
3500 984 3650 1027 sexa-

2064 1092 2290 1163 genario
2318 1088 2582 1159 majorem
2623 1099 2747 1139 esse
2780 1079 3105 1150 Origenem,
3130 1074 3262 1128 dum
3296 1083 3435 1125 suas
3474 1063 3651 1120 11οιιή⁴

2066 1184 2170 1240 lias
2218 1181 2386 1239 scribi
2412 1158 2626 1250 passus
2660 1183 2763 1230 est.
2809 1192 2829 1225 ι
2887 1170 2942 1225 Id
2977 1179 3159 1223 autem
3194 1180 3255 1221 se
3288 1158 3521 1218 solertia
3554 1171 3648 1212 sua

2069 1276 2361 1347 agnovisse
2409 1248 2497 1326 liis
2540 1267 2808 1341 gloriatur
2858 1262 3040 1318 verbis
3072 1260 3153 1311 9°:
3200 1274 3220 1308 ι
3262 1251 3427 1320 Quod
3462 1265 3493 1304 a
3529 1248 3653 1303 viris

2069 1368 2244 1424 doctis
2277 1362 2721 1420 animadversum
2758 1356 3002 1427 quidem,
3034 1366 3142 1406 non
3179 1356 3363 1403 autem
3401 1349 3653 1398 accurate

2070 1472 2437 1531 perpensum,
2482 1468 2585 1509 nec
2632 1459 2826 1507 exacte
2867 1445 3231 1517 ponderatum
3278 1435 3478 1493 mirari
3528 1433 3655 1488 satis

2072 1525 2321 1620 neq-uec;
2358 1561 2483 1601 cum
2517 1552 2700 1598 tamen
2736 1538 2790 1593 id
2823 1537 3033 1592 diserte
3066 1540 3297 1588 testetur
3330 1525 3652 1581 Eusebius.»

2075 1616 2377 1699 Audiamus
2424 1653 2558 1708 ergo
2592 1637 2795 1690 diserta
2843 1632 2935 1686 illa
2969 1627 3190 1685 Eusebii
3224 1620 3393 1678 verba
3423 1639 3438 1674 :
3485 1638 3505 1670 σ
3547 1616 3657 1673 Ori-

2076 1751 2261 1808 genes,
2299 1731 2477 1802 inquit
2515 1727 2783 1783 Eusebius
2803 1726 2871 1791 ⁹¹,
2910 1727 3026 1798 jam
3065 1715 3429 1789 sexagenario
3466 1712 3655 1782 major,

2077 1838 2261 1899 utpote
2294 1826 2387 1896 qui
2418 1839 2482 1878 ex
2522 1822 2780 1877 diuturna
2815 1815 3208 1872 exercitatione
3243 1808 3554 1864 maximum
3584 1806 3659 1858 di-

2075 1921 2231 1976 cendi
2266 1933 2428 1973 usum
2464 1915 2567 1971 sibi
2604 1916 3013 1982 comparasset,
3048 1904 3343 1961 conciones
3382 1914 3529 1969 quas
3572 1898 3657 1950 ha-

2077 2015 2237 2068 bebat
2271 2012 2336 2066 ad
2372 2009 2655 2081 populum,
2689 2021 2717 2059 a
2755 2001 2983 2058 notariis
3015 1996 3190 2066 excipi
3225 1992 3506 2066 permisit,
3537 2004 3654 2044 cum

2079 2106 2130 2161 id
2165 2113 2293 2160 ante
2329 2102 2442 2158 ﬁeri
2480 2114 2759 2170 nunquam
2783 2093 3166 2151 concessisset.
3211 2105 3229 2140 ι
3260 2086 3369 2141 Sed
3405 2083 3657 2139 defensor

2079 2199 2170 2253 ille
2205 2193 2751 2267 perspicacissimus,
2786 2187 2881 2258 qui
2910 2189 3056 2240 viros
3072 2182 3262 2237 doctos
3286 2177 3517 2232 incuriae
3536 2190 3660 2229 con-

2079 2292 2321 2355 demnat,
2357 2286 2544 2342 debuit
2576 2282 2889 2339 accuratius
2920 2277 3225 2350 ponderare
3240 2272 3661 2342 biBC,ﬂu2ipSB

2083 2383 2234 2448 citat,
2268 2378 2488 2434 Eusebii
2522 2377 2685 2432 verba
2717 2392 2731 2430 :
2773 2393 2791 2426 ι
2815 2372 3215 2431 Conciones...,
3248 2382 3278 2420 a
3313 2364 3547 2419 notariis
3575 2378 3660 2417 ex-

2082 2473 2189 2546 cipi
2226 2472 2497 2545 permisit.
2542 2489 2560 2523 ι
2596 2469 2809 2523 Etenim
2854 2465 2985 2520 dicit
3018 2462 3237 2532 quidem
3274 2460 3351 2512 ibi
3401 2456 3663 2511 Eusebius

2084 2567 2371 2640 Origenem
2395 2579 2503 2620 non
2537 2560 2857 2633 permisisse
2880 2555 3179 2612 conciones
3214 2566 3346 2606 suas
3377 2565 3408 2603 a
3442 2547 3661 2601 notariis

2085 2660 2292 2731 escipi;
2330 2659 2423 2715 sed
2448 2658 2536 2713 ille
2562 2655 2852 2726 Origenem
2886 2651 3066 2720 ipsum
3102 2661 3195 2700 eas
3230 2652 3358 2698 ante
3395 2640 3663 2711 sexagesi-

2088 2771 2233 2810 mum
2264 2750 2441 2807 mtatis
2482 2764 2595 2805 suae
2640 2762 2846 2800 annum
2903 2757 3065 2796 manu
3104 2737 3327 2810 propria
3379 2734 3666 2803 scripsisse

2089 2864 2199 2903 non
2230 2845 2523 2900 inliciatur.
2562 2839 2750 2910 Neque
2776 2837 2942 2892 etiam
2979 2842 3138 2902 negat
3169 2831 3315 2890 illas,
3341 2830 3466 2899 ipso
3505 2825 3665 2879 invito

2089 2936 2346 3011 Origene,
2373 2937 2439 2991 ab
2464 2935 2589 2989 aliis
2616 2931 2995 2999 transcriptas.
3029 2924 3301 2979 Prieterea
3345 2930 3564 2975 certum
3592 2922 3664 2969 est

2091 3031 2407 3101 Origenem,
2443 3042 2569 3082 cum
2613 3023 2832 3096 juvenis
2861 3028 3040 3083 esset,
3071 3016 3370 3072 conciones
3414 3010 3666 3066 habuisse

2207 3121 2511 3193 p0pulum;
2560 3118 2615 3173 id
2666 3116 2813 3171 enim
2864 3127 2973 3167 non
3025 3109 3328 3163 diliitentur
3373 3101 3667 3159 adversarii

2095 3218 2309 3279 nostri,
2361 3214 2507 3286 quod
2553 3228 2616 3267 ex
2653 3210 2832 3265 allatis
2868 3205 3087 3259 Eusebii
3150 3203 3335 3257 verbis
3401 3198 3669 3253 evidenter

2098 3308 2390 3379 Colligitur.
2422 3305 2591 3376 Atqui
2622 3304 2722 3357 has
2744 3303 2885 3356 inter
2908 3299 3204 3354 conciones
3237 3294 3368 3357 illae,
3388 3292 3459 3345 de
3483 3288 3669 3360 quibus

2099 3403 2313 3472 agitur,
2352 3399 2593 3455 homilias
2624 3396 2835 3455 .debent
2889 3391 3079 3463 procul
3129 3387 3299 3443 dubio
3356 3376 3667 3440 numerari;

2099 3506 2223 3550 eum
2261 3495 2381 3548 illas
2410 3494 2478 3547 ab
2511 3490 2743 3560 Origene
2767 3486 2966 3557 juvene
2985 3482 3369 3554 pronuntiatas
3401 3491 3513 3530 non
3537 3470 3672 3529 solus

2103 3587 2483 3655 Hieronymus,
2505 3581 2597 3636 sed
2633 3589 2686 3634 et
2717 3577 2891 3633 eidem
2918 3574 3250 3643 Hieronymo
3274 3567 3673 3623 infensissimus

2103 3680 2334 3735 Rufinus
2361 3683 2675 3732 constanter
2708 3675 3041 3731 assevcrent,
3077 3681 3176 3720 nec
3198 3662 3475 3718 Eusebius
3500 3672 3672 3715 eorum

2106 3769 2388 3827 sententiae
2420 3766 2531 3821 ullo
2561 3762 2724 3819 modo
2758 3760 3085 3831 refragetur.

2175 3861 2407 3916 Constat
2442 3858 2607 3929 igitur
2649 3855 2751 3910 bas
2799 3850 3057 3907 homilias
3102 3845 3403 3917 genuinum
3442 3840 3675 3913 Origenis

2108 3966 2245 4025 npus
2305 3967 2460 4019 esse;
2521 3947 2857 4020 proindeque
2923 3942 3191 3996 invictum
3247 3946 3363 3993 stat
3414 3936 3537 4005 ejus
3588 3946 3674 4003 pro

2108 4046 2299 4119 lgnatii
2331 4043 2576 4114 epistolis
2604 4036 3000 4095 testimonium.
3040 4030 3308 4086 Ultimum
3344 4036 3531 4083 tamen
3573 4025 3677 4079 Dal-

2107 4114 2244 4191 treus
2269 4136 2463 4197 telum,
2500 4130 2644 4201 quod
2670 4128 2800 4182 alibi
2833 4126 2887 4179 in
2922 4121 3253 4182 Eusebium,
3289 4119 3380 4172 hic
3412 4118 3469 4170 in
3510 4114 3677 4183 Origo

2110 4230 2195 4284 nis
2226 4225 2604 4281 auctoritatem
2628 4221 2707 4276 sic
2734 4225 3096 4284 contorquet:
3128 4230 3147 4262 ι
3180 4207 3386 4273 Unum,
3424 4206 3600 4277 inquit
3617 4204 3674 4265 ",

2112 4319 2305 4374 addam
2350 4322 2575 4375 notatu,
2618 4318 2681 4364 ut
2710 4308 2845 4363 mihi
2884 4303 3107 4375 quidem
3143 4300 3381 4361 videtur,
3435 4295 3680 4367 dignissi-

2116 4423 2290 4474 mum,
2340 4403 2637 4459 Eusebium
2680 4398 2933 4454 videlicet
2980 4409 3088 4449 non
3138 4391 3483 4447 omissurum
3524 4385 3681 4441 fuisse

437 4506 523 4559 "‘9
550 4500 769 4571 (Μίδεω
803 4487 1186 4563 ²Ῐ¹Ῑ¹¹δίθ³ηδίθ
1216 4483 1372 4540 sum?
1410 4477 1668 4549 Nunqum
1715 4474 2011 4571 δθνίρίθῗθδ
2042 4486 2087 4542 D
2117 4498 2371 4571 Origenis
2407 4511 2508 4567 pro
2532 4492 2829 4565 Ignatianis
2854 4484 3257 4549 testimonium,
3304 4483 3351 4537 si
3381 4494 3575 4536 eorum
3603 4475 3681 4529 ali-

438 4599 604 4654 etiam
634 4584 994 4648 eruditissimi
1018 4584 1091 4637 ita
1116 4580 1221 4637 sibi
1255 4590 1470 4645 semper
1501 4578 1776 4633 constant,
1800 4564 2014 4619 omnia-

440 4704 547 4759 que
577 4687 631 4740 in
663 4682 834 4739 Variis
866 4691 1057 4733 eorum
1088 4671 1378 4744 Operibus,
1405 4681 1527 4736 qum
1553 4660 1785 4717 diversis
1822 4658 1888 4712 de
1922 4671 2014 4709 ar-

444 4776 718 4852 gumentis
749 4781 803 4827 et
842 4767 1076 4825 diversis
1116 4760 1454 4831 temporibus
1506 4752 1813 4824 composita
1854 4759 2013 4813 sunt,

443 4837 520 4925 ita
546 4867 651 4923 sibi
679 4864 960 4920 cohaerent
982 4902 995 4927 ,
1022 4865 1081 4911 ut
1111 4855 1259 4909 nulla
1286 4865 1473 4909 secum
1504 4844 1805 4917 pugnantia
1825 4848 1876 4894 et
1912 4837 2019 4895 sibi

445 4967 679 5024 invicem
724 4956 998 5016 contraria
1031 4949 1383 5021 scripserint?
1428 4943 1686 5013 Nunquid
1722 4935 2019 5007 aliquando

447 5060 694 5118 seniores
746 5050 875 5108 facti
912 5063 977 5104 ac
1018 5045 1325 5109 doctiores,
1359 5055 1421 5100 ea
1473 5053 1582 5093 non
1635 5037 2017 5095 emcndarunt,

447 5168 567 5225 quae
593 5148 842 5221 juniores
877 5151 1043 5213 atque
1084 5136 1451 5207 imperitiores
1498 5138 1721 5205 certum
1755 5132 1877 5184 esse
1911 5142 2023 5182 cre-

445 5244 673 5301 didere?
694 5239 846 5294 Nihil
867 5249 999 5307 ergo
1030 5233 1257 5294 mirum,
1287 5226 1334 5283 si
1368 5225 1663 5295 Origenes,
1708 5222 1801 5293 qui
1832 5220 2023 5292 junior

450 5339 549 5393 has
583 5333 839 5391 homilias
872 5331 928 5384 in
969 5325 1249 5399 publicum
1294 5320 1575 5384 emiserat,
1622 5316 1679 5369 in
1724 5317 1791 5371 iis
1816 5313 2022 5385 aliquid

450 5430 517 5485 de
556 5425 870 5482 Sadducaeis
903 5421 1137 5485 dixerit,
1176 5416 1324 5488 quod
1371 5421 1560 5485 postea
1595 5409 1775 5465 senior
1801 5417 1855 5464 et
1882 5408 2026 5478 peri-

452 5522 559 5577 tior
603 5521 811 5586 factus,
856 5524 1164 5573 correctum
1212 5525 1335 5567 esse
1379 5506 1612 5563 voluerit
1661 5513 1718 5561 ct
1772 5504 2029 5558 emenda-

457 5626 592 5671 tum.

2116 4593 2240 4651 cubi
2270 4590 2600 4645 mentionem
2627 4584 2867 4640 fecisset.
2901 4603 2920 4636 ι
2961 4580 3065 4635 Sed
3097 4577 3232 4631 nihil
3264 4575 3380 4640 illo,
3424 4572 3567 4643 quod
3597 4584 3680 4637 pu-

2118 4695 2195 4742 tat
2240 4690 2430 4739 notatu
2476 4678 2895 4750 dignissimum,
2940 4678 3268 4744 argumento
3317 4667 3492 4722 levius
3533 4675 3682 4731 atque

2120 4776 2411 4833 inﬁrmius.
2446 4768 2703 4841 Nunquid
2731 4768 2877 4823 enim
2913 4763 3184 4820 Eusebius
3222 4759 3411 4814 omnia
3447 4753 3682 4823 Origenis

2121 4877 2175 4924 et
2208 4865 2634 4940 apostolicorum
2666 4859 2934 4923 virorum,
2982 4855 3328 4921 aliorumque
3363 4847 3587 4902 Patrum
3629 4842 3684 4897 de

2122 4959 2315 5031 lgnatii
2347 4956 2592 5027 epistolis
2621 4948 2933 5009 testimonia
2972 4948 3026 5001 in
3050 4944 3351 5000 Historiam
3386 4955 3543 4995 suam
3567 4950 3684 4992 oon-

2125 5048 2331 5121 gessit?
2358 5046 2550 5101 Nullus
2572 5041 2819 5115 profecto
2840 5038 2937 5093 ibit
2958 5034 3172 5091 inﬁcias
3196 5034 3353 5103 plura
3387 5031 3457 5085 ab
3475 5043 3543 5084 eo
3567 5040 3683 5097 pm

2124 5143 2407 5207 tennissa;
2452 5153 2552 5194 nec
2591 5135 2797 5190 idcirco
2839 5141 3021 5186 tamen
3053 5126 3247 5183 eadem
3286 5123 3511 5178 Patrum
3536 5132 3685 5187 opera

2130 5236 2223 5301 iis,
2255 5250 2286 5289 a
2315 5232 2519 5303 quibus
2548 5228 2747 5298 scripta
2778 5234 2926 5291 sunt,
2957 5217 3205 5276 censebit
3224 5230 3347 5271 esse
3385 5211 3686 5283 abjudiean-

2134 5300 2224 5382 da.
2263 5300 2506 5393 Denique
2535 5319 2807 5376 Eusebius
2830 5330 2928 5387 pro
2954 5309 3151 5384 lgnatii
3189 5306 3438 5378 epistolis
3461 5300 3687 5358 auctori-

2134 5427 2299 5473 tatem
2326 5412 2613 5485 Polycarpi
2648 5420 2702 5465 et
2734 5406 2954 5471 lreumi,
2989 5403 3191 5459 citasse
3235 5406 3546 5460 contentus,
3595 5407 3687 5445 non

2135 5511 2291 5580 plura
2320 5484 2691 5579 posteriorum
2718 5500 2945 5555 Patrum
2975 5491 3289 5551 testimonia
3314 5484 3687 5547 accumulanda

2135 5618 2257 5657 esse
2285 5613 2501 5670 aequum
2530 5595 2762 5668 putavit.

527 5739 573 5770 "
608 5738 796 5793 homil.
822 5736 912 5791 '53.
988 5736 1030 5766 ⁸⁷
1066 5733 1257 5789 homil.
1322 5730 1413 5786 39.
1492 5731 1535 5762 ⁸⁸
1570 5726 1765 5782 Matth.
1804 5742 1940 5791 xx",
1976 5726 2068 5784 ἓξ).
2145 5726 2191 5759 θ’
2224 5723 2442 5794 Prolog.
2474 5721 2529 5776 in
2564 5718 2667 5775 has
2713 5715 2908 5774 homil.
2986 5714 3031 5747 ’°
3065 5726 3191 5784 pag.
3227 5706 3349 5764 106.
3426 5702 3468 5735 ⁹¹
3506 5694 3691 5753 Euseb.

458 5811 552 5867 lib.
577 5824 629 5865 vr
666 5809 834 5875 μω,
866 5822 984 5877 cap.
1016 5805 1103 5860 36.
1182 5803 1226 5835 ⁹²
1264 5816 1388 5872 pag.
1430 5799 1551 5855 108.
