3800 6208
169 335 265 392 ως

260 456 287 529 §
314 456 399 512 lll.
432 459 605 514 Aliud
642 458 888 533 Origenis
913 465 1267 521 testimonium
1294 470 1625 538 expenditur.

225 545 475 603 Nonnulli
514 552 675 607 aliud
705 569 803 623 pro
828 554 1013 610 iisdem
1044 556 1235 627 lgnatii
1268 560 1513 628 epistolis
1539 559 1734 614 aﬁ‘erre

1131 343 1192 397 D.
1234 341 1523 400 NOURRII
1560 342 2031 398 DlSSERTATlO.
2065 375 2135 385 —-
2170 344 2349 400 PARS
2387 344 2425 399 I.

1732 467 2323 527 ,Areverendissimus
2382 468 2635 526 Csserius
2701 470 2930 539 Latine,
2992 472 3402 532 eruditissimus

3299 352 3400 409 494

1836 555 2062 613 Vossius
2086 558 2294 625 Graece,
2335 575 2402 615 ex
2431 560 2585 615 libris
2613 561 2702 617 ille
2728 563 3068 633 Anglicanis,
3108 565 3197 620 hic
3222 565 3399 621 Medi-

166 640 325 693 solent
350 638 610 711 Origenis
653 646 1058 715 testimonium,
1091 649 1235 721 quod
1273 651 1359 704 bis
1389 652 1571 707 verbis
1600 654 1734 724 legi-
1831 652 1958 704 eaeis
2007 651 2313 705 ediderunt.
2348 668 2367 704 δ
2424 651 2515 709 Sic
2546 653 2636 709 ille
2672 656 2891 709 tandem
2935 658 3220 726 concedit,
3252 658 3401 729 quod

164 733 296 786 tur”
322 752 333 787 :
358 756 375 784 ι
397 732 509 789 Nec
534 744 679 804 puto
701 738 844 806 quod
867 738 1070 809 culpari
1100 742 1291 810 possit,
1320 743 1365 797 si
1388 744 1512 813 quis
1536 741 1728 810 Deum,

164 821 557 881 sicutJoannes
597 829 951 896 cbaritatem,
991 832 1064 886 ita
1107 833 1223 902 ipse
1262 849 1504 890 amorem
1551 839 1730 892 nomi-

166 924 260 968 net.
296 915 542 986 Denique
591 920 827 973 memini
873 922 1110 992 aliquem
1142 933 1457 980 sanctorum
1499 927 1724 995 dixisse,

163 1003 405 1075 lgnatium
450 1010 712 1077 nomine,
753 1013 819 1067 de
863 1013 1083 1071 Christo
1117 1034 1131 1070 :
1168 1016 1319 1073 Meus
1360 1033 1514 1073 amor
1549 1021 1729 1075 cruci-

161 1097 283 1153 fixus
309 1108 409 1155 est.
444 1118 463 1152 ι
505 1100 619 1157 Sed
654 1112 839 1159 utrum
874 1122 999 1162 vere
1035 1107 1288 1180 Origenis
1316 1111 1389 1167 sit
1424 1115 1526 1169 hoc
1561 1129 1725 1184 opus,

160 1190 318 1246 adhuc
364 1194 470 1247 sub
500 1194 704 1263 judice
749 1199 816 1255 lis
856 1208 957 1255 est.
1009 1200 1242 1268 Quidam
1288 1204 1565 1260 enimvero
1598 1223 1724 1261 cum

160 1284 364 1341 Erasmo
388 1288 523 1342 illud
552 1306 584 1343 a
613 1300 771 1349 tanto
792 1294 1015 1350 doctore
1038 1296 1305 1367 scriptum
1335 1314 1455 1355 esse
1483 1301 1725 1358 inﬁcian-

158 1387 263 1440 tur,
302 1391 412 1434 tum
450 1384 607 1452 quod
654 1405 673 1437 ι
717 1386 770 1441 in
818 1389 1043 1459 prologo
1100 1390 1232 1447 citat
1276 1392 1527 1459 Graecos,
1576 1399 1723 1453 velut

157 1471 380 1529 alienos:
416 1494 433 1527 ι
476 1487 599 1529 tum
635 1495 655 1528 ‹
686 1494 751 1532 ex
782 1479 1226 1550 interpretatione
1265 1487 1503 1553 amoris,
1539 1488 1723 1545 chari-

157 1567 283 1631 tatis,
310 1568 635 1625 dilectionis
664 1580 722 1626 et
758 1574 1047 1641 cupidinis.
1084 1595 1101 1627 ›
1132 1576 1236 1632 Alii
1266 1593 1393 1633 vero
1419 1582 1715 1650 genuinum

156 1653 281 1708 illius
309 1654 477 1711 fetum
504 1673 636 1714 esse
664 1661 923 1728 probant,
952 1680 1017 1718 ex
1045 1666 1210 1737 stylo,
1242 1682 1307 1722 ex
1330 1669 1628 1740 allegoriis,
1663 1681 1720 1727 et

155 1745 481 1817 tropologicis
526 1752 1011 1821 expositionibus,
1056 1754 1113 1809 in
1155 1772 1292 1826 quas
1325 1760 1395 1814 ab
1440 1762 1716 1820 historicis

152 1837 619 1905 explanationibus
672 1847 917 1900 excurrit
956 1862 1067 1902 :ex
1113 1853 1398 1908 sententiis
1442 1853 1527 1909 bis
1556 1857 1714 1925 plane

151 1928 507 1987 consimilibus
531 1942 590 1988 et
622 1938 925 2005 germanis,
959 1954 1080 2008 qua:
1104 1954 1169 1994 ex
1202 1942 1416 2000 duabus
1449 1944 1710 2015 homiliis,

151 2019 206 2072 ab
233 2020 566 2095 Hieronymo
613 2025 869 2083 Latinam
909 2029 963 2083 in
1008 2030 1246 2103 linguam
1295 2039 1576 2095 conversis
1620 2056 1713 2095 oc-

150 2124 381 2180 currunt;
404 2132 473 2171 ex
506 2120 766 2176 melioris
794 2130 935 2176 nota:
957 2126 1362 2196 manuscriptis,
1392 2129 1480 2183 ubi
1512 2145 1710 2187 nomen

149 2201 365 2275 Origenis
385 2210 740 2281 praeﬁgitur;
772 2228 835 2267 ex
857 2214 923 2269 iis
951 2218 1148 2286 quibus
1171 2218 1431 2289 Origenes
1454 2220 1711 2292 frequens

150 2297 297 2352 utitur
338 2299 756 2359 llebraicorum
812 2309 1094 2363 nominum
1144 2310 1708 2382 interpretationibus,

148 2392 433 2449 etaliorum
476 2411 723 2466 operum
773 2415 995 2457 suorum
1038 2404 1423 2473 citationibus;
1474 2408 1709 2479 denique

148 2484 254 2553 quia
283 2502 372 2542 eas
404 2488 650 2546 Rufinus
684 2490 877 2548 Latine
914 2495 1186 2559 reddidit,
1217 2506 1381 2568 atque
1408 2501 1605 2555 eredcm
1634 2510 1716 2558 to-

148 2591 332 2632 morum
357 2581 577 2647 decem,
610 2599 759 2652 quos
786 2585 839 2638 in
866 2585 1150 2642 Canticum
1176 2592 1394 2660 scripsit
1422 2590 1705 2665 Origenes,

148 2680 324 2737 partem
354 2676 735 2730 constituant.
785 2678 868 2731 Ad
913 2678 1125 2735 Erasmi
1152 2690 1334 2738 autem
1385 2697 1706 2756 argumenta

148 2766 451 2831 respondent
484 2768 560 2823 ab
588 2768 815 2823 illarum
847 2780 1069 2827 auctore
1112 2774 1268 2829 citari
1297 2778 1517 2847 quidem
1558 2779 1707 2834 Grat-

147 2867 239 2917 cos,
263 2858 351 2913 sed
382 2868 443 2913 ut
477 2874 656 2926 suos,
690 2876 798 2915 non
828 2872 888 2917 ut
916 2864 1124 2919 alienos
1166 2866 1273 2920 nisi
1310 2868 1598 2938 religione;
1640 2885 1707 2925 ac

147 2949 398 3005 nominum
424 2951 768 3007 Latinorum
794 2955 1266 3025 interpretationes
1300 2975 1332 3016 a
1363 2958 1560 3016 Ruﬁno
1596 2972 1707 3019 tex-

147 3039 210 3091 tui
239 3040 488 3113 Origenis
547 3046 732 3102 fuisse
774 3048 1004 3106 additas.
1057 3051 1318 3118 Quamvis
1360 3062 1542 3112 autem
1588 3058 1704 3115 hac

1830 742 1980 796 nullo
2032 757 2272 812 unquam
2312 744 2475 799 modo
2533 760 2732 809 negare
2779 757 3008 816 poterat.
3077 748 3184 805 Sed
3239 751 3395 822 quid,

1828 843 2010 904 putas,
2030 834 2096 889 de
2116 835 2454 890 celeberrimi
2475 834 2725 893 Historiae
2751 840 3132 896 ecclesiastica:
3156 842 3400 912 parentis

1829 927 2098 982 sententia
2134 928 2494 997 pronuntiat?
2523 927 2719 986 Paucis
2756 947 2871 986 rem
2913 933 3165 1001 absolvit,
3189 934 3401 990 scilicet

1828 1016 1981 1071 illum
2022 1017 2273 1088 «judicio
2314 1019 2401 1074 his
2444 1020 2510 1074 de
2539 1021 2786 1091 epistolis
2827 1023 3024 1080 falsum
3061 1042 3205 1083 esse.
3234 1046 3253 1080 ›
3288 1025 3401 1083 Nec

1826 1107 2026 1164 Dallaao
2056 1110 2191 1165 satis
2217 1119 2299 1166 est
2323 1110 2618 1167 Eusebium
2643 1116 2848 1172 erroris
2879 1118 3274 1184 condemnare;
3303 1120 3400 1176 sed

1827 1215 1951 1255 eum
1982 1202 2146 1256 etiam
2195 1218 2445 1257 errorum
2487 1207 2765 1273 omnium,
2798 1208 2852 1263 in
2895 1226 3032 1280 quos
3075 1212 3166 1267 alii
3208 1222 3401 1283 postea

1824 1292 2064 1361 prolapsi
2095 1300 2242 1356 sunt,
2269 1308 2426 1347 reum
2454 1293 2602 1351 facit.
2635 1318 2651 1347 ι
2682 1295 2971 1364 Eusebius,
2996 1300 3191 1371 inquit,
3216 1303 3399 1358 omnis

1822 1381 1889 1437 de
1918 1381 2212 1453 lgnatianis
2245 1385 2454 1440 erroris
2486 1384 2631 1453 fons,
2663 1389 2756 1458 qui
2784 1390 2910 1446 hinc
2938 1392 3115 1461 primo
3148 1402 3396 1460 exortus,

1821 1472 2087 1530 latissime
2115 1486 2306 1545 postea
2330 1476 2559 1544 eﬁ‘usns,
2592 1495 2727 1548 pene
2753 1496 2944 1537 omnes
2966 1483 3264 1539 Christiani
3293 1502 3397 1541 no-

1821 1563 1987 1617 minis
2042 1566 2282 1621 eruditos
2328 1569 2585 1638 pervasit.
2618 1589 2637 1621 ι
2677 1569 2787 1626 Cur
2830 1589 2959 1644 ergo
3006 1584 3115 1629 tam
3169 1578 3398 1646 turpiter

1822 1651 2190 1712 ballucinatus
2238 1666 2323 1711 est
2370 1657 2686 1717 Eusebius?
2743 1662 2998 1733 Nunquid
3053 1666 3141 1720 ille
3193 1667 3397 1736 ingenii

1820 1744 2285 1815 excellentissimi,
2303 1757 2358 1802 et
2382 1766 2608 1806 summa:
2628 1755 2957 1811 eruditionis
2982 1756 3086 1823 vir,
3117 1759 3185 1812 ad
3212 1759 3397 1815 discu-

1821 1835 2034 1892 tiendas
2067 1839 2259 1908 lgnatii
2311 1842 2572 1911 epistolas
2616 1847 2799 1915 segnis
2850 1848 2950 1903 fuit
2979 1858 3033 1904 et
3083 1850 3267 1918 iners,
3297 1853 3395 1923 qui

1816 1943 1925 1982 non
1956 1930 2134 1985 solum
2169 1946 2357 1987 earum
2394 1944 2625 2005 tempus,
2655 1946 2710 1992 et
2732 1954 2828 1995 cos
2849 1942 2943 2010 qui
2983 1930 3035 1996 in
3070 1944 3179 2000 illis
3212 1946 3395 2001 nomi-

1814 2031 2052 2089 nantur,
2098 2024 2288 2079 sedulo
2333 2027 2629 2097 observat;
2681 2047 2871 2085 verum
2931 2035 3093 2090 etiam
3150 2053 3214 2092 ea
3269 2054 3393 2109 qua:

1814 2124 2005 2170 auctor
2026 2117 2309 2185 citaverat,
2336 2134 2395 2175 se
2428 2124 2844 2180 accuratissime
2864 2127 3209 2185 examinasse
3238 2131 3393 2186 testi-

1815 2206 2028 2263 ﬁcatur.
2062 2208 2264 2264 Scribit
2296 2213 2541 2269 enim”:
2579 2234 2597 2266 ‹
2633 2215 2689 2270 ln
2714 2217 2941 2286 epistola
2973 2221 3040 2274 ad
3076 2219 3389 2293 Sniyrnmos

1811 2296 1878 2352 de
1908 2297 2196 2356 Servatore
2242 2313 2432 2358 nostro
2481 2304 2742 2375 loquens,
2781 2310 3028 2378 quaedam
3075 2310 3196 2380 ejus
3224 2311 3387 2367 verba

1813 2391 2039 2459 recitat,
2072 2410 2193 2463 quae
2233 2397 2376 2452 unde
2404 2400 2694 2469 acceperit,
2720 2400 2930 2472 ignoro.
2970 2422 2988 2456 ι
3030 2402 3260 2461 Dallaaus
3291 2420 3387 2461 ne-

1812 2500 1918 2555 que
1949 2486 2252 2557 ingenium,
2289 2506 2466 2562 neque
2495 2493 2833 2564 diligentiam
2873 2495 3096 2553 Eusebii
3119 2514 3386 2570 asperna-

1813 2584 1902 2631 tur
1927 2595 1942 2631 :
1966 2579 2063 2633 sed
2094 2599 2113 2631 ί
2140 2581 2439 2650 hominem,
2476 2584 2655 2656 inquit
2675 2585 2744 2651 ⁸⁷,
2777 2589 3027 2658 geminus
3052 2592 3236 2646 animo
3261 2608 3386 2663 per-

1809 2680 2001 2740 ceptus
2049 2672 2116 2728 de
2147 2673 2351 2732 lrenmo
2382 2692 2447 2733 ac
2487 2677 2785 2751 Polycarpo
2814 2697 2968 2738 error
3013 2692 3384 2742 transversum

1808 2762 1940 2832 egit,
1977 2770 2032 2817 et
2075 2780 2194 2834 quae
2217 2766 2382 2823 notha
2406 2779 2564 2826 erant
2594 2780 2647 2826 et
2679 2774 2962 2830 subdititia
2984 2815 3001 2843 ,
3029 2792 3092 2832 ea
3122 2793 3223 2848 pro
3255 2794 3386 2835 vero

1809 2852 2107 2925 lgnatianis
2173 2859 2461 2917 admittere
2517 2863 2751 2935 subegit.
2785 2885 2803 2917 ι
2858 2868 3029 2933 Quem
3078 2878 3261 2925 autem
3313 2873 3388 2932 d0

1809 2944 2021 3002 lrenzeo
2050 2951 2350 3020 perceperit
2377 2967 2620 3017 errorem
2660 2956 2739 3011 sic
2769 2957 2912 3012 idem
2938 2958 3173 3017 Dallaeus
3198 2962 3381 3017 deela-

1808 3048 1894 3094 rat
1917 3058 1930 3095 :
1955 3057 1972 3090 ι
1996 3037 2088 3095 lllc
2110 3042 2256 3111 quod
2280 3059 2400 3113 qute
2420 3043 2685 3115 lgnatium
2705 3048 2904 3103 dixisse
2926 3049 3089 3106 refert
3118 3051 3378 3123 Irenzcus,

146 3130 300 3197 Opinio
328 3150 437 3189 non
471 3138 813 3206 spernendis
853 3140 1125 3194 rationum
1159 3145 1451 3200 momentis
1487 3148 1698 3201 lirmata
1728 3152 1774 3215 c
1806 3132 1995 3186 eadem
2025 3131 2079 3185 ίη
2118 3132 2368 3202 ερίείθιίδ
2406 3151 2627 3207 quoque
2654 3139 2853 3209 Scripta
2891 3140 3122 3210 legerat.
3155 3143 3293 3198 falsa
3323 3154 3380 3201 θε

144 3222 391 3293 videatur,
442 3229 879 3287 observavimus
919 3241 1099 3288 tamen
1134 3235 1261 3290 alibi
1290 3237 1337 3268 ⁹δ
1373 3246 1545 3294 totum
1592 3240 1699 3295 hoc

143 3326 255 3379 opus
287 3319 420 3373 nihil
458 3321 622 3375 aliud
654 3321 989 3378 Cassiodoro
1018 3326 1220 3393 videri,
1264 3344 1430 3398 quam
1464 3331 1697 3387 duarum

143 3402 358 3479 (ingenis
379 3415 436 3466 in
470 3414 711 3475 Cantica
740 3416 1113 3487 homiliarum,
1148 3421 1217 3476 ab
1243 3420 1574 3496 Hieronymo
1592 3423 1699 3480 La-

145 3500 595 3562 tineredditarum
629 3509 1135 3580 ampliﬁcationem.
1164 3513 1509 3586 Quapropter
1540 3532 1697 3586 atquo

142 3598 398 3667 cujuslibet
419 3606 639 3660 sinceri
678 3616 732 3659 et
764 3606 959 3679 integri
984 3609 1442 3682 hominisjudicio
1474 3617 1699 3685 permit-

144 3691 277 3748 timus
306 3696 356 3751 in
388 3713 521 3752 eam
542 3738 558 3763 ,
598 3713 771 3767 quam
806 3701 1073 3757 veriorem
1100 3705 1391 3760 crediderit
1417 3747 1432 3771 ,
1463 3706 1541 3761 ire
1572 3722 1699 3761 scn-

144 3787 367 3854 tentiam;
410 3806 521 3845 nec
550 3790 933 3847 testimonium
970 3809 1036 3849 ex
1068 3795 1151 3851 his
1201 3796 1445 3853 homiliis
1474 3800 1699 3853 desum-

142 3885 293 3947 plum,
334 3884 484 3939 ultra
519 3898 695 3954 quam
736 3898 836 3954 par
867 3895 980 3953 est,
1024 3890 1323 3960 urgendum
1351 3907 1473 3948 esse
1501 3907 1695 3947 cense-

142 3988 257 4032 mus.

718 4095 947 4155 CAPUT
987 4097 1097 4155 Vll.

140 4219 471 4267 ΑῐῑϐῐῗὶΙΕΧΥῐΞὶΙ
514 4228 742 4267 SEXTUM
776 4230 844 4267 EX
888 4232 1021 4271 Αιιιδ
1056 4232 1339 4273 INNUIERIS
1379 4234 1693 4275 SCRIPTOBI-

193 4294 299 4343 BL'S,
339 4299 478 4347 QUOS
520 4299 851 4338 ADVERSARII
892 4303 1178 4344 EPlSTOLAS
1220 4305 1436 4347 IGNATIO
1476 4305 1693 4345 Αωυοι-

190 4363 329 4406 ελδεε
368 4370 707 4419 FATENTUR,
753 4370 1091 4411 DESUMPTUM.

139 4459 211 4529 ξι.
238 4468 620 4537 Argumentum
647 4483 715 4520 ex
747 4466 957 4523 Eusebii
989 4473 1307 4529 auctoritate
1329 4476 1681 4548 desumptum.

193 4579 593 4653 Disputavimus
645 4584 913 4638 hactenus
947 4585 1014 4640 de
1045 4587 1370 4646 testimoniis
1412 4592 1685 4663 antiquis-

138 4669 362 4732 simorum
394 4678 663 4739 Patrum,
687 4677 889 4746 quibus
926 4677 1187 4748 epistolas
1218 4679 1411 4752 lgnatii
1437 4683 1686 4755 incogni-

137 4770 199 4819 tas
224 4766 378 4826 fuisse
426 4771 681 4825 Dallazus
713 4768 944 4840 ejusque
987 4770 1242 4827 defensor
1267 4775 1404 4829 mira
1443 4775 1685 4844 singula-

137 4856 260 4925 rique
296 4861 683 4919 obstinatione
731 4860 1087 4915 contendunt.
1130 4860 1286 4918 Nunc
1336 4864 1403 4918 de
1436 4865 1505 4920 iis
1545 4864 1689 4920 scri-

134 4954 339 5017 ptoribus
369 4956 691 5027 agendum,
735 4966 764 5006 a
796 4953 995 5022 quibus
1029 4955 1250 5010 easdem
1302 4965 1356 5011 et
1390 4958 1602 5029 agnitas
1630 4967 1686 5014 et

133 5040 301 5113 Ignatio
319 5049 624 5103 attributas
644 5043 749 5115 ipsi
775 5061 873 5101 sua
897 5057 1089 5115 sponte
1110 5047 1453 5104 conﬁtentur.
1472 5048 1678 5105 llorum

132 5140 490 5212 antesignanus
525 5147 616 5194 est
641 5136 911 5193 Eusebius
946 5138 1334 5206 Cmsariensis,
1367 5141 1433 5196 de
1461 5158 1572 5213 quo
1598 5143 1680 5198 sic

133 5221 425 5286 Dallaaus”:
466 5247 485 5282 ς
530 5229 801 5284 Fatemur
831 5226 1124 5282 Eusebium
1152 5229 1272 5285 illas
1298 5230 1411 5286 sive
1443 5248 1534 5287 sex
1568 5232 1683 5287 sive

132 5329 328 5387 Septem.
366 5337 508 5393 quas
549 5327 826 5385 recenset,
851 5319 1112 5388 epistolas
1142 5336 1459 5391 agnoscere,
1485 5339 1550 5379 ac
1581 5339 1680 5393 pro

130 5422 227 5464 vere
246 5410 540 5481 lgnatianis
570 5408 801 5463 habere.
838 5406 1024 5479 Neque
1046 5409 1460 5467 dissimulamus
1490 5429 1585 5469 eas
1611 5413 1681 5469 de

129 5502 296 5566 quibus
320 5504 405 5560 ille
428 5502 600 5557 verba
634 5499 790 5565 facit,
822 5501 921 5554 has
963 5500 1307 5571 ipsasfuissc
1336 5504 1530 5572 videri,
1560 5519 1683 5577 qua:

128 5588 194 5645 his
243 5593 416 5654 hodie
443 5591 776 5650 nominibus
816 5590 1311 5661 circumferuntur,
1344 5597 1533 5666 quales
1576 5612 1686 5661 eas,

1807 3223 1959 3278 inani
2017 3225 2197 3294 specie
2237 3227 2493 3296 delusus,
2540 3232 2802 3301 epistolas
2856 3249 3077 3305 quoque
3111 3236 3378 3295 Irenaeum

1802 3313 2028 3377 vidisse,
2058 3323 2112 3369 et
2136 3315 2297 3371 etiam
2323 3321 2469 3388 quod
2497 3323 2738 3379 crassius
2768 3334 2852 3380 est
2876 3337 2927 3381 et
2952 3326 3378 3389 inexcusabilius

1803 3419 2142 3460 memorasse
2174 3407 2503 3479 imaginatus
2533 3424 2634 3468 est.
2667 3432 2687 3466 ι
2717 3413 2792 3469 De
2819 3416 3119 3490 Polycarpo
3148 3429 3326 3477 autem
3355 3441 3372 3478 :

1811 3511 1829 3544 ι
1865 3492 2071 3551 Similis
2099 3496 2334 3567 ejusest,
2388 3502 2550 3557 verba
2584 3503 2922 3574 Dallteisunt,
2975 3511 3189 3565 tametsi
3216 3512 3376 3569 venia

1803 3585 2015 3657 dignior
2052 3587 2109 3642 in
2146 3588 2446 3661 Polycarpo
2498 3595 2825 3663 oscitantia,
2880 3614 2991 3654 non
3043 3603 3374 3660 attendentis

1799 3676 1909 3733 duo
1932 3678 2024 3733 illa
2063 3695 2187 3749 quae.
2216 3681 2468 3737 recitavit
2496 3684 2643 3750 loca,
2681 3696 2867 3757 aperte
2898 3691 3039 3747 inter
3065 3708 3125 3748 se
3154 3708 3371 3765 pugna-

1802 3782 1881 3824 re.
1912 3786 1932 3821 ι
1966 3769 2037 3824 At
2058 3786 2191 3827 sane
2217 3781 2366 3828 tanta
2388 3815 2404 3841 ,
2433 3784 2493 3830 ut
2521 3786 2807 3846 putamus,
2849 3782 3115 3839 evidentia
3143 3785 3371 3841 demon-

1799 3860 2096 3918 stravimus
2119 3864 2260 3933 apud
2296 3863 2557 3920 lrenmum
2588 3869 2813 3925 verbum
2839 3872 2976 3927 dixit
3004 3874 3144 3930 idem
3173 3892 3370 3934 sonare

1798 3967 1865 4009 ac
1900 3954 2135 4024 scripsit,
2181 3956 2494 4028 nullamque
2527 3959 2582 4014 in
2631 3962 2813 4017 verbis
2864 3963 3057 4037 lgnatii
3099 3982 3222 4024 esse
3262 3986 3368 4040 pu-

1796 4062 1998 4116 gnam;
2041 4055 2102 4101 ut
2150 4047 2411 4104 Dallzeum
2457 4050 2686 4123 ejusque
2736 4055 3079 4113 defensorem
3130 4060 3367 4132 duplicis

1796 4134 2094 4193 Eusebium
2123 4155 2414 4198 accusasse
2458 4145 2662 4200 erroris
2704 4146 2886 4217 pigere
2932 4149 3125 4206 debeat
3162 4160 3217 4207 et
3260 4170 3366 4224 pu-

1793 4229 1943 4285 dere.
1974 4231 2274 4298 Addamus,
2303 4235 2348 4289 si
2372 4235 2540 4300 lubet,
2563 4238 2673 4291 duo
2701 4237 2790 4293 illa
2822 4239 2962 4308 loca,
2987 4257 3111 4311 qua:
3132 4242 3365 4303 Dallaaus

1795 4318 1939 4375 inter
1982 4336 2040 4375 se
2088 4338 2333 4394 pugnare
2381 4325 2634 4393 afﬁrmat,
2668 4328 2734 4382 ab
2775 4327 3011 4385 Eusebio
3058 4333 3221 4389 citata
3254 4352 3364 4391 non

1795 4408 1988 4466 fuisse.
2030 4410 2132 4466 Sed
2186 4416 2436 4484 quamvis
2486 4433 2655 4472 unum
2696 4420 2778 4473 vel
2828 4429 3123 4491 utrumque
3172 4426 3241 4481 ab
3296 4442 3364 4482 eo

1721 4520 1765 4575 υ
1798 4502 2183 4572 transcriptum
2218 4504 2416 4571 fuerit,
2446 4508 2724 4576 probabile
2769 4518 2947 4565 tamen
2999 4527 3108 4567 non
3161 4524 3246 4570 est
3281 4517 3364 4570 vi-

1796 4610 1917 4649 rum
1943 4596 2497 4664 perspicacissimum,
2531 4598 2624 4667 qui
2657 4607 2805 4654 tanta
2841 4600 3122 4673 diligentia
3153 4607 3359 4677 episto-

1788 4686 1872 4742 las
1925 4686 2117 4757 lgnalii
2167 4691 2604 4759 examinaverat,
2652 4694 2797 4749 hanc
2836 4694 2883 4750 si
2931 4711 3054 4766 qua:
3103 4710 3249 4757 esset
3303 4704 3360 4760 in

1788 4776 2032 4846 ejusdem
2078 4776 2270 4847 lgnatii
2309 4780 2506 4847 verbis,
2538 4796 2566 4834 a
2602 4796 2680 4848 se,
2727 4782 2807 4837 uti
2839 4783 3058 4854 dicitur,
3095 4793 3360 4847 transcri-

1788 4870 1936 4939 ptis,
1980 4880 2224 4939 apertam
2270 4887 2378 4927 non
2408 4873 2858 4933 animadvertisse
2912 4885 3353 4953 repugnantiam.

1787 4958 1902 5014 lmo
1931 4960 2189 5017 omnibus
2212 4969 2421 5018 certum
2452 4964 2625 5021 videri
2650 4966 2811 5024 debet
2839 4970 2929 5025 illa
2960 4972 3151 5042 lgnatii
3187 4977 3352 5032 verba

1787 5067 1974 5108 secum
2029 5054 2233 5123 optime
2280 5057 2588 5128 cohaerere,
2630 5076 2753 5132 qua:
2793 5061 3063 5121 Eusebius
3101 5066 3242 5123 inter
3292 5084 3354 5125 se

1782 5157 2024 5214 pugnare
2058 5160 2168 5201 non
2201 5150 2493 5219 perspexit.

1849 5236 2081 5293 Constat
2141 5251 2403 5310 praeterea
2439 5242 2733 5299 Eusebium
2789 5260 2857 5300 ex
2909 5246 3127 5317 aliquo,
3184 5264 3346 5319 quem

1778 5338 1946 5394 penes
1993 5342 2052 5383 se
2095 5328 2389 5397 habuerat,
2428 5347 2593 5386 manu
2632 5343 2854 5388 exarato
2887 5335 3074 5391 codice
3111 5340 3346 5409 prolixa,

1776 5432 1898 5486 quae
1926 5432 1994 5473 ex
2025 5419 2272 5487 epistulis
2298 5422 2589 5492 Ignatianis
2611 5424 2899 5494 exscripsit
2927 5426 3077 5495 loca,
3100 5429 3157 5483 in
3186 5446 3345 5488 suam

1776 5526 1939 5579 quam
1968 5527 2111 5567 anno
2141 5512 2279 5579 3‘26,
2320 5524 2413 5569 aut
2438 5516 2593 5585 juxta
2625 5515 2879 5571 Dallarum
2898 5517 3025 5585 330,
3055 5522 3225 5578 edidit
3261 5526 3346 5580 lii-

1782 5603 2007 5658 storiam
2053 5605 2410 5675 trapstulisse.
2464 5605 2627 5677 Atqui
2674 5622 2738 5661 ex
2786 5608 2976 5664 eodem
3014 5609 3214 5669 Dallmo
3264 5617 3347 5672 hac

179 5714 216 5744 "
242 5712 425 5769 llomil.
451 5717 514 5798 in
546 5713 715 5798 Cant.
770 5710 817 5743 οδ
848 5711 1125 5798 admonit.
1151 5714 1203 5769 in
1234 5715 1328 5773 lib.
1363 5715 1593 5773 Ambros
1651 5707 1727 5774 De
1770 5719 1925 5775 Isaac
1954 5730 2003 5777 ct
2028 5723 2195 5786 arum,
2252 5735 2296 5768 π
2348 5739 2466 5791 cap.
2504 5728 2593 5798 55',
2627 5741 2677 5797 p.
2716 5723 2843 5782 “‘2.
2916 5729 2962 5761 "
2996 5728 3089 5786 lib.
3124 5746 3182 5786 ill
3240 5732 3343 5787 lli-

128 5792 250 5852 stor.,
274 5801 382 5860 cap.
409 5787 500 5841 56.
584 5785 632 5817 ⁹⁷
668 5798 795 5854 pag.
843 5783 966 5838 445.
