3800 6208
383 309 485 364 ωε

1437 309 1495 363 S.
1536 309 1884 367 IGNATIUS.
1931 344 1997 350 —
2037 311 2569 367 PROLEGOMENA.
3527 313 3617 369 496

384 428 579 499 lgnatii
617 432 859 502 epistolae
907 433 1053 487 circa
1099 431 1261 486 tinem
1296 433 1479 487 smculi
1513 434 1689 500 tertii,
1728 434 1811 487 vel
1843 434 1948 487 ini-
1974 442 2020 497 Α
2053 435 2428 489 testimonium
2483 433 2709 504 lgnatii,
2745 433 2814 487 ab
2868 432 3175 487 Athanasio
3210 433 3615 501 transcriptum,

383 524 520 576 tium
554 525 765 592 quarti,
802 524 855 577 id
887 532 970 577 est
1022 523 1167 577 circa
1213 540 1414 579 annum
1459 523 1585 591 500,
1617 525 1865 579 exierunt
1894 526 1949 579 in

384 616 579 669 lucem.
609 615 791 670 Codex
844 616 1008 685 igitur
1046 615 1137 669 ille
1161 657 1176 681 ,
1207 630 1316 685 quo
1349 632 1480 672 usus
1533 626 1617 671 est
1660 616 1949 681 Eusebius,

381 709 467 759 vix
504 716 627 761 ante
683 707 905 777 triginta
959 722 1133 761 annos
1184 708 1340 776 juxta
1392 708 1572 762 Dallaci
1637 708 1949 777 opinionem

380 806 636 851 exaratus
685 795 880 851 fuerat.
908 797 1191 863 Quomodo
1238 814 1370 870 ergo
1407 799 1489 854 vir
1541 799 1630 853 ille
1658 799 1951 868 sagacissi-

383 904 537 953 mus,
568 888 659 956 qui
711 896 791 942 tot
822 890 1232 959 manuscriptos
1274 891 1496 946 codices
1524 892 1834 958 evolverat,
1869 900 1951 947 tot

379 979 705 1034 lustraverat
758 980 1157 1047 bibliothecas,
1217 982 1376 1037 fidem
1427 984 1785 1053 manuscripti
1835 993 1947 1038 tam

378 1073 613 1128 recentis
668 1083 975 1142 suspectam
1026 1090 1135 1129 non
1191 1074 1424 1129 habuit?
1457 1075 1566 1130 Cur
1609 1076 1743 1131 alios
1789 1085 1947 1131 vetu-

377 1166 571 1221 stiores
619 1181 749 1221 cura
785 1168 946 1221 solita
979 1184 1086 1222 non
1133 1168 1421 1239 quaesivit?
1449 1171 1560 1225 Cur
1604 1170 1838 1239 denique
1882 1185 1945 1224 ea

377 1258 560 1311 omnia
596 1260 900 1313 recentiora
956 1259 1246 1330 dogmata,
1286 1277 1408 1331 quzc
1460 1262 1694 1318 Dallaeus
1756 1264 1809 1317 in
1860 1262 1945 1317 his

376 1349 617 1418 epistolis
671 1350 1066 1419 deprehendit,
1126 1352 1362 1409 hzereses
1420 1354 1683 1409 nimirum
1736 1356 1943 1426 lgnatio

380 1440 749 1507 posteriores,
797 1441 1014 1512 aliaque
1068 1445 1389 1514 quamplura
1447 1456 1571 1515 post
1610 1462 1732 1502 eum
1782 1464 1939 1514 nata,

376 1532 580 1584 nullam
614 1532 715 1601 ipsi
749 1549 815 1590 ne
848 1535 930 1588 vel
965 1536 1246 1590 minimam
1276 1537 1496 1607 quidem
1528 1539 1595 1594 de
1627 1543 1939 1598 earumdem

378 1623 730 1692 epistolarum
768 1628 1148 1695 suppositione
1179 1629 1488 1698 injecerunt
1532 1633 1942 1702 suspicionem?

377 1712 568 1769 Nullus
603 1725 749 1771 certe
779 1717 1027 1774 sincerus
1065 1720 1309 1775 veritatis
1355 1732 1588 1789 amator,
1620 1726 1732 1779 hate
1755 1728 1939 1781 omnia

2058 527 2110 578 in
2149 526 2242 579 illa
2279 525 2500 581 Eusebii
2530 527 2763 581 Historia
2809 540 2916 580 non
2954 525 3240 594 reperitur.
3292 524 3618 579 Athanasius

2054 617 2218 686 igitur
2245 618 2376 671 illud
2408 632 2475 671 ex
2506 618 2612 671 alio
2648 617 2935 686 scriptore,
2965 618 3050 671 vel
3088 633 3153 671 ex
3187 616 3377 685 aliquo
3426 616 3621 684 episto-

2051 707 2227 760 larum
2260 707 2453 777 lgnatii
2492 708 2872 776 manuscripto
2895 708 3083 762 codice
3115 716 3401 761 mutuatus
3424 716 3529 759 est.
3561 704 3620 759 At

2050 813 2113 851 ex
2138 799 2334 867 quovis
2364 798 2719 852 doctissimus
2746 798 2837 852 ille
2860 798 3059 867 pracsul
3089 796 3221 850 illud
3246 795 3444 864 lgnatii
3476 796 3620 848 testi-

2050 891 2295 944 monium
2340 891 2644 959 acceperit,
2682 891 2797 959 ipse
2840 890 3159 944 utrumlibet
3188 898 3352 943 tantae
3386 889 3621 957 antiqui-

2048 981 2177 1036 tatis
2200 990 2255 1036 et
2282 983 2626 1037 auctoritatis
2652 982 2987 1036 existimavit
3007 1023 3021 1047 ,
3052 990 3113 1036 ut
3139 982 3264 1036 inde
3297 982 3619 1036 catholicam

2049 1072 2210 1127 ﬁdem
2240 1074 2503 1129 adversus
2542 1074 2871 1129 Arianorum
2914 1074 3157 1144 argutias
3186 1083 3241 1129 et
3293 1072 3619 1127 subtilitates

2048 1176 2166 1223 tuto
2208 1167 2411 1221 muniri
2444 1176 2497 1221 et
2542 1166 2758 1222 defendi
2788 1182 2949 1237 posse
2990 1182 3313 1237 persuasum
3348 1165 3618 1220 habuerit.

2047 1261 2243 1329 Liquet
2270 1259 2432 1327 igitur
2456 1268 2510 1313 et
2538 1269 2760 1315 constat
2781 1260 3137 1313 Athanasium
3164 1274 3275 1312 non
3307 1275 3375 1314 ex
3405 1258 3619 1314 Eusebii

2041 1348 2299 1416 llistoria,
2334 1350 2428 1404 sed
2469 1365 2535 1404 ex
2570 1350 2754 1419 aliquo
2784 1349 3103 1404 veneranda:
3134 1350 3486 1418 antiquitatis
3510 1366 3622 1404 mo-

2045 1443 2313 1509 nimento,
2340 1443 2694 1512 epistularum
2743 1442 2981 1507 illarum,
3010 1455 3147 1511 quas
3174 1440 3386 1510 lgnatio
3413 1441 3621 1505 tribuit,

2044 1536 2243 1591 citasse
2269 1534 2666 1589 testimonium.
2694 1534 2938 1603 Denique
2966 1533 3258 1588 Eusebium
3288 1534 3343 1587 in
3386 1534 3621 1589 citandis

2043 1628 2237 1699 lgnatii
2284 1629 2531 1699 epistolis
2591 1629 2743 1684 nullo
2774 1629 2934 1683 modo
2985 1642 3202 1682 errasse
3249 1628 3616 1683 ostendimus.

2042 1722 2269 1777 Frustra
2324 1721 2486 1792 igitur
2538 1720 2871 1776 Athanasius
2911 1720 2981 1775 ab
3035 1720 3128 1774 illo
3178 1719 3412 1774 delusus
3452 1718 3621 1776 fuisse

374 1804 655 1861 credibilia
684 1821 807 1863 esse
844 1810 946 1863 sibi
987 1827 1228 1880 unquam
1270 1785 1658 1882 persuadebit:
1700 1819 1793 1873 sed
1822 1820 1944 1873 nul—
1976 1785 2018 1840 Β
2042 1816 2263 1872 dicitur.

374 1894 485 1950 lum
512 1896 579 1951 ab
605 1895 843 1953 Eusebio
875 1913 1188 1970 perceptum
1212 1904 1279 1959 de
1316 1904 1519 1960 Irenaeo
1548 1917 1602 1961 et
1640 1908 1942 1981 Polycarpo

372 2002 615 2043 errorem
650 2000 944 2060 agnoscet,
975 1992 1185 2063 hasque
1228 1996 1488 2065 epistolas
1535 2015 1725 2055 verum
1756 2016 1821 2057 ac
1847 2019 1940 2074 ge-

373 2079 603 2133 nuinum
628 2078 820 2151 lgnatii
855 2097 992 2153 Opus
1021 2099 1143 2139 esse
1172 2086 1317 2141 ultro
1347 2088 1622 2146 fatebitur.

371 2190 491 2262 §ll.
537 2191 833 2248 Secundum
877 2209 1244 2266 argumentum
1284 2219 1349 2257 ea:
1378 2205 1661 2260 Athanasii
1709 2208 1940 2263 Alexan-

756 2268 897 2319 drini
927 2271 1225 2323 testimonio
1252 2272 1552 2330 deductum.

440 2352 578 2408 Cum
611 2352 869 2410 Dallaeani
909 2364 1062 2413 tanta
1106 2362 1408 2430 pertinacia
1457 2368 1789 2421 contendant
1828 2368 1941 2425 Eu-

370 2444 584 2499 sebium
615 2461 738 2501 esse
762 2446 969 2503 fontem
1008 2468 1026 2502 t
1060 2453 1242 2508 omnis
1273 2455 1339 2509 de
1385 2456 1682 2526 lgnatianis
1717 2462 1939 2529 erroris,

369 2537 461 2606 qui
486 2554 623 2608 pene
646 2553 835 2595 omnes
862 2541 1160 2599 Christiani
1194 2551 1434 2606 nominis
1467 2554 1711 2610 eruditos
1746 2572 1940 2625 perva-

369 2631 476 2693 sit;
508 2648 527 2681 ι
562 2632 697 2686 nihil
728 2642 874 2690 certe
904 2637 1106 2692 mirum
1144 2641 1191 2696 si
1236 2656 1427 2698 omnes
1464 2643 1576 2699 fere
1600 2660 1721 2716 post
1767 2648 1941 2706 Euse-

372 2720 520 2810 bium
557 2723 883 2793 scriptores,
912 2743 979 2783 ex
1023 2730 1157 2795 hoc,
1184 2749 1345 2803 quem
1385 2747 1701 2806 corruptum
1732 2742 1937 2810 dicunt,

369 2809 523 2866 {ante
556 2828 710 2869 suam
735 2817 802 2872 de
831 2817 1024 2889 lgnatii
1050 2823 1296 2892 epistolis
1339 2830 1662 2885 sententiam
1694 2809 1941 2890 hausisse

372 2920 655 2974 perperam
702 2924 1037 2969 asseverent.
1084 2915 1196 2973 llos
1222 2918 1386 2989 igitur
1422 2922 1696 2991 opinionis
1738 2936 1941 2984 nostrae

368 2998 852 3063 praestantissimos
886 3014 1205 3074 assertores,
1259 3018 1421 3079 atque
1463 3016 1645 3070 omnis
1682 3018 1856 3073 aetatis
1886 3026 1939 3074 et

365 3086 690 3143 eruditionis
721 3091 866 3146 viros
910 3093 1159 3150 deserere
1200 3100 1375 3153 coacti
1399 3140 1412 3164 ,
1454 3102 1541 3155 vix
1576 3104 1808 3159 duorum
1842 3115 2010 3183 autc

367 3176 531 3230 trium
556 3180 825 3247 quaedam,
876 3184 953 3237 uti
988 3185 1162 3253 aiunt,
1184 3199 1363 3244 errata
1407 3193 1686 3261 minuere,
1717 3198 1803 3252 vel
1838 3215 1937 3253 au-

367 3264 677 3324 ctoritatem
709 3272 923 3328 elevare
959 3288 1248 3333 conantur.
1282 3279 1499 3338 Primus
1544 3284 1683 3340 inter
1714 3303 1810 3345 eos
1842 3291 1937 3345 do-

365 3358 541 3411 ctrina
590 3369 647 3415 ct
697 3362 893 3418 merito
939 3368 1141 3422 eminet
1190 3369 1559 3441 Athanasius,
1595 3377 1937 3437 Alexandriae

364 3446 676 3518 episcopus,
713 3452 807 3521 qui
839 3454 1126 3522 epistolam
1163 3456 1357 3528 lgnatii
1389 3463 1457 3516 ad
1492 3462 1758 3535 Ephesios
1786 3470 1936 3526 hunc

364 3537 546 3594 laudat
576 3541 631 3595 in
665 3543 887 3599 modum
914 3546 998 3601 9':
1042 3566 1061 3598 ι
1096 3547 1338 3620 lgnatius
1367 3564 1493 3622 post
1524 3560 1802 3626 apostolos
1832 3563 1937 3617 An-

366 3630 581 3685 tiochia:
605 3635 828 3702 praesul,
853 3645 907 3691 et
935 3650 1143 3710 martyr
1191 3641 1417 3711 Christi,
1456 3647 1511 3700 in
1538 3648 1783 3718 epistolis
1820 3654 1936 3709 suis

362 3721 430 3774 de
460 3720 691 3779 Domino
722 3725 797 3778 ita
823 3728 1041 3785 loeutus
1071 3739 1188 3787 est:
1222 3731 1373 3790 Unus
1405 3746 1487 3791 est
1526 3742 1772 3798 medicus
1815 3761 1936 3801 car-

364 3812 504 3868 nalis
534 3823 589 3867 et
626 3816 889 3884 spiritalis
910 3860 925 3885 ,
958 3822 1175 3890 genitus
1218 3834 1272 3878 et
1303 3826 1603 3897 ingenitus,
1634 3834 1687 3888 in
1715 3834 1937 3893 homine

367 3902 528 3969 Deus,
552 3906 608 3958 in
637 3917 811 3963 morte
838 3910 945 3965 vita
969 3928 1117 3981 vera,
1145 3932 1212 3969 ex
1240 3916 1404 3974 Maria
1432 3931 1485 3977 et
1504 3922 1634 3980 Deo.
1658 3946 1677 3979 ι
1702 3926 1935 3986 Dallreus

368 3995 459 4049 ubi
494 3997 597 4052 hoc
646 3999 934 4057 Athanasii
984 4006 1358 4065 testimonium
1407 4018 1691 4086 expendit,
1734 4019 1935 4076 fatetur

364 4088 518 4141 illum
549 4088 603 4143 in
636 4105 702 4145 eo
756 4108 863 4147 non
887 4110 1174 4167 peccasse,
1207 4103 1352 4171 quod
1398 4107 1676 4177 egregium
1730 4111 1930 4180 locum,

365 4195 546 4235 causa:
572 4196 685 4239 sua:
723 4184 1095 4254 utilissimum,
1152 4207 1314 4261 quem
1344 4211 1411 4250 ex
1458 4196 1652 4267 lgnatii
1688 4201 1932 4271 epistolis

365 4281 560 4326 nactus
585 4271 744 4342 ferat,
773 4276 894 4344 ejus
934 4282 1158 4336 nomine
1188 4284 1507 4342 laudaverit.
1540 4289 1763 4361 Magnas
1787 4298 1933 4349 certe

361 4361 697 4422 Athanasius
748 4365 948 4424 Dallaeo
978 4411 993 4435 ,
1047 4374 1193 4443 quod
1237 4392 1363 4431 eum
1420 4394 1450 4432 a
1480 4390 1742 4448 peccato,
1785 4385 1930 4453 quod

2044 1950 2075 2023 ς
2105 1950 2191 2005 lll.
2236 1948 2472 2005 Tertium
2499 1956 2863 2023 argumentum
2894 1945 3223 2023 etr‘Joannis
3252 1944 3620 2015 Chrysostomi

2532 2019 2846 2072 auctoritate
2868 2020 3122 2071 elicitum.

2110 2134 2468 2189 Athanasium
2506 2132 2753 2202 proxime
2785 2138 3007 2186 secutus
3044 2136 3129 2183 est
3164 2126 3621 2198 Chrysostomus,

2045 2228 2138 2297 qui
2164 2227 2216 2281 in
2250 2227 2697 2295 oratione,quam
2728 2222 3035 2278 Antiochiae
3052 2220 3118 2275 de
3141 2218 3331 2289 lgnatii
3359 2218 3623 2288 martyrio

2042 2320 2255 2387 habuit,
2288 2320 2368 2375 sic
2400 2318 2641 2388 loquitur
2660 2319 2706 2349 θ’
2733 2333 2748 2371 :
2780 2335 2798 2367 ι
2824 2313 2979 2369 Unde
3007 2314 3113 2368 hoc
3140 2306 3197 2365 lit
3222 2309 3575 2380 perspicuum
3598 2310 3625 2359 ?

2042 2413 2124 2467 Ex
2156 2414 2338 2468 verbis
2366 2428 2485 2482 qure
2506 2410 2810 2498 moriturus
2840 2409 3187 2479 loquebatur.
3214 2406 3355 2460 Cum
3389 2406 3538 2460 enim
3567 2406 3621 2459 id

2043 2521 2214 2575 genus
2242 2504 2497 2575 supplicii
2551 2502 2655 2559 sibi
2691 2501 3036 2556 subeundum
3065 2514 3187 2555 esse
3216 2497 3579 2553 intellexisset
3604 2515 3619 2551 :

2043 2594 2176 2661 Ego,
2231 2595 2427 2664 inquit,
2464 2595 2602 2664 feras
2652 2593 2777 2646 illas
2808 2590 3392 2661 adjuvaremnGraice
3448 2605 3618 2644 vero:

2054 2685 2193 2754 Ἐγὼ
2210 2688 2316 2738 τῶν
2340 2686 2561 2740 ἐκείνων
2584 2684 2832 2754 ὀναίμην,
2856 2683 3025 2751 ἔλεγε.
3046 2682 3175 2747 Qua:
3186 2680 3409 2751 quidem
3430 2679 3623 2735 Graeca

2040 2780 2205 2833 verba
2223 2794 2287 2833 ex
2306 2778 2493 2849 lgnatii
2527 2777 2752 2847 epistola
2772 2777 2837 2829 ad
2862 2773 3139 2828 Romanos
3176 2772 3469 2839 desumpta
3497 2785 3623 2824 esse

2040 2886 2202 2925 nemo
2259 2886 2369 2926 non
2412 2869 2575 2923 videt.
2615 2867 2863 2921 Attamen
2907 2864 3139 2920 Dallaeus
3174 2862 3463 2918 contendit
3503 2862 3619 2892 "M

2038 2962 2489 3037 Chrysostomum
2542 2980 2560 3012 ‹
2616 2960 2753 3014 nihil
2812 2957 3008 3028 lgnatii
3068 2955 3353 3027 proprium
3423 2962 3621 3025 praeter

2040 3059 2355 3129 passionem
2407 3056 2627 3117 dicere,
2675 3068 2739 3106 ex
2770 3067 2878 3121 qua
2915 3050 3005 3103 illa
3054 3049 3175 3118 ejus
3228 3047 3399 3101 verba
3450 3045 3624 3099 refert

2042 3164 2206 3224 atque
2237 3152 2569 3221 ampliﬁcat:
2608 3169 2627 3201 ι
2660 3148 2713 3201 id
2746 3154 2849 3211 est,
2874 3145 3028 3215 juxta
3064 3142 3247 3197 Dallzei
3273 3140 3621 3210 Opinionem,

2039 3250 2490 3319 Chrysostomum
2524 3243 2640 3296 hrec
2669 3240 2833 3294 verba
2866 3254 2973 3292 non
3006 3252 3071 3291 ex
3117 3233 3364 3304 epistolis
3400 3232 3619 3302 lgnatii,

2041 3340 2135 3395 sed
2159 3355 2224 3393 ex
2250 3335 2496 3407 martyrii
2530 3333 2706 3403 ipsius
2731 3330 2882 3384 Actis
2905 3336 3127 3396 accepta
3156 3324 3384 3380 referre.
3413 3322 3619 3377 Verum

2041 3430 2092 3483 id
2119 3428 2342 3481 omnino
2395 3424 2598 3478 falsum
2633 3437 2752 3476 esse
2786 3420 2910 3473 inde
2935 3418 3047 3487 jam
3088 3414 3619 3476 demonstravimus,

2039 3523 2185 3591 quod
2228 3520 2395 3574 verba
2450 3519 2539 3571 illa
2573 3531 2683 3569 non
2727 3514 2779 3567 in
2812 3512 2958 3565 veris
2988 3518 3043 3565 et
3090 3508 3324 3563 sinceris
3366 3504 3621 3575 martyrii

2039 3614 2305 3685 lgnatiani
2336 3611 2506 3673 Actis,
2546 3610 2637 3665 sed
2669 3604 3049 3663 tantummodo
3083 3601 3136 3654 in
3183 3601 3530 3669 interpolatis
3562 3606 3621 3652 et

2039 3706 2332 3775 corruptis,
2357 3714 2410 3758 et
2433 3703 2826 3773 Chrysostomo
2855 3696 3075 3768 penitus
3101 3693 3426 3763 incognitis,
3456 3706 3619 3761 repe-

2038 3800 2273 3853 riantur.

2109 3915 2283 3970 Instat
2309 3922 2490 3967 tamen
2525 3906 2796 3963 Dallteus’
2825 3921 2838 3959 :
2872 3906 2891 3954 ι
2922 3901 3169 3957 Cur-non
3205 3898 3422 3968 aliquas
3449 3912 3513 3951 ex
3544 3894 3619 3949 iis

2036 4008 2282 4081 epistolis
2312 4049 2326 4074 ,
2362 4005 2601 4060 maxime
2646 3999 2946 4055 laudabiles
2997 3994 3296 4051 sententias
3318 4033 3333 4058 ,
3368 4005 3521 4060 aeque
3547 4003 3619 4042 ac

2037 4105 2186 4158 illam
2212 4100 2471 4171 martyris
2506 4113 2602 4151 ore
2628 4095 2896 4165 prolatam
2924 4090 3142 4153 recitat,
3172 4084 3520 4141 suavissimis
3549 4095 3621 4135 ac

2034 4192 2421 4268 pulcherrimis
2441 4190 2640 4245 divina:
2673 4202 2787 4242 sua:
2815 4181 3143 4253 eloquentia:
3182 4178 3411 4233 ﬂoribus
3441 4190 3614 4230 orna-

2035 4291 2173 4344 tas?»
2210 4284 2317 4340 Sed
2342 4286 2457 4337 haec
2488 4298 2519 4335 a
2546 4280 2767 4345 Dallmo,
2793 4284 2954 4330 tanta:
2979 4270 3308 4327 eruditionis
3330 4271 3473 4335 viro,
3498 4277 3622 4322 tam

2034 4380 2230 4450 frigide
2267 4372 2575 4446 objicienda
2638 4384 2746 4423 non
2791 4372 2991 4431 erant,
3019 4364 3221 4433 quippe
3269 4362 3364 4432 qui
3398 4359 3625 4450 nescire

366 4457 573 4512 nulluni
606 4474 729 4515 esse
776 4471 1011 4530 poterat,
1042 4466 1351 4523 urbanitate
1384 4478 1491 4523 tam
1539 4448 1932 4543 singulari-ex-
1963 4470 2007 4525 D
2038 4448 2144 4524 non
2177 4473 2388 4537 poterat
2418 4462 2561 4533 apud
2599 4461 2855 4529 antiquos
2882 4456 3094 4519 Patres,
3120 4453 3217 4522 qui
3250 4448 3625 4522 panegyricas

365 4555 537 4612 euset,
568 4548 794 4606 haberet
824 4554 1051 4623 gratias,
1086 4558 1130 4612 si
1159 4559 1339 4628 ipsum
1363 4561 1626 4617 continuo
1648 4575 1935 4636 pr0pterea

362 4652 471 4690 non
500 4652 801 4709 accusaret,
844 4646 991 4715 quod
1027 4650 1350 4716 gravissima
1381 4651 1748 4721 disputatione
1773 4672 1937 4713 oceu-

362 4737 559 4797 patus,
608 4740 878 4790 ostentata
910 4738 1015 4792 sibi
1046 4739 1115 4793 ab
1160 4739 1399 4797 Eusebio
1428 4740 1565 4796 falsa
1593 4742 1785 4814 lgnatii
1836 4764 1936 4803 au-

296 4850 299 4851 ν
360 4818 613 4876 ctoritate
668 4822 890 4881 delusus
945 4828 1035 4882 sit.
1074 4827 1278 4884 Verum
1322 4846 1431 4900 quo
1488 4832 1578 4888 ille
1612 4847 1934 4905 argumento

360 4913 761 4971 demonstrabit
796 4918 1159 4976 Athanasium
1190 4924 1258 4977 ab
1304 4922 1541 4980 Eusebio
1570 4926 1740 4982 fuisse
1777 4930 1929 4984 delu-a

360 5006 525 5059 sum?
552 5005 848 5079 Postquam
894 5012 1179 5066 enimvero
1208 5013 1434 5069 historia
1464 5014 1685 5071 Eusebii
1714 5019 1931 5089 vulgata

359 5099 658 5159 est,statim
682 5099 1041 5168 Athanasius,
1076 5103 1264 5158 relicta
1287 5106 1639 5174 Alexandria,
1673 5107 1829 5180 longe
1862 5110 1933 5164 ab

362 5184 598 5243 Eusebio
630 5191 745 5246 fere
784 5209 1000 5263 semper
1022 5194 1201 5251 abluit
1222 5238 1236 5261 ,
1275 5208 1438 5267 atque
1460 5198 1753 5255 Historiam
1783 5200 1932 5269 ejus-

2038 4564 2105 4619 de
2138 4562 2489 4632 martyribus,
2515 4558 2750 4626 aliisque
2777 4554 2909 4609 viris
2937 4548 3301 4608 sanctissimis
3330 4545 3625 4601 orationes

2039 4656 2369 4717 habuerunt,
2404 4651 2459 4705 in
2496 4664 2651 4703 more
2677 4662 2786 4702 non
2817 4644 2990 4700 fuisse
3028 4657 3096 4696 ex
3129 4653 3324 4694 eorum
3364 4634 3627 4706 epistolis

2039 4751 2123 4804 vel
2158 4749 2377 4817 scriptis
2420 4747 2652 4802 recitare
2688 4763 2706 4796 ι
2742 4742 3047 4799 laudabiles
3089 4738 3395 4796 sententias
3422 4776 3439 4799 ,
3476 4750 3626 4790 sua-

2040 4836 2279 4891 vissimis
2333 4850 2397 4889 ac
2442 4832 2826 4903 pulcherrimis
2873 4831 3072 4885 divina:
3116 4843 3232 4883 suae
3285 4825 3633 4896 eloquentiae

2036 4926 2266 4981 ﬂoribus
2311 4933 2588 4980 ornatas.»
2624 4923 2861 4994 Legatur
2887 4922 3213 4993 panegyrica
3235 4917 3528 4990 Augustini
3556 4920 3628 4972 in

2038 5009 2371 5088 Cyprianum
2399 5016 2607 5082 oratio,
2647 5017 2896 5087 legantur
2926 5015 3046 5069 alia:
3076 5014 3145 5068 ab
3187 5012 3311 5066 aliis
3354 5010 3630 5064 Patribus

2038 5114 2307 5175 perorata:
2330 5147 2345 5172 ,
2373 5121 2437 5159 ac
2488 5106 2543 5159 in
2578 5106 2660 5161 eis
2706 5105 3006 5161 laudabiles
3039 5118 3229 5159 eorum
3286 5110 3631 5167 sententias,

2037 5214 2174 5269 quas
2210 5200 2264 5253 in
2298 5197 2693 5270 Chrysostomo
2748 5198 2816 5252 de
2874 5197 3084 5266 lgnatio
3135 5205 3327 5250 nostro
3375 5194 3627 5249 Dallaeus

2036 5294 2347 5357 desiderat,
2388 5293 2649 5347 recitatas
2698 5294 2882 5349 nullus
2916 5292 3171 5361 reperiet.
3198 5288 3404 5343 Deinde
3435 5288 3631 5357 Chry.
3678 5304 3681 5329 π

2038 5400 2313 5441 sosmmus
2343 5387 2482 5439 hanc
2526 5387 2701 5439 solam
2731 5402 2799 5441 ex
2844 5385 3033 5455 lgnatii
3078 5383 3325 5453 epistolis
3357 5380 3621 5450 pulcher.

2037 5478 2232 5531 rimam
2281 5478 2602 5532 sententiam
2630 5478 2998 5533 deﬂorandam
3048 5491 3170 5531 esse
3198 5486 3448 5539 censuit,
3496 5488 3645 5528 non

360 5278 489 5333 dem
509 5280 727 5339 Eusebii
752 5286 807 5340 in
836 5303 1034 5342 manus
1071 5289 1191 5359 ejus
1236 5307 1517 5361 nunquam
1554 5293 1769 5347 venisse
1800 5309 1929 5349 vero

361 5384 444 5424 est
495 5375 856 5431 simillimum.
887 5379 1139 5435 Attamen
1184 5392 1302 5436 esto
1352 5384 1442 5436 illa
1468 5384 1521 5436 in
1571 5398 1763 5440 manus
1808 5385 1928 5454 ejus

362 5467 592 5521 venerit.
647 5466 793 5522 Nihil
841 5486 973 5526 sane
1024 5474 1150 5529 inde
1192 5475 1442 5529 conﬁciet
1498 5474 1750 5531 Dallaeus.
1789 5475 1927 5532 Nam

509 5620 586 5673 De
617 5622 799 5697 signed.
828 5624 999 5697 ᾼςὶιη.
1034 5637 1081 5679 et
1119 5626 1345 5694 Seleuc.,
1385 5644 1436 5697 p.
1480 5630 1603 5696 9°22,
1640 5632 1772 5685 edit.
1800 5631 1985 5687 ?Paris.

441 5632 477 5699 ζ’
509 5632 586 5705 ue
617 5632 799 5705 ξείξοα.
823 5632 999 5705 fight.
1034 5637 1081 5679 et
1119 5632 1345 5694 Seleuc.,
1385 5644 1436 5697 p.
1480 5632 1603 5696 9°22,
1640 5632 1772 5685 edit.
1800 5632 1985 5687 ?Paris.
2094 5634 2137 5664 ”
2168 5632 2357 5685 homil.
2403 5632 2489 5686 42.
2538 5643 2577 5687 t.
2618 5634 2658 5700 l,
2704 5634 3045 5699 edit.Paris.,
3072 5649 3123 5703 p.
3148 5634 3272 5688 506.

392 5681 489 5750 ss,
518 5704 575 5756 ι).
608 5681 729 5743 416.
823 5695 842 5723 ’
875 5696 1005 5748 una.

3352 5638 3459 5699 ιοαί
3485 5653 3553 5691 ca
3570 5658 3647 5697 ο.
