3768 6352
190 317 273 374 497

1090 306 1150 360 D.
1194 300 1484 360 NOURRll
1524 295 2004 355 DISSERTATIO.
2044 330 2111 339 —
2150 297 2352 353 PARS.
2393 297 2437 353 Ι,

3283 301 3389 359 698

191 442 292 495 ideo
327 444 517 493 tantum
561 436 687 504 quia
731 448 1006 489 summum
1059 432 1179 502 ejus
1226 446 1323 500 pro
1370 428 1589 484 Christo
1616 445 1714 497 pa-
1744 422 1791 480 Α
1818 424 1937 491 Quo
1969 425 2114 480 enim
2156 434 2312 495 pacto
2349 425 2525 482 sancti
2574 424 2718 478 illius
2762 423 3003 479 doctoris
3050 424 3103 478 in
3154 433 3389 481 mentem

190 532 333 589 tiendi
372 529 611 585 ardorem
664 527 1007 598 apertissime
1057 525 1416 590 ostendebat,
1448 525 1540 579 sed
1586 524 1715 592 quia

189 642 291 680 eam
331 640 533 694 quoque
572 622 638 676 ad
669 621 1023 677 celebrandas
1062 619 1195 675 tanti
1228 619 1486 689 martyris
1529 617 1718 671 laudes

190 718 338 787 magis
376 715 671 771 conducere
700 714 1000 769 arbitratus
1037 723 1141 768 est.
1180 710 1425 781 Denique
1455 709 1538 764 vel
1576 709 1714 772 sola,

187 825 325 881 quam
355 824 508 878 supra
538 808 911 873 exhibuimus,
950 805 1307 876 epistolarum
1339 804 1536 875 lgnatii
1579 819 1715 858 ana-

186 902 270 973 lysi
294 916 388 955 non
414 901 639 955 obscure
670 900 946 971 colligitur
958 899 1413 971 Chrysostomum
1434 911 1499 953 ex
1523 896 1714 952 iisdem

188 1008 237 1047 ea
265 990 649 1060 desumpsisse,
678 1006 801 1061 quae
828 990 1030 1045 ibidem
1059 988 1191 1044 dicit
1210 1030 1225 1054 ,
1249 988 1414 1043 urbes
1462 986 1529 1041 ad
1576 1001 1716 1057 quas

184 1083 392 1155 lgnatius
424 1098 521 1137 suo
544 1083 598 1137 in
621 1083 816 1138 itinere
847 1083 1152 1138 diversatus
1178 1089 1282 1147 est,
1308 1081 1459 1134 illum
1488 1099 1502 1134 :
1535 1097 1554 1130 ι
1577 1078 1715 1135 Cttm

186 1191 354 1247 magno
393 1184 694 1231 commeatu
732 1175 1037 1243 dimisisse,
1092 1174 1346 1245 precibus
1390 1180 1445 1227 et
1490 1171 1716 1243 legatio-

187 1267 319 1323 nibus
342 1266 507 1337 ipsum
540 1266 879 1335 adjuvantes.
916 1286 935 1319 ι

243 1356 560 1428 Subjungere
611 1360 694 1413 his
732 1374 1027 1429 possumus
1077 1360 1328 1414 eumdem
1383 1358 1714 1429 Chrysosto-

184 1467 307 1504 mum
354 1452 452 1505 alia
496 1452 549 1504 in
583 1453 833 1507 oratione
881 1452 1045 1507 verba
1079 1453 1308 1523 lgnatii,
1334 1466 1455 1521 quae
1498 1466 1563 1506 ex
1595 1449 1714 1519 ejus

183 1544 237 1596 ad
280 1542 624 1613 Polycarpum
677 1545 909 1613 epistola
959 1554 1243 1599 mutuatus
1300 1544 1512 1611 fuerat,
1570 1544 1716 1599 hunc

182 1635 397 1690 hausisse
434 1635 486 1688 in
525 1637 819 1692 modum':
852 1654 871 1688 ι
902 1636 1191 1707 Propterea
1234 1637 1431 1692 nobilis
1474 1636 1558 1691 vir
1590 1636 1715 1707 qui-

181 1726 285 1779 dam
313 1740 373 1780 ex
404 1727 698 1794 veteribus,
728 1727 818 1782 cui
856 1741 1055 1782 nomen
1083 1728 1345 1798 lgnatius,
1376 1727 1579 1798 quique
1618 1742 1711 1781 sa-

179 1816 389 1872 cerdotio
414 1816 579 1871 simul
604 1826 657 1872 ct
689 1819 950 1891 martyrio
972 1818 1263 1874 decoratus
1291 1817 1411 1880 fuit,
1437 1817 1501 1871 ad
1526 1832 1710 1880 socer-

180 1909 334 1963 dotem
363 1910 649 1980 quemdam
678 1912 946 1979 scribens,
977 1912 1225 1967 dicebat:
1260 1929 1279 1961 ‹
1300 1908 1445 1964 Nihil
1470 1909 1589 1965 sine
1618 1918 1711 1965 tua

180 2003 421 2058 voluntate
471 2012 714 2074 geratur,
769 2019 946 2075 neque
995 2005 1122 2059 item
1161 2005 1459 2074 quidquam
1507 2004 1713 2073 absque

182 2093 258 2147 Dei
300 2094 458 2151 facias
523 2097 823 2151 voluntate.
889 2117 907 2149 ›
960 2095 1077 2151 Νοη
1130 2096 1421 2151 difﬁtemur
1485 2111 1714 2165 negasse

180 2186 434 2242 nonnullos
482 2188 626 2243 hanc
682 2188 984 2244 orationem
1033 2188 1204 2244 fuisse
1236 2205 1268 2245 a
1311 2188 1712 2262 Chrysostomo

183 2277 463 2345 profectam.
526 2279 726 2335 Verum
788 2282 905 2337 hrec
962 2281 1037 2336 illi
1076 2282 1338 2337 tribuitur
1387 2298 1419 2337 a
1474 2282 1713 2351 Photio,

181 2367 388 2427 Adriano
418 2373 593 2442 primo
635 2389 853 2428 summo
887 2374 1164 2445 pontifice,
1199 2375 1501 2445 Epiphanio
1530 2375 1715 2429 diaco.

180 2475 254 2527 no,
274 2470 322 2515 et
349 2464 584 2519 secundo
616 2465 848 2521 concilio
872 2463 1124 2533 Nicmno;
1161 2481 1225 2521 ac
1254 2477 1513 2536 praeterea
1538 2467 1708 2537 Chry-

180 2552 374 2605 sostomi
410 2554 582 2625 stylus
612 2555 665 2609 in
700 2570 765 2610 ea
799 2555 964 2610 micat
1002 2564 1057 2611 et
1087 2558 1420 2627 agnoscitur.
1472 2556 1716 2627 Denique

180 2644 221 2698 id
247 2647 431 2702 certius
458 2650 631 2703 asseri
666 2659 862 2719 potest,
898 2667 965 2706 ex
1000 2666 1111 2722 quo
1144 2652 1260 2707 haec
1288 2652 1465 2707 oratio
1507 2652 1715 2722 absque

178 2736 358 2793 lacunis
390 2750 441 2794 et
461 2741 703 2797 hiatibus
739 2742 795 2796 in
814 2742 1024 2798 Savillii
1044 2743 1284 2799 editione
1314 2744 1524 2815 integra
1550 2744 1715 2814 prod-

178 2827 228 2880 iit
249 2829 298 2882 in
336 2830 526 2886 lucem.
1720 2826 1749 2903 γέ

181 2937 308 3006 διν.
350 2942 611 3007 Quartum
652 2953 1018 3024 argumentum
1065 2961 1129 2999 ea:
1183 2944 1501 3014 Hieronymi
1558 2943 1710 2998 testi-

698 3017 874 3067 monio
906 3017 1149 3085 petitum.

1822 519 2010 573 venire
2054 518 2251 587 potuit,
2299 529 2357 574 ut
2406 518 2628 586 scripta,
2676 532 2797 585 quae
2845 516 2915 572 ab
2962 515 3192 587 lgnatio,
3236 524 3391 574 tanto

1821 620 2095 682 martyre,
2156 628 2317 681 quem
2373 614 2581 668 honore
2635 614 2878 668 maximo
2931 586 3387 684 prosequebatur,

1817 704 2062 774 profecta
2096 720 2217 771 esse
2246 705 2475 772 sciebat,
2513 706 2742 775 ipsemet
2764 717 3172 777 aspernaretur.
3200 705 3391 761 Restat

1817 800 1981 871 igitur
2018 807 2081 853 ut
2110 797 2353 867 epistolae
2402 799 2616 868 lgnatii,
2648 800 2693 854 si
2733 800 3029 871 aliquando
3067 816 3165 857 eas
3193 799 3388 854 Hiero-

1815 909 2013 964 nymus
2064 908 2171 947 non
2222 894 2530 963 spreverit,
2576 893 2682 964 ipsi
2726 891 2930 948 fuerint
2971 894 3279 963 incognitae.
3319 892 3390 945 At

1815 986 2093 1056 quomodo
2122 986 2225 1042 illae
2254 987 2521 1057 epistolae,
2550 1003 2690 1057 quas
2716 988 2902 1042 tandiu
2925 988 2993 1042 ab
3012 986 3220 1057 lgnatio
3252 986 3387 1041 scri-

1814 1088 1937 1149 ptas
1968 1077 2138 1135 fuisse
2168 1095 2268 1149 pro
2301 1088 2451 1135 certo
2483 1080 2697 1147 habuit,
2725 1090 3025 1151 potuerunt
3054 1081 3158 1151 ipsi
3196 1088 3387 1150 postea

1813 1172 1931 1228 fieri
1961 1172 2288 1243 incognitae?

1904 1264 2162 1319 Dallzeum
2223 1273 2405 1319 tamen
2455 1266 2576 1320 hmo
2621 1266 2894 1335 paradoxa
2952 1275 3384 1336 propugnantem

1812 1373 2132 1428 sequamur.
2184 1357 2448 1428 lgnatius,
2488 1358 2667 1428 inquit
2697 1360 2815 1423 ille,
2862 1359 2949 1414 his
2976 1359 3223 1428 epistolis
3265 1360 3382 1428 epi-

1812 1465 2104 1521 scoporum
2162 1468 2285 1507 cum
2331 1453 2666 1524 presbyteris
2717 1453 2941 1509 damnat
2990 1455 3381 1524 azqualitatem,

1810 1560 1975 1611 quam
2016 1543 2381 1617 Hieronymus
2438 1564 2457 1598 ‹
2484 1546 2764 1601 mordicus
2804 1546 3009 1615 passim
3059 1546 3318 1602 defendit.
3355 1568 3375 1600 ι

1811 1633 1888 1687 Ex
1933 1651 2043 1704 qua
2092 1637 2377 1707 utriusque
2423 1638 2788 1708 discrepantia
2844 1638 2935 1694 ille
2973 1639 3155 1694 statim
3216 1638 3385 1695 infert

1812 1724 2202 1799 Hieronymum
2251 1731 2349 1785 has
2391 1730 2653 1799 epistolas
2702 1746 2811 1784 non
2860 1731 3158 1797 habuisse,
3224 1752 3241 1783 ‹
3284 1748 3383 1803 pro

1812 1833 1943 1873 vero
1963 1819 2064 1872 viri
2093 1820 2376 1889 apostolici
2408 1820 2518 1875 fetu
2539 1863 2552 1888 ,
2580 1821 2663 1877 vel
2692 1823 2930 1877 nondum
2964 1823 3015 1877 in
3044 1823 3109 1878 iis
3137 1824 3238 1878 ista
3272 1833 3380 1878 tam

1811 1910 1985 1965 multa
2008 1908 2197 1975 fuisse,
2224 1927 2346 1981 qua:
2378 1912 2541 1968 hodie
2565 1914 2631 1968 de
2661 1915 3005 1984 episcopatus
3037 1918 3379 1980 necessitate,

1812 2014 1864 2058 et
1892 2019 2002 2074 prae
2040 2003 2414 2075 presbyteratu
2449 2006 2767 2061 excellentia
2819 2008 3069 2076 legimus.
3099 2028 3116 2061 ι
3180 2008 3380 2065 Verum

1809 2097 1985 2154 ambae
2031 2097 2259 2168 hujusce
2303 2100 2798 2169 argumentationis
2828 2112 3011 2172 partes
3045 2103 3195 2159 falsae
3226 2115 3376 2169 sunt,

1808 2198 1867 2245 et
1909 2190 1974 2245 ad
2020 2191 2295 2260 probanda
2333 2191 2518 2249 Dallaai
2558 2194 2832 2263 paradoxa
2891 2195 3117 2250 omnino
3162 2196 3378 2265 ineptae.

1813 2280 1891 2335 Ac
1918 2282 2153 2350 primum
2203 2284 2421 2352 quidem
2476 2288 2879 2357 consequentia:
2926 2287 3139 2343 falsitas
3181 2307 3247 2347 eo
3295 2293 3383 2348 de-

1815 2384 2163 2441 monstratur,
2193 2378 2336 2447 quod
2365 2380 2556 2435 eodem
2587 2392 2903 2452 argumento
2932 2386 3146 2455 probari
3176 2398 3378 2455 posset,

1812 2481 1875 2522 ea
1902 2469 2085 2523 omnia
2115 2472 2466 2542 antiquorum
2492 2474 2714 2531 Patrum
2746 2478 2947 2549 scripta
2976 2478 3148 2534 eidem
3182 2480 3380 2536 Hiero-

1816 2574 1979 2631 nymo
2020 2562 2206 2632 ignota
2250 2575 2346 2621 aut
2387 2576 2567 2637 spreta
2614 2568 2821 2635 fuisse,
2866 2572 2920 2625 in
2956 2574 3159 2643 quibus
3194 2575 3378 2645 aliqua

1815 2652 2039 2721 opinio,
2098 2670 2261 2724 quam
2324 2658 2446 2713 illet
2498 2662 2772 2717 mordicus
2813 2664 3017 2731 passim
3058 2660 3317 2727 defendit,
3350 2683 3369 2713 ι

1794 2746 2063 2801 damnata
2091 2746 2304 2817 legitur.
2330 2747 2487 2815 Quod
2513 2764 2645 2805 sane
2665 2749 3020 2807 falsissimum
3048 2765 3170 2807 esse
3194 2766 3376 2817 nemo,

1800 2842 1882 2899 ;'ne
1939 2837 2055 2905 ipse
2108 2840 2326 2908 quidem
2388 2841 2640 2904 Dallazus,
2702 2844 2997 2913 negaverit.
3037 2842 3180 2910 Quot
3232 2846 3377 2899 enim

1812 2928 1960 2983 verbi
1992 2931 2163 3000 gratia
2196 2929 2457 3003 Origenes
2490 2934 2544 2989 in
2570 2935 2827 3005 operibus
2854 2935 2971 2993 suis
3000 2935 3227 2991 damnat
3256 2936 3376 3006 opi—

1810 3019 2026 3087 niones,
2060 3038 2197 3091 quas
2230 3023 2592 3098 Hieronymus
2619 3042 2637 3078 ι
2661 3028 2936 3085 mordicus
2952 3028 3157 3098 passim
3187 3029 3378 3083 defen-

235 3122 299 3178 De
322 3123 630 3199 Hieronymi
661 3129 805 3184 circa
830 3130 1048 3184 easdem
1073 3128 1263 3200 lgnatii
1300 3132 1473 3185 nostri
1504 3132 1708 3202 episto-

1844 3110 1985 3165 it?»
2016 3109 2269 3183 Nunquid
2297 3114 2528 3172 Dallzetzs
2583 3126 2729 3172 recte
2790 3118 2913 3173 inde
2967 3120 3252 3176 concludet
3313 3138 3379 3176 ea

178 3214 241 3269 las
260 3219 509 3273 sententia
543 3235 645 3275 cur
671 3220 819 3274 litem
850 3230 1066 3275 moveat
1090 3220 1341 3287 Dallaeus,
1365 3222 1499 3277 satis
1520 3224 1708 3278 mirari

178 3325 265 3365 non
293 3328 602 3382 possumus.
630 3314 771 3382 Quid
797 3317 942 3370 enim
973 3318 1039 3372 de
1065 3317 1133 3372 iis
1169 3317 1252 3371 vir
1285 3318 1375 3372 ille
1406 3318 1711 3373 eruditissi-

178 3415 278 3454 mus
297 3406 541 3472 senserit,
577 3414 686 3461 tam
720 3415 906 3476 aperte
934 3408 1209 3473 declarat,
1236 3416 1296 3462 ut
1337 3409 1476 3463 nihil
1509 3410 1710 3465 clarius

177 3491 438 3550 desiderari
486 3513 657 3567 posse
702 3497 935 3555 Dallzeus
980 3500 1096 3569 ipse
1151 3500 1421 3555 fateatur:
1473 3520 1491 3552 ι
1522 3501 1712 3556 Hiero-

179 3598 363 3651 nymus,
393 3587 629 3658 inquit‘,
663 3590 757 3659 qui
787 3599 1059 3646 errantem
1082 3590 1375 3647 Eusebium
1406 3608 1516 3647 non
1544 3592 1712 3647 semel

179 3684 366 3731 secutus
408 3688 513 3745 est,
556 3681 749 3735 eadem
782 3697 1004 3752 quoque
1034 3683 1101 3737 de
1133 3682 1339 3753 lgnatio
1374 3694 1428 3738 et
1468 3684 1712 3754 epistolis

176 3766 273 3833 ejus
302 3770 451 3828 dixit.
483 3792 503 3825 ι
545 3772 614 3827 Et
642 3776 806 3844 paulo
846 3787 997 3846 post:
1039 3796 1057 3828 (
1091 3775 1311 3833 Eusebii
1350 3792 1541 3833 omnes
1563 3778 1711 3848 judi-

178 3860 318 3926 cium,
341 3862 704 3941 Hieronymus
739 3870 904 3923 etiam
943 3871 1109 3926 verba
1146 3882 1366 3927 secutus
1388 3880 1489 3927 est.
1520 3890 1539 3923 ι
1568 3871 1713 3926 Loca

178 3962 333 4009 autem
363 3959 693 4029 scriptorum
719 3959 1058 4033 Hieronymi,
1082 3963 1177 4017 ubi
1203 3962 1422 4019 Eusebii
1446 3963 1713 4033 judicium

178 4054 222 4098 et
239 4051 408 4117 verba,
437 4061 579 4108 teste
623 4053 845 4121 Dallzeo,
883 4064 1106 4111 secutus
1148 4063 1251 4120 est,
1282 4055 1373 4111 hic
1406 4055 1715 4111 describere

178 4150 267 4189 non
291 4148 365 4194 est
392 4156 650 4205 necesse,
705 4150 819 4196 tum
865 4142 995 4212 quia
1046 4142 1349 4212 prolixiora
1402 4153 1563 4206 sunt,
1597 4153 1713 4195 tum

181 4225 284 4291 Quia
320 4231 382 4284 de
425 4232 512 4287 his
560 4233 821 4288 fatentem
863 4233 1118 4288 Dallaeum
1151 4235 1438 4289 habemus.
1478 4232 1717 4288 Sulliciet

180 4317 335 4389 itaque
369 4323 666 4380 adnotasse
695 4341 755 4380 ea
787 4326 1010 4395 reperiri
1056 4326 1292 4396 primum
1331 4326 1386 4379 in
1418 4326 1559 4380 libro
1598 4326 1718 4395 ejus

180 4410 408 4470 adversus
442 4416 772 4484 Helvidium,
816 4432 976 4486 quem
1013 4432 1156 4471 anno
1208 4416 1315 4471 585
1356 4424 1450 4470 aut
1492 4416 1599 4470 584
1628 4415 1718 4470 ille

180 4509 453 4575 composuit
483 4528 498 4563 :
547 4510 745 4565 deinde
797 4510 852 4564 in
883 4508 1142 4579 Catalogo
1174 4511 1506 4579 scriptorum
1545 4508 1718 4564 eccle-

183 4596 520 4669 siasticarum,
546 4618 708 4671 quem
740 4618 885 4657 anno
905 4602 1011 4657 592
1029 4602 1170 4671 juris
1196 4601 1321 4657 fecit
1341 4618 1463 4658 esse
1489 4603 1715 4672 publici,

180 4684 382 4758 denique
432 4692 487 4745 in
532 4691 827 4747 Comment.
866 4693 921 4745 in
970 4691 1225 4756 Matth.’,
1251 4707 1390 4762 quos
1438 4704 1546 4745 non
1590 4702 1719 4746 ante

182 4790 357 4833 annum
380 4781 486 4837 598
524 4783 643 4852 ipse
664 4798 885 4853 quoque
910 4784 963 4837 in
994 4782 1171 4837 lucem
1193 4782 1398 4836 emisit.
1420 4782 1495 4835 Ex
1518 4783 1718 4851 quibus

182 4882 336 4936 aperte
361 4883 413 4929 et
454 4875 748 4945 perspicue.
785 4876 1140 4945 intelligimus
1189 4892 1353 4947 quam
1403 4884 1715 4931 constanter

183 4958 514 5036 Hieronymus
565 4967 620 5022 in
664 4982 764 5023 sua
807 4968 873 5021 de
920 4968 1226 5024 tribuendis
1274 4968 1481 5040 lgnatio
1527 4977 1717 5024 nostro

182 5053 394 5121 epistolis
432 5058 702 5113 sententia
741 5059 1191 5128 perseveraverit.

240 5148 299 5199 At
328 5146 555 5205 Dallzeus
585 5150 679 5220 qui
712 5151 826 5205 haec
870 5166 995 5204 vera
1044 5166 1167 5206 esse
1214 5150 1486 5217 concedit,
1527 5150 1714 5206 eodem

185 5241 334 5294 tamen
370 5241 422 5295 in
456 5242 599 5297 libro
626 5242 894 5297 afﬁrmare
925 5257 1034 5296 non
1068 5242 1364 5297 dubitat‘:
1402 5262 1420 5293 ι
1456 5242 1561 5312 lpsi
1592 5241 1719 5297 Hie-

185 5341 383 5400 ronymo
422 5344 517 5388 aut
565 5336 749 5405 ignota
792 5346 886 5390 aut
930 5345 1111 5404 spreta
1159 5336 1328 5390 fuisse
1367 5335 1538 5391 videri
1582 5334 1718 5401 haec,

184 5433 284 5486 quae
319 5423 473 5482 hodie
510 5437 728 5482 exstant
771 5427 1072 5498 lgnatiana.
1107 5446 1125 5479 ι
1185 5427 1567 5483 Verumtamen
1604 5442 1722 5483 cer-

186 5512 426 5571 tissimum
476 5531 564 5573 est
610 5519 801 5590 lgnatii
853 5522 1112 5590 epistolas
1166 5522 1234 5575 ab
1277 5520 1629 5592 Hieronymo,
1674 5520 1720 5575 si

188 5616 289 5660 vere
314 5624 400 5665 eas
430 5610 623 5682 lgnatii
654 5629 775 5669 esse
801 5615 1077 5685 cognovit,
1123 5623 1336 5684 spretas
1380 5628 1491 5668 non
1526 5613 1717 5669 fuisse.

1810 3202 2059 3275 Origenis
2081 3222 2242 3277 opera
2269 3208 2600 3283 Hieronymo
2632 3229 2651 3263 ι
2674 3212 2862 3283 ignota
2879 3212 3166 3283 autspr'eta
3184 3212 3375 3277 fuisse,

1808 3298 1893 3353 vel
1906 3299 2146 3355 nondum
2163 3300 2215 3356 in
2231 3300 2412 3356 iisista
2437 3312 2545 3358 tam
2575 3304 2744 3359 multa
2766 3320 2888 3374 qua:
2911 3304 3068 3361 hodie
3084 3305 3337 3375 legimus?
3359 3324 3377 3356 ι

1788 3406 1791 3410 ‘
1880 3390 1971 3458 At,
2004 3391 2240 3461 inquies,
2276 3410 2368 3451 eas
2398 3397 2589 3451 saltem
2618 3397 2905 3466 Opiniones
2936 3398 3005 3453 de
3034 3398 3381 3467 episcopatus

1812 3484 2169 3552 necessitate,
2227 3495 2281 3541 et
2342 3504 2454 3556 pra:
2506 3490 2882 3559 presbyteratu
2944 3490 3266 3545 excellentia
3326 3490 3380 3543 in

1812 3573 2005 3645 lgnatii
2050 3576 2301 3646 epistolis
2329 3577 2694 3651 Hieronymus
2741 3582 2963 3651 sprevit,
2993 3582 3078 3637 vel
3108 3582 3213 3636 illae
3246 3596 3384 3635 non-

1812 3666 1942 3721 dum
1988 3667 2063 3722 ibi
2114 3669 2452 3739 legebantur.
2522 3671 2675 3739 Esto,
2734 3672 3015 3742 spreverit.
3071 3671 3213 3738 Quid
3257 3671 3383 3726 inde

1813 3760 2068 3816 conficiet
2114 3760 2381 3818 Dallteus?
2437 3762 2577 3818 Num
2629 3764 2831 3819 idcirco
2877 3764 2979 3818 alia
3026 3764 3209 3819 omnia
3261 3779 3382 3833 qua:

1818 3840 2185 3925 Hieronymus
2214 3856 2267 3909 in
2300 3856 2495 3927 lgnatii
2532 3856 2801 3926 epistolis,
2852 3858 2995 3912 sicut
3023 3868 3080 3911 et
3112 3858 3165 3910 in
3194 3854 3383 3926 Origew

1817 3946 1903 4001 nis
1930 3946 2188 4016 operibus
2224 3964 2503 4019 nunquam
2548 3949 2752 4019 arguit,
2788 3950 2986 4003 ibidem
3029 3964 3245 4017 semper
3275 3964 3382 4003 non

1816 4039 2112 4105 exstitisse,
2140 4041 2224 4096 vel
2252 4057 2315 4096 ea
2358 4043 2653 4111 aliquando
2683 4059 2783 4114 pro
2815 4043 3043 4097 minime
3090 4042 3386 4114 lgnatianis

1816 4143 1870 4189 et
1895 4132 2234 4205 Origenianis
2267 4136 2335 4190 ab
2364 4135 2691 4207 Hieronymo
2737 4137 2937 4206 rejecta
2983 4136 3153 4191 fuisse
3200 4135 3386 4190 dicen-

1818 4226 1947 4279 dum
1975 4228 2090 4281 est?
2119 4226 2314 4283 Nullus
2343 4244 2475 4283 sane
2497 4238 2692 4300 praeter
2717 4230 3017 4283 Dalla‘anos
3041 4229 3115 4283 ita
3140 4241 3382 4297 unquam

1819 4320 2308 4389 argumentabitur.

1893 4411 2097 4467 Deinde
2129 4410 2325 4467 falsum
2354 4422 2437 4468 est
2474 4414 2621 4468 illam
2662 4414 2976 4484 opinionem
3007 4414 3075 4468 de
3102 4413 3385 4483 episcopa-

1823 4510 1912 4557 tus
1959 4503 2323 4567 necessitate,
2372 4511 2428 4556 ct
2477 4518 2588 4572 prae
2632 4502 3004 4572 presbyteratu
3043 4500 3367 4555 excellentia

1821 4608 1943 4663 qua:
1985 4594 2164 4663 prima
2214 4593 2498 4648 Dallteanae
2550 4592 3038 4663 argumentationis
3095 4606 3223 4660 pars
3282 4599 3385 4655 est,

1821 4685 1979 4741 aliter
2014 4687 2082 4740 ab
2112 4684 2463 4757 Hieronymo,
2499 4701 2661 4755 quam
2694 4683 2992 4754 ablgnatio
3042 4692 3231 4739 nostro
3276 4692 3389 4738 tra-

1820 4778 1979 4835 ctari.
2024 4777 2081 4832 Id
2121 4793 2254 4833 sane
2283 4778 2581 4847 scriptores
2609 4776 2913 4831 doctissimi
2961 4790 3087 4829 cum
3127 4775 3387 4830 catholici

1819 4881 1936 4928 tum
1961 4880 2325 4943 protestantes
2354 4870 2523 4925 variis
2575 4868 3074 4931 dissertationibus,
3127 4868 3389 4923 adversus

1820 4966 2159 5021 Blondellum
2216 4963 2567 5019 Calvinistam
2633 4961 2826 5027 editis,
2884 4959 3240 5015 invictissime
3299 4958 3387 5011 de-

1822 5066 2215 5116 monstrarunt.
2270 5057 2481 5124 Quibus
2531 5072 2660 5112 vero
2706 5071 2802 5125 per
2848 5055 3018 5111 otium
3050 5069 3160 5108 non
3205 5050 3389 5104 licebit

1821 5154 2229 5210 lucubrationes
2260 5152 2384 5205 illas
2428 5151 2700 5214 evolvere,
2734 5150 2932 5204 adeant
2979 5149 3157 5218 ipsum
3188 5142 3385 5198 Hiero—

1821 5261 2043 5318 nymum
2068 5244 2226 5313 epist.
2254 5242 2380 5304 l,ad
2405 5241 2776 5309 Heliodorum;
2801 5242 2959 5311 epist.
2984 5238 3107 5307 5,ad
3134 5236 3386 5305 Nepotia-

1822 5352 1978 5404 num;
2032 5336 2191 5405 epist.
2216 5333 2386 5400 27,ad
2421 5334 2765 5388 Eustochium
2818 5334 2975 5403 epist.
3008 5329 3187 5393 6‘2,ad
3228 5326 3399 5382 Theo-

1822 5431 2044 5500 phitum,
2073 5430 2429 5484 Commentar.
2466 5429 2523 5481 in
2554 5444 2671 5497 cap.
2698 5442 2767 5481 vtt
2814 5424 3052 5488 Miclteaz,
3086 5431 3140 5477 et
3173 5437 3290 5489 cap.
3322 5436 3390 5473 Lx

1824 5523 2010 5587 Isaiaz,
2046 5522 2255 5592 Dialog.
2288 5524 2536 5575 adversus
2590 5519 2823 5587 Lucifer.
2873 5524 2928 5572 et
2955 5517 3049 5571 lib.
3088 5531 3105 5568 ι
3139 5517 3390 5567 adversus

1822 5615 2301 5681 Joviaian.,atque
2330 5612 2399 5664 iis
2429 5610 2483 5662 in
2516 5610 2651 5664 locis
2669 5607 3075 5665 sanctissimum
3111 5606 3393 5662 doctorem

244 5720 261 5751 ⁸
293 5723 469 5783 homil.
515 5728 594 5785 De
633 5748 734 5785 uno
763 5730 1109 5802 Legislatore.
1141 5732 1161 5764 δ
1194 5747 1312 5803 cap.
1341 5732 1443 5800 '55,
1481 5749 1533 5804 p.
1563 5733 1685 5789 MO.
1765 5733 1785 5765 ³
1818 5748 1935 5803 cap.
1960 5731 1991 5783 7
2024 5741 2075 5784 et
2105 5729 2157 5783 9.
2236 5728 2254 5758 ⁸
2288 5741 2407 5795 cap.
2439 5726 2472 5780 8
2495 5732 2549 5780 ct
2575 5725 2627 5780 9.
