3800 6208
369 230 473 285 ωε»

1444 231 1502 287 S.
1545 230 1893 291 IGNATIUS.
1926 261 1995 275 —-
2026 234 2556 296 PROLEGOMENA.

3517 242 3613 298 500

370 361 437 405 oe
461 350 810 426 episcopatus
836 352 1179 421 necessitate,
1209 362 1262 410 et
1296 370 1407 423 prae
1437 356 1820 428 presbyteratu
1855 372 1941 413 ex-
1976 362 2027 422 Α
2054 358 2309 418 Patribus
2339 363 2591 433 deducta,
2633 379 2897 436 pugnare,
2926 358 3142 437 'easque
3184 363 3434 421 funditus
3476 379 3598 419 ever

304 421 339 525 ξ
373 421 623 501 rellentia
651 421 857 503 eadem
898 447 1060 518 plane
1108 463 1171 504 ac
1198 421 1468 520 lgnatium
1512 421 1763 505 nostrum
1807 452 1944 506 scri-

374 538 551 607 psisse
581 538 884 595 clarissime
917 540 1265 611 perspicient.

443 627 782 699 Quapropter
813 645 924 686 non
954 631 1191 701 amplius
1232 632 1539 689 audiendus
1567 642 1652 690 est
1681 633 1937 702 Dallaeus,

372 719 466 785 qui
514 735 707 775 rursus
748 720 911 776 hasce
955 719 1145 792 lgnatii
1189 722 1448 794 epistolas
1488 723 1817 798 Hieronymo
1856 728 1941 782 in-

370 809 619 877 cognitas
661 808 835 866 fuisse
872 811 997 867 inde
1027 812 1260 882 probare
1304 824 1558 881 conatur,
1593 817 1740 886 quod
1782 816 1940 888 lgna-

368 899 477 955 tius
514 899 700 955 dicat'
727 901 1007 958 Christum
1043 919 1075 959 a
1105 905 1337 961 mortuis
1382 909 1753 965 resurrexisse
1795 911 1939 964 dilu-

366 990 514 1058 culo,
562 988 927 1065 Ilieronymus
987 1011 1117 1051 vero
1149 996 1171 1029 '
1214 1016 1228 1052 :
1262 1015 1281 1051 ς
1321 995 1587 1055 Dominus
1643 1002 1941 1055 resurrexit

369 1084 526 1155 hora,
562 1100 670 1156 qua
700 1086 818 1157 ipse
854 1088 1045 1155 voluit,
1077 1098 1130 1145 et
1158 1104 1279 1159 quae
1308 1090 1443 1145 nulli
1480 1092 1795 1145 mortalium
1846 1108 1939 1148 c0-

365 1175 513 1244 gnita
559 1186 661 1232 est.
713 1196 729 1229 ι
783 1178 872 1243 At,
921 1178 1101 1248 inquit
1146 1179 1397 1247 Dallaaus,
1443 1180 1706 1237 doctrina:
1748 1181 1937 1253 lg‘natii

364 1268 502 1325 adeo
531 1271 885 1339 repugnantia
913 1268 1304 1342 Hieronymum
1335 1271 1623 1343 scripsisse
1646 1275 1940 1330 verisimile

365 1375 474 1415 non
500 1371 603 1417 est.
634 1362 740 1417 Sed
772 1362 876 1418 hoc
904 1371 1285 1434 argumentum
1315 1364 1503 1420 eodem
1534 1381 1600 1422 ac
1627 1368 1939 1436 praecedens

365 1454 592 1509 ruinoso
627 1467 692 1508 ac
721 1453 1019 1511 falsissimo
1068 1456 1262 1513 nititur
1312 1458 1686 1514 fundamento.
1732 1457 1939 1515 Deinde

365 1546 457 1601 illa
502 1548 692 1615 verba,
737 1563 859 1618 qua
903 1548 1093 1619 objicit
1124 1547 1388 1619 Dallaeus,
1439 1567 1550 1607 non
1604 1552 1659 1608 in
1702 1553 1846 1608 veris
1876 1568 1940 1608 ac

368 1639 625 1710 genuinis
660 1639 854 1710 lgnatii
896 1641 1166 1711 epistolis,
1208 1643 1303 1701 sed
1336 1644 1391 1700 in
1422 1659 1611 1700 earum
1650 1644 1941 1715 interpola-

364 1729 607 1787 tionibus
635 1732 1002 1801 reperiuntur.

438 1821 553 1879 Hac
591 1823 779 1879 eadem
833 1825 1192 1895 responsione
1219 1825 1530 1897 exploditur
1571 1827 1719 1882 aliud
1754 1825 1939 1883 Dalltei

367 1926 751 1985 momentum,
822 1933 933 1989 quo
1011 1934 1175 1974 rursu
1271 1918 1663 1992 Hieronymum
1726 1920 1794 1975 de
1852 1920 1939 1977 his

365 2010 559 2082 lgnatii
592 2011 838 2082 epistolis
862 2010 1075 2081 judicio
1107 2010 1306 2067 falsum
1339 2028 1460 2068 esse
1489 2020 1663 2087 urget.
1703 2012 1940 2083 Opponit

365 2117 603 2172 namque
663 2102 754 2157 illa
810 2102 987 2159 sancti
1038 2103 1281 2159 doctoris
1332 2104 1495 2159 verba
1526 2105 1586 2156 ἐ
1627 2122 1646 2159 t
1680 2102 1936 2175 Nunquid

366 2208 475 2249 non
515 2210 808 2264 possumus
846 2195 943 2251 tibi
985 2204 1154 2251 totam
1198 2205 1443 2251 veterum
1480 2196 1808 2267 scriptorum
1846 2212 1934 2252 se-

364 2288 501 2342 riem
537 2303 1003 2356 commemorare,
1049 2287 1319 2360 lgnatium
1342 2331 1357 2357 ,
1396 2289 1790 2363 Polycarpum,
1829 2289 1938 2346 Ire-

363 2394 567 2446 naeum,
610 2379 887 2435 Justinum
939 2390 1257 2452 martyrem,
1310 2384 1617 2453 multosque
1641 2384 1780 2438 alios
1802 2397 1935 2451 apo-

363 2470 593 2527 stolicos
649 2480 703 2526 et
755 2472 1072 2542 eloquentes
1104 2472 1282 2541 viros,
1332 2473 1423 2544 qui
1476 2475 1737 2531 adversus
1772 2472 1939 2528 Ebio-

352 2574 514 2627 nem,
536 2574 603 2621 .et
628 2565 969 2622 Theodotum
995 2566 1337 2635 Byzantium,
1364 2576 1418 2624 et
1443 2567 1790 2624 Valentinum
1821 2566 1938 2621 haec

366 2658 559 2714 eadem
604 2660 919 2725 sentientes,
963 2659 1123 2729 plena
1176 2660 1455 2730 sapientiae
1479 2660 1760 2717 volumina
1804 2672 1939 2714 con-

367 2748 726 2819 scripserunt.
765 2767 784 2801 ι
829 2748 992 2819 Atqui
1020 2748 1286 2805 Theodoti
1318 2765 1540 2818 nomen,
1572 2751 1649 2804 ait
1678 2748 1934 2813 Dallaens.

367 2855 479 2896 non
511 2840 565 2894 in
594 2841 716 2896 aliis
749 2841 1079 2911 scriptorum
1106 2842 1375 2909 omnium,
1406 2858 1545 2913 quos
1579 2842 1815 2897 eximius
1846 2842 1937 2896 ille

364 2932 557 2987 doctor
590 2943 1001 3002 commemorat,
1034 2935 1313 3005 operibus,
1352 2935 1457 2990 nisi
1497 2934 1550 2988 in
1581 2935 1714 2990 solis
1740 2934 1936 3006 lgnatii

362 3025 609 3095 ep'stolis
652 3026 889 3096 reperire
939 3037 1041 3083 est.
1110 3025 1471 3098 Hieronymus
1526 3042 1654 3096 ergo
1690 3027 1933 3099 loquitur
1959 3060 2002 3121 ο

363 3116 431 3171 de
457 3115 698 3188 lgnatio;
730 3119 825 3188 qui
855 3134 979 3175 cum
1007 3127 1135 3174 ante
1167 3118 1505 3174 Theodotum
1538 3118 1755 3186 ohierit,
1805 3120 1931 3176 inde

363 3207 597 3265 Dallaeus
646 3210 898 3266 eumdem
930 3208 1323 3282 Hieronymum
1384 3226 1598 3266 errasse
1629 3211 1928 3268 concludit.

361 3300 431 3356 At
466 3299 728 3357 Theodoti
762 3318 959 3359 nomen
993 3303 1050 3358 in
1078 3303 1383 3358 litterarum
1422 3301 1613 3371 lgnatii
1642 3303 1935 3375 interpola-

362 3394 609 3451 tionibus
658 3396 923 3452 duntaxat
948 3396 1256 3455 adhibitum
1285 3405 1387 3452 est.
1418 3394 1781 3469 Hieronymus
1806 3414 1934 3470 ergo

361 3485 437 3542 ibi
468 3502 574 3542 non
608 3488 675 3543 ad
712 3488 981 3559 lgnatium
1019 3487 1298 3554 collineat,
1333 3486 1428 3543 sed
1458 3487 1524 3542 ad
1555 3487 1721 3546 alium
1750 3503 1937 3558 quem-

359 3578 531 3650 piam,
560 3587 689 3649 puta
740 3578 1005 3636 Irenaeum
1033 3580 1121 3635 vel
1151 3579 1387 3650 aliquem
1416 3594 1484 3634 ex
1524 3578 1614 3647 iis,
1644 3594 1783 3650 quos
1811 3595 1937 3651 apo-

361 3669 588 3725 stolicos
618 3670 768 3725 viros
806 3669 959 3736 dicit,
1001 3685 1251 3741 quosque
1284 3671 1353 3726 ad
1385 3670 1655 3743 Theodoti
1692 3680 1935 3744 tempora

362 3761 681 3831 pervenisse
710 3760 893 3818 nullus
928 3764 1165 3833 ignorat.

436 3851 609 3908 Instat
659 3862 838 3909 tamen
876 3853 1062 3908 Dallaei
1108 3853 1384 3918 defensor,
1448 3854 1623 3911 donec
1671 3854 1722 3909 is
1774 3871 1934 3926 quem

365 3942 736 4015 Hieronymus
776 3944 1007 4010 notavit,
1053 3944 1391 4015 designetur,
1423 3945 1617 4001 eodem
1661 3946 1786 4017 jure
1815 3947 1938 4002 Dal-

362 4037 500 4092 laeus
529 4052 655 4091 eum
691 4036 958 4106 lgnatium
1010 4036 1180 4092 fuisse
1223 4036 1503 4093 aiIirmare
1565 4040 1787 4109 poterit,
1825 4056 1938 4109 quo

363 4126 459 4183 alii
497 4128 665 4182 alium
719 4127 1020 4183 indicatum
1049 4142 1171 4183 esse
1218 4127 1431 4184 volunt.
1487 4128 1774 4202 Egregiam
1804 4147 1938 4189 sane

361 4218 550 4273 Dallrei
607 4218 1021 4284 defensionem!
1087 4235 1209 4291 qua:
1253 4219 1505 4275 eumdem
1554 4220 1815 4279 Dallzeum
1869 4240 1935 4281 eo

361 4322 688 4383 argumento
726 4312 791 4368 ad
826 4313 1101 4381 opinionis
1130 4329 1243 4369 suae
1272 4315 1740 4373 conﬁrmationem
1771 4335 1931 4374 usum

2053 460 2187 509 tere.
2239 452 2353 510 Hoc
2392 455 2577 527 itaque
2618 471 2782 513 sensu
2819 457 2888 512 ab
2927 454 3172 528 lgnatio,
3210 464 3266 513 et
3293 454 3613 528 Polycarpo,

2049 555 2145 601 aut
2173 546 2296 603 aliis
2325 546 2588 605 adversus
2616 547 2956 606 Theodotum
2987 551 3147 621 plena
3179 548 3466 620 sapientis
3493 564 3614 603 con-

2050 636 2253 706 scripta
2301 636 2471 695 fuisse
2511 640 2788 697 volumina
2823 640 3189 711 Hieronymus
3227 642 3378 698 haud
3428 641 3610 696 imme-

2044 730 2153 785 rito
2187 745 2455 799 asserere,
2484 731 2791 805 litterisque
2816 734 3076 790 mandare
3104 730 3301 804 potuit.

2084 843 2112 916 ς
2154 841 2220 898 V.
2268 843 2525 901 Ultimum
2563 858 2929 970 argunzen'tum
2968 863 3033 903 ea:
3070 847 3195 903 aliis
3234 845 3582 917 scriptoribus

2702 935 2729 970 8
2755 931 2960 970 mlum.

2702 931 2960 975 ettcttum.

2116 1054 2273 1122 Quod
2318 1054 2389 1111 ad
2429 1065 2658 1113 caeteros
2702 1071 2895 1113 omnes
2940 1065 3065 1127 post
3106 1054 3505 1129 Hieronymum
3550 1053 3615 1110 ad

2042 1159 2228 1205 nostra
2269 1163 2443 1219 usque
2485 1157 2732 1219 tempora
2774 1148 3071 1219 scriptores
3111 1157 3343 1218 spectat,
3375 1148 3480 1203 bos
3511 1161 3617 1203 uno

2042 1248 2252 1296 tantum
2286 1248 2341 1296 et
2380 1240 2552 1295 altero
2582 1254 2651 1294 ne
2680 1240 2977 1310 quidquam
3010 1240 3273 1311 exceptis,
3316 1248 3526 1295 nostra:
3552 1238 3618 1294 de

2040 1331 2234 1404 lgnatii
2291 1333 2540 1402 epistolis
2599 1333 2883 1389 sententiae
2933 1332 3332 1402 subscripsisse
3383 1331 3618 1387 Danaus

2039 1423 2270 1494 ejuSque
2312 1423 2566 1479 defensor
2620 1424 2908 1479 fatentur:
2948 1422 3384 1491 «Athanasium,
3440 1423 3619 1493 inquit

2043 1517 2278 1573 Dallazus
2306 1516 2371 1586 η,
2415 1516 2807 1590 Hieronymum
2848 1526 2903 1573 ct
2946 1515 3356 1573 Theodoretum
3382 1556 3398 1581 ,
3444 1515 3619 1570 multo

2040 1624 2171 1666 vero
2216 1611 2382 1668 etiam
2432 1610 2635 1679 minus,
2667 1610 2807 1665 alios
2855 1609 2977 1666 istis
3032 1609 3367 1665 recentiores
3394 1607 3619 1663 Eusebii

1970 1715 2015 1772 Β
2045 1700 2198 1756 falsae
2242 1701 2309 1755 de
2349 1699 2645 1771 lgnatianis
2688 1700 2990 1770 suspicioni
3064 1715 3132 1755 cx
3174 1702 3417 1770 quadam
3451 1699 3619 1755 animi

2040 1794 2410 1864 simplicitate,
2456 1793 2667 1865 absque
2712 1792 2835 1849 dolo
2875 1791 3043 1859 malo,
3086 1792 3181 1847 sed
3212 1792 3427 1860 absque
3471 1799 3619 1847 certa

2039 1886 2249 1942 ratione
2284 1886 2643 1950 adhaarentes,
2674 1898 2693 1936 t
2734 1893 2842 1939 etc.
2902 1881 3022 1937 Non
3058 1891 3142 1937 cst
3182 1883 3351 1953 igitur
3390 1896 3619 1937 necesse

2038 1981 2133 2038 bic
2195 1980 2542 2051 singulorum
2594 1977 2800 2034 referre
2861 1975 3172 2032 testimonia
3219 1992 3235 2031 :
3291 1975 3392 2031 sed
3441 1989 3620 2045 Opera:

2037 2072 2272 2145 pretium
2317 2080 2403 2127 est
2442 2071 2663 2127 brevem
2706 2082 2897 2124 eorum
2944 2066 3255 2138 catalogum
3302 2074 3527 2134 texere;
3560 2074 3622 2120 ut

2038 2180 2230 2223 omnes
2262 2164 2449 2220 audito
2476 2162 2910 2232 uniuscujusque
2941 2161 3182 2228 nomine,
3214 2158 3333 2230 qui,
3362 2169 3617 2230 quanta:-

2039 2274 2147 2331 que
2175 2257 2519 2314 auctoritatis
2560 2255 2785 2322 fuerint,
2817 2265 2871 2310 et
2899 2270 3065 2325 quam
3094 2254 3362 2308 invictum
3396 2268 3463 2307 ex
3492 2268 3617 2322 per-

2036 2361 2199 2423 petua
2229 2366 2420 2406 eorum
2452 2349 2744 2404 traditione
2769 2347 2835 2402 ad
2858 2345 3180 2401 asserendas
3209 2343 3406 2415 lgnatii
3446 2345 3617 2399 nostri

2036 2444 2319 2514 epistolas,
2368 2448 2749 2515 argumentum
2794 2440 3046 2507 ducatur,
3085 2438 3299 2509 possint
3345 2446 3499 2493 certo
3534 2438 3618 2492 die

2037 2550 2321 2607 gnoscere.

2107 2627 2310 2697 Quinto
2338 2627 2503 2700 igitur
2534 2626 2791 2683 Ecclesiae
2821 2624 3021 2684 saeculo
3049 2623 3410 2696 proferuntur
3440 2622 3619 2677 Theo-

2037 2723 2262 2779 doretus
2303 2725 2461 2794 epist.
2493 2722 2562 2777 ad
2602 2704 2849 2778 Monach.
2878 2719 3239 2785 Constantin.,
3274 2717 3496 2788 Dialog.
3530 2715 3617 2770 ln-

2036 2815 2277 2885 confus.,
2294 2815 2507 2887 Dialog.
2526 2814 2743 2885 lmpat.,
2768 2812 2981 2884 Dialog.
3000 2811 3318 2879 lmmutab.,
3336 2810 3434 2865 ubi
3460 2809 3614 2880 plura

2036 2924 2103 2965 ex
2136 2910 2221 2964 his
2253 2909 2498 2980 epistolis
2547 2907 2858 2963 testimonia
2908 2906 3172 2961 adversus
3214 2904 3305 2960 sui
3350 2901 3616 2972 temporis

2036 3001 2327 3058 haereticos
2371 3001 2734 3070 transcripsit.
2798 2998 2929 3054 item
2968 2997 3219 3053 Gelasius
3270 2997 3329 3052 in
3358 2996 3471 3051 [ine
3516 2995 3614 3050 lib.

2037 3094 2115 3150 De
2137 3093 2341 3147 duabus
2379 3094 2587 3149 naturis
2626 3094 2681 3146 in
2708 3092 2940 3147 Christo.

2111 3183 2276 3239 Sexto
2302 3184 2503 3238 saeculo
2543 3182 2603 3237 Β.
2632 3181 2864 3252 Ephrem
2898 3180 3205 3252 patriarcha
3232 3180 3616 3235 Antiochenus

2036 3276 2176 3333 libro
2211 3275 2283 3331 De
2310 3278 2477 3332 sacris
2506 3276 2801 3331 Antiochia:
2841 3274 3040 3346 legibus
3075 3276 3140 3340 “,
3172 3272 3264 3328 ubi
3303 3272 3619 3329 Severianis

2036 3366 2230 3440 lgnatii
2285 3370 2457 3426 nostri
2484 3368 2868 3427 auctoritatem
2926 3367 3171 3438 Opponit.
3229 3365 3424 3423 Gildas
3452 3367 3615 3437 epist.

2038 3464 2115 3520 De
2150 3464 2357 3519 excidio
2382 3462 2701 3518 Britannica.
2744 3458 2931 3517 Jobius
2977 3460 3284 3514 monachus
3313 3458 3389 3514 De
3424 3458 3620 3515 Incor-

2038 3568 2153 3613 nat.
2186 3559 2250 3612 ι’.
2318 3555 2582 3612 Leontius
2609 3555 2926 3610 Bizantinus
2971 3555 3064 3610 lib.
3106 3552 3178 3607 De
3208 3564 3341 3614 sect.
3367 3556 3490 3610 Act.
3530 3571 3618 3622 ιιι,

2036 3652 2129 3708 ubi
2180 3652 2463 3707 haereticos
2517 3649 2899 3704 auctoritatem
2943 3646 3160 3717 lgnatii,
3195 3662 3307 3701 non
3353 3662 3519 3703 secus
3556 3662 3622 3704 ac

2036 3744 2261 3809 lrenaai,
2305 3741 2506 3799 Justini
2547 3741 2889 3810 aliorumque
2944 3737 3165 3794 Patrum
3210 3740 3490 3809 recepisse
3532 3748 3621 3795 te-

2036 3847 2231 3894 statur.

2129 3928 2373 4000 Septimo
2431 3928 2632 3985 sreculo
2704 3925 3031 3983 Anastasius
3096 3925 3408 3983 monachus
3479 3925 3622 3981 libro

2048 4022 2324 4097 ὐδηγῶν,
2376 4022 2469 4077 ubi
2525 4020 2775 4076 eumdem
2831 4020 3216 4076 haereticorum
3278 4031 3618 4075 consensum

2034 4122 2323 4170 memorat.
2347 4114 2649 4169 Antiochus
2679 4115 2932 4169 monach.
2963 4111 3235 4167 Palaestin.
3271 4112 3470 4167 bomil.
3496 4110 3620 4164 121.

2036 4205 2170 4262 Item
2211 4206 2482 4261 Maximus
2527 4206 2718 4273 abbas,
2771 4216 2825 4261 et
2863 4205 3182 4261 Theodotus
3233 4202 3525 4275 presbyter
3551 4202 3617 4266 ¹³,

2038 4298 2133 4355 ubi
2184 4298 2251 4353 de
2294 4297 2537 4371 Dionysii
2580 4296 2918 4368 Areopagitae
2979 4295 3238 4366 operibus
3300 4293 3619 4363 disputant,

359 4420 482 4461 esse
528 4406 827 4473 comend“,
881 4406 1027 4480 quod
1070 4424 1179 4464 non
1228 4410 1401 4480 magis
1442 4410 1506 4464 ad
1550 4426 1729 4478 suam,
1768 4426 1933 4482 quam
1965 4412 2011 4471 ι)
2042 4391 2415 4447 testimonium
2470 4388 2663 4459 lgnatii
2713 4389 2911 4457 nostri,
2955 4388 3058 4444 etsi
3099 4401 3292 4442 eorum
3336 4385 3623 4442 sententia:

356 4496 427 4551 ad
461 4495 904 4553 adversariorum
956 4500 1281 4555 sententiam
1330 4501 1707 4556 stabiliendam
1745 4513 1930 4571 aptum

356 4602 481 4643 esse
510 4590 816 4657 proﬁtetur.
857 4590 1127 4645 Praeterea
1170 4605 1293 4645 cum
1326 4590 1591 4646 Theodoti
1631 4607 1829 4645 nomen
1875 4591 1931 4645 in

358 4680 634 4749 genuinis,
678 4690 739 4736 ut
766 4681 1027 4750 diximus,
1079 4683 1270 4753 lgnatii
1308 4683 1583 4754 epistolis,
1627 4698 1734 4737 non
1781 4684 1933 4738 inve-

358 4771 564 4837 niatur,
615 4772 781 4828 alium
824 4775 1050 4830 omnino
1100 4777 1172 4830 ab
1210 4774 1543 4848 Hieronymo
1584 4776 1932 4846 designatum

358 4863 534 4923 fuisse
563 4880 787 4922 necesse
815 4877 919 4924 est.

426 4957 615 5030 Neque
645 4959 892 5015 dixeris:
935 4959 1142 5016 Saltem
1188 4973 1382 5018 auctor
1420 4970 1609 5018 noster
1642 4960 1931 5029 Theodoti,

358 5053 568 5123 lgnatio
623 5052 969 5120 recentioris,
1013 5069 1254 5110 errorem
1304 5057 1484 5126 arguit
1532 5065 1587 5110 et
1629 5055 1934 5126 impugnat.

356 5141 492 5197 Nam
532 5153 667 5214 quot
710 5145 1088 5201 haereticorum
1137 5162 1375 5213 errores,
1431 5156 1723 5216 antequam
1770 5145 1932 5200 iidem

360 5236 599 5292 haeretici
654 5237 708 5292 in
768 5238 942 5293 lucem
1000 5239 1131 5293 editi
1187 5238 1461 5305 fuissent,
1518 5240 1573 5293 in
1614 5246 1932 5293 sanctorum

354 5325 576 5381 Patrum
626 5329 801 5397 libris,
851 5332 1019 5386 tacito
1064 5347 1252 5386 eorum
1290 5332 1515 5385 nomine
1564 5329 1933 5387 refelluntur?

356 5416 474 5473 Mos
505 5428 689 5474 autem
732 5421 858 5476 inde
898 5422 1128 5477 invaluit
1168 5431 1360 5477 contra
1393 5422 1627 5478 haereses
1659 5422 1931 5489 posterio-

356 5509 511 5566 ribus
553 5512 765 5568 steculis
812 5523 963 5568 ortas
1009 5513 1326 5581 traditione,
1376 5530 1406 5567 a
1449 5512 1644 5582 primis
1673 5511 1932 5569 Ecclesia:

2042 4500 2384 4556 repugnans,
2441 4499 2540 4554 pro
2578 4495 2727 4539 certo
2751 4499 2815 4539 ac
2839 4482 3062 4537 minime
3081 4481 3249 4536 dubio
3300 4482 3620 4537 admittunt.

2113 4576 2319 4633 Octavo
2358 4576 2561 4637 saeculo
2596 4574 2834 4631 Joannes
2870 4572 3242 4629 Damasccnus
3292 4572 3345 4628 in
3384 4573 3480 4629 lib.
3510 4570 3622 4626 Pa-

2041 4668 2241 4735 rallel.,
2264 4667 2599 4723 ctAntonius
2628 4667 2871 4737 ejusdem
2894 4664 3237 4733 Damasceni,
3264 4674 3324 4721 ut
3353 4664 3620 4730 creditur,

2040 4763 2346 4834 discipulus
2378 4763 2432 4816 in
2461 4761 2698 4817 Melissa.

2112 4855 2266 4912 Nono
2310 4855 2509 4912 saeculo
2544 4854 2790 4917 Andreas
2817 4852 3370 4924 Hierosolymitanus,
3401 4853 3621 4907 Creten—

2041 4948 2184 5005 sium
2220 4949 2682 5019 archiepiscopus,
2726 4949 2914 5005 homil.
2958 4948 2994 5002 2
3035 4949 3088 5003 in
3126 4945 3426 5005 Nativitate
3454 4949 3618 5006 beata:

2044 5038 2606 5110 MariamFrcculphus
2621 5039 2980 5101 Lexoviensis
3024 5040 3079 5093 in
3113 5037 3353 5107 Ilistor.,
3386 5036 3617 5099 Michael

2039 5135 2305 5207 Syngelus
2336 5135 2389 5187 in
2416 5132 2670 5187 Encomio
2700 5133 2923 5204 Dionys.
2955 5133 3146 5202 Areop,

2111 5230 2333 5285 Decimo
2380 5226 2583 5284 sa’culo
2612 5226 3009 5299 Metaphrastes
3045 5227 3099 5281 in
3130 5227 3381 5298 martyrii
3423 5225 3615 5299 lgnatil

2039 5323 2209 5379 nostri
2242 5320 2412 5376 Actis.

2111 5417 2408 5472 Undecimo
2433 5416 2630 5472 saeculo
2661 5425 2854 5478 auctor
2879 5416 3121 5474 locorum
3147 5416 3522 5478 communium
3557 5414 3612 5472 in

2038 5512 2372 5567 Bibliotheca
2404 5509 2722 5566 Oxoniensi.

427 5626 903 5704 "_Epi_st.udATralt.
971 5628 1212 5704 “Epist.
1228 5632 1307 5704 nd_
1336 5630 1530 5704 llebid.
1605 5634 1625 5665 ⁹
1662 5632 1793 5689 Adv.
1824 5633 2042 5694 lle-(rid.
2120 5634 2162 5666 ¹⁰
2198 5646 2318 5703 cap.
2354 5629 2451 5697 56,
2480 5645 2532 5704 p.
2566 5625 2692 5687 448.
2750 5628 2789 5661 ¹¹
2825 5624 2983 5701 Apud
3012 5623 3174 5685 Pitot.
3211 5624 3269 5681 in
3296 5625 3428 5685 Bibl.
3455 5640 3607 5680 num.

358 5695 485 5753 5'28.
511 5695 524 5698 ’
567 5702 607 5732 ¹¹
644 5699 784 5756 Ibid.
812 5716 963 5755 num.
996 5695 1119 5757 532.
1203 5701 1243 5731 ¹³
1282 5700 1425 5759 Ibid.
