3800 6208
167 213 249 267 set
1124 201 1186 262 Ι).
1228 201 1521 263 NOURRH
1555 200 2049 261 DISSERTATIO.
2075 234 2147 248 ——
2178 200 2364 263 PARS
2402 199 2447 256 1.

1759 330 1804 386 Α
1832 335 1936 390 est,
1967 338 2075 381 non
2100 326 2320 382 alterius
2349 324 2636 396 cujusdam
2666 326 3015 396 recentioris,
3046 330 3195 403 quod
3221 344 3417 401 sugge«

224 330 557 389 Duodecimo
582 329 799 388 saeculo
819 326 1089 386 Honorius
1115 326 1653 399 Augustodunensis.

230 426 437 480 Decimo
477 424 646 480 tertio
688 421 888 481 sarculo
910 419 1127 476 Nicetas
1166 420 1460 475 Chouiates
1507 420 1561 474 in
1591 418 1734 476 The-

3319 206 3424 271 502

1839 434 1961 475 rere
2000 418 2325 474 videbantur
2367 418 2617 490 quaedam
2671 436 2701 477 a
2756 437 2975 479 summo
3009 422 3137 479 viro.
3166 423 3413 479 Gerardo

164 532 334 584 sauro,
379 513 663 588 Georgius
704 514 1086 586 Pachymeres,
1116 519 1171 566 et
1200 510 1473 567 Robertus
1515 510 1732 566 Lincol-
1805 506 2035 567 ‘Vossio
2075 512 2127 567 in
2157 528 2258 567 suo
2282 511 2347 567 de
2373 511 2577 569 Graecis
2612 514 2973 585 scriptoribus
3000 530 3166 586 apere
3201 514 3365 569 allata
3393 532 3406 579 ;

167 610 353 665 niensis
374 609 705 679 episcopus,
737 615 963 677 uterque
991 605 1106 661 suis
1134 603 1190 658 in
1215 603 1434 675 Dionys.
1460 603 1730 676 Areopag.

156 695 583 753 Commentariis.

224 786 435 842 Decimo
467 796 683 857 quarto
738 786 941 842 szeculo
990 783 1326 855 Nicephorus
1376 783 1623 840 Calixtus
1676 784 1732 839 in

166 878 355 933 Hister.
401 878 500 933 lib.
540 894 631 944 tn,
677 894 803 949 cap.
831 877 919 942 l9,
976 885 1141 947 atque
1194 876 1288 931 alii
1342 876 1733 946 quamplurimi

159 986 270 1026 cum
294 970 398 1026 hoc
440 970 660 1026 saeculo
708 978 823 1024 tum
865 968 1291 1039 posterioribus,
1336 970 1430 1038 qui
1470 970 1731 1040 quoniam

160 1062 359 1117 cuilibet
400 1070 537 1117 sunt
582 1062 761 1130 obvii,
796 1062 864 1117 iis
897 1062 1214 1134 singillatim
1261 1062 1598 1131 appellandis
1640 1078 1733 1118 su-

158 1152 520 1224 persedemus.

211 1243 320 1298 Jam
347 1259 479 1300 vero
503 1259 575 1298 ex
608 1243 987 1299 eruditissima
1023 1251 1100 1299 tot
1133 1244 1353 1298 testium
1386 1242 1568 1297 omnis
1599 1252 1730 1297 aeta—

156 1335 216 1389 tis
239 1341 288 1391 et
313 1333 663 1389 conditionis
701 1333 1046 1388 multitudine
1077 1332 1201 1402 quis
1240 1347 1349 1386 non
1382 1332 1527 1386 videt
1557 1346 1728 1401 pauca

154 1442 260 1483 esse
297 1427 671 1497 antiquorum
704 1425 928 1481 Patrum
976 1440 1165 1495 opera,
1200 1440 1322 1494 qua:
1361 1439 1463 1479 suo
1502 1438 1731 1494 quaeque

153 1517 341 1573 auctori
367 1517 661 1589 pluribus,
696 1533 861 1586 quam
903 1517 1020 1572 istae
1049 1516 1245 1586 lgnatii
1279 1516 1544 1585 epistolae,
1577 1515 1729 1570 testi-

153 1609 242 1664 bus
272 1609 664 1666 vindicentur?
696 1607 901 1664 Deinde
941 1624 1101 1664 nemo
1146 1622 1417 1678 unquam,
1464 1607 1568 1661 nisi
1606 1606 1729 1660 Dal-

1834 604 1996 675 idque
2019 604 2188 659 solide
2220 613 2275 660 et
2297 604 2413 663 fuse
2436 606 2776 663 demonstrat
2803 607 3210 664 eruditissimus
3240 607 3406 675 Goar,

1832 713 1994 768 quem
2026 698 2203 765 adeat,
2231 698 2277 753 si
2305 698 2427 768 quis
2461 698 2640 754 adhuc
2665 699 2894 754 dubitet.
2927 718 2948 753 ι
2993 700 3281 757 Adivimus
3306 718 3406 757 nos

1831 787 2265 843 eruditissimum
2311 787 2544 853 Goar”,
2593 796 2755 858 atque
2808 788 2923 843 litec
2979 780 3252 858 ipsissima
3285 788 3404 858 ejus

1830 879 2018 947 verba,
2050 896 2171 949 quae
2198 880 2535 935 contrarium
2569 880 2730 950 plane
2761 879 3090 951 significant,
3131 880 3402 950 legimus:

1838 991 1858 1025 ι
1913 973 2227 1029 Canonicus
2292 987 2580 1029 sacrorum
2644 973 2937 1055 librorum~
2976 974 3270 1029 laterculus
3335 973 3403 1031 ad

1831 1066 2339 1137 Chronographiam
2368 1064 2505 1119 nihil
2547 1075 2822 1134 spectans,
2856 1064 3069 1121 librarii
3119 1065 3400 1138 πάρεργον

1826 1161 2124 1231 judicatur.
2165 1178 2182 1211 ι
2231 1157 2347 1214 Νοη
2398 1159 2569 1214 solide
2604 1160 2770 1226 igitur
2803 1146 2853 1214 et
2886 1159 3005 1213 fuse
3046 1157 3137 1214 ille
3167 1158 3400 1213 demon-

1832 1262 1987 1318 strat,
2026 1252 2121 1307 sed
2163 1252 2324 1322 plane
2369 1252 2693 1322 penitusque
2728 1260 2889 1323 negat
2936 1251 3079 1308 hanc
3110 1251 3401 1307 Stichome-

1833 1345 1989 1396 (riam
2020 1341 2307 1413 Nicephori
2338 1358 2476 1413 opus
2504 1358 2655 1411 esse;
2685 1352 2738 1398 et
2764 1345 2903 1400 hanc
2930 1344 3132 1399 claram
3165 1357 3401 1400 certam-

1830 1452 1935 1508 que
1982 1437 2260 1491 sententiae
2298 1451 2411 1493 sme
2450 1436 2657 1508 profert
2700 1437 2968 1495 rationem
2993 1478 3007 1504 ,
3057 1439 3202 1511 quod
3232 1438 3402 1493 nimi~

1830 1543 1947 1580 rum
1975 1526 2064 1580 illa
2086 1526 2153 1580 ad
2176 1525 2464 1597 Nicephori
2485 1528 2987 1599 Chronographiam
3014 1529 3148 1583 nihil
3177 1538 3402 1599 spectet.

1831 1620 1887 1675 ld
1921 1634 2053 1675 sane
2076 1634 2201 1673 cum
2226 1620 2396 1689 probe
2428 1619 2752 1692 intelligeret
2779 1620 2957 1677 Dallaei
2981 1621 3232 1679 defensor
3263 1638 3408 1678 nova

150 1702 287 1757 lasani
328 1716 533 1759 sensus
575 1700 777 1765 homo,
810 1714 936 1756 vero
964 1699 1146 1753 credet
1182 1713 1303 1753 esse
1332 1697 1509 1754 simile
1538 1712 1727 1752 omnes
1760 1709 1803 1767 Β
1833 1713 2071 1777 ratione,
2127 1721 2182 1767 ρι
2230 1714 2451 1782 quidem
2495 1713 2696 1767 mirum
2744 1714 2797 1768 in
2846 1716 3069 1771 modum
3115 1715 3401 1785 singulari,

149 1795 355 1849 omnino
384 1795 489 1849 hos
520 1793 837 1863 scriptores
868 1807 932 1846 eo
956 1792 1217 1847 cazcitatis
1250 1791 1337 1845 vel
1386 1790 1726 1861 negligentiae

149 1885 416 1941 devenisse
434 1886 508 1952 “,
550 1904 570 1938 ι
610 1895 677 1938 ut
704 1883 922 1938 Eusebii
954 1882 1103 1937 falsae
1130 1883 1197 1938 de
1225 1882 1523 1953 lgnatianis
1553 1881 1727 1951 suspi-

148 1976 274 2029 cioui
311 1991 377 2029 ex
420 1974 680 2045 quadam
736 1973 905 2026 animi
953 1972 1302 2043 simplicitate
1351 1972 1557 2042 absque
1599 1972 1726 2027 dolo

149 2067 293 2134 malo,
323 2067 420 2123 sed
450 2067 681 2137 absque
713 2073 860 2121 certa
899 2065 1112 2119 ratione
1142 2082 1161 2115 ι
1197 2062 1545 2119 adhzeserint.
1581 2061 1726 2119 Prae—

147 2168 275 2214 terea
300 2175 397 2214 cur
427 2157 716 2224 haeretici,
745 2156 945 2228 quibus
969 2155 1277 2211 testimonia
1308 2154 1503 2225 lgnatii
1536 2171 1603 2211 ex
1639 2156 1725 2212 his

146 2250 370 2320 epistolis
403 2249 740 2320 desumpta,
770 2249 838 2303 ad
868 2247 1189 2303 refellendas
1220 2262 1410 2304 eorum
1441 2248 1726 2317 opiniones

146 2343 558 2411 objiciebantur,
622 2342 708 2396 nil
758 2342 827 2396 de
879 2356 1071 2396 earum
1141 2340 1378 2396 falsitate
1432 2341 1725 2411 aliquando

146 2435 387 2504 suspicati
427 2443 592 2502 sunt,
636 2433 893 2504 nihilque
920 2448 1160 2503 unquam
1200 2434 1267 2489 ad
1310 2448 1499 2488 eorum
1539 2442 1727 2491 aucto-

146 2527 339 2581 ritatem
390 2527 777 2593 elevandum,
830 2524 1216 2591 minuendam,
1261 2533 1356 2580 aut
1403 2525 1455 2578 in
1499 2525 1722 2579 dubiuzn

147 2618 497 2674 revocandam
547 2617 883 2673 adinvenire
926 2616 1009 2670 vel
1047 2616 1357 2686 exc0gitare
1396 2618 1727 2685 potuerunt?

144 2709 240 2763 Cur
281 2711 528 2782 denique
581 2710 640 2763 hi
696 2723 889 2763 omnes
941 2708 1237 2778 scriptores
1291 2716 1343 2762 et
1384 2708 1637 2763 catholici
1674 2718 1728 2763 et

146 2801 398 2866 haeretici,
439 2811 623 2873 atque
667 2800 706 2855 ii
741 2814 977 2870 quorum
1028 2799 1247 2869 plurimi
1298 2800 1587 2863 intererat,
1630 2801 1726 2856 has

145 2895 381 2962 epistolas
444 2893 781 2964 repudiare,
835 2892 901 2946 ad
957 2906 1051 2947 eas
1110 2889 1319 2961 lgnatio
1372 2892 1726 2947 vindicandas

146 2995 281 3040 tanto
316 3001 612 3041 consensu
648 2984 1066 3054 conspirarunt;
1107 2983 1212 3038 nisi
1242 2983 1370 3053 quia
1395 2982 1513 3037 illas
1538 2998 1721 3039 verum

143 3090 188 3132 et
207 3079 504 3148 genuinum
534 3076 743 3147 lgnatii
769 3092 905 3145 opus
928 3091 1047 3132 esse
1072 3076 1392 3131 certissimis
1422 3076 1722 3133 rationibus

145 3184 449 3237 persuasum
481 3167 725 3225 omnino
757 3166 1034 3222 habuere?

736 3299 969 3355 CAPUT
1007 3299 1140 3355 Vill.

141 3436 509 3478 lESPOXDl-ZTUB
555 3434 873 3474 OBJECTIONI
913 3435 978 3472 EX
1018 3434 1294 3474 NICEPIIORI
1336 3435 1404 3473 ΕΤ
1445 3434 1720 3474 ANASTASII

646 3504 975 3544 TESTIIUNIO
1013 3505 1243 3543 ιἘΤΙΪΑΞ.

145 3600 169 3672 5
203 3601 238 3657 l.
279 3602 661 3675 Niciephorum
702 3616 808 3654 non
845 3616 954 3655 esse
991 3610 1258 3655 auctorem
1298 3601 1719 3657 Sticliometrim.

200 3717 273 3772 Ex
307 3720 376 3776 iis
408 3719 582 3790 ipsis,
630 3732 776 3787 quos
823 3716 1122 3772 adversarii
1158 3717 1316 3774 nobis
1352 3717 1547 3773 deinde
1578 3718 1721 3787 objic

139 3809 292 3875 ciunt,
326 3808 717 3881 scriptoribus
751 3822 954 3861 novum
993 3818 1319 3878 argumento
1348 3818 1542 3864 nostro
1582 3825 1721 3879 pon-

138 3902 227 3955 dus
255 3911 307 3956 et
332 3902 515 3957 robur
546 3898 786 3955 accedit.
834 3896 986 3965 Quos
1021 3898 1188 3965 enim,
1221 3914 1429 3969 quaeso,
1468 3900 1724 3955 eruditis-

138 3990 294 4057 sime,
327 4006 503 4062 quam
552 3986 944 4059 produximus,
981 3994 1060 4041 tot
1099 3986 1341 4040 virorum
1390 3985 1723 4040 multitudini

139 4083 454 4152 opponunt!
520 4078 681 4135 Duos
736 4078 821 4133 vel
879 4080 1063 4148 potius
1121 4093 1290 4132 unum
1346 4076 1725 4131 tantummodo

138 4184 401 4230 auctorem
432 4215 450 4240 ,
509 4171 820 4242 quemdam
873 4170 1081 4225 scilicet
1137 4184 1511 4240 anonymum,
1561 4184 1724 4237 quem

137 4263 353 4323 Dallarus
383 4266 543 4323 falso
577 4272 738 4334 putat
767 4261 938 4319 fuisse
964 4261 1328 4331 Nicephorum
1358 4261 1723 4331 patriarcham

135 4355 839 4429 Constantinopolitanum,
870 4363 924 4410 et
943 4353 1317 4418 Anastasium,
1352 4353 1446 4423 qui
1475 4353 1724 4408 Graecum

138 4448 414 4522 Nicephori
445 4450 545 4506 vel
570 4449 760 4519 potius
792 4446 1049 4517 anonymi
1082 4461 1221 4516 opus
1252 4444 1441 4500 Latine
1469 4444 1723 4511 reddidit,

138 4543 228 4610 vel,
248 4546 294 4598 si
337 4545 514 4612 velis,
554 4550 617 4597 ut
656 4539 907 4609 loquitur
934 4536 1119 4594 Dallazi
1149 4537 1424 4606 defensor,
1456 4536 1548 4607 qui
1592 4536 1721 4591 illud

141 4654 157 4685 ι
183 4637 488 4707 adoptavit.
529 4653 553 4688 ι
589 4631 972 4689 Examinanda
999 4639 1083 4686 est
1110 4629 1271 4700 igitur
1302 4630 1464 4699 hujus
1487 4628 1722 4699 scripto-

137 4724 202 4781 ris
227 4727 547 4783 auctoritas
578 4732 634 4779 et
659 4721 1056 4779 testimonium.
1087 4719 1272 4775 Primo
1302 4720 1534 4776 Dallaeus
1562 4719 1725 4776 Nice-

137 4817 359 4884 phorum
420 4813 855 4873 liberalissimis
908 4820 1070 4869 ornat
1125 4812 1417 4879 laudibus,
1477 4822 1531 4868 et
1577 4813 1725 4868 hunc

139 4904 437 4966 Dallaaanus
455 4905 731 4965 defensor
758 4906 954 4960 «ictum
969 4924 987 4957 ι
1005 4904 1188 4960 ηοὶήει
1208 4904 1462 4960 lethalem
1482 4923 1502 4961 ι
1522 4903 1726 4961 inferre

136 5015 402 5058 asseverat
438 5002 514 5057 ι’.
553 4998 662 5055 Sed
692 4998 813 5062 ubi,
847 4998 1064 5064 amabo,
1089 4998 1174 5053 vir
1208 4997 1298 5052 ille
1333 4997 1567 5057 summis
1596 4999 1721 5053 lau-

137 5090 283 5149 dibus
332 5091 659 5158 ornandus,
716 5089 887 5144 ictum
926 5089 1181 5144 lethalem
1215 5088 1371 5145 nobis
1411 5089 1639 5145 intulit?
1666 5089 1725 5145 In

137 5177 534 5250 Stichometria,
581 5179 878 5251 inquiunt,
934 5194 1057 5250 qua:
1104 5178 1325 5250 quidem
1382 5180 1519 5234 nihil
1574 5180 1725 5235 aliud

138 5289 288 5339 quam
331 5274 729 5346 fragmentum
760 5280 874 5338 est,
912 5269 980 5325 ad
1015 5270 1220 5326 calcem
1262 5269 1729 5343 Chronographite

136 5361 421 5436 Nieephori
470 5382 504 5422 ι
536 5364 777 5421 .ibrario
802 5362 988 5432 aliquo
1018 5362 1315 5434 adjectum.
1364 5361 1597 5421 Dallzeus
1625 5380 1725 5418 au-

136 5467 233 5511 tem
256 5457 640 5529 Nicephorum
680 5456 830 5511 illius
859 5464 1137 5510 aucturem
1168 5470 1288 5511 esse
1317 5455 1458 5510 miro
1486 5456 1721 5526 quodam

137 5562 457 5619 argumento
482 5556 805 5624 propugnat
832 5547 911 5603 ":
952 5566 971 5600 ι
996 5547 1170 5618 llujus
1220 5547 1394 5615 ipsius
1430 5546 1717 5618 Nicephori

212 5654 409 5714 “Dall.
428 5669 545 5729 cap.
566 5655 663 5722 56,
690 5652 889 5725 p.“8.
982 5664 1023 5695 ιδ
1059 5677 1179 5734 pag.
1216 5662 1304 5717 Η.

1382 5663 1423 5694 ¹⁶
1458 5677 1571 5734 cap.
1605 5662 1658 5731 ι,
1688 5678 1743 5734 p.
1771 5662 1898 5718 215.

1828 1806 2073 1861 eamdem
2107 1804 2539 1860 Stichometriam
2566 1805 2875 1876 Nicephoro
2907 1810 3255 1862 vetustiorem
3283 1824 3404 1864 esse

1829 1896 2155 1967 suspicatur.
2194 1916 2214 1951 ι
2239 1895 2579 1964 Vehementi,
2624 1898 2800 1969 inquit
2827 1900 2890 1967 ‘3,
2926 1902 3189 1957 sollicitor
3221 1906 3403 1974 suspi-

1828 1990 2003 2056 cione,
2049 1999 2109 2044 ut
2147 1991 2364 2046 credam
2413 1992 2598 2055 istam,
2652 2008 2759 2061 qua
2803 1992 2871 2049 de
2921 1996 3155 2064 agimus,
3190 1996 3399 2052 Sticho.-

1828 2083 2070 2137 metriam
2102 2079 2411 2153 Nicephoro
2457 2084 2574 2154 ipso
2614 2086 2965 2143 vetustiorem
3011 2104 3153 2145 esse.
3184 2088 3398 2150 Nemini

1826 2174 1970 2228 enim
2004 2190 2192 2232 eorum
2227 2176 2319 2246 qui
2354 2176 2468 2231 haec
2510 2176 2687 2232 studia
2725 2179 2808 2233 vel
2835 2182 3065 2237 summis
3104 2182 3274 2240 labris
3304 2185 3400 2239 de-

1828 2274 2153 2334 gustarunt,
2194 2266 2360 2320 latere
2403 2274 2532 2335 puto
2574 2267 2771 2321 horum
2817 2268 3181 2324 indiculorum
3234 2287 3395 2326 usum

1828 2355 1920 2410 diu
1954 2368 2079 2412 ante
2111 2357 2475 2429 Nicephorum
2511 2358 2831 2414 obtinuisse.
2864 2361 2907 2414 A
2933 2377 3062 2417 vero
3094 2362 3257 2433 igitur
3284 2379 3394 2417 non

1828 2449 2084 2505 abhorret
2128 2448 2493 2519 Nicephorum
2544 2450 2971 2505 Stichometriam
3008 2453 3166 2507 istam
3202 2470 3231 2508 a
3259 2453 3398 2508 scri-

1827 2550 1983 2611 ptore
2029 2555 2087 2596 se
2125 2540 2421 2597 admodum
2464 2541 2760 2597 vetustiore
2791 2542 3050 2599 habuisse
3094 2545 3177 2599 vel
3214 2546 3397 2618 potius

1827 2649 1947 2689 eam
1988 2633 2042 2687 in
2073 2634 2219 2688 calce
2245 2634 2608 2703 antiquissimi
2637 2649 2916 2689 sacrorum
2947 2637 3209 2691 librorum
3245 2638 3399 2692 codi-

1827 2723 1907 2778 cis
1944 2735 2158 2777 metam
2196 2722 2297 2775 sibi
2323 2723 2632 2792 adoptasse,
2679 2738 2902 2795 sua-que
2936 2723 3398 2801 Chronographize

1828 2813 2224 2871 subtexuisse.»
2259 2813 2451 2869 Verum
2480 2824 2538 2869 ut
2563 2815 2853 2871 vehemens
2879 2816 3180 2873 defensoris
3215 2820 3396 2888 suspi~

1827 2905 1913 2961 cio
1945 2904 2146 2973 aliquid
2186 2904 2475 2959 soliditatis
2514 2904 2755 2971 haberet,
2792 2906 2893 2974 ipsi
2934 2908 3112 2983 primo
3157 2908 3394 2976 probau-

1827 2997 1955 3051 dum
1990 3004 2107 3050 erat
2134 2995 2335 3048 nullam
2384 2994 2822 3049 Stichometriam
2861 2982 3397 3069 NiCephororecen~

1794 3156 1799 3163 ,
1827 3091 2020 3146 tiorem
2067 3103 2208 3155 esse,
2239 3090 2331 3143 sed
2363 3103 2553 3144 omnes
2582 3105 2690 3143 non
2729 3090 2907 3146 solum
2951 3090 3044 3145 illo
3072 3091 3395 3146 vetustiores

1824 3196 1965 3248 esse,
2003 3180 2095 3235 sed
2125 3199 2143 3230 ‹
2178 3181 2469 3235 admodum
2505 3181 2848 3238 vetustiores.
2876 3202 2893 3236 ι
2934 3182 3135 3237 Deinde
3157 3183 3259 3253 ipsi
3294 3183 3395 3237 ad-

1824 3277 1933 3335 huc
1976 3274 2463 3330 demonstrandum
2506 3286 2624 3330 erat
2657 3278 2906 3332 eumdem
2948 3278 3248 3333 indiculum
3284 3295 3393 3334 non

1826 3381 1855 3419 a
1897 3364 2151 3429 librario,
2190 3364 2285 3419 sed
2342 3380 2372 3418 a
2419 3363 2726 3434 Nicephoro
2770 3365 2888 3434 ipso
2930 3366 3399 3438 Chronographiae

1826 3471 1939 3511 sua:
1988 3454 2416 3524 superadditum.
2457 3454 2547 3508 Ille
2601 3465 2777 3517 autem
2827 3464 3087 3519 neutrum,
3130 3458 3236 3513 ulla
3289 3473 3396 3512 un-

1824 3564 1987 3618 quam
2012 3547 2219 3601 ratione
2252 3546 2519 3616 probabit.
2554 3545 2756 3600 Contra
2784 3560 2934 3610 vero,
2966 3548 3057 3618 qui
3089 3549 3399 3603 manuscri-

1824 3650 1946 3711 ptos
1979 3639 2194 3694 codices
2227 3640 2311 3693 vel
2352 3637 2578 3697 minimo
2612 3638 2792 3693 studio
2826 3642 3171 3712 pervolutare
3196 3641 3394 3709 solent,

1825 3732 1864 3786 ii
1891 3740 2041 3786 certo
2090 3730 2292 3787 certius
2334 3739 2602 3785 noverunt
2649 3731 2996 3788 librariorum
3032 3728 3239 3788 morem
3272 3750 3397 3792 esse

1825 3822 1928 3879 hos
1962 3820 2252 3889 indiculos,
2280 3821 2494 3891 aliaque
2521 3822 2792 3892 ejusmodi
2837 3824 3037 3895 scripta
3067 3824 3181 3880 sive
3206 3842 3396 3882 recen-

1824 3914 1964 3969 tiora
1994 3913 2109 3969 sive
2140 3913 2436 3968 vetustiora
2479 3914 2533 3967 in
2563 3915 2856 3980 librorum,
2886 3931 3026 3986 quos
3054 3917 3395 3987 describunt,

1826 4004 1934 4060 ﬁne
1985 4019 2126 4076 saepe
2177 4005 2376 4079 saepius
2426 4005 2679 4076 adjicere.
2746 4005 2920 4062 Porro
2972 4018 3151 4064 autem
3203 4011 3396 4072 demus

1825 4096 2045 4164 Dalltno,
2070 4097 2215 4168 quod
2240 4106 2418 4157 tamen
2451 4098 2647 4154 falsum
2675 4102 2936 4167 est,hanc
2969 4100 3399 4159 Srichometriam

1826 4203 1856 4243 a
1880 4185 2185 4257 Nicephoro
2218 4188 2528 4258 patriarcha
2555 4187 2725 4245 fuisse
2747 4190 2981 4258 editam;
3012 4192 3204 4249 demus
3230 4194 3394 4249 etiam

1825 4277 1947 4346 ejus
1970 4277 2266 4344 defensori,
2304 4277 2448 4348 quod
2485 4280 2599 4349 ipse
2628 4296 2907 4351 nunquam
2944 4283 3219 4351 probabit,
3248 4285 3395 4345 illam

1758 4384 1802 4441 υ
1825 4380 1962 4436 opus
1991 4383 2113 4424 esse
2142 4368 2383 4425 auctoris
2427 4366 2734 4440 Nicephoro
2774 4369 2893 4440 ipso
2921 4371 3212 4427 admodum
3243 4385 3396 4429 vetu-

1824 4460 2041 4527 stioris;
2101 4462 2347 4532 nunquid
2394 4462 2557 4517 unius
2602 4461 2923 4532 Nicephori,
2977 4466 3060 4519 vel
3105 4466 3392 4535 cujusdam

1827 4553 2084 4623 anonymi
2118 4563 2172 4609 et
2217 4553 2479 4625 incogniti
2510 4553 2799 4626 scriptoris
2836 4554 3103 4625 judicium
3149 4557 3311 4613 clarae
3343 4570 3398 4615 et

1824 4644 2061 4700 evidenti
2104 4646 2353 4702 omnium
2400 4646 2581 4702 omnis
2625 4647 2801 4703 aetatis
2845 4647 3293 4705 doctissimorum
3341 4660 3396 4707 et

1826 4735 2241 4792 notissimorum
2310 4736 2554 4792 virorum
2627 4738 2910 4794 sententiae
3001 4739 3396 4809 praeferendum

1824 4824 1953 4880 est?

1866 4915 1893 4988 §
1927 4915 1988 4971 ll.
2032 4915 2186 4971 llam:
2231 4915 2851 5043 Sticliomerian‘tunihit
2886 4920 3099 4989 oljicere.
3125 4920 3363 4990 epistolis

2544 5006 2644 5043 (ma
2673 5006 2732 5043 η.

2542 5006 2732 5060 gnam.

1900 5076 2006 5134 Sed
2041 5094 2159 5150 age,
2181 5079 2559 5136 auctoritatem
2590 5090 2644 5137 et
2675 5080 3043 5137 testimonium
3072 5080 3234 5151 hujus
3262 5082 3402 5137 scri-

1825 5171 2021 5241 ptoris,
2052 5174 2367 5245 quicunque
2402 5174 2619 5229 tandem
2650 5175 2741 5229 ille
2769 5173 2953 5241 fuerit,
2993 5173 3393 5229 examinemus.

1826 5262 1878 5319 ls
1915 5265 2098 5321 varios
2130 5266 2392 5321 librorum
2436 5283 2607 5323 sacra:
2637 5267 2933 5336 Scriptura:
2966 5265 3273 5335 composuit
3304 5280 3399 5321 ca-

1826 5359 2059 5429 talogos,
2088 5361 2289 5429 quibus
2318 5369 2669 5416 recensentur
2695 5379 2709 5415 :
2737 5360 2788 5413 1°
2819 5357 3030 5413 Veteris
3060 5358 3399 5414 Testamenti

1826 5450 1982 5517 libri;
2018 5451 2075 5504 2°
2105 5451 2239 5507 Novi
2266 5452 2600 5507 Testamenti
2622 5470 2635 5518 ;
2654 5455 2740 5509 5°:
2759 5452 2891 5518 Quae
2906 5465 3013 5503 non
3040 5450 3398 5506 admittuntur

1828 5541 2038 5599 Veteris
2068 5543 2401 5599 Testamenti
2439 5544 2733 5614 Scriptura:
2750 5558 2773 5611 ;-
2799 5543 2854 5596 4ο
2883 5542 3017 5609 Quae
3050 5541 3260 5599 Vcteris
3294 5541 3399 5603 T0.-

1982 5663 2019 5693 ”
2058 5659 2113 5714 In
2152 5659 2405 5716 Aduolat.
2438 5674 2490 5731 p.
2525 5659 2611 5715 88.
2695 5659 2736 5691 ⁸⁸
2773 5673 2897 5729 pag.
2940 5656 3021 5711 14.
