3768 6302
436 242 540 298 505

1502 243 1560 298 S.
1602 241 1953 301 lGNATlUS.
1988 275 2055 283 —
2094 238 2626 297 PROLEGOMENA.

3573 235 3667 292 50$

436 356 694 412 stamenti
720 359 1030 431 apocrypha
1066 373 1385 425 censemus;
1420 361 1475 415 5°
1500 359 1633 427 Quae
1657 359 1793 419 Novi
1822 360 2010 418 Testa-
2039 366 2084 421 A
2112 360 2461 433 confugiunt,
2495 369 2556 417 ut
2583 358 2774 416 saltem
2812 365 2963 414 muta
3003 373 3068 413 ac
3096 354 3277 413 silenti
3313 354 3666 426 quorumdam

438 449 607 504 menti
665 459 794 505 sunt
850 451 1183 522 apocrypha.
1229 456 1464 528 iAtquae
1483 455 1534 509 in
1561 454 1662 509 hoc
1716 453 2005 524 posteriori

437 543 633 598 ordine
662 543 851 614 lgnatii
879 544 1155 614 epistolas,
1176 555 1270 600 aut
1303 546 1503 617 potius,
1531 556 1590 602 ut
1608 547 1723 617 ipse
1745 548 2005 618 loquitur,

436 634 741 690 doctrinam
771 637 1074 693 collocavit.
1114 636 1316 692 Verum
1360 640 1474 695 haec
1514 641 1755 696 auctoris
1791 640 2004 696 Sticho-

435 727 640 781 metria:
680 728 838 783 verba
868 738 923 783 et
952 729 1338 801 inscriptiones
1386 732 1524 786 nihil
1572 733 1808 789 innuunt
1856 735 2004 791 aliud

434 836 599 890 quam
628 819 817 892 lgnatii
849 822 1107 892 epistolas
1134 824 1276 879 inter
1308 826 1616 897 apocrypha
1645 824 1781 881 Novi
1815 826 2006 884 Testa—

432 912 600 965 menti
646 927 770 968 esse
817 912 1165 982 rejiciendas,
1200 915 1305 971 hoc
1358 925 1579 980 est,eas
1627 917 1768 973 inter
1818 936 2003 977 sacros

430 999 567 1058 Novi
594 1003 931 1061 Testamenti
958 1006 1127 1063 libros
1168 1023 1277 1064 non
1307 1023 1429 1065 esse
1452 1011 1839 1067 numerandas.
1870 1012 2002 1069 Eam

430 1096 623 1163 procul
670 1096 838 1155 dubio
869 1098 941 1153 ob
983 1113 1207 1153 causam
1260 1101 1592 1156 mentionem
1638 1102 1768 1160 facit
1815 1120 2002 1160 eorum

431 1189 811 1245 tantummodo
854 1191 1143 1261 librorum,
1172 1194 1268 1263 qui
1298 1195 1671 1263 apostolorum
1720 1205 1814 1251 aut
1842 1198 2004 1267 quin-

429 1295 538 1349 que
573 1282 889 1338 eorumdem
924 1283 1320 1355 discipulorum
1368 1302 1567 1342 nomen
1616 1288 1999 1358 praeferebant,

428 1388 678 1443 quosque
706 1389 773 1429 eo
802 1375 1024 1431 nomine
1054 1376 1372 1447 imprudens
1419 1381 1782 1449 quorumdam
1825 1382 2001 1453 pietas

428 1478 598 1521 sacra:
644 1464 783 1521 Novi
832 1466 1167 1525 Testamenti
1218 1469 1514 1540 Scriptura:
1555 1473 1756 1529 ascribi
1809 1475 2001 1529 volue-

427 1565 534 1613 rat.

499 1649 589 1716 At,
624 1648 877 1721 inquiunt
905 1649 1183 1719 Dallzeani,
1212 1664 1404 1711 auctor
1435 1655 1524 1711 ille
1554 1658 1812 1727 epistolas
1841 1658 1997 1731 lgna-

428 1740 490 1794 tii
528 1742 717 1796 eodem
746 1759 977 1799 numero
1010 1745 1285 1802 habendas
1316 1762 1435 1804 esse
1457 1759 1661 1815 censet,
1691 1770 1709 1803 ί
1741 1767 1806 1806 ac
1836 1751 1999 1809 Itine-

427 1834 572 1889 raria
616 1833 781 1903 Petri,
819 1835 1043 1893 Joannis
1087 1849 1139 1893 et
1182 1838 1425 1907 Thomze,
1461 1858 1581 1912 quae
1613 1859 1679 1900 ex
1705 1845 1998 1903 deterrimo

427 1942 623 1995 genere
675 1931 1112 2001 apocryphorum
1148 1951 1167 1984 ι
1234 1949 1356 1989 esse
1417 1937 1616 2005 sa:pius
1677 1939 1991 1996 decantant.

430 2016 581 2074 Unde
610 2019 775 2075 iidem
799 2023 1058 2079 audacter
1086 2025 1419 2081 concludunt
1445 2046 1458 2082 :
1487 2046 1505 2080 ι
1541 2027 1739 2085 Eadem
1775 2043 1995 2088 senten-

422 2108 497 2163 tia
528 2110 784 2167 damnata
831 2124 1126 2186 notataque
1165 2116 1336 2174 fuisse
1372 2118 1683 2190 lgnatiana,
1716 2124 1783 2179 ad
1816 2125 1993 2181 labem

420 2210 582 2272 atque
604 2203 959 2275 ignominiam
989 2211 1395 2279 sempiternam.
1422 2230 1440 2264 ›
1472 2213 1576 2269 Sed
1608 2231 1702 2272 eos
1730 2217 1996 2287 objectio-

420 2295 505 2350 nis
527 2298 692 2352 toties
718 2301 961 2369 repetitae
981 2302 1184 2370 pudere
1211 2304 1504 2373 aliquando
1528 2307 1823 2365 debuisset.
1864 2311 1992 2380 Epi-

420 2386 575 2441 stolae
619 2389 889 2459 siquidem
928 2390 1121 2463 lgnatii
1170 2394 1399 2451 sincerae
1428 2413 1492 2453 ac
1528 2399 1647 2453 sine
1690 2400 1990 2471 interpola-

420 2479 683 2547 tionibus,
709 2498 846 2552 quas
878 2485 1022 2540 solas
1060 2485 1423 2555 defendimus,
1452 2492 1590 2546 nihil
1620 2493 1726 2548 nisi
1772 2510 1988 2563 sanum,

417 2570 783 2627 orthodoxum
841 2585 897 2631 et
938 2577 1262 2635 Christianis
1295 2578 1499 2652 totique
1529 2582 1783 2641 Ecclesia:
1812 2587 1991 2643 utilis-

418 2662 642 2728 simum,
671 2674 724 2720 et
747 2667 982 2722 maxime
1008 2666 1348 2726 fructuosum
1379 2676 1837 2744 complectuntur.
1866 2677 1989 2735 Non

416 2763 713 2823 potuerunt
746 2774 877 2829 ergo
908 2776 1030 2814 cum
1076 2761 1143 2817 iis
1184 2764 1594 2835 scriptis,quaei
1619 2782 1683 2822 ex
1698 2768 1990 2826 deterrimo

414 2862 613 2916 genere
660 2852 1099 2924 apocryphorum
1134 2873 1153 2907 ι
1178 2856 1429 2922 somniis,
1452 2861 1861 2932 mendaciisque
1901 2879 1990 2919 re-

413 2938 577 3009 ferta,
603 2949 658 2996 et
687 2943 851 2999 certis
893 2947 1117 3003 venenis
1158 2948 1403 3020 inspersa
1438 2961 1620 3017 sunt,«
1640 2954 1825 3009 eadem
1857 2971 1987 3011 sen-

2111 455 2433 510 auctoritate
2470 453 2627 511 vanis
2658 453 2775 509 suis
2802 450 3211 508 velitationibus
3232 449 3412 504 locum
3441 448 3667 518 aliquem

2108 546 2328 602 dedisse
2354 546 2662 603 videantur.
2690 545 2923 601 Dallazus
2946 544 3132 614 itaque
3152 557 3349 612 magna
3384 541 3666 595 verborum

2106 653 2305 709 pompa
2361 650 2745 709 argumentum
2793 653 2955 693 suum
3013 635 3330 704 negativum
3395 633 3666 703 proponit,

2106 733 2249 802 quod
2284 732 2427 787 hanc
2467 732 2522 785 in
2550 729 2783 785 formam
2829 739 3000 785 totum
3034 729 3317 785 reducitur
3345 746 3357 782 :
3381 746 3400 780 ι
3428 727 3667 793 Constat,

2108 823 2284 894 inquit
2311 824 2399 879 ille
2425 824 2491 886 ‘9,
2524 824 2645 887 has,
2675 839 2811 894 quas
2841 823 3003 878 hodie
3048 821 3281 892 legimus
3318 820 3603 890 epistolas.
3628 820 3667 873 si

2104 930 2233 970 vere
2262 912 2455 985 lgnatii
2496 921 2645 979 sunt,
2688 928 2800 968 non
2843 912 3086 983 potuisse
3124 926 3235 965 non
3265 924 3388 965 esse
3423 908 3668 963 omnibus

2104 1007 2250 1061 illius
2290 1015 2344 1060 et
2389 1006 2651 1076 proximae
2692 1003 2949 1073 deinceps
2998 1002 3279 1057 memoriae
3324 1001 3666 1063 Christianis,

2104 1097 2402 1169 praesertim
2430 1110 2559 1151 vero
2589 1096 2844 1152 litteratis
2883 1104 2936 1151 et
2986 1094 3239 1161 eruditis,
3268 1092 3316 1148 si
3346 1092 3446 1162 qui
3475 1101 3665 1155 essent,

2104 1189 2439 1245 notissimas.
2480 1189 2550 1245 At
2588 1190 2672 1246 his
2700 1189 2857 1259 plane
2886 1187 3215 1258 penitusque
3255 1186 3477 1256 ignotas
3514 1183 3668 1239 fuisse

2104 1282 2205 1337 has
2251 1297 2463 1350 omnes,
2497 1297 2634 1353 quas
2687 1296 2835 1336 nunc
2880 1280 3168 1347 habemus,
3209 1276 3405 1347 lgnatii
3461 1278 3668 1331 nomine

2104 1374 2393 1445 inscriptas
2429 1374 2711 1443 epistolas,
2740 1373 2982 1444 ipsorum
3029 1387 3153 1443 quae
3184 1380 3491 1442 supersunt
3521 1385 3666 1441 Opera

2103 1465 2259 1533 satis,
2285 1473 2342 1520 ut
2377 1466 2513 1520 mihi
2547 1466 2766 1536 quidem
2808 1467 3041 1533 videtur,
3080 1474 3319 1537 arguunt
3344 1480 3412 1522 ac
3448 1466 3666 1523 demon-

2102 1566 2296 1613 strant.
2324 1558 2465 1630 Ergo
2488 1560 2797 1618 necessario
2830 1559 2961 1614 illud
2982 1574 3204 1629 quoque
3233 1557 3381 1628 quod
3410 1573 3519 1612 nos
3551 1572 3668 1612 con-

2102 1653 2396 1720 tendimus,
2429 1654 2797 1711 conlitendum
2824 1665 2927 1720 est,
2950 1653 3211 1723 epistolas
3234 1653 3359 1709 illas
3395 1666 3664 1721 nunquam

2030 1718 2072 1773 Β
2102 1744 2272 1802 fuisse
2317 1718 2389 1801 ab
2418 1746 2628 1818 lgnatio
2673 1718 2925 1817 scriptas.
2952 1718 3216 1801 {Verum
3255 1760 3428 1815 quam
3466 1744 3663 1799 inﬁrma

2102 1840 2495 1910 nugatoriaque
2524 1840 2595 1894 sit
2627 1840 2742 1895 haec
2772 1838 3195 1911 argumentatio,
3220 1853 3285 1893 eo
3312 1838 3521 1892 invicte
3546 1852 3664 1892 con-

2100 1930 2298 1997 ficitur,
2333 1933 2501 2001 quod,
2534 1933 2580 1988 si
2610 1932 2825 1989 roboris
2856 1932 3062 2002 aliquid
3092 1932 3315 1998 habeat,
3340 1931 3414 1985 ab
3451 1946 3515 1985 ea
3555 1930 3663 1985 Dal-

2097 2024 2229 2081 lacus
2274 2025 2502 2095 ejusque
2554 2024 2794 2079 fautores
2851 2023 3238 2079 tantummodo
3297 2022 3573 2077 feriantur
3619 2032 3663 2075 et

2096 2116 2416 2171 obruantur.
2462 2115 2519 2170 ln
2561 2116 2681 2172 illos
2732 2117 2999 2186 siquidem
3050 2117 3221 2187 ipsos,
3258 2116 3355 2185 qui
3408 2114 3663 2186 lgnatium

2096 2206 2324 2276 aliquas,
2352 2216 2412 2261 ut.
2434 2206 2692 2274 diximus,
2723 2208 2984 2277 epistolas
3026 2208 3319 2277 scripsisse
3356 2207 3662 2263 ﬁrmissima

2094 2298 2497 2354 asseveratione
2525 2299 2815 2364 affirmant,
2840 2300 2948 2354 hoc
2976 2299 3117 2354 idem
3142 2309 3539 2369 argumentum
3566 2309 3662 2353 tota

2094 2403 2195 2444 sua
2228 2390 2303 2458 vi,
2341 2392 2601 2461 omnique
2653 2391 2855 2461 impetu
2901 2390 2983 2446 sic
3027 2391 3238 2446 recidit.
3275 2391 3517 2446 Constat
3564 2392 3661 2460 epi-

2093 2482 2261 2537 stolas
2302 2482 2370 2537 ab
2418 2483 2626 2555 lgnatio
2679 2484 2912 2553 scriptas
2958 2499 3063 2538 non
3098 2484 3347 2554 potuisse
3395 2500 3517 2539 non
3561 2500 3661 2539 esse

2091 2575 2345 2630 omnibus
2371 2584 2425 2630 et
2454 2576 2712 2646 proxima:
2732 2576 2987 2646 deinceps
3014 2576 3292 2631 memoria:
3318 2577 3661 2642 Christianis,

2091 2667 2390 2737 praesertim
2440 2682 2569 2723 vero
2616 2667 2866 2723 litteratis
2912 2678 2967 2723 et
3029 2669 3263 2723 eruditis
3324 2670 3659 2725 notissimas.

2089 2757 2253 2829 Atqui
2287 2760 2565 2828 epistolas,
2598 2774 2735 2830 quas
2768 2759 3029 2817 Dallzeani
3075 2765 3144 2816 ab
3176 2760 3391 2831 lgnatio
3441 2764 3661 2832 scriptas

2088 2866 2210 2907 esse
2236 2853 2594 2920 contendunt,
2627 2870 2733 2908 non
2766 2853 2853 2909 his
2887 2855 3087 2920 solum,
3123 2854 3220 2909 sed
3252 2855 3521 2910 omnibus
3551 2864 3661 2909 ante

2086 2952 2286 3016 etpost
2318 2943 2639 3010 Eusebium,
2667 2944 2824 3014 plane
2864 2945 3193 3015 penitusque
3234 2944 3460 3014 ignotas
3506 2947 3661 3000 fuisse

412 3032 581 3087 tentia
628 3033 696 3087 ad
744 3034 921 3091 labem
976 3050 1139 3109 atque
1171 3042 1524 3115 ignominium
1560 3050 1981 3121 sempiternam.
2010 3062 2056 3121 ο
2087 3045 2295 3093 eertum
2318 3048 2420 3091 est.
2449 3033 2667 3090 Nullum
2697 3038 2842 3091 enim
2866 3037 2959 3108 qui
2986 3051 3080 3092 eas
3104 3036 3355 3091 citaverit
3380 3047 3484 3091 aut
3505 3052 3660 3107 agno-

412 3124 683 3180 damnari.
715 3124 903 3198 Itaque
932 3138 1124 3185 auctor
1166 3132 1575 3204 Sticliometriw,
1603 3138 1649 3192 si
1680 3140 1809 3208 quid
1840 3156 1987 3196 sana:

412 3216 613 3271 mentis
650 3216 924 3285 habuerit,
950 3222 1134 3277 omnia
1164 3225 1388 3293 scripta,
1415 3243 1536 3297 qua:
1586 3228 1832 3283 ultimam
1866 3231 1986 3301 ejus

410 3303 640 3359 classem
680 3310 1042 3376 constituunt,
1074 3313 1219 3369 inter
1248 3320 1557 3391 apocrypha
1600 3320 1737 3377 Novi
1786 3322 1984 3381 Testa-

408 3398 577 3451 menti
622 3401 987 3472 amandando,
1021 3421 1083 3461 ea
1112 3423 1143 3462 a
1179 3424 1340 3464 sacro
1381 3411 1689 3469 divinarum
1736 3416 1984 3489 bcriptu-

406 3502 590 3543 rarum
618 3493 867 3565 catalogo
889 3500 1266 3556 tantummodo
1292 3503 1556 3573 exclusit;
1586 3506 1680 3561 sed
1700 3509 1767 3563 de
1790 3524 1981 3564 eorum

410 3581 664 3650 utilitate,
697 3596 791 3641 aut
826 3586 893 3643 de
928 3605 1037 3659 quo
1070 3608 1269 3662 genere
1296 3598 1731 3668 apocryphorum
1765 3600 1981 3671 singula

404 3677 676 3733 censenda
709 3680 839 3748 sint,
869 3681 1097 3738 liberam
1138 3686 1394 3743 omnibus
1423 3687 1704 3758 judicandi
1738 3689 1865 3747 fecit
1891 3708 1982 3762 po-

403 3777 681 3825 tcstatem.

548 3861 575 3931 §
610 3860 697 3917 Ill.
738 3862 919 3935 Neque
939 3867 1282 3922 Anastasium
1308 3871 1496 3925 iisdem
1525 3888 1832 3944 repugnare.

475 3951 553 4006 De
600 3953 898 4011 Anastasio
947 3969 1161 4027 autem,
1207 3962 1302 4031 qui
1343 3961 1772 4019 Stichometriam
1824 3967 1975 4023 illam

403 4041 597 4099 Latine
630 4047 884 4113 reddidit,
935 4049 1076 4105 idem
1120 4054 1346 4109 omnino
1380 4071 1442 4111 ac
1471 4057 1536 4111 de
1565 4057 1713 4114 illius
1754 4070 1975 4117 auctore

402 4138 748 4193 sentiendum
770 4159 784 4208 ;
806 4141 890 4196 vel
913 4144 1093 4212 potius
1114 4145 1405 4201 dicendurm
1429 4158 1513 4205 est
1545 4151 1794 4207 eumdem
1834 4152 1977 4208 Ana-

400 4229 632 4284 stasium
662 4246 786 4286 cum
818 4233 1128 4305 interpretis
1165 4252 1275 4293 non
1306 4241 1483 4296 critici
1529 4243 1707 4297 ollicio
1748 4242 1971 4302 functus

398 4324 490 4389 sit,
512 4339 576 4379 ea
612 4340 732 4396 quae
773 4328 828 4381 in
858 4331 1230 4401 manuscripto
1261 4349 1363 4389 suo
1391 4335 1581 4391 codice
1610 4337 1797 4394 Grmce
1830 4340 1969 4395 scri-

2086 3124 2226 3180 verit
2254 3134 2532 3180 auctorem
2585 3141 2825 3197 unquam
2874 3134 3171 3198 potuerunt
3206 3127 3480 3183 indicare.
3533 3127 3659 3197 Ergo

2087 3218 2401 3275 necessario
2435 3218 2567 3274 illud
2612 3234 2829 3290 quoque
2858 3220 3224 3276 confitendum
3264 3232 3351 3277 est
3375 3223 3503 3288 has,
3536 3234 3659 3292 quas

2086 3310 2571 3377 dicuntDallzeani,
2599 3326 2881 3381 nunquam
2911 3313 2980 3367 ab
3005 3311 3214 3383 lgnatio
3236 3315 3483 3384 scriptas
3506 3314 3659 3368 fuisse

2082 3404 2365 3475 epistolas.
2412 3403 2527 3459 lloc
2558 3413 2741 3460 autem
2796 3406 2944 3475 quod
2992 3406 3096 3475 ipsi
3142 3406 3303 3461 nobis
3352 3410 3659 3466 ministrant

2084 3508 2485 3568 argumentum,
2512 3512 2577 3553 eo
2611 3498 2842 3553 validius
2868 3506 2973 3562 est,
2998 3498 3145 3569 quod
3182 3499 3441 3555 lethalem
3481 3502 3657 3569 ictum,

2082 3604 2241 3659 quem
2279 3590 2398 3645 suis
2434 3589 2536 3660 ipsi
2572 3590 2828 3645 manibus
2877 3590 2981 3646 sibi
3016 3590 3341 3659 intulerunt,
3383 3609 3655 3665 nunquam

2079 3690 2226 3735 certe
2259 3682 2539 3737 declinare
2572 3682 2806 3752 possint.
3536 3757 3545 3761 ⁸

2150 3771 2418 3829 Praeterea
2461 3772 2702 3828 fatentur
2745 3772 3066 3837 adversarii,
3095 3773 3241 3843 quod
3285 3790 3455 3831 nemo
3502 3776 3652 3830 etiam

2078 3879 2276 3935 negare
2305 3872 2493 3933 queat,
2534 3875 2919 3935 argumentum
2973 3865 3358 3920 allirmativum
3407 3869 3653 3940 negarim

2076 3970 2291 4023 semper
2320 3970 2441 4013 esse
2474 3957 2899 4026 praeferendum.
2932 3955 3121 4027 Neque
3144 3959 3293 4012 enim
3329 3960 3648 4029 scriptorum

2074 4046 2443 4115 quorumlibet
2472 4046 2770 4117 silentium,
2803 4050 2913 4103 imo
2944 4064 3119 4120 neque
3146 4052 3425 4121 ignoratio
3450 4052 3649 4107 efﬁcere

2073 4146 2280 4205 potest,
2313 4147 2373 4193 ut
2401 4153 2465 4193 ca
2508 4153 2673 4208 Opera
2704 4155 2827 4211 quae
2858 4142 2925 4196 ab
2956 4142 3078 4198 aliis
3102 4143 3221 4198 visa
3254 4153 3312 4199 et
3337 4146 3479 4200 lecta
3508 4156 3644 4209 sunt,

2074 4247 2199 4286 vere
2226 4246 2336 4286 non
2362 4232 2691 4300 exstiterint,
2726 4243 2781 4289 et
2812 4250 2940 4290 vere
2966 4250 3073 4289 non
3097 4236 3208 4290 sint
3231 4238 3305 4292 ab
3332 4240 3645 4294 auctoribus

2072 4324 2187 4379 suis
2242 4322 2504 4392 profecta.
2556 4322 2722 4394 Atqui
2774 4335 3096 4396 argumento
3152 4327 3486 4385 allirmativo
3533 4329 3642 4391 has,

398 4424 490 4485 pta
534 4417 835 4486 invenerat,
880 4419 1073 4478 Latina
1109 4425 1343 4481 fecisse:
1371 4429 1462 4483 sed
1496 4430 1562 4484 de
1608 4431 1710 4487 hac
1755 4430 1958 4487 Sticho-

2098 4431 2213 4485 [uas
2242 4415 2897 4485 sine'interpolationibus
2923 4418 3188 4474 habemus
3215 4420 3505 4489 epistolas,
3531 4433 3645 4473 vere

398 4509 607 4575 metria,
638 4526 759 4580 quae
784 4515 1027 4571 auctoris
1054 4517 1280 4575 alterius
1308 4522 1567 4592 operibus
1590 4524 1801 4595 adjecta
1827 4535 1964 4595 erat,

396 4601 607 4656 nullum
640 4606 1130 4675 tulissejudicium.

1002 4722 1232 4779 CAPUT
1273 4725 1363 4782 IX.

391 4839 725 4881 REFELLITUR
779 4843 1137 4891 ARGUMENTUM
1195 4855 1536 4907 NEGATIVUM,
1598 4862 1665 4898 EX
1719 4862 1963 4908 QUARUI-

509 4913 616 4951 ΒΑΜ
654 4914 1015 4959 Εοςιιεδιλῑιωι
1056 4923 1541 4968 CONSUETUDINIBUS
1580 4930 1839 4971 PETITUI.

426 5010 453 5082 §
492 5012 527 5065 Ι.
575 5011 690 5066 Hoc
711 5028 1075 5085 argumentum
1102 5033 1286 5077 contra
1317 5026 1647 5081 adversarios
1682 5030 1903 5084 militat.

453 5126 589 5180 Cum
645 5127 941 5185 adversarii
992 5136 1169 5189 nostri
1214 5139 1534 5207 scriptorem
1577 5143 1810 5210 nullum,
1857 5160 1959 5215 pro

384 5233 483 5271 sua
534 5220 791 5289 opinione
842 5223 1188 5295 loquentem,
1239 5245 1399 5299 quem
1460 5233 1832 5290 invictissimze
1882 5244 1960 5292 tot

382 5319 766 5383 tantorumque
796 5317 1059 5386 virorum,
1085 5338 1183 5392 pro
1212 5333 1395 5378 nostra
1420 5328 1688 5382 sententia
1713 5345 1958 5400 pugnan-

383 5403 518 5457 tium
546 5417 775 5464 caterva:
801 5426 1097 5483 opponant,
1122 5419 1334 5487 possint
1358 5422 1687 5490 producere;
1721 5426 1788 5478 ad
1818 5426 1955 5478 alio-

382 5509 501 5547 tum
532 5494 831 5569 silentium,
858 5513 1119 5577 tanquam
1171 5512 1239 5566 ad
1290 5528 1502 5568 sacram
1544 5516 1839 5572 anchoram
1880 5518 1952 5572 ita

464 5617 504 5646 "
540 5634 654 5687 eam.
691 5624 740 5683 5,
788 5641 837 5693 p.
873 5626 992 5679 256.

2074 4509 2142 4562 ab
2168 4506 2376 4579 lgnatio
2406 4518 2594 4563 nostro
2626 4518 2878 4565 exaratas
2904 4508 3073 4565 fuisse
3102 4527 3134 4566 a
3154 4513 3319 4568 nobis
3349 4513 3642 4569 evidentis-

2074 4599 2211 4655 sime
2233 4599 2667 4654 demonstratum
2688 4612 2793 4667 est,
2813 4603 3071 4657 nimirum
3101 4600 3412 4675 Polycarpi,
3435 4604 3637 4668 Irenazi,

2074 4691 2345 4762 Origenis,
2391 4692 2678 4747 Athanasii
2718 4694 3061 4764 aliorumque
3107 4697 3440 4751 auctoritate
3480 4710 3535 4753 et
3567 4706 3640 4751 te-

2074 4784 2370 4851 stimoniis,
2397 4800 2520 4855 qum
2559 4785 2627 4840 ab
2674 4786 2931 4841 omnibus
2962 4784 3148 4841 Dallrei
3183 4787 3641 4857 defensorumque

2072 4875 2191 4942 ejus
2222 4876 2663 4945 exceptionibus,
2708 4878 2960 4947 argutiis,
2997 4887 3053 4934 et
3094 4880 3543 4938 cavillationibus
3566 4886 3638 4935 in-

2069 4968 2367 5023 victissime
2398 4970 2814 5026 vindicavimus.

2140 5059 2264 5115 Haec
2311 5060 2475 5129 igitur
2524 5063 2657 5119 satis
2691 5079 2966 5135 superque
2998 5080 3118 5122 esse
3160 5066 3427 5125 deberent
3455 5070 3524 5124 ad
3552 5084 3635 5122 va-

2071 5169 2194 5206 nam
2230 5168 2421 5208 eorum
2454 5156 2760 5226 negativam
2789 5158 3339 5228 argumentationem,
3362 5177 3487 5231 qure
3518 5160 3631 5215 nul-

2068 5244 2175 5299 lam
2210 5260 2476 5315 unquam,
2506 5248 2613 5302 nisi
2656 5256 2846 5303 contra
2876 5264 2991 5316 eos,
3025 5252 3133 5304 vim
3168 5252 3451 5323 roburque
3489 5253 3631 5308 habi-

2066 5345 2185 5389 tura
2211 5346 2313 5401 est,
2346 5338 2564 5407 penitus
2605 5338 3021 5410 explodendam.
3074 5339 3153 5395 Ne
3199 5352 3378 5399 tamen
3432 5343 3629 5413 aliquid

2062 5430 2446 5499 probationum
2497 5450 2723 5489 suarum
2760 5436 2977 5491 anobis
3028 5444 3464 5507 praetermissum
3516 5454 3628 5493 esse

2061 5536 2489 5592 conquerantur,
2523 5534 2685 5597 atque
2730 5537 2789 5582 ut
2825 5529 3081 5584 omnibus
3131 5547 3295 5601 quam
3348 5530 3624 5585 inﬁrmum
