3768 6332
88 306 185 365 505

1049 308 1110 364 D.
1148 307 1442 367 NOURRII
1484 306 1963 365 DlSSERTATIO.
1999 337 2069 348 —
2115 305 2297 362 PARS
2332 305 2374 359 1.

3227 298 3331 355 506

91 434 155 488 sit
196 434 523 505 pracipuum
563 448 755 489 eorum
810 445 1195 506 argumentum
1245 444 1449 505 pateat,
1496 434 1654 504 juvat
1682 436 1729 494 Α
1762 433 2129 493 llierommus
2158 432 2279 498 has,
2307 431 2376 486 de
2404 428 2605 500 quibus
2639 428 2875 498 agimus,
2898 427 3104 497 optime
3128 439 3334 495 cogno-

90 526 257 578 omnia
291 526 555 595 negativa
593 526 741 583 illius
779 526 1116 584 defensionis
1146 538 1423 584 momenta
1471 538 1648 582 atten-

90 617 285 672 tissime
312 619 636 687 ponderare.

92 728 115 799 ᾗ
150 727 204 784 ll.
239 728 512 800 Epistolas
545 728 752 805 lgnatii
776 747 895 805 non
931 732 1098 805 fuisse
1129 733 1428 805 incognitas
1461 731 1648 790 Eccle-

592 803 689 857 sia:
718 802 1118 858 Alexandrina.

147 911 433 968 Contendit
471 912 638 983 igitur
681 913 915 973 Dallaus
952 918 1212 987 epistolas
1256 916 1452 991 lgnatii
1494 919 1648 976 inco-

88 1004 247 1072 gnitas
271 1002 445 1060 fuisse
484 1003 741 1063 Eeclesiis
784 1006 1130 1064 Alexandria
1172 1009 1519 1081 aliarumque
1556 1026 1647 1065 re-

86 1100 317 1168 gionum,
359 1115 465 1157 nec
516 1117 628 1157 non
672 1100 835 1157 etiam
883 1100 1257 1172 Tertulliano,
1305 1104 1459 1172 Caio,
1498 1102 1645 1159 Julio

85 1191 343 1258 Africano,
370 1192 643 1250 Clementi
671 1193 1066 1263 Alexandrino,
1097 1197 1360 1268 aliisque;
1399 1198 1647 1268 quando-

86 1283 280 1352 quidem
316 1285 355 1339 ii
392 1300 586 1342 omnes
633 1288 842 1344 nullam
875 1304 1062 1345 earum
1117 1289 1366 1346 fecerunt
1396 1306 1643 1361 unquam

84 1375 414 1431 mentionem.
448 1375 539 1433 Sic
563 1388 745 1434 autem
778 1381 869 1435 ille
899 1381 967 1436 de
998 1380 1241 1439 Ecclesia
1271 1383 1644 1439 Alexandrina

84 1466 317 1536 disputat.
371 1468 656 1539 Doctrina,
705 1472 978 1543 inquit”,
1011 1491 1133 1545 qua
1174 1476 1228 1530 in
1288 1476 1356 1532 iis
1398 1476 1644 1547 epistolis

86 1561 259 1629 sapius
307 1562 637 1629 inculcatur,
674 1580 741 1620 ea
785 1574 909 1623 est:
943 1587 962 1620 ‹
993 1566 1112 1622 Νοη
1153 1569 1315 1623 aliter
1364 1584 1528 1639 quam
1574 1569 1643 1623 ab

85 1666 178 1705 uno
211 1653 489 1725 episeopo,
539 1656 874 1727 presbyteris
926 1660 1272 1729 prasidente,
1309 1661 1423 1731 regi
1478 1674 1643 1731 posse

86 1757 138 1797 ac
162 1744 347 1801 debere
395 1746 644 1819 singulas
690 1749 898 1808 Christi
932 1751 1222 1810 Ecclesias.
1246 1773 1266 1806 ι
1302 1753 1468 1824 Atqui
1498 1753 1641 1810 alius

84 1834 301 1901 omnino,
344 1845 486 1893 teste
532 1837 866 1913 Hieronymo
911 1854 967 1900 et
1004 1843 1277 1916 Eutyehio
1321 1847 1636 1917 patriarcha

84 1927 445 1997 Alexandrino,
482 1943 601 1989 erat
627 1934 882 1993 Ecclesia
911 1938 1297 1995 Alexandrina
1326 1954 1481 1995 usus.
1516 1939 1643 1996 Hie-

85 2032 314 2087 ronymus
360 2023 565 2094 quippe
610 2026 728 2082 hac
766 2028 833 2083 de
867 2029 961 2084 illo
997 2030 1221 2086 tradidit
1243 2034 1285 2062 ²¹
1314 2049 1328 2086 :
1359 2051 1377 2083 ‹
1401 2032 1643 2088 Alexan-

84 2105 241 2163 driaa
286 2109 473 2167 Marco
522 2116 857 2187 evangelista
920 2133 1096 2190 usque
1140 2120 1209 2175 ad
1258 2118 1544 2177 Heraclam
1587 2130 1639 2178 et

90 2198 375 2273 Dionysium
408 2207 723 2279 episcopos,
758 2212 1061 2285 presbyteri
1109 2230 1325 2284 semper
1356 2231 1527 2270 unum
1571 2232 1639 2272 ex

86 2306 131 2344 se
166 2293 384 2350 electum
415 2297 472 2351 in
506 2301 795 2357 excelsiori
829 2304 1003 2374 gradu
1046 2306 1375 2362 collocatum
1422 2310 1640 2377 episco—

87 2396 190 2449 pum
220 2388 579 2444 nominabant
606 2409 620 2446 :
646 2394 927 2462 quomodo
955 2395 1001 2450 si
1029 2396 1306 2453 exercitus
1343 2397 1640 2469 imperato-

86 2488 178 2578 rem
204 2472 378 2547 faciat,
410 2491 510 2536 aut
534 2482 755 2539 diaconi
800 2486 1006 2557 eligant
1051 2488 1119 2543 de
1162 2503 1241 2555 se,
1266 2504 1431 2559 quem
1480 2491 1640 2544 indu-

88 2572 251 2623 strium
282 2572 556 2639 noverint,
585 2584 639 2629 et
676 2577 1126 2634 archidiaconum
1154 2588 1372 2635 vocent.
1399 2601 1418 2633 ι
1465 2580 1635 2653 Euty-

86 2658 214 2713 chius
226 2670 399 2717 autem
420 2664 492 2720 de
513 2667 703 2723 eodem
723 2685 826 2725 usu
849 2671 964 2726 hac
987 2672 1237 2728 scribit"
1261 2692 1273 2729 :
1300 2693 1317 2726 ι
1341 2674 1640 2730 Constituit

87 2750 267 2808 Marcus
328 2759 662 2829 evangelista
733 2762 1023 2819 duodecim
1089 2767 1435 2838 presbyteros
1512 2783 1637 2824 cum

87 2843 282 2914 Anania,
309 2850 401 2919 qui
433 2866 632 2922 nempe
678 2865 962 2910 manerent
985 2871 1111 2911 eum
1137 2858 1469 2927 patriarcha,
1500 2861 1638 2924 adeo

88 2948 135 2991 ut
169 2954 281 2993 cum
330 2954 552 2999 vacaret
603 2945 1032 3014 patriarchatus,
1080 2948 1342 3019 eligerent
1395 2966 1565 3005 unum
1608 2968 1641 3007 e

88 3032 401 3102 presbyteris,
443 3037 607 3106 cujus
640 3039 805 3108 capiti
849 3040 1101 3096 undecim
1152 3058 1346 3097 manus
1390 3043 1639 3113 impone-

89 3128 211 3186 rent,
248 3136 484 3194 eumque
529 3125 935 3193 benedicerent,
984 3139 1038 3184 et
1087 3131 1457 3199 patriarcliam
1508 3148 1632 3188 eum
1663 3141 1710 3204 ο

89 3225 316 3285 crearent,
343 3227 397 3273 et
427 3219 555 3275 dein
587 3222 768 3277 virum
800 3225 1036 3295 aliquem
1064 3226 1332 3298 insignem
1372 3229 1636 3299 eligerent

89 3316 286 3377 eumque
316 3323 503 3366 secum
546 3314 944 3371 constituerent
974 3318 1096 3373 loco
1124 3318 1262 3387 ejus,
1300 3321 1395 3390 qui
1444 3322 1526 3377 sic
1552 3321 1635 3377 fa-

90 3406 187 3452 ctus
216 3410 292 3455 est
317 3404 667 3474 patriarcha;
699 3416 759 3461 ut
788 3408 863 3462 ita
893 3423 1110 3478 semper
1144 3419 1427 3465 exstarent
1458 3413 1632 3467 unde-

90 3489 191 3546 cim.
234 3492 413 3565 Neque
466 3498 631 3554 desiit
670 3500 1017 3556 Alexandria
1060 3502 1372 3557 institutum
1426 3504 1530 3560 hoc
1567 3504 1635 3560 de

89 3582 413 3655 presbyteris,
467 3596 532 3642 ut
586 3588 795 3645 scilicet
851 3592 1198 3661 patriarchas
1268 3605 1520 3649 crearent
1565 3611 1633 3651 ex

90 3676 377 3748 presbyteris
411 3679 728 3748 duodecim,
758 3698 935 3753 usque
963 3684 1030 3738 ad
1060 3694 1305 3755 tempora
1335 3687 1633 3743 Alexandri

91 3770 371 3835 patriarcha
398 3772 779 3843 Alexandrini,
809 3777 905 3847 qui
942 3776 1048 3832 fuit
1086 3794 1153 3833 ex
1188 3795 1419 3836 numero
1449 3781 1576 3846 518,
1606 3800 1626 3833 ι

91 3858 131 3913 id
155 3872 224 3917 est
243 3861 458 3919 Patrum
486 3864 723 3921 Nieana
752 3868 968 3939 synodi.
986 3869 1357 3925 Alexandrina
1382 3887 1512 3944 ergo
1535 3872 1633 3930 Ec-

92 3952 224 4008 clesia
251 3959 477 4013 nescivit
498 3959 839 4015 contrarium
870 3977 1034 4016 usum
1065 3978 1187 4019 esse
1210 3980 1337 4020 vere
1373 3967 1632 4035 apostoli-

92 4057 207 4100 cum.
239 4046 421 4119 lgnatii
466 4051 654 4123 itaque
697 4053 802 4107 viri
846 4055 1135 4125 apostolici
1172 4057 1437 4128 epistolas
1472 4070 1632 4115 notas

92 4151 177 4191 non
202 4140 394 4199 habuit.

144 4227 296 4296 Quam
328 4236 547 4291 infirma
583 4237 655 4292 sit
684 4237 800 4293 hac
827 4239 1200 4309 ratiocinatio,
1235 4250 1297 4297 ut
1320 4241 1631 4299 evidentius

94 4335 327 4395 appareat,
355 4345 420 4386 ea
465 4331 524 4386 in
572 4332 873 4403 syllogismi
928 4331 1163 4388 formam
1201 4335 1274 4389 ita
1318 4336 1632 4392 reducenda

94 4425 171 4469 est.
213 4417 456 4479 Ecclesia
493 4423 550 4478 in
592 4424 795 4493 quibus
839 4441 970 4481 usus
1018 4425 1221 4496 viguit,
1254 4427 1515 4482 doctrina
1562 4429 1631 4483 ab

96 4503 265 4574 lgnatio
299 4513 351 4568 in
398 4516 647 4585 epistolis
694 4516 811 4572 suis
865 4517 1065 4588 sapius
1118 4518 1353 4586 tradita,
1403 4522 1630 4578 omnino

97 4605 378 4673 contrarius,
409 4622 488 4662 ea
523 4608 787 4679 epistolas
822 4608 943 4663 illas
990 4609 1144 4663 nullo
1192 4625 1420 4679 prorsus
1466 4613 1631 4669 modo

97 4701 222 4749 notas
248 4696 572 4754 habuerunt.
607 4700 773 4771 Atqui
806 4700 859 4754 in
897 4699 1143 4756 Ecclesia
1175 4702 1570 4767 Alexandrina.
1601 4721 1632 4761 a

96 4778 242 4842 Marco
256 4792 581 4863 evangelista
602 4809 778 4863 usque
799 4793 866 4847 ad
890 4792 1177 4848 Heraelam
1200 4804 1257 4849 et
1282 4794 1627 4867 Dionysium,

96 4876 160 4929 vel
182 4879 558 4950 Alexandrum,
595 4886 675 4939 uti
708 4883 1074 4956 Hieronymus
1105 4885 1515 4959 Eutycbiusque
1547 4899 1631 4945 te-

98 4978 287 5041 stantur,
311 4977 482 5049 viguit
510 4993 645 5033 usus
670 4977 952 5047 doctrina,
973 4980 1040 5034 ab
1070 4978 1277 5051 lgnatio
1301 4981 1355 5036 in
1382 4984 1631 5053 epistolis

99 5064 187 5119 suis
215 5071 397 5138 sapius
425 5070 657 5137 tradita,
682 5072 909 5125 omnino
946 5074 1278 5129 contrarius.
1322 5073 1430 5145 Ipsi
1459 5077 1628 5148 igitur

98 5152 223 5219 plane
240 5162 555 5232 penitusque
581 5163 870 5233 incognita
898 5162 1119 5221 fuerunt
1142 5164 1338 5237 Ignatii
1362 5170 1627 5239 epistola.

101 5240 237 5313 llujus
282 5262 455 5307 autem
511 5253 813 5325 syllogismi
870 5264 1103 5326 utraque
1145 5256 1452 5325 pramissa,
1500 5274 1625 5314 cum

101 5338 240 5406 major
263 5352 375 5399 tum
405 5345 588 5400 minor
620 5346 947 5416 propositio,
981 5348 1208 5403 omnino
1240 5347 1375 5405 falsa
1405 5359 1507 5405 est.
1558 5349 1626 5405 Et

101 5430 279 5496 quidem
304 5437 695 5508 propositionis
728 5438 955 5507 majoris
996 5438 1207 5495 falsitas
1252 5454 1320 5495 ex
1366 5441 1503 5511 ipsis
1532 5442 1628 5496 ad-

105 5525 421 5583 versariorum
468 5532 752 5603 principiis
786 5532 986 5588 invicte.
1012 5533 1441 5588 demonstratur.
1488 5531 1626 5588 Nam

105 5617 357 5675 secundum
387 5622 606 5680 illorum
633 5633 690 5680 et
719 5625 955 5680 aliorum
1000 5624 1254 5680 omnium
1277 5624 1628 5691 sententiam,

1749 528 1829 582 vit
1866 526 2152 596 epistolas.
2184 525 2296 579 imo
2324 523 2543 579 easdem
2587 519 2798 592 lgnatio
2842 527 3157 577 constanter
3192 518 3334 571 assi-

1751 619 1957 691 gnavit.
1986 618 2150 689 Atqui
2177 618 2331 687 juxta
2359 614 2802 673 adversariorum
2831 625 3202 676 communem,
3227 610 3331 664 etsi

1748 728 2038 769 erroneam
2062 709 2778 783 opinionem,Hieronymus
2794 706 3177 778 episcoporum
3202 716 3329 757 cum

1747 805 2080 878 presbyteris
2104 804 2497 875 aqualitatem,
2525 801 2722 873 quain
2750 800 2835 854 his
2862 797 3053 869 lgnatii
3082 791 3331 865 epistolis

1747 902 1953 971 ubique
1992 899 2306 963 damnatur,
2338 896 2618 951 mordicus
2661 892 2921 948 defendit.
2962 887 3148 943 Potuit
3197 899 3330 955 ergo

1748 990 1993 1048 Ecclesia
2023 986 2391 1043 Alexandrina
2436 1001 2544 1040 non
2592 984 2771 1040 solum
2813 982 3019 1051 aliquid
3060 977 3185 1033 usui
3232 976 3331 1030 ha-

1748 1084 1897 1148 bere,
1943 1082 2092 1152 quod
2145 1081 2199 1135 in
2250 1078 2496 1149 epistolis
2546 1075 2741 1148 lgnatii
2784 1074 3100 1137 damnatur,
3136 1084 3327 1124 verum

1746 1177 1912 1230 etiam
1963 1173 2092 1229 illud
2144 1187 2271 1228 cum
2316 1168 2652 1241 Hieronymo
2694 1164 2898 1237 passim
2954 1172 3009 1217 et
3045 1161 3330 1231 mordicus

1744 1267 2069 1336 defendere;
2123 1274 2288 1338 atque
2340 1262 2563 1319 easdem
2624 1257 2987 1315 nihilominus
3031 1266 3331 1325 agnoscere

1746 1363 1859 1417 imo
1891 1369 1946 1417 et
1976 1359 2188 1431 lgnatio
2216 1358 2498 1413 vindicare
2522 1354 2805 1425 epistolas.

1817 1454 2021 1510 Verum
2055 1467 2165 1507 non
2190 1465 2258 1506 ex
2287 1449 2403 1505 sola
2432 1462 2622 1503 eorum
2651 1458 2837 1499 secum
2870 1442 2943 1497 ita
2966 1437 3325 1510 pugnantium

1743 1546 2031 1604 discordia
2062 1543 2280 1601 elicitur
2318 1538 2715 1612 propositionis
2763 1536 2912 1590 illius
2956 1534 3203 1595 falsitas;
3232 1530 3330 1585 sed

1744 1640 1871 1695 inde
1918 1639 2081 1695 etiam
2130 1643 2318 1706 aperte
2374 1631 2665 1697 evincitur,
2697 1628 2846 1699 quod
2896 1625 3031 1680 varii
3074 1624 3183 1678 sint
3228 1637 3328 1675 va-

1743 1735 1950 1789 riarum
1992 1729 2361 1785 Ecclesiarum
2410 1741 2580 1790 usus,
2632 1731 2687 1778 et
2737 1736 2802 1777 ea
2831 1734 2955 1791 qua
2984 1719 3053 1773 ad
3094 1715 3331 1785 discipli-

1743 1840 1869 1881 nam
1902 1830 2152 1894 spectant
2178 1821 2234 1875 in
2269 1819 2503 1875 diversis
2546 1815 2806 1872 Eeclesiis
2831 1814 3050 1868 diverso
3080 1809 3245 1863 modo
3272 1823 3331 1862 se

1745 1917 2002 1982 habeant,
2028 1928 2094 1970 ac
2131 1909 2529 1967 mutationibus
2557 1907 2670 1964 sint
2714 1904 2978 1960 obnoxia.
3017 1900 3175 1967 Quod
3206 1899 3330 1968 qui-

1743 2012 1867 2067 dem
1894 2025 2021 2067 cum
2060 2006 2368 2064 innumeris
2398 2005 2559 2061 facile
2587 2001 2809 2073 probari
2850 1995 3326 2069 possetexemplis.

1741 2123 1809 2164 ex
1840 2106 1980 2177 ipso,
2008 2102 2105 2174 qui
2156 2101 2435 2172 obiicitur,
2482 2096 2869 2153 Alexandrina
2917 2091 3176 2148 Ecclesia
3222 2103 3325 2142 usu

1741 2202 2151 2257 demonstrasse
2198 2194 2450 2251 sumeiat.
2503 2190 2604 2247 Hic
2656 2189 2940 2246 enimvero
2987 2181 3223 2253 eligendi
3274 2189 3330 2235 et

1742 2292 1965 2349 creandi
1991 2289 2234 2361 episcopi
2271 2302 2408 2343 usus
2440 2281 2828 2340 Alexandrinis
2860 2277 3157 2350 peculiaris
3184 2283 3323 2329 erat.

1739 2383 1877 2439 Nam
1904 2382 1952 2439 si
1991 2383 2046 2437 in
2074 2381 2198 2435 aliis
2228 2378 2490 2434 Eeclesiis
2522 2375 2805 2446 viguisset,
2842 2386 3021 2441 neque
3051 2368 3315 2435 Hierony-

1742 2493 1888 2543 mus,
1917 2490 2095 2544 neque
2137 2471 2443 2543 Eutychius
2491 2469 2638 2524 illius
2670 2477 2929 2537 tanquam
2975 2463 3055 2518 rei
3094 2461 3328 2530 alicujus

1743 2567 2041 2639 singularis
2069 2563 2327 2620 fecissent
2358 2561 2714 2615 mentionem.
2759 2559 2830 2611 At
2866 2556 3049 2610 nullus
3080 2552 3200 2609 sani
3233 2566 3330 2605 ca-

1741 2661 1869 2731 pitis
1915 2660 2081 2715 homo
2122 2656 2387 2727 epistolas
2429 2661 2485 2709 et
2526 2668 2691 2723 opera
2740 2651 2985 2713 illorum,
3030 2648 3127 2718 qui
3171 2643 3327 2712 juxta

1742 2752 2002 2807 Ecclesia
2032 2765 2146 2805 sua
2173 2761 2384 2803 morem
2429 2746 2759 2808 scribentes,
2791 2742 2997 2812 aliquid
3039 2738 3163 2794 usui
3202 2736 3328 2792 Ale-

1742 2845 2024 2901 xandrina
2048 2841 2304 2899 Ecclesia
2354 2839 2691 2895 contrarium
2747 2836 3109 2897 tradiderunt,
3166 2832 3329 2901 plane

1740 2939 2068 3009 penitusque
2098 2936 2274 2991 eidem
2298 2932 2556 2990 Ecclesia
2590 2929 2761 2985 fuisse
2787 2926 3063 2996 incognita
3090 2923 3327 2978 aﬂirma-

1742 3031 1900 3086 verit.

1812 3123 1929 3179 lam
1961 3136 2095 3177 vero
2141 3130 2202 3175 ut
2244 3119 2313 3175 ad
2362 3118 2633 3173 minorem
2665 3112 3093 3185 propositionem
3136 3106 3327 3162 venia-

1739 3234 1892 3281 mus,
1929 3214 2077 3271 illius
2107 3212 2319 3269 falsitas
2353 3227 2460 3267 non
2494 3210 2679 3264 minus
2719 3221 2884 3277 quam
2930 3201 3158 3272 majoris
3200 3214 3325 3269 per-

1737 3310 1928 3380 spicua
1962 3315 2045 3363 est
2080 3316 2135 3361 et
2175 3314 2383 3376 aperta.
2418 3302 2787 3373 Hieronymus
2831 3310 3027 3366 nempe
3060 3302 3116 3349 et
3155 3291 3325 3362 Euty-

1736 3402 1895 3457 chius
1924 3402 1991 3455 de
2015 3398 2302 3462 electione,
2337 3392 2732 3451 constitutione
2774 3397 2829 3444 et
2858 3385 3133 3442 creatione
3156 3381 3323 3435 unius

1736 3490 1997 3546 Ecclesia
2042 3486 2427 3542 Alexandrina
2454 3479 2698 3552 episcopi
2741 3470 3168 3547 loquunturzin
3214 3467 3326 3538 epi-

1737 3582 1895 3639 stolis
1941 3589 2124 3637 autem
2168 3577 2366 3649 lgnatii
2415 3575 2598 3646 agitur
2628 3582 2839 3626 tantum
2872 3567 2940 3622 de
2970 3560 3217 3619 Ecclesia
3250 3558 3320 3612 ab

1736 3676 1849 3742 illo,
1882 3675 1975 3745 qui
2013 3672 2128 3742 jam
2175 3670 2227 3725 ei
2275 3675 2507 3740 praest,
2535 3664 2795 3734 episcopo
2836 3654 3214 3729 gubernanda.
3251 3651 3325 3706 At

1736 3768 1884 3821 nulla
1917 3764 2163 3836 profecto
2192 3770 2278 3839 est
2308 3757 2688 3829 repugnantia,
2722 3762 2784 3807 ut
2811 3750 3108 3821 episcopus
3132 3761 3164 3800 a
3189 3760 3319 3815 pre-

1736 3857 1969 3931 sbyteris
2007 3855 2213 3910 electus
2242 3861 2296 3907 et
2325 3859 2564 3915 creatus,
2598 3845 2803 3901 eisdem
2835 3848 3049 3912 postea,
3078 3846 3133 3892 et
3159 3843 3321 3891 cate-

1734 3952 1815 4006 ris
1840 3949 2100 4005 omnibus
2125 3943 2414 4007 ministris,
2439 3940 2650 4010 totique
2677 3935 2937 3992 Ecclesia
2962 3930 3316 4003 praeficiatur.

1733 4038 1870 4107 Quis
1922 4040 2071 4093 enim
2115 4034 2330 4093 neseiat
2390 4030 2699 4089 cardinales
2750 4025 3007 4083 Ecclesia
3057 4022 3319 4077 Romana

1733 4148 1907 4190 unum
1938 4147 2006 4187 ex
2032 4145 2092 4186 se
2130 4129 2387 4193 electum,
2429 4125 2482 4178 in
2525 4120 2818 4178 exeelsiori
2871 4117 3040 4189 gradu
3079 4114 3315 4171 colloca-

1734 4230 1877 4287 tum,
1900 4219 2219 4289 episcopum
2250 4224 2307 4271 et
2343 4228 2621 4269 summum
2655 4209 2972 4281 pontificem
3002 4205 3315 4267 nominare,

1733 4313 1933 4383 eligere
1967 4319 2019 4366 et
2047 4324 2236 4365 creare
2266 4326 2279 4363 :
2306 4308 2459 4363 illum
2491 4316 2674 4362 tamen
2701 4316 2828 4375 post
2853 4300 3125 4373 ejusmodi
3152 4298 3315 4353 insti-

1734 4404 2000 4457 tutionem
2050 4399 2347 4458 universali
2396 4396 2691 4465 Ecclesia,
2740 4395 2985 4464 ipsisque
3037 4407 3068 4445 a
3115 4390 3315 4460 quibus

1662 4486 1706 4541 Ι)
1738 4510 1877 4565 papa
1926 4505 2147 4549 creatus
2193 4502 2300 4555 est,
2349 4489 2687 4559 superiorem
2734 4486 2999 4557 praponi.
3038 4484 3218 4551 Atque
3255 4490 3315 4535 ut

1738 4586 2056 4657 Hieronymi
2084 4583 2332 4652 exemplo
2361 4590 2614 4647 utamur,
2646 4578 2750 4633 etsi
2783 4577 3054 4631 exercitus
3080 4573 3314 4643 impera-

1736 4689 1913 4735 torem
1964 4677 2174 4740 fecerit,
2202 4676 2322 4745 ipse
2366 4682 2549 4728 tamen
2595 4671 2895 4740 imperator
2931 4666 3135 4731 factus,
3160 4662 3313 4719 omni

1734 4779 1932 4842 praest
1970 4768 2255 4824 exercitui.
2306 4765 2449 4822 Hinc
2486 4763 2734 4835 profecto
2780 4760 3146 4830 Hieronymus
3196 4756 3314 4826 epi-

1737 4880 1965 4934 scopum
1994 4863 2228 4918 eleetum
2253 4859 2306 4915 in
2337 4857 2627 4914 excelsiori
2657 4855 2825 4927 gradu
2854 4852 3113 4909 collocari
3140 4850 3314 4915 dixit;

1736 4967 1797 5012 ut
1839 4971 1968 5010 eum
1999 4952 2332 5025 presbyteris
2355 4961 2412 5007 et
2429 4952 2705 5018 Ecclesia,
2737 4952 2880 5006 sicut
2922 4950 3312 5019 imperatorem

1734 5049 1999 5105 exercitui
2042 5046 2357 5118 prafectum
2397 5055 2453 5103 et
2488 5046 2830 5116 superiorem
2872 5060 2996 5101 esse
3034 5042 3310 5115 signiﬁca-

1731 5156 1834 5199 ret.

1806 5234 1971 5308 Urget
2002 5234 2186 5290 Dallai
2218 5234 2561 5290 defensor":
2586 5251 2605 5285 α
2635 5232 2694 5288 Si
2719 5228 3053 5304 presbyteris
3072 5226 3307 5281 Alexan-

1730 5331 1906 5387 drinis
1954 5330 2166 5384 licitum
2212 5329 2317 5384 fuit
2360 5331 2649 5399 episcopos
2699 5324 3061 5385 constituere,
3114 5318 3304 5390 quidni

1730 5429 1895 5483 etiam
1923 5426 2062 5479 alias
2086 5425 2292 5493 absque
2314 5422 2572 5492 episcopo
2597 5419 2905 5475 functiones
2927 5416 3117 5470 obire?
3149 5433 3168 5465 ι
3196 5411 3302 5467 Sed

1732 5521 1922 5576 eodem
1961 5517 2166 5587 pariter
2206 5515 2368 5570 modo
2406 5515 2651 5569 dicemus
2683 5529 2697 5565 :
2730 5509 2787 5564 Si
2837 5506 3224 5569 eardinalibus,
3255 5504 3304 5559 si

1735 5611 1997 5670 exercitui
2029 5610 2235 5664 licitum
2283 5607 2386 5661 fuit
2424 5620 2617 5677 papam
2648 5606 2733 5660 vel
2761 5606 3144 5672 imperatorem
3173 5613 3306 5656 con-

160 5798 195 5828 "’
225 5818 331 5875 cap.
360 5808 407 5867 7.
446 5824 501 5866 ο.
542 5808 666 5865 272.
742 5812 783 5843 ²¹
820 5810 977 5881 epist.
1037 5809 1105 5868 85
1129 5811 1197 5865 ad
1229 5808 1425 5877 Ευασν·
1504 5811 1547 5843 ’⁸
1583 5809 1636 5865 in

1811 5806 1958 5862 ilibus
1987 5804 2173 5863 Roma
2204 5803 2364 5860 editis
2391 5817 2517 5858 ann.
2548 5801 2704 5858 1639.
2774 5801 2817 5835 ³³
2849 5816 2972 5870 pag.
3004 5800 3123 5857 12].
