3768 6302
462 255 566 311 ὕοἹ

1531 258 1589 314 S.
1632 257 1983 315 IGNATIUS.
2017 287 2083 296 -—
2123 253 2659 312 PROLEGOMENA.

3619 253 3711 309 ses

460 377 709 443 stituere,
746 376 933 449 quidni
965 378 1127 434 etiam
1169 380 1304 436 alias
1334 381 1540 452 absque
1579 396 1715 453 papa
1744 382 1830 438 vel
1860 383 2034 451 impe-
2062 382 2112 443 Α
2208 378 2471 434 Praeterea
2503 379 2619 434 leve
2651 377 2879 433 omnino
2906 385 2960 433 et
2987 377 3240 433 sublesta
3283 376 3405 432 lhlei
3439 386 3523 432 est
3569 380 3711 432 testi-

459 474 646 524 ratore
697 470 848 525 obire
888 471 1234 527 functiones?
1260 472 1391 538 Quae
1434 472 1655 543 quidem
1702 488 1863 543 quam
1897 472 2033 528 falsa

461 560 575 613 sint
609 568 662 615 et
699 576 730 615 a
762 577 888 616 vero
917 563 1114 626 aliena,
1152 579 1334 629 nemo,
1369 564 1584 635 opinor,
1615 580 1728 619 non
1763 565 1927 621 videt.

465 670 494 741 §
535 669 831 748 ll_l.__Nt_tm
871 674 1107 748 epistola:
1159 673 1373 748 Ignqtii
1403 677 1637 731 ecclesiis
1684 676 1925 748 Egypti,
1958 679 2035 733 vel

531 741 921 817 Ethiopiwrel
942 741 1245 817 Germani—te
1269 745 1666 815 Bajoariorum,
1695 741 2033 817 au't'Scotitz,

532 821 626 864 aut
655 813 777 866 aliis
812 814 1010 882 fuerint
1031 816 1311 886 incognita
1324 818 1349 870 ?

527 926 701 983 lnstat
733 936 917 984 tamen
948 928 1201 1000 Dallaeus,
1231 948 1332 987 nec
1374 933 1473 989 soli
1508 934 1909 1002 Alexandrinae,
1940 940 2036 995 sed

458 1019 716 1074 omnibus
738 1021 978 1092 Egy'pti,
1006 1038 1213 1079 necnon
1247 1023 1539 1095 Ethiopiae
1557 1028 1816 1085 Ecclesiis
1838 1032 2037 1100 episto-

457 1111 541 1168 las
581 1112 770 1184 lgnatii
804 1115 1111 1187 incognitas
1164 1117 1335 1175 fuisse
1383 1135 1447 1174 ex
1498 1122 1687 1178 eodem
1749 1123 2035 1197 Eutycbio,

456 1202 781 1272 eodemque,
814 1205 957 1274 quod
982 1206 1115 1261 satis
1152 1222 1420 1278 superque
1446 1212 1783 1267 confutatum
1814 1221 1917 1277 est,
1949 1230 2038 1269 ar-

459 1300 722 1361 gumento
759 1297 1030 1352 conﬁcere
1062 1312 1120 1354 se
1150 1314 1312 1369 posse
1341 1300 1653 1357 arbitratur.
1690 1326 1711 1354 ι
1754 1303 1871 1368 llic,
1908 1324 1927 1358 ›
1963 1307 2038 1360 ait

461 1381 694 1438 Dallants
722 1385 787 1439 de
813 1384 1078 1459 Eutychio
1107 1389 1334 1459 loquens
1361 1390 1426 1458 ",
1458 1410 1475 1443 ι
1514 1394 1675 1449 etiam
1706 1396 1852 1450 aliud
1876 1396 2037 1467 quid-

460 1474 587 1529 dam
631 1492 742 1531 non
773 1479 955 1536 minus
1002 1481 1252 1536 mirabile
1292 1499 1391 1539 nos
1435 1484 1593 1540 docet
1631 1504 1644 1540 :
1680 1487 1763 1541 Ab
1803 1487 2035 1553 Anania,

462 1567 662 1637 inquit,
695 1587 856 1640 quem
888 1574 1172 1628 constituit
1210 1574 1424 1632 Marcus
1449 1580 1775 1649 evangelista
1807 1582 2039 1650 patriar»

463 1660 623 1713 cham
670 1661 1012 1718 Alexandriae
1058 1681 1231 1736 usque
1270 1667 1325 1720 in
1373 1674 1621 1737 tempora
1661 1668 1913 1727 Demetrii
1943 1688 2039 1742 pa-

464 1751 739 1819 triarchae,
771 1755 956 1810 nullus
994 1766 1112 1811 erat
1139 1757 1193 1811 in
1226 1759 1519 1829 provinciis
1564 1760 1781 1835 IEgypti
1829 1764 2041 1833 episco-

462 1857 568 1912 pus
596 1862 610 1899 :
640 1859 737 1900 nec
770 1847 1091 1914 patriarcha:
1134 1858 1259 1905 ante
1288 1867 1411 1906 eum
1451 1864 1703 1909 crearunt
1732 1856 2037 1927 episcopos.

463 1934 531 1989 Et
576 1936 787 2005 primus
833 1939 923 1995 hic
969 1940 1071 1995 fuit
1120 1942 1428 2012 patriarcha
1478 1947 1901 2016 Alexandrinus,
1945 1951 2039 2021 qui

461 2028 746 2099 episcopos
775 2030 917 2088 fecit.
964 2053 982 2087 ι
1017 2034 1092 2090 Ex
1127 2036 1362 2108 Egypto
1407 2049 1587 2095 autem
1619 2042 1673 2095 in
1707 2041 2039 2113 Ethiopiam

462 2124 805 2179 transvolans
841 2145 854 2181 :
893 2145 913 2178 ‹
955 2128 1013 2183 1η
1054 2132 1226 2199 omni,
1263 2153 1282 2186 ι
1320 2134 1517 2204 inquit,
1557 2153 1575 2187 α
1614 2134 1909 2206 Ethiopia:
1939 2137 2041 2193 Ec-

460 2215 629 2271 clesia
665 2232 809 2273 unus
838 2232 920 2276 est
942 2227 1052 2292 jam
1081 2224 1148 2278 ab
1182 2226 1423 2296 antiquis
1462 2228 1797 2298 temporibus
1831 2229 2043 2298 episco-

461 2322 568 2377 pus
596 2308 812 2377 Abuna,
849 2320 909 2367 ut
937 2325 1155 2384 vocant,
1187 2317 1239 2371 id
1270 2326 1354 2372 est
1391 2320 1716 2388 patriarcha.
1757 2320 1851 2390 qui
1879 2322 2039 2375 etiam

467 2399 627 2455 hodie
673 2403 743 2457 ab
789 2404 1163 2461 Alexandrino
1225 2409 1529 2477 patriarcha
1589 2421 1944 2467 consecratur
1988 2420 2042 2467 et

465 2491 720 2548 mittitur.
764 2493 918 2552 Unus
962 2496 1051 2553 hic
1095 2499 1149 2553 in
1180 2510 1291 2555 tota
1342 2500 1621 2572 Aithiopia
1650 2502 1868 2559 ordines
1910 2519 2043 2559 con-

467 2584 592 2652 fert,
630 2603 804 2658 neque
838 2590 976 2645 alios
1005 2591 1215 2647 confert
1244 2608 1405 2663 quam
1447 2594 1797 2651 diaconatum
1829 2604 1883 2650 et
1920 2612 2043 2666 pre-

466 2676 825 2747 sbyteratum.
870 2699 887 2731 ι
924 2679 1114 2736 Testes
1145 2690 1326 2738 autem
1360 2684 1587 2753 hujusce
1616 2686 1693 2741 rei
1723 2685 1853 2741 citat
1880 2684 2043 2742 Nico-

465 2766 616 2823 laum
671 2769 960 2827 Godinium
1006 2788 1037 2827 e
1071 2775 1339 2830 Societate
1387 2773 1550 2843 Jesu,
1601 2786 1654 2831 et
1702 2778 2042 2849 Alphonsum

467 2858 792 2916 Mindesium
840 2879 905 2919 ex
952 2865 1138 2920 eadem
1181 2865 1468 2935 Societate,
1500 2885 1564 2925 ac
1599 2877 1791 2938 postea
1828 2869 2043 2925 {Ethio-

468 2952 603 3022 picae
650 2954 824 3022 gentis
874 2956 1261 3025 patriarcham,
1298 2968 1352 3013 et
1410 2958 1673 3016 Joannem
1720 2977 1748 3015 a
1804 2960 2039 3029 Sanctis,

2136 469 2379 524 monium
2414 468 2687 540 Eutychii,
2712 485 2873 539 quem
2909 478 2964 523 et
3005 468 3205 524 saeculo
3248 477 3459 522 tantum
3506 467 3710 522 decimo

2136 560 2444 630 scripsisse,
2476 576 2539 615 ac
2566 560 2721 630 plura
2760 560 2849 614 hic
2877 576 3131 630 peccasse
3168 575 3330 614 nemo
3358 559 3706 623 inliciabitur,

2136 650 2217 705 Ex
2246 651 2493 721 pluribus
2519 661 2700 706 autem
2732 650 2876 706 illius
2916 651 3110 706 erratis
3147 651 3281 705 illud
3321 654 3505 717 solum
3533 652 3710 706 obser-

2135 742 2406 807 vabimus,
2432 742 2575 812 quod
2623 743 2831 796 nullum
2870 742 2924 797 in
2964 743 3262 812 provinciis
3294 742 3517 814 [Egypti
3556 744 3708 798 fuisse

2136 833 2450 902 episcopum
2482 840 2686 898 narrat,
2714 850 2847 889 vero
2879 849 2989 889 non
3012 834 3183 890 videri
3208 835 3411 902 simile,
3443 836 3544 891 sed
3570 836 3707 891 falsi-

2138 925 2266 979 tatis
2301 940 2527 995 prorsus
2556 933 2893 995 suspectum.
2925 925 2983 980 In
3012 928 3220 999 synodo
3256 929 3465 984 etenim
3495 930 3569 984 ab
3603 932 3708 984 Ale-

2138 1019 2346 1073 xandro
2370 1018 2624 1088 episcopo
2646 1018 2983 1074 Alexandria
3005 1021 3264 1077 adversus
3286 1023 3482 1078 Arium
3513 1035 3705 1089 coacta,

2138 1108 2252 1165 fere
2281 1118 2495 1163 centum
2528 1110 2767 1179 episcopi
2794 1110 3088 1168 interfuere
3114 1133 3126 1168 :
3160 1133 3178 1166 ι
3214 1113 3328 1171 Nos
3355 1132 3489 1171 cum
3520 1118 3661 1182 aliis,
3688 1139 3701 1169 ι

2140 1200 2335 1271 inquit,
2372 1219 2390 1252 ι
2428 1199 2538 1255 fere
2566 1210 2784 1255 centum
2817 1201 3038 1274 ngypti
3067 1214 3120 1260 et
3145 1205 3331 1279 Libyae
3360 1210 3644 1279 episcopis
3666 1212 3705 1263 in

2140 1306 2309 1346 unum
2332 1290 2737 1355 convenientes,
2774 1311 2793 1344 ι
2821 1301 2925 1347 etc.
2950 1292 3020 1346 At
3050 1309 3178 1349 vero
3201 1310 3229 1348 a
3258 1294 3526 1350 Demetrii
3559 1305 3707 1351 morte

2140 1397 2313 1453 usque
2341 1382 2408 1437 ad
2435 1397 2638 1437 annum
2665 1383 2790 1451 518,
2824 1399 2933 1454 quo
2962 1385 3252 1441 concilium
3302 1388 3442 1443 illud
3486 1391 3707 1443 celebra-

2140 1484 2254 1529 tum
2288 1480 2388 1538 est,
2425 1483 2503 1529 tot
2534 1474 2880 1545 episcopatus
2910 1490 3099 1531 recens
3129 1489 3343 1535 erectos
3370 1478 3573 1545 fuisse,
3605 1483 3705 1550 quis

2140 1565 2464 1621 crediderit?
2489 1564 2625 1632 Quid
2658 1567 2803 1637 quod
2834 1565 3100 1623 Eusebius
3126 1579 3359 1626 testatur
3393 1574 3443 1603 ’⁵
3466 1570 3704 1642 Nepotem

2143 1656 2360 1729 Egypti
2383 1672 2721 1727 episcOpum,
2746 1658 2838 1728 qui
2862 1676 3077 1718 errores
3100 1663 3500 1718 Chiliastarum
3532 1664 3707 1719 docue-

2142 1758 2246 1814 rat,
2300 1757 2353 1802 et
2399 1748 2512 1818 jam
2555 1749 2760 1818 pridem
2807 1762 3038 1807 mortem
3086 1754 3331 1819 obierat,
3378 1771 3411 1810 a
3468 1754 3708 1826 Dionysio

2142 1838 2507 1893 Alexandrino
2540 1838 2710 1896 fuisse
2746 1842 3106 1899 confutatam.
3150 1843 3306 1900 Unde
3339 1862 3455 1901 non
3498 1850 3709 1903 absurde

2143 1931 2413 2000 colligitur
2440 1932 2688 1987 eumdem
2720 1931 2982 2005 Nepotem
3026 1945 3152 1992 ante
3182 1936 3450 1993 Demetrii
3486 1949 3708 2009 tempora

2143 2022 2380 2092 aliquam
2430 2023 2485 2077 in
2536 2023 2769 2096 Egypto
2816 2026 3001 2083 sedem
3046 2030 3290 2086 tenuisse
3329 2031 3704 2101 episcopalem.

2144 2114 2385 2185 Denique
2409 2115 2823 2187 Metaphrastes,
2854 2136 2947 2191 qui
2984 2137 3096 2177 non
3144 2124 3380 2179 minoris
3432 2133 3521 2180 est
3569 2142 3707 2195 quam

2142 2206 2440 2279 Eutychius
2473 2212 2811 2268 auctoritatis
2858 2223 2913 2269 et
2956 2216 3231 2285 ponderis,
3264 2218 3436 2273 tradit
3483 2217 3705 2273 Marcum

2150 2319 2167 2351 ι
2204 2301 2326 2356 aliis
2366 2317 2583 2373 quoque
2622 2304 2877 2362 Ecclesiis
2925 2307 3083 2379 longe
3132 2309 3351 2381 lateque
3401 2312 3704 2387 episcopos,

2144 2392 2488 2462 presbyteros
2517 2404 2571 2449 et
2599 2394 2859 2454 diaconos
2890 2398 3125 2455 dedisse.
3168 2421 3187 2453 ι

2214 2487 2488 2553 Quantum
2521 2490 2586 2544 ad
2617 2488 2908 2562 AlthiOpiaa
2940 2491 3258 2559 Ecclesium,
3291 2495 3422 2565 quis
3470 2511 3587 2551 non
3627 2498 3707 2551 mi«

2144 2586 2291 2632 retur
2314 2578 2616 2635 inauditum
2642 2580 2824 2636 Dallaei
2848 2582 3074 2653 ejusque
3097 2582 3408 2640 defensoris
3434 2600 3707 2656 argumen-

2144 2672 2293 2725 tandi
2315 2673 2523 2742 genus?
2561 2671 2799 2743 Uterque
2822 2677 2965 2729 enim
2989 2692 3053 2731 ex
3082 2678 3467 2733 recentissimo
3492 2688 3707 2749 quatuor

2145 2764 2311 2835 hujus
2343 2778 2395 2819 et
2437 2766 2737 2835 superioris
2769 2770 2950 2824 saeculi
2991 2780 3299 2837 auctorum,
3336 2771 3409 2826 de
3449 2772 3618 2827 rebus
3642 2774 3706 2826 sui

2146 2857 2407 2926 temporis
2457 2859 2831 2926 scribentium,
2866 2862 3176 2918 testimonio
3226 2879 3402 2918 unum
3460 2864 3707 2917 duntaxat

2145 2951 2458 3021 episcopum
2509 2954 2577 3008 ab
2621 2954 2774 3009 initio
2804 2955 3127 3011 Christiana:
3168 2956 3455 3026 religionis
3487 2957 3564 3010 ibi
3601 2972 3707 3011 con-

468 3042 889 3101 Dominicanum
942 3063 972 3102 ιι
1030 3048 1263 3106 Gojinio
1326 3051 1650 3121 laudatum,
1705 3069 1769 3109 ac
1823 3054 2112 3115 tandemc
2147 3045 2395 3100 stitutum
2448 3044 2619 3101 fuisse
2672 3047 3023 3103 concludunt.
3074 3046 3241 3114 Quasi
3287 3064 3423 3102 vero
3473 3064 3577 3118 per
3619 3058 3705 3101 tam

469 3136 825 3195 Franciscum
858 3141 1103 3209 Alvarez,
1143 3160 1334 3200 omnes
1382 3144 1610 3214 hujusce
1652 3147 1737 3199 vel
1783 3145 2043 3215 praeteriti

469 3235 655 3288 saeculi
682 3235 996 3304 scriptores.
1038 3236 1201 3306 Atqui
1237 3237 1364 3293 huic
1412 3237 1779 3292 Ecclesiarum
1825 3237 2042 3308 Egypti

469 3334 526 3381 et
553 3326 845 3397 :Ethiopiae
876 3330 1022 3395 usui,
1054 3330 1230 3399 inquit
1259 3328 1512 3394 Dalheus,
1542 3330 1788 3385 doctrina
1812 3331 1865 3385 in
1896 3330 2048 3399 lgna-

468 3416 534 3471 tii
564 3418 805 3487 epistolis
835 3420 1054 3481 tradita,
1098 3436 1201 3490 qua
1234 3421 1369 3475 nihil
1399 3422 1516 3477 sine
1544 3422 1800 3492 episcopo
1842 3422 2046 3477 facien—

469 3507 600 3561 dum
632 3525 754 3565 esse
781 3509 1057 3577 delinitur,
1087 3514 1245 3583 plane
1280 3514 1603 3584 penitusque
1635 3516 1906 3570 contraria
1941 3523 2042 3569 est.

474 3598 629 3655 llanc
656 3616 787 3671 ergo
821 3605 1175 3673 apostolicam
1208 3605 1513 3661 doctrinam
1545 3622 1687 3674 esse,
1722 3617 1885 3677 atque
1910 3606 2045 3661 adeo

468 3693 729 3762 epistolas
760 3693 949 3764 lgnatii
973 3697 1130 3765 plane
1164 3706 1395 3767 utraque
1422 3697 1663 3755 Ecclesia
1698 3699 1944 3755 nescivit.

543 3783 745 3840 Verum
778 3787 825 3841 si
856 3786 1151 3859 Eutychius
1190 3791 1445 3860 quiddam
1488 3790 1556 3845 de
1595 3790 1911 3862 {Egyptiaca
1945 3790 2046 3846 Ec-

470 3877 642 3933 clesia
684 3880 934 3954 mirabile
974 3897 1076 3937 nos
1121 3881 1325 3947 docuit,
1361 3884 1659 3940 mirabilior
1691 3885 1935 3955 profecto
1964 3895 2049 3942 est

474 3968 612 4025 falsa
665 3970 847 4027 Dallzei
896 3988 963 4028 ex
1021 3972 1283 4045 Eutychio
1342 3978 1567 4046 repetita
1625 3980 2043 4049 argumentatio.

477 4061 610 4116 Esto
643 4063 786 4117 enim
822 4081 964 4121 unus
1014 4066 1069 4120 in
1111 4075 1221 4122 toto
1263 4066 1493 4139 Egypto
1530 4070 1695 4123 fuerit
1735 4071 2045 4141 episcopus,

478 4169 624 4208 unus
654 4154 708 4207 in
734 4154 1032 4226 Ethiopi’a,
1066 4175 1207 4214 unus
1249 4159 1416 4214 etiam
1448 4160 1503 4214 in
1547 4159 1788 4231 Scythia,
1818 4161 2047 4232 aliisque

478 4259 510 4297 a
541 4242 722 4300 Dallaei
749 4246 1037 4304 defensore
1077 4265 1183 4304 non
1214 4251 1333 4306 sine
1380 4251 1521 4307 fastu
1552 4253 1777 4323 objectis
1811 4254 2047 4325 regioni-

482 4335 604 4391 bus.
632 4334 774 4392 Nihil
816 4354 950 4395 sane
997 4340 1071 4396 ibi
1121 4340 1313 4413 lgnatii
1340 4344 1586 4414 epistolis
1620 4359 1928 4415 repugnans
1954 4346 2047 4400 deo

478 4431 851 4499 prehenditur.
883 4433 1091 4491 Etenim
1125 4438 1374 4507 quamvis
1412 4454 1552 4495 unus
1582 4439 1635 4493 in
1666 4440 1754 4507 iis,
1778 4448 1839 4495 ut
1870 4442 2041 4507 aiunt,

479 4524 793 4595 regionibus
827 4526 1018 4584 fuisset
1048 4530 1357 4600 episcopus,
1399 4531 1452 4586 id
1496 4540 1676 4587 tamen
1712 4546 1822 4587 non
1861 4532 2047 4603 prohi-

479 4613 618 4679 buit,
650 4619 943 4686 quominus
971 4621 1064 4689 ibi,
1094 4623 1251 4677 sicuti
1293 4639 1437 4679 nunc
1496 4620 1551 4675 in
1618 4622 1872 4680 omnibus
1927 4640 2046 4678 am-

482 4706 741 4774 plissima:
769 4709 1017 4767 dimcesis
1050 4712 1382 4776 civitatibus,
1422 4713 1636 4783 oppidis
1663 4722 1716 4767 et
1741 4714 1897 4780 vicis,
1927 4730 2048 4784 qum

484 4798 587 4852 sub
626 4802 787 4856 unius
822 4804 1061 4873 episcOpi
1112 4805 1315 4860 ditione
1363 4815 1511 4871 sunt,
1558 4806 1741 4861 omnia
1788 4822 1851 4861 ex
1901 4808 2048 4862 illius

482 4890 736 4961 imperio,
767 4895 1010 4965 nihilque
1040 4898 1156 4953 sine
1185 4899 1302 4968 ejus
1332 4900 1601 4955 sententia
1632 4905 1801 4957 lieret.
1829 4901 1896 4956 Et
1917 4917 2048 4957 sane

477 4980 615 5035 illud
656 4979 909 5038 Patribus
938 4987 1152 5040 concilii
1184 4987 1472 5043 Laodiceni
1501 4990 1636 5045 adeo
1679 5001 1789 5046 erat
1818 5006 2032 5061 persua-

480 5094 639 5145 sum,
684 5086 744 5132 ut
782 5077 838 5133 in
876 5078 1077 5135 villulis
1115 5087 1167 5134 et
1202 5081 1347 5150 agris
1375 5081 1507 5135 nihil
1540 5091 1736 5152 praeter
1760 5088 2041 5141 conscien-

476 5171 612 5224 tiam
651 5170 891 5241 episcopi
936 5170 1165 5225 civitatis
1201 5171 1465 5241 agendum
1498 5188 1621 5230 esse
1650 5176 1999 5230 —sanciverint
2027 5193 2041 5229 :

487 5278 508 5312 ι
544 5258 663 5314 Νοη
702 5269 937 5331 oportet,
977 5279 997 5314 ι
1031 5259 1283 5331 inquiunt
1311 5262 1375 5326 ’⁸,
1410 5281 1429 5314 ι
1471 5262 1523 5318 in
1555 5265 1757 5320 villulis
1786 5267 1869 5320 vel
1901 5270 2046 5338 agris

482 5351 768 5421 episcopos
816 5352 1097 5413 constitui,
1149 5353 1242 5407 sed
1289 5353 1618 5413 visitatorcs.
1664 5356 2046 5416 Verumtamen

481 5440 803 5513 jampridem
832 5444 1107 5500 constituti
1147 5444 1281 5499 nihil
1317 5444 1517 5504 faciant
1544 5455 1738 5518 prmter
1767 5446 2050 5505 conscien—

483 5537 617 5592 tiam
648 5538 885 5610 episcopi
915 5542 1163 5599 civilatis.
1206 5560 1226 5596 ι

450 5719 475 5751 L

2145 3138 2305 3210 longa
2331 3140 2655 3195 smculorum
2691 3141 2863 3211 spatia
2904 3142 3133 3196 mutatio
3164 3141 3314 3195 nulla
3351 3142 3429 3195 ibi
3478 3143 3601 3197 ﬁeri
3638 3158 3705 3211 pe

2148 3234 2347 3288 tuerit?
2376 3234 2565 3289 Plures
2594 3252 2723 3290 sane
2748 3237 2802 3290 in
2831 3233 3109 3307 Ethiopia
3148 3237 3278 3291 olim
3308 3236 3483 3293 fuTsse
3517 3240 3707 3307 episco-

2147 3341 2244 3395 pos
2280 3343 2345 3380 ex
2393 3327 2527 3396 ipsis
2565 3326 3001 3383 adversariorum
3045 3329 3331 3399 principiis
3386 3330 3601 3400 liquido
3633 3332 3703 3384 de-

2147 3426 2503 3474 monstratur.
2564 3417 2795 3475 Dallaeus
2836 3436 3073 3491 namque
3120 3420 3498 3492 IEthiopicam
3545 3423 3705 3477 Eccle-

2148 3509 2283 3566 siam
2319 3512 2551 3579 appellat
2580 3513 3020 3583 antiquissimam
3067 3523 3120 3569 et
3162 3515 3574 3570 nobilissimam

2147 3600 2326 3655 clesiae
2361 3601 2692 3673 Egyptiacae
2737 3605 3034 3660 traducem.
3074 3605 3237 3676 Atqui
3271 3622 3338 3661 ex
3369 3608 3570 3663 eodem
3609 3608 3706 3659 Dal-

2148 3692 2248 3748 lteo
2300 3693 2543 3752 Ecclesia
2600 3696 2966 3751 Alexandrina
3030 3698 3221 3752 saltem
3277 3707 3409 3767 post
3474 3698 3706 3754 Demetrii

2148 3793 2360 3839 aetatem
2389 3786 2571 3856 plures
2602 3787 2793 3842 habuit
2836 3787 3143 3858 episcopos.
3185 3787 3353 3843 Recte
3387 3790 3559 3862 igitur
3589 3791 3707 3844 hunc

2148 3877 2330 3946 plures
2359 3877 2578 3934 creandi
2621 3879 2905 3950 episcopos
2934 3898 3091 3936 usum
3124 3882 3192 3936 ab
3231 3883 3605 3938 Alexandrina
3632 3881 3709 3935 Ec-

2149 3969 2313 4023 clesia
2345 3970 2413 4025 ad
2452 3969 2843 4041 Ethiopicam,
2878 3989 3001 4043 quae
3032 3974 3107 4028 illi
3139 3976 3382 4041 suberat,
3406 3978 3523 4046 jam
3554 3977 3619 4030 ab
3642 3976 3706 4027 bis

2152 4062 2485 4130 temporibus
2525 4064 2904 4119 transmissum
2938 4065 3108 4121 fuisse
3136 4068 3257 4122 inde
3281 4069 3535 4139 colligas.
3561 4068 3705 4121 Porro

2149 4162 2328 4207 autem
2356 4154 2649 4209 adversarii
2677 4166 2801 4212 ante
2839 4155 3094 4211 Demetrii
3140 4168 3389 4229 tempora
3429 4159 3701 4216 Ecclesiam

2150 4244 2443 4315 Ethiopiae
2480 4247 2549 4302 ab
2576 4245 2943 4305 Alexandrina
2974 4250 3237 4319 originem
3283 4268 3447 4305 suam
3485 4251 3703 4306 hausisse

2152 4337 2417 4394 incertum
2458 4354 2580 4395 esse
2620 4342 2946 4407 concedunt,
2984 4357 3144 4412 quam
3181 4342 3271 4396 alii
3303 4345 3370 4397 ad
3416 4344 3702 4400 eunuchum

2152 4433 2350 4503 regina:
2396 4432 2736 4502 IEthiopum,
2764 4435 2846 4489 vel
2894 4436 2961 4490 ad
3013 4436 3288 4506 apostolos
3332 4435 3601 4492 Thomam
3635 4436 3702 4489 vel

2150 4522 2462 4581 Matlhazum
2494 4514 2833 4583 referendam
2868 4543 2990 4583 esse
3016 4528 3374 4584 arbitrantur.

2222 4615 2329 4671 Sed
2352 4604 2465 4672 haec
2487 4632 2549 4671 ex
2577 4617 2873 4673 abundanti
2897 4619 3037 4675 dicta
3063 4629 3245 4675 sunto.
3279 4618 3420 4674 Nam
3451 4620 3561 4675 sive
3580 4633 3701 4672 uirus

2149 4707 2264 4765 sive
2292 4709 2473 4778 plures
2505 4709 2557 4762 in
2589 4708 2824 4779 Aigypto
2854 4719 2908 4765 et
2942 4708 3241 4779 Aithiopia,
3270 4719 3441 4781 atque
3472 4712 3625 4765 etiam
3657 4710 3699 4760 in

2150 4795 2370 4869 Scythia
2409 4796 2610 4853 fuerint
2653 4798 2918 4868 episcopi,
2969 4800 3103 4856 nihil
3137 4800 3261 4854 inde
3306 4811 3498 4856 contra
3535 4799 3699 4870 ignaui

2148 4890 2321 4945 nostri
2356 4890 2694 4955 doctrinam;
2726 4892 2895 4945 multo
2936 4901 3115 4946 autem
3159 4892 3345 4948 minus
3388 4902 3577 4947 contra
3613 4894 3700 4960 epi-

2148 4982 2412 5037 stolarum
2434 4982 2554 5052 ejus
2585 4983 2866 5039 veritatem
2895 4984 3089 5039 confici
3118 4993 3316 5053 potest.
3352 4984 3421 5038 Et
3449 5000 3570 5039 vero
3596 4984 3698 5035 diu-

2148 5076 2356 5133 tissime
2393 5087 2679 5147 postquam
2718 5078 2959 5147 epistolae
3013 5077 3202 5147 lgnatii
3258 5078 3351 5133 toti
3410 5078 3698 5133 Christiano

2150 5170 2268 5226 orbi
2312 5170 2611 5226 notissimae
2660 5169 2903 5238 fuerunt,
2934 5171 2988 5225 in
3042 5170 3263 5244 Scythia
3315 5173 3544 5241 aliisque
3588 5184 3696 5238 pro-

2150 5261 2344 5319 vinciis
2403 5278 2547 5317 unus
2594 5271 2805 5318 tantum
2853 5272 2971 5318 erat
3021 5264 3341 5334 episc0pus,
3384 5263 3699 5334 proindeque

2152 5354 2299 5410 hunc
2328 5368 2535 5409 morem
2585 5370 2710 5409 cum
2754 5355 3021 5422 doctrina,
3063 5356 3117 5410 in
3160 5358 3294 5413 tanti
3330 5356 3578 5428 martyris
3600 5357 3695 5423 epi-

2152 5447 2308 5502 stolis
2339 5448 2556 5513 tradita,
2589 5461 2831 5519 pugnare
2863 5464 3181 5518 persuasum
3214 5465 3323 5505 non
3353 5450 3633 5504 habebant.
3718 5428 3749 5501 ἴ

2224 5538 2364 5595 Hinc
2391 5539 2501 5594 ruit
2528 5540 2673 5609 quod
2703 5541 2953 5598 similiter
2980 5541 3047 5599 de
3083 5541 3402 5599 Germanica
3434 5539 3693 5610 Bajoarit»

590 5654 636 5688 "’
668 5670 788 5728 pag.
815 5659 942 5715 274.
1020 5663 1063 5695 ’³
1088 5661 1284 5719 concil.
1318 5661 1484 5719 Laud.
1515 5678 1636 5717 can.
1668 5660 1753 5717 57.
1835 5662 1877 5694 ’⁵
1917 5660 2013 5715 llis

2153 5659 2237 5715 lib.
2271 5674 2365 5729 vn,
2398 5673 2515 5729 cap.
2545 5657 2633 5712 2i.
