3800 6208
109 268 196 327 509

1056 258 1124 315 Β.
1157 250 1456 313 NOURRII
1492 244 1977 306 DISSERTATIO.
2018 276 2085 287 -—
2122 241 2302 299 PARS
2340 239 2383 296 1.

3252 236 3352 291 {ilo

108 406 207 445 rum
235 399 407 461 gente,
449 400 506 445 et
536 391 610 447 de
652 389 835 446 Scotis
887 383 1163 454 subiunxit
1205 379 1461 441 Dallazus,
1504 372 1668 429 nimi—
1696 373 1745 432 Α
1771 370 1880 435 las,
1932 381 2113 438 neque
2156 366 2388 420 aliorum
2436 360 2799 433 plurimorum
2842 356 3045 429 scripta
3088 355 3351 418 laudavit,

108 501 205 538 rum
238 484 374 553 apud
425 481 765 553 Bajoarios,
812 488 873 536 ut
928 472 1220 547 Gregorius
1269 468 1365 537 lll,
1416 480 1665 524 summus

105 577 335 647 pontifex,
383 585 693 643 memorat,
732 574 939 630 nullum
988 579 1112 626 ante
1149 564 1455 621 Vivilonem
1498 560 1666 617 fuisse

103 670 384 738 episcopum
419 691 434 723 -.
470 669 627 739 apud
681 666 875 722 Scotos
914 677 1062 725 vero,
1092 660 1236 715 Beda
1285 664 1443 720 teste,
1472 653 1665 708 insulae

99 760 225 815 Jonte
246 760 499 815 abbatem
525 759 911 830 presbyterum
946 752 1094 810 omni
1117 748 1433 823 provinciae,
1460 755 1512 802 et
1532 743 1666 815 ipsis

98 855 234 907 etiam
265 851 549 922 episcopis
584 851 786 906 ordine
828 848 1084 904 inusitato
1126 842 1295 899 fuisse
1324 838 1660 912 praefectum.

95 943 205 999 Nam
231 950 605 1015 praeterquam
644 942 792 1013 quod
814 939 938 995 huic
964 943 1283 1008 argumento
1308 933 1421 1003 jam
1447 945 1667 1000 respon-

95 1054 192 1093 sum
242 1045 356 1104 est,
420 1043 580 1092 certe
634 1031 930 1103 Gregorius
976 1028 1073 1097 lll,
1118 1026 1250 1083 illud
1293 1034 1483 1081 contra
1519 1041 1537 1075 ‹
1573 1036 1665 1076 ec-

92 1136 423 1192 clesiasticum
488 1130 791 1193 ordinem,
829 1145 848 1179 ι
880 1124 1017 1180 Beda
1060 1131 1238 1178 autem
1305 1120 1408 1175 hoc
1443 1137 1462 1170 ι
1506 1130 1661 1171 more

91 1230 316 1287 inusitato
364 1247 383 1282 ι
437 1233 743 1298 peractum
789 1234 909 1278 esse
966 1217 1254 1273 aﬁirmant.
1306 1213 1448 1281 Quid
1501 1209 1664 1282 ergo?

89 1322 279 1378 Dicetne
321 1318 573 1374 Dallaeus
620 1316 851 1387 ejusque
899 1310 1154 1369 defensor
1202 1308 1385 1364 omnia
1436 1320 1558 1375 quae
1608 1303 1662 1358 in

88 1416 283 1470 aliorum
331 1422 643 1468 auctorum
696 1407 913 1478 scriptis
944 1404 1240 1464 secundum
1282 1400 1527 1456 ordinem
1569 1412 1662 1452 ec-

85 1507 447 1571 clesiasticum,
480 1513 541 1560 et
583 1516 745 1557 more
771 1500 969 1556 usitato
997 1495 1303 1569 peragenda
1339 1507 1461 1548 esse
1502 1491 1665 1547 doce-

84 1602 271 1666 bantur,
301 1615 365 1655 ea
397 1596 691 1667 Bajoariis
717 1603 769 1650 et
800 1592 975 1649 Scotis
1000 1588 1294 1660 incognita,
1322 1584 1663 1656 proindeque

83 1687 238 1743 eadem
270 1687 480 1757 scripta
513 1684 668 1740 falsa
716 1697 837 1740 esse
875 1691 929 1737 et
965 1677 1349 1750 supposititia?
1376 1675 1433 1730 Si
1473 1675 1527 1729 id
1555 1673 1657 1729 sibi

84 1778 375 1847 persuadere
413 1776 675 1849 possint,
704 1773 906 1830 nemini
937 1779 1085 1828 certe
1111 1786 1265 1842 atquo
1296 1784 1478 1824 rerum
1510 1766 1658 1822 testi-

84 1868 245 1923 matori
276 1868 731 1938 persuadebunt.
766 1865 1033 1920 Caeterum
1073 1859 1285 1917 tametsi
1314 1858 1508 1931 lguatii
1538 1856 1654 1928 epi-

82 1962 205 2016 stola:
243 1961 309 2015 ad
356 1958 764 2030 Bajoariorum
826 1953 1227 2022 Scotorumque
1281 1958 1494 2020 gentem
1542 1962 1656 2002 non

82 2052 458 2124 pervenissent,
495 2066 622 2106 non
652 2050 761 2104 illze
790 2058 991 2111 tamen,
1017 2044 1176 2101 sicuti
1210 2058 1310 2099 nec
1336 2041 1442 2096 alia
1472 2040 1656 2096 omnia

82 2144 268 2200 Patrum
315 2145 562 2215 scripta,
612 2157 741 2214 quae
787 2140 854 2196 ad
902 2138 1123 2195 eosdem
1172 2152 1282 2191 non
1333 2133 1656 2199 transmissa

80 2247 198 2303 sunt,
226 2236 486 2292 falsitatis
520 2243 585 2291 et
615 2218 1012 2306 suppositionis
1041 2236 1225 2286 essent
1248 2226 1544 2298 arguenda.

700 2365 928 2424 CAPUT
968 2365 1037 2421 Χ.

83 2502 373 2543 aucturum
400 2502 579 2541 Αιιυυ
616 2497 982 2538 ΑΒΟΗΙΕΝΤΗΜ
1008 2494 1311 2535 seenrvvu
1345 2494 1411 2533 Bx
1447 2495 1651 2536 sucro-

448 2572 574 2611 ιιωι
606 2568 860 2610 ειιεκτιο
891 2567 1195 2606 ὒΕυυῦΤυΜ.

300 2668 328 2741 §
361 2668 403 2723 Ι.
439 2667 711 2721 Primum
741 2680 805 2718 ea:
834 2662 1126 2734 Epiphanit
1155 2663 1389 2718 silentio.

130 2784 200 2839 Ab
221 2783 617 2840 Ecclesiarum
675 2781 746 2836 de
794 2779 1092 2853 lgnatianis
1146 2778 1391 2849 epistolis
1436 2778 1653 2834 silentio

76 2873 125 2927 az]
151 2876 506 2945 quorumdam
564 2876 904 2942 scriptorum
952 2870 1380 2927 taciturnitatem
1418 2868 1650 2926 Dallreus

78 2969 309 3023 transivit.
341 2968 453 3023 Sed
488 2968 713 3021 frustra
754 2965 843 3020 ille
886 2964 1076 3019 eodem
1109 2978 1324 3033 semper
1361 2977 1652 3034 argumen-

1765 460 2025 532 quoniam
2062 473 2129 513 ex
2174 456 2399 511 Patrum
2454 453 2782 509 testimoniis
2831 460 3023 507 contra
3068 448 3351 503 haereticos

1765 565 2011 622 pugnare
2052 565 2207 605 mens
2252 548 2329 602 illi
2385 561 2495 602 non
2546 554 2681 601 erat.
2728 543 2796 597 Et
2841 559 2901 597 re
2946 538 3166 612 quidem
3209 538 3347 608 ipsa,

1765 643 1921 698 nulla
1965 650 2156 698 contra
2197 639 2418 694 Aerium
2466 636 2693 708 profert,
2725 634 2821 691 sed
2871 634 3087 690 duobus
3140 641 3351 686 tantum

1764 734 1917 790 Pauli
1947 731 2233 789 sententiis
2258 731 2326 786 ab
2349 730 2541 787 eodem
2564 726 2727 784 Aerio
2752 727 2981 799 objectis
3003 724 3353 796 respondisse

1857 827 1984 880 itur.

1857 827 1895 879 't
1938 842 1984 880 r.

1764 825 2009 971 leglln‘sltat
2060 912 2289 969 Dallaeus
2312 915 2356 946 "
2387 931 2401 967 :
2442 931 2461 965 ί
2497 909 2756 979 Quaedam
2793 910 2903 966 illic
2934 910 3086 980 ponit
3113 908 3355 979 Epipha—

1764 1010 1914 1077 nius,
1942 1024 2066 1064 cum
2096 1006 2395 1078 lgnatianis
2436 1005 2780 1076 apertissime
2827 1003 3144 1074 pugnantia,
3191 1002 3351 1071 quale

1765 1101 1899 1157 illud
1940 1108 2025 1155 est
2063 1098 2209 1169 quod
2239 1097 2482 1155 decernit
2528 1114 2543 1151 :
2584 1096 2626 1149 A
2662 1094 2992 1166 presbyteris
3024 1101 3077 1148 et
3102 1093 3350 1148 diaconis

1764 1190 2137 1248 ecclesiastica
2202 1190 2419 1261 negotia
2481 1187 2729 1258 impleri,
2792 1188 2904 1242 sive
2973 1186 3346 1241 administrari

1765 1297 1946 1353 posse.
1981 1280 2112 1337 ltem
2137 1281 2308 1337 fuisse
2336 1280 2600 1351 quasdam
2632 1280 2699 1333 ab
2726 1278 2989 1348 apostolis
3019 1278 3347 1333 constitutas

1765 1374 2199 1444 Ecclesias,qua:
2226 1388 2254 1427 a
2280 1373 2411 1428 solis
2437 1372 2769 1442 presbyteris
2790 1379 2844 1426 et
2869 1370 3115 1425 diaconis
3142 1370 3349 1440 absque

1765 1466 2021 1536 episcopo
2051 1474 2391 1537 regerentur.
2425 1465 2559 1529 Quae
2590 1463 2812 1516 totidem
2841 1469 3087 1516 monstra
3130 1471 3255 1516 sunt
3295 1470 3350 1516 et

1766 1558 1958 1630 lgnatii
1983 1560 2201 1629 quidem
2250 1558 2425 1612 nostri
2454 1557 2721 1627 epistolici
2760 1555 3115 1611 hierarchicis
3139 1555 3349 1625 legibus

1766 1660 1980 1706 exserte
2028 1650 2335 1705 delinientis
2390 1649 2509 1704 sine
2549 1647 2848 1718 episcopis,
2900 1648 3231 1718 presbyteris
3284 1663 3349 1702 ac

1686 1719 1731 1774 Β
1759 1743 2004 1799 diaconis
2031 1758 2138 1798 non
2165 1741 2349 1797 vocari
2376 1741 2701 1806 Ecclesiam,
2734 1750 2788 1795 et
2818 1741 3191 1796 necessarium
3223 1755 3347 1795 esse

1758 1835 1894 1890 nihil
1926 1836 2045 1891 sine
2088 1837 2345 1905 episcopo
2386 1834 2624 1904 operari.
2661 1853 2681 1886 ι
2710 1832 2913 1888 Verum
2953 1831 2996 1888 si
3026 1848 3114 1887 res
3163 1833 3237 1886 ita
3290 1847 3350 1886 se

1756 1926 1974 1995 habeat,
1999 1935 2147 1984 certe
2179 1927 2516 1996 Epiphanius
2546 1926 2790 1979 omnium
2817 1924 3105 1979 hominum
3138 1925 3347 1992 impru-

1753 2020 2133 2086 dentissimus,
2164 2019 2259 2074 ubi
2290 2028 2479 2074 contra
2506 2017 2889 2087 episcoporum
2940 2031 3051 2086 pra:
3091 2015 3213 2069 aliis
3242 2014 3347 2068 Ec-

1754 2113 1935 2169 clesia:
1966 2112 2236 2169 ministris
2267 2111 2642 2166 excellentiam
2668 2109 2929 2179 disputat,
2968 2108 3133 2163 Aerio
3173 2107 3344 2177 jugua

1755 2204 1870 2259 lum
1917 2204 2032 2274 ipse
2073 2203 2324 2274 praebuit.
2376 2200 2532 2268 Quod
2595 2216 2727 2257 sane
2770 2214 2894 2254 cum
2934 2199 3040 2255 dici
3085 2206 3341 2267 nequeat,

1753 2312 1932 2368 neque
1954 2296 2120 2352 etiam
2150 2295 2257 2351 dici
2283 2302 2461 2365 potest
2481 2309 2606 2348 eum
2632 2292 2920 2362 scripsisse
2942 2291 3169 2360 aliquid,
3195 2290 3343 2360 quod

1757 2405 1877 2445 cum
1902 2388 2092 2461 lgnatii
2127 2388 2298 2443 nostri
2322 2387 2567 2457 epistolis
2590 2385 2817 2440 omnino
2843 2398 2953 2438 non
2989 2391 3254 2453 congruat
3290 2390 3346 2436 et

1755 2481 2068 2536 concordet.
2115 2479 2183 2534 Et
2213 2495 2343 2534 vero
2394 2480 2448 2534 in
2486 2494 2551 2534 eo
2593 2477 2687 2548 qui
2718 2477 2880 2533 nobis
2910 2475 3168 2545 objicitur
3197 2476 3341 2540 loco,

1753 2572 2091 2644 Epiphanius
2132 2572 2362 2642 objectis
2390 2572 2459 2626 ab
2493 2569 2659 2624 Aerio
2696 2567 2853 2625 Pauli
2874 2567 3077 2632 verbis,
3110 2581 3343 2636 respon-

1752 2667 1843 2721 det
1866 2665 1939 2721 ibi
1968 2664 2288 2735 Apostolum
2337 2664 2405 2719 de
2441 2664 2511 2717 iis
2541 2676 2850 2719 sermonem
2888 2659 3198 2723 instituere,
3222 2673 3344 2727 qua:

1754 2757 1912 2814 initio
1958 2758 2238 2814 nascentis
2292 2756 2551 2812 Ecclesiae
2598 2755 2923 2826 agebantur,
2964 2768 3074 2822 quo
3120 2750 3341 2821 quidem

1752 2857 1996 2920 tempore
2015 2864 2139 2905 cum
2170 2848 2413 2905 nondum
2441 2847 2643 2918 ubique
2671 2845 2839 2901 creati
2862 2852 3049 2900 essent
3071 2841 3341 2913 episcOpi,

1702 2946 1708 2953 “
1751 2950 1866 2998 ιω]
1901 2957 1933 2995 a
1962 2940 2291 3012 presbyteris
2319 2939 2403 2995 vel
2434 2938 2682 2993 diaconis
2710 2936 3082 2992 ecclesiastica
3124 2933 3341 3004 negotia

77 3067 218 3113 torum
248 3075 447 3133 genere
479 3072 775 3129 pugnans,
800 3055 1083 3125 caliginem
1134 3054 1499 3123 tenebrasque
1530 3053 1649 3108 illas

1820 3033 2023 3105 iplcnda
2060 3040 2215 3088 erant
2260 3041 2315 3087 et
2358 3030 2808 3087 administranda.
2855 3029 2923 3083 At
2975 3026 3218 3098 lgnatius
3264 3025 3334 3079 ab

77 3149 316 3207 oﬂundere
364 3160 642 3215 conatur,
693 3164 831 3219 quas
877 3148 998 3202 luce
1046 3162 1145 3202 sua
1193 3145 1343 3216 fugat
1384 3147 1647 3216 lgnatius.

75 3237 222 3297 Primo
253 3243 399 3298 enim
442 3241 703 3295 Dallams
739 3236 1103 3309 Epiphanium
1130 3238 1229 3293 has
1260 3237 1465 3291 litteras
1495 3236 1652 3306 igno-

75 3348 234 3388 rasse:
276 3354 293 3387 ι
327 3336 465 3402 Aut,
511 3352 533 3385 ι
578 3342 637 3386 ut
681 3331 796 3401 ipse
832 3332 1092 3401 loquitur,
1132 3349 1149 3382 ί
1186 3328 1331 3399 quod
1362 3342 1492 3383 vero
1521 3344 1650 3398 pro-

74 3424 169 3492 pius
217 3427 458 3495 videtur,
512 3422 928 3492 contempsisse
978 3422 1123 3477 velut
1175 3421 1368 3483 ﬁctas,
1414 3438 1431 3472 δ
1468 3435 1533 3474 ex
1582 3434 1649 3476 eo

74 3518 264 3583 probare
299 3537 359 3575 se
392 3533 577 3589 posse
627 3515 949 3582 arbitratur,
982 3515 1127 3584 quod
1172 3513 1265 3568 ubi
1311 3511 1650 3583 Epiphanius

74 3607 319 3666 adversum
361 3611 524 3667 Aerii
587 3609 661 3663 de
711 3607 1152 3677 presbyterorum
1206 3620 1331 3660 eum
1378 3603 1648 3674 episcopis

71 3704 338 3769 mualitate
380 3716 622 3758 errores
671 3698 913 3767 disputat
944 3698 1010 3764 ³⁷,
1040 3696 1232 3751 nullibi
1271 3711 1512 3766 unquam
1548 3696 1648 3750 has

70 3796 336 3854 laudaverit
368 3797 584 3869 lgnatii
618 3794 872 3848 litteras:
906 3811 925 3844 1
964 3790 1203 3857 Quibus,
1237 3807 1255 3841 ι
1288 3789 1462 3860 inquit
1504 3789 1646 3843 idem

72 3886 265 3944 balteus
292 3891 360 3957 '3,
400 3907 419 3941 ι
461 3886 617 3943 nihil
660 3893 747 3940 est
787 3883 841 3937 in
883 3892 995 3937 tota
1026 3881 1351 3951 antiquitate
1384 3882 1647 3938 adversus

69 3974 187 4036 illam
213 3982 356 4038 Aerii
386 3981 731 4053 Opinionem
772 3975 1050 4031 disertius.
1092 3994 1110 4027 ι
1147 3974 1251 4030 Sed
1280 3984 1491 4041 contra,
1523 3990 1646 4031 cer-

70 4081 156 4127 tum
181 4086 257 4130 est
285 4072 686 4145 Epiphanium
731 4069 849 4122 haec
884 4066 1170 4136 scripsisse
1204 4074 1325 4135 post
1347 4065 1643 4136 vulgatam,

64 4179 197 4231 quam
227 4167 314 4222 ille
350 4164 563 4238 procul
612 4160 786 4216 dubio
826 4160 1049 4229 legerat,
1080 4157 1299 4213 Eusebii
1342 4157 1644 4226 historiam,

69 4257 108 4311 in
147 4274 240 4329 qua
278 4270 395 4315 tam
452 4252 779 4312 honoriﬁca
820 4252 1013 4306 barum
1059 4248 1249 4320 lgnatii
1289 4248 1644 4319 epistolarum

68 4352 234 4405 mentio
258 4352 530 4405 habetur.
569 4344 698 4400 Non
735 4352 1030 4415 potuerunt
1067 4357 1197 4412 ergo
1232 4341 1309 4395 illi
1339 4357 1462 4398 esse
1492 4341 1645 4396 inco-

1750 3123 2043 3194 episcopis,
2070 3137 2309 3192 quorum
2335 3136 2599 3177 numerus
2624 3134 2722 3175 sua
2749 3126 2906 3173 aetate
2929 3116 3127 3172 mirum
3151 3116 3204 3168 in
3228 3129 3342 3168 mo.

1749 3213 1878 3269 dum
1916 3223 2180 3282 creverat,
2211 3214 2398 3268 eadem
2450 3211 2667 3283 negotia
2712 3210 2884 3265 voluit
2931 3206 3340 3264 administrari.

1750 3303 1908 3370 Quod
1936 3306 2154 3376 quidem
2203 3306 2398 3361 nullibi
2446 3320 2691 3375 unquam
2733 3302 2950 3375 negavit
2972 3300 3335 3373 Epiphanius.

1748 3396 1908 3452 Nulla
1946 3378 2111 3467 igitur
2140 3396 2282 3451 inter
2332 3412 2427 3453 eos
2476 3396 2752 3452 discordia
2798 3410 2975 3466 neque
3012 3409 3214 3466 pugna,
3244 3393 3340 3449 sed

1720 3522 1725 3546 ι
1756 3504 1967 3546 summa
2007 3489 2291 3559 utriusque
2319 3488 2635 3544 consensio.

1822 3605 1949 3679 51L
1984 3604 2131 3661 Num
2177 3606 2646 3689 epistolae'lgnatii
2689 3607 3022 3664 Tertulliano
3070 3606 3269 3677 fuerint

2405 3688 2705 3748 tncogntlw.

1818 3768 1983 3826 Plura
2013 3770 2081 3826 de
2098 3769 2433 3826 Tertulliano
2462 3772 2707 3842 congerit
2737 3769 2972 3828 Dallaaus
2999 3772 3068 3837 ³⁰,
3094 3779 3258 3841 atque
3285 3770 3335 3826 ei

1748 3861 1962 3931 ignotas
1989 3862 2158 3918 fuisse
2184 3861 2377 3932 lgnatii
2403 3863 2666 3933 epistolas
2694 3870 2933 3933 quatuor
2961 3862 3214 3919 adductis
3241 3877 3333 3918 ra-

1748 3955 1990 4011 tionibus
2034 3955 2267 4025 probare
2312 3953 2527 4009 nititur.
2562 3955 2616 4009 1.
2659 3954 2716 4009 Si
2746 3954 3115 4010 Tertullianus
3143 3970 3237 4011 eas
3266 3954 3335 4010 ab

1747 4046 1957 4118 lgnatio
1980 4046 2295 4103 rescivisset
2316 4062 2439 4103 esse
2467 4046 2722 4117 scriptas,
2755 4055 2947 4103 contra
2978 4048 3152 4103 sancti
3184 4062 3336 4102 mar-

1748 4142 1885 4212 tyris
1930 4140 2263 4209 doctrinam,
2308 4159 2325 4192 ‹
2360 4141 2480 4197 sine
2529 4141 2804 4212 episcopis
2854 4150 2909 4196 ct
2945 4141 3194 4198 diaconis
3237 4140 3339 4197 Ec-

1748 4232 1970 4289 clesiam
1996 4249 2104 4289 non
2130 4232 2337 4299 vocari,
2374 4251 2393 4284 ι
2432 4231 2566 4287 illud
2608 4232 2797 4300 utique
2832 4247 2944 4287 non
2972 4233 3284 4301 scripsisset
3317 4252 3330 4287 :

1755 4345 1775 4378 ι
1808 4325 1907 4381 Ubi
1934 4334 2067 4393 tres,
2112 4324 2355 4380 Ecclesia
2385 4333 2489 4392 est,
2529 4325 2656 4381 licet
2697 4326 2821 4381 laici
2852 4325 2916 4383 “.
2950 4344 2969 4376 ι
3000 4325 3054 4378 2.
3098 4322 3196 4378 Ubi
3241 4340 3336 4379 eos

65 4443 210 4505 gnitaa.
236 4443 415 4498 Porro
458 4442 511 4496 si
557 4453 661 4493 eas
710 4436 883 4500 novit,
934 4444 1098 4504 atque
1140 4434 1210 4489 ab
1246 4432 1453 4504 lgnatio
1481 4433 1641 4488 sicuti

1820 4417 2020 4487 quibus
2067 4415 2337 4473 refutatus
2392 4426 2476 4472 est
2528 4418 2876 4484 Valentinus,
2917 4424 3203 4471 enumerat
3253 4416 3332 4479 ³³,

66 4528 315 4603 Eusebius,
348 4533 612 4603 scriptas
648 4526 902 4592 credidit,
941 4527 1124 4584 nullus
1169 4540 1303 4581 sane
1352 4525 1641 4583 dubitandi

65 4622 184 4681 locus
217 4637 299 4683 est
328 4625 621 4683 eximium
659 4618 797 4675 tanti
845 4618 1100 4691 martyris
1148 4633 1287 4688 opus
1323 4618 1392 4673 ab
1428 4633 1495 4673 eo
1533 4634 1642 4673 non

66 4718 193 4773 modo
227 4735 332 4774 non
366 4725 642 4789 spretum
666 4751 683 4779 ,
735 4710 828 4765 sed
862 4725 925 4765 ea
951 4711 1113 4766 etiam
1140 4725 1262 4780 qua:
1297 4710 1646 4766 sanctissimo

65 4809 154 4863 viro
178 4811 510 4876 debebatur,
543 4804 905 4862 veneratione
933 4811 1270 4872 susceptum.

115 4902 188 4969 At,
217 4906 466 4976 inquies,
512 4916 625 4957 cur
651 4898 744 4954 ille
768 4897 1031 4952 adversus
1058 4895 1277 4950 Aerium
1306 4912 1498 4954 earum
1541 4908 1646 4949 au-

62 4996 272 5052 ctoritate
317 5013 435 5052 non
494 4992 723 5050 utitur?
755 4990 866 5044 Cur
899 4988 1087 5054 etiam,
1129 4988 1412 5059 inquimus
1438 4998 1490 5044 et
1520 5002 1644 5053 nos,

65 5085 289 5143 Idversus
332 5088 486 5143 alias
518 5085 768 5140 haereses
798 5088 878 5135 tot
916 5078 1138 5133 Patrum
1169 5080 1412 5150 scriptis,
1443 5077 1645 5148 quibus

62 5191 121 5229 es
141 5177 379 5236 lunditus
412 5174 845 5237 evertebantur,
874 5169 1277 5241 praetermissis,
1308 5182 1419 5225 tam
1448 5168 1643 5239 paucis

64 5262 253 5331 ipsemet
284 5287 427 5327 usus
459 5267 587 5324 est?
618 5261 877 5332 Nunquid
904 5277 967 5316 ea
998 5276 1119 5330 quae
1152 5261 1433 5325 omiserat,
1457 5260 1639 5330 ignota

64 5351 237 5423 habuit,
264 5370 365 5415 aut
405 5354 762 5424 contempsit
788 5352 952 5407 veluti
983 5352 1104 5405 ficta
1137 5358 1193 5405 et
1220 5350 1638 5407 commentitia?

65 5442 249 5507 Minime
281 5452 569 5523 gentium.
603 5445 736 5499 Ideo
778 5443 943 5515 igitur
984 5458 1158 5513 neque
1200 5440 1394 5514 lgnatii
1426 5440 1632 5511 episto-

1360 5626 1491 5679 Ibiil.
1595 5624 1639 5655 ³⁰

118 5636 154 5665 υ
184 5637 377 5695 ﬁgeres.
414 5637 516 5689 Ἲς),
598 5630 650 5664 ³⁸
683 5644 803 5697 cap.
860 5627 909 5690 7,
937 5644 989 5696 p.
1022 5626 1147 5682 276.
1183 5696 1191 5697 7
1255 5631 1298 5661 ²⁹

1694 5639 1811 5690 cap.
1868 5623 1932 5690 8,

1750 4523 1945 4578 nempe
1981 4507 2255 4564 Iustinum
2287 4509 2670 4579 philosophum
2700 4518 2753 4563 et
2778 4518 3098 4579 martyrem,
3132 4506 3333 4560 Miltia-

1746 4602 1894 4667 dem,
1919 4600 2180 4658 Irenaeum
2210 4612 2265 4657 et
2296 4601 2611 4671 Proculum,
2645 4602 2849 4657 nullam
2887 4601 2954 4657 de.
2990 4601 3216 4671 lgnatio,
3249 4600 3336 4655 his

1748 4696 2007 4752 omnibus
2034 4695 2365 4764 antiquiore,
2396 4696 2725 4751 mentionem
2777 4694 2926 4749 facit.
2956 4694 3012 4749 ’5.
3042 4694 3256 4761 Quibus
3280 4695 3334 4749 in

1750 4789 1889 4847 locis
1932 4788 2311 4846 vehementius
2354 4788 2597 4857 disputat
2640 4796 2832 4842 contra
2880 4786 3213 4842 Marcionem
3267 4788 3335 4852 ³³,

1751 4884 1912 4955 eique
1958 4897 2028 4937 ex
2064 4879 2274 4936 Joanne
2322 4881 2572 4951 apostolo
2615 4881 2853 4936 ostendit
2883 4899 2900 4933 ι
2934 4896 3255 4951 praecoquos
3283 4888 3337 4932 et

1753 4975 2033 5031 abortivos
2088 4974 2490 5045 quodammodo
2551 4972 2897 5031 Marcionitas
2978 4973 3189 5036 fuisse,
3239 4971 3333 5041 qui

1749 5065 2030 5122 Christum
2062 5065 2386 5138 phantasma
2428 5080 2552 5120 cum
2580 5064 2674 5120 illo
2701 5064 3058 5129 vindicarent,
3078 5084 3096 5116 ι
3147 5063 3220 5117 ibi
3250 5061 3334 5116 al-

1745 5160 2025 5215 tissimum
2099 5157 2167 5213 de
2222 5156 2433 5227 lgnatio
2493 5157 2810 5223 silentium;
2858 5157 2959 5210 etsi
3000 5174 3017 5205 ι
3067 5169 3227 5207 nemo
3276 5153 3331 5207 in

1744 5252 1926 5322 primo
1945 5251 2037 5307 illo
2055 5249 2477 5307 Christianismo
2504 5265 2683 5320 neque
2707 5248 2925 5317 saepius,
2952 5261 3127 5315 neque
3149 5245 3333 5300 acrius

1742 5344 2121 5416 phantasticos
2143 5342 2264 5399 illos
2293 5341 2608 5413 exagitavit.
2646 5356 2665 5391 ι
2702 5340 2754 5393 4.
2784 5336 3151 5392 Tertullianus
3178 5333 3339 5388 Mon-

1743 5437 1947 5495 tanista
1997 5433 2173 5490 factus
2230 5443 2422 5490 contra
2476 5430 2665 5503 lgnatii
2720 5428 3045 5485 sententiam
3097 5425 3257 5482 docet
3289 5427 3335 5458 "

2014 5634 2064 5686 p.
2137 5616 2234 5680 77,
2293 5627 2347 5670 et
2422 5631 2534 5684 seq.
2599 5612 2791 5686 δηθά
2828 5612 3091 5686 abortat.
3143 5611 3327 5666 cauit.

66 5683 377 5769 £211.37“;
574 5683 1002 5764 σοηι.’γιιέἓιὶ.,
1031 5711 1149 5767 cap.
1177 5696 1225 5751 5.
1311 5697 1356 5728 ³³
1394 5694 1487 5748 lib.
1520 5705 1581 5746 tu
1634 5683 1835 5746 Contra
1866 5683 2148 5751 Marciam,
2186 5700 2307 5753 αψ.
2346 5687 2398 5740 (ί.
2477 5683 2520 5718 ³³
2556 5684 2650 5739 lib.
2684 5683 2757 5737 De
2783 5683 3008 5752 pudicit.
