  <div class='ocr_page' id='page_1' title='image "/cluster/home/n/w/nwhite01/storage/ocr_20150623/5/hvd.32044019206598/263.png"; bbox 0 0 3768 6302; ppageno 0'>
   <div class='ocr_carea' id='block_1_1' title="bbox 491 264 591 320">
    <p class='ocr_par' dir='ltr' id='par_1_1' title="bbox 491 264 591 320">
     <span class='ocr_line' id='line_1_1' title="bbox 491 264 591 320; baseline -0.02 0"><span class='ocrx_word' id='word_1_1' title='bbox 491 264 591 320; x_wconf 82' lang='lat' dir='ltr'><strong>5H</strong></span> 
     </span>
    </p>
   </div>
   <div class='ocr_carea' id='block_1_2' title="bbox 1541 258 2677 318">
    <p class='ocr_par' dir='ltr' id='par_1_2' title="bbox 1541 258 2677 318">
     <span class='ocr_line' id='line_1_2' title="bbox 1541 258 2677 318; baseline 0.001 -2"><span class='ocrx_word' id='word_1_2' title='bbox 1541 260 1601 316; x_wconf 88' lang='lat' dir='ltr'><strong>S.</strong></span> <span class='ocrx_word' id='word_1_3' title='bbox 1642 259 1990 317; x_wconf 81' lang='lat' dir='ltr'><strong>ICNATIUS.</strong></span> <span class='ocrx_word' id='word_1_4' title='bbox 2032 291 2099 299; x_wconf 94' lang='lat'><strong>—</strong></span> <span class='ocrx_word' id='word_1_5' title='bbox 2138 258 2677 318; x_wconf 77' lang='lat' dir='ltr'><strong>PROLEGOMENA.</strong></span> 
     </span>
    </p>
   </div>
   <div class='ocr_carea' id='block_1_3' title="bbox 3581 232 3727 317">
    <p class='ocr_par' dir='ltr' id='par_1_3' title="bbox 3581 232 3727 317">
     <span class='ocr_line' id='line_1_3' title="bbox 3581 232 3727 317; baseline -0.021 -1"><span class='ocrx_word' id='word_1_6' title='bbox 3581 232 3595 244; x_wconf 84' lang='grc'><strong>’</strong></span> <span class='ocrx_word' id='word_1_7' title='bbox 3640 262 3727 317; x_wconf 75' lang='lat' dir='ltr'><strong>st:</strong></span> 
     </span>
    </p>
   </div>
   <div class='ocr_carea' id='block_1_4' title="bbox 499 378 3724 455">
    <p class='ocr_par' dir='ltr' id='par_1_4' title="bbox 499 378 3724 455">
     <span class='ocr_line' id='line_1_4' title="bbox 499 378 3724 455; baseline -0.001 -20"><span class='ocrx_word' id='word_1_8' title='bbox 499 403 517 435; x_wconf 73' lang='grc' dir='ltr'>ι</span> <span class='ocrx_word' id='word_1_9' title='bbox 558 398 748 439; x_wconf 91' lang='lat' dir='ltr'><strong>omnes</strong></span> <span class='ocrx_word' id='word_1_10' title='bbox 777 392 901 453; x_wconf 91' lang='lat' dir='ltr'><strong>post</strong></span> <span class='ocrx_word' id='word_1_11' title='bbox 928 385 1255 455; x_wconf 78' lang='lat' dir='ltr'><strong>baptismum</strong></span> <span class='ocrx_word' id='word_1_12' title='bbox 1288 384 1490 453; x_wconf 86' lang='lat' dir='ltr'><strong>lapsos,</strong></span> <span class='ocrx_word' id='word_1_13' title='bbox 1529 401 1547 434; x_wconf 71' lang='grc' dir='ltr'>ι</span> <span class='ocrx_word' id='word_1_14' title='bbox 1590 384 1657 437; x_wconf 87' lang='lat' dir='ltr'><strong>ad</strong></span> <span class='ocrx_word' id='word_1_15' title='bbox 1686 384 2057 453; x_wconf 67' lang='lat' dir='ltr'><strong>paenitentiam</strong></span> <span class='ocrx_word' id='word_1_16' title='bbox 2088 388 2135 446; x_wconf 79' lang='grc' dir='ltr'><strong>Α</strong></span> <span class='ocrx_word' id='word_1_17' title='bbox 2161 383 2357 438; x_wconf 90' lang='lat' dir='ltr'><strong>eodem</strong></span> <span class='ocrx_word' id='word_1_18' title='bbox 2389 383 2639 453; x_wconf 80' lang='lat' dir='ltr'><strong>apostolo</strong></span> <span class='ocrx_word' id='word_1_19' title='bbox 2667 382 2952 439; x_wconf 88' lang='lat' dir='ltr'><strong>damnatos</strong></span> <span class='ocrx_word' id='word_1_20' title='bbox 2987 383 3161 438; x_wconf 85' lang='lat' dir='ltr'><strong>fuisse</strong></span> <span class='ocrx_word' id='word_1_21' title='bbox 3207 381 3570 437; x_wconf 76' lang='lat' dir='ltr'><strong>ostenderet?</strong></span> <span class='ocrx_word' id='word_1_22' title='bbox 3597 378 3724 435; x_wconf 77' lang='lat' dir='ltr'><strong>Nun-</strong></span> 
     </span>
    </p>
   </div>
   <div class='ocr_carea' id='block_1_5' title="bbox 492 474 2064 547">
    <p class='ocr_par' dir='ltr' id='par_1_5' title="bbox 492 474 2064 547">
     <span class='ocr_line' id='line_1_5' title="bbox 492 474 2064 547; baseline 0.003 -20"><span class='ocrx_word' id='word_1_23' title='bbox 492 474 755 543; x_wconf 89' lang='lat' dir='ltr'><strong>agendam</strong></span> <span class='ocrx_word' id='word_1_24' title='bbox 792 490 900 529; x_wconf 91' lang='lat' dir='ltr'><strong>non</strong></span> <span class='ocrx_word' id='word_1_25' title='bbox 936 476 1322 533; x_wconf 86' lang='lat' dir='ltr'><strong>admittendos.</strong></span> <span class='ocrx_word' id='word_1_26' title='bbox 1372 475 1667 532; x_wconf 80' lang='lat' dir='ltr'><strong>Orthodoxi</strong></span> <span class='ocrx_word' id='word_1_27' title='bbox 1708 491 1926 546; x_wconf 86' lang='lat' dir='ltr'><strong>quoque</strong></span> <span class='ocrx_word' id='word_1_28' title='bbox 1969 477 2064 547; x_wconf 87' lang='lat' dir='ltr'><strong>qui</strong></span> 
     </span>
    </p>
   </div>
   <div class='ocr_carea' id='block_1_6' title="bbox 493 564 2063 636">
    <p class='ocr_par' dir='ltr' id='par_1_6' title="bbox 493 564 2063 636">
     <span class='ocr_line' id='line_1_6' title="bbox 493 564 2063 636; baseline 0.003 -17"><span class='ocrx_word' id='word_1_29' title='bbox 493 565 690 620; x_wconf 87' lang='lat' dir='ltr'><strong>ibidem</strong></span> <span class='ocrx_word' id='word_1_30' title='bbox 723 564 1013 636; x_wconf 63' lang='lat' dir='ltr'><strong>Scriptura:</strong></span> <span class='ocrx_word' id='word_1_31' title='bbox 1042 584 1232 635; x_wconf 61' lang='lat' dir='ltr'><strong>sacrae,</strong></span> <span class='ocrx_word' id='word_1_32' title='bbox 1262 578 1317 623; x_wconf 91' lang='lat' dir='ltr'><strong>et</strong></span> <span class='ocrx_word' id='word_1_33' title='bbox 1346 571 1471 625; x_wconf 89' lang='lat' dir='ltr'><strong>libri</strong></span> <span class='ocrx_word' id='word_1_34' title='bbox 1519 568 1732 625; x_wconf 71' lang='lat' dir='ltr'><strong>“arma:</strong></span> <span class='ocrx_word' id='word_1_35' title='bbox 1769 570 2063 625; x_wconf 86' lang='lat' dir='ltr'><strong>auctorita-</strong></span> 
     </span>
    </p>
   </div>
   <div class='ocr_carea' id='block_1_7' title="bbox 493 658 2064 733">
    <p class='ocr_par' dir='ltr' id='par_1_7' title="bbox 493 658 2064 733">
     <span class='ocr_line' id='line_1_7' title="bbox 493 658 2064 733; baseline 0.003 -22"><span class='ocrx_word' id='word_1_36' title='bbox 493 666 600 712; x_wconf 89' lang='lat' dir='ltr'><strong>tem</strong></span> <span class='ocrx_word' id='word_1_37' title='bbox 636 658 737 729; x_wconf 85' lang='lat' dir='ltr'><strong>ipsi</strong></span> <span class='ocrx_word' id='word_1_38' title='bbox 759 668 1058 728; x_wconf 91' lang='lat' dir='ltr'><strong>opponunt,</strong></span> <span class='ocrx_word' id='word_1_39' title='bbox 1085 677 1153 715; x_wconf 91' lang='lat' dir='ltr'><strong>ne</strong></span> <span class='ocrx_word' id='word_1_40' title='bbox 1181 678 1348 716; x_wconf 93' lang='lat' dir='ltr'><strong>unum</strong></span> <span class='ocrx_word' id='word_1_41' title='bbox 1372 662 1589 733; x_wconf 86' lang='lat' dir='ltr'><strong>quidem</strong></span> <span class='ocrx_word' id='word_1_42' title='bbox 1620 664 1685 717; x_wconf 92' lang='lat' dir='ltr'><strong>de</strong></span> <span class='ocrx_word' id='word_1_43' title='bbox 1713 661 1922 732; x_wconf 88' lang='lat' dir='ltr'><strong>lgnatio</strong></span> <span class='ocrx_word' id='word_1_44' title='bbox 1943 677 2064 716; x_wconf 90' lang='lat' dir='ltr'><strong>ver-</strong></span> 
     </span>
    </p>
   </div>
   <div class='ocr_carea' id='block_1_8' title="bbox 492 750 2063 821">
    <p class='ocr_par' dir='ltr' id='par_1_8' title="bbox 492 750 2063 821">
     <span class='ocr_line' id='line_1_8' title="bbox 492 750 2063 821; baseline 0.003 -18"><span class='ocrx_word' id='word_1_45' title='bbox 492 750 621 804; x_wconf 87' lang='lat' dir='ltr'><strong>bum</strong></span> <span class='ocrx_word' id='word_1_46' title='bbox 658 750 876 805; x_wconf 83' lang='lat' dir='ltr'><strong>habent.</strong></span> <span class='ocrx_word' id='word_1_47' title='bbox 908 751 983 805; x_wconf 78' lang='lat' dir='ltr'><strong>Ex</strong></span> <span class='ocrx_word' id='word_1_48' title='bbox 1017 753 1216 821; x_wconf 81' lang='lat' dir='ltr'><strong>quibus</strong></span> <span class='ocrx_word' id='word_1_49' title='bbox 1271 753 1433 809; x_wconf 83' lang='lat' dir='ltr'><strong>infert</strong></span> <span class='ocrx_word' id='word_1_50' title='bbox 1479 752 1711 810; x_wconf 67' lang='lat' dir='ltr'><strong>Dallaaus</strong></span> <span class='ocrx_word' id='word_1_51' title='bbox 1757 763 1810 808; x_wconf 91' lang='lat' dir='ltr'><strong>et</strong></span> <span class='ocrx_word' id='word_1_52' title='bbox 1842 753 2063 807; x_wconf 91' lang='lat' dir='ltr'><strong>Tertul-</strong></span> 
     </span>
    </p>
   </div>
   <div class='ocr_carea' id='block_1_9' title="bbox 486 843 2064 917">
    <p class='ocr_par' dir='ltr' id='par_1_9' title="bbox 486 843 2064 917">
     <span class='ocr_line' id='line_1_9' title="bbox 486 843 2064 917; baseline 0.003 -20"><span class='ocrx_word' id='word_1_53' title='bbox 486 843 638 897; x_wconf 76' lang='lat' dir='ltr'><strong>liano</strong></span> <span class='ocrx_word' id='word_1_54' title='bbox 665 843 921 899; x_wconf 79' lang='lat' dir='ltr'><strong>baerctico</strong></span> <span class='ocrx_word' id='word_1_55' title='bbox 940 844 1303 902; x_wconf 86' lang='lat' dir='ltr'><strong>etCatholicis</strong></span> <span class='ocrx_word' id='word_1_56' title='bbox 1333 847 1586 902; x_wconf 90' lang='lat' dir='ltr'><strong>omnibus</strong></span> <span class='ocrx_word' id='word_1_57' title='bbox 1616 847 1843 903; x_wconf 88' lang='lat' dir='ltr'><strong>latuisse</strong></span> <span class='ocrx_word' id='word_1_58' title='bbox 1869 847 2064 917; x_wconf 87' lang='lat' dir='ltr'><strong>Ignatii</strong></span> 
     </span>
    </p>
   </div>
   <div class='ocr_carea' id='block_1_10' title="bbox 490 939 769 1009">
    <p class='ocr_par' dir='ltr' id='par_1_10' title="bbox 490 939 769 1009">
     <span class='ocr_line' id='line_1_10' title="bbox 490 939 769 1009; baseline -0.004 -16"><span class='ocrx_word' id='word_1_59' title='bbox 490 939 769 1009; x_wconf 82' lang='lat' dir='ltr'><strong>epistolas.</strong></span> 
     </span>
    </p>
   </div>
   <div class='ocr_carea' id='block_1_11' title="bbox 563 1026 2067 1097">
    <p class='ocr_par' dir='ltr' id='par_1_11' title="bbox 563 1026 2067 1097">
     <span class='ocr_line' id='line_1_11' title="bbox 563 1026 2067 1097; baseline 0.001 -16"><span class='ocrx_word' id='word_1_60' title='bbox 563 1027 669 1083; x_wconf 87' lang='lat' dir='ltr'><strong>Sed</strong></span> <span class='ocrx_word' id='word_1_61' title='bbox 701 1029 815 1083; x_wconf 73' lang='lat' dir='ltr'><strong>haec</strong></span> <span class='ocrx_word' id='word_1_62' title='bbox 848 1026 1083 1082; x_wconf 88' lang='lat' dir='ltr'><strong>futilium</strong></span> <span class='ocrx_word' id='word_1_63' title='bbox 1108 1028 1463 1097; x_wconf 90' lang='lat' dir='ltr'><strong>inaniumque</strong></span> <span class='ocrx_word' id='word_1_64' title='bbox 1483 1027 1757 1083; x_wconf 88' lang='lat' dir='ltr'><strong>rationum</strong></span> <span class='ocrx_word' id='word_1_65' title='bbox 1787 1028 1956 1083; x_wconf 91' lang='lat' dir='ltr'><strong>series</strong></span> <span class='ocrx_word' id='word_1_66' title='bbox 1983 1036 2067 1083; x_wconf 88' lang='lat' dir='ltr'><strong>est</strong></span> 
     </span>
    </p>
   </div>
   <div class='ocr_carea' id='block_1_12' title="bbox 489 1119 2064 1185">
    <p class='ocr_par' dir='ltr' id='par_1_12' title="bbox 489 1119 2064 1185">
     <span class='ocr_line' id='line_1_12' title="bbox 489 1119 2064 1185; baseline 0.001 -12"><span class='ocrx_word' id='word_1_67' title='bbox 489 1128 543 1173; x_wconf 91' lang='lat' dir='ltr'><strong>et</strong></span> <span class='ocrx_word' id='word_1_68' title='bbox 588 1121 991 1175; x_wconf 87' lang='lat' dir='ltr'><strong>concatenatio.</strong></span> <span class='ocrx_word' id='word_1_69' title='bbox 1043 1120 1349 1176; x_wconf 89' lang='lat' dir='ltr'><strong>Salmasius</strong></span> <span class='ocrx_word' id='word_1_70' title='bbox 1400 1121 1712 1185; x_wconf 83' lang='lat' dir='ltr'><strong>enimvero,</strong></span> <span class='ocrx_word' id='word_1_71' title='bbox 1754 1119 2064 1175; x_wconf 88' lang='lat' dir='ltr'><strong>Blondellus</strong></span> 
     </span>
    </p>
   </div>
   <div class='ocr_carea' id='block_1_13' title="bbox 490 1211 2065 1281">
    <p class='ocr_par' dir='ltr' id='par_1_13' title="bbox 490 1211 2065 1281">
     <span class='ocr_line' id='line_1_13' title="bbox 490 1211 2065 1281; baseline 0.001 -16"><span class='ocrx_word' id='word_1_72' title='bbox 490 1220 655 1280; x_wconf 87' lang='lat' dir='ltr'><strong>atque</strong></span> <span class='ocrx_word' id='word_1_73' title='bbox 693 1211 1025 1279; x_wconf 85' lang='lat' dir='ltr'><strong>Albertinus,</strong></span> <span class='ocrx_word' id='word_1_74' title='bbox 1052 1211 1294 1281; x_wconf 85' lang='lat' dir='ltr'><strong>ejusdem</strong></span> <span class='ocrx_word' id='word_1_75' title='bbox 1329 1228 1454 1266; x_wconf 92' lang='lat' dir='ltr'><strong>cum</strong></span> <span class='ocrx_word' id='word_1_76' title='bbox 1505 1212 1707 1267; x_wconf 84' lang='lat' dir='ltr'><strong>Dallaeo</strong></span> <span class='ocrx_word' id='word_1_77' title='bbox 1732 1212 2065 1266; x_wconf 76' lang='lat' dir='ltr'><strong>Calvinianac</strong></span> 
     </span>
    </p>
   </div>
   <div class='ocr_carea' id='block_1_14' title="bbox 492 1303 2064 1369">
    <p class='ocr_par' dir='ltr' id='par_1_14' title="bbox 492 1303 2064 1369">
     <span class='ocr_line' id='line_1_14' title="bbox 492 1303 2064 1369; baseline 0.001 -13"><span class='ocrx_word' id='word_1_78' title='bbox 492 1303 766 1358; x_wconf 83' lang='lat' dir='ltr'><strong>haereseos</strong></span> <span class='ocrx_word' id='word_1_79' title='bbox 813 1312 1141 1369; x_wconf 87' lang='lat' dir='ltr'><strong>sectatores,</strong></span> <span class='ocrx_word' id='word_1_80' title='bbox 1181 1303 1282 1359; x_wconf 91' lang='lat' dir='ltr'><strong>has</strong></span> <span class='ocrx_word' id='word_1_81' title='bbox 1324 1304 1532 1359; x_wconf 83' lang='lat' dir='ltr'><strong>litteras</strong></span> <span class='ocrx_word' id='word_1_82' title='bbox 1581 1313 1706 1359; x_wconf 89' lang='lat' dir='ltr'><strong>ante</strong></span> <span class='ocrx_word' id='word_1_83' title='bbox 1746 1303 2064 1358; x_wconf 83' lang='lat' dir='ltr'><strong>Tertulliani</strong></span> 
     </span>
    </p>
   </div>
   <div class='ocr_carea' id='block_1_15' title="bbox 490 1395 2065 1467">
    <p class='ocr_par' dir='ltr' id='par_1_15' title="bbox 490 1395 2065 1467">
     <span class='ocr_line' id='line_1_15' title="bbox 490 1395 2065 1467; baseline 0.001 -16"><span class='ocrx_word' id='word_1_84' title='bbox 490 1403 704 1451; x_wconf 62' lang='lat' dir='ltr'><strong>aetatem</strong></span> <span class='ocrx_word' id='word_1_85' title='bbox 737 1397 970 1467; x_wconf 88' lang='lat' dir='ltr'><strong>scriptas</strong></span> <span class='ocrx_word' id='word_1_86' title='bbox 993 1412 1115 1452; x_wconf 91' lang='lat' dir='ltr'><strong>esse</strong></span> <span class='ocrx_word' id='word_1_87' title='bbox 1154 1396 1442 1451; x_wconf 79' lang='lat' dir='ltr'><strong>afﬁrmant.</strong></span> <span class='ocrx_word' id='word_1_88' title='bbox 1485 1395 1644 1452; x_wconf 91' lang='lat' dir='ltr'><strong>Prius</strong></span> <span class='ocrx_word' id='word_1_89' title='bbox 1672 1412 1800 1466; x_wconf 85' lang='lat' dir='ltr'><strong>ergo</strong></span> <span class='ocrx_word' id='word_1_90' title='bbox 1831 1395 2065 1452; x_wconf 74' lang='lat' dir='ltr'><strong>Dallzeus</strong></span> 
     </span>
    </p>
   </div>
   <div class='ocr_carea' id='block_1_16' title="bbox 493 1487 2063 1557">
    <p class='ocr_par' dir='ltr' id='par_1_16' title="bbox 493 1487 2063 1557">
     <span class='ocr_line' id='line_1_16' title="bbox 493 1487 2063 1557; baseline 0.001 -16"><span class='ocrx_word' id='word_1_91' title='bbox 493 1489 634 1543; x_wconf 90' lang='lat' dir='ltr'><strong>hanc</strong></span> <span class='ocrx_word' id='word_1_92' title='bbox 659 1489 925 1543; x_wconf 89' lang='lat' dir='ltr'><strong>sodalium</strong></span> <span class='ocrx_word' id='word_1_93' title='bbox 950 1504 1176 1544; x_wconf 90' lang='lat' dir='ltr'><strong>suorum</strong></span> <span class='ocrx_word' id='word_1_94' title='bbox 1204 1489 1391 1544; x_wconf 86' lang='lat' dir='ltr'><strong>debuit</strong></span> <span class='ocrx_word' id='word_1_95' title='bbox 1411 1487 1695 1543; x_wconf 85' lang='lat' dir='ltr'><strong>confutare</strong></span> <span class='ocrx_word' id='word_1_96' title='bbox 1716 1488 2063 1557; x_wconf 86' lang='lat' dir='ltr'><strong>opinionem;</strong></span> 
     </span>
    </p>
   </div>
   <div class='ocr_carea' id='block_1_17' title="bbox 492 1580 2063 1652">
    <p class='ocr_par' dir='ltr' id='par_1_17' title="bbox 492 1580 2063 1652">
     <span class='ocr_line' id='line_1_17' title="bbox 492 1580 2063 1652; baseline 0.003 -20"><span class='ocrx_word' id='word_1_97' title='bbox 492 1582 691 1651; x_wconf 82' lang='lat' dir='ltr'><strong>quippe</strong></span> <span class='ocrx_word' id='word_1_98' title='bbox 723 1598 831 1651; x_wconf 92' lang='lat' dir='ltr'><strong>qua</strong></span> <span class='ocrx_word' id='word_1_99' title='bbox 870 1590 1068 1644; x_wconf 83' lang='lat' dir='ltr'><strong>stante,</strong></span> <span class='ocrx_word' id='word_1_100' title='bbox 1115 1582 1212 1636; x_wconf 89' lang='lat' dir='ltr'><strong>has</strong></span> <span class='ocrx_word' id='word_1_101' title='bbox 1258 1580 1450 1652; x_wconf 85' lang='lat' dir='ltr'><strong>lgnatii</strong></span> <span class='ocrx_word' id='word_1_102' title='bbox 1478 1582 1760 1651; x_wconf 83' lang='lat' dir='ltr'><strong>epistolas,</strong></span> <span class='ocrx_word' id='word_1_103' title='bbox 1790 1597 1911 1650; x_wconf 73' lang='lat' dir='ltr'><strong>quze</strong></span> <span class='ocrx_word' id='word_1_104' title='bbox 1941 1598 2063 1636; x_wconf 88' lang='lat' dir='ltr'><strong>cum</strong></span> 
     </span>
    </p>
   </div>
   <div class='ocr_carea' id='block_1_18' title="bbox 493 1674 2063 1740">
    <p class='ocr_par' dir='ltr' id='par_1_18' title="bbox 493 1674 2063 1740">
     <span class='ocr_line' id='line_1_18' title="bbox 493 1674 2063 1740; baseline 0.002 -13"><span class='ocrx_word' id='word_1_105' title='bbox 493 1674 751 1729; x_wconf 91' lang='lat' dir='ltr'><strong>omnibus</strong></span> <span class='ocrx_word' id='word_1_106' title='bbox 787 1675 1355 1740; x_wconf 91' lang='lat' dir='ltr'><strong>communicabantur,</strong></span> <span class='ocrx_word' id='word_1_107' title='bbox 1402 1675 1456 1728; x_wconf 92' lang='lat' dir='ltr'><strong>in</strong></span> <span class='ocrx_word' id='word_1_108' title='bbox 1509 1692 1704 1731; x_wconf 86' lang='lat' dir='ltr'><strong>manus</strong></span> <span class='ocrx_word' id='word_1_109' title='bbox 1746 1675 2063 1731; x_wconf 84' lang='lat' dir='ltr'><strong>Tertulliani</strong></span> 
     </span>
    </p>
   </div>
   <div class='ocr_carea' id='block_1_19' title="bbox 490 1766 1549 1837">
    <p class='ocr_par' dir='ltr' id='par_1_19' title="bbox 490 1766 1549 1837">
     <span class='ocr_line' id='line_1_19' title="bbox 490 1766 1549 1837; baseline 0.004 -18"><span class='ocrx_word' id='word_1_110' title='bbox 490 1767 777 1835; x_wconf 83' lang='lat' dir='ltr'><strong>pervenire</strong></span> <span class='ocrx_word' id='word_1_111' title='bbox 809 1768 1051 1837; x_wconf 90' lang='lat' dir='ltr'><strong>potuisse</strong></span> <span class='ocrx_word' id='word_1_112' title='bbox 1076 1766 1234 1822; x_wconf 82' lang='lat' dir='ltr'><strong>facile</strong></span> <span class='ocrx_word' id='word_1_113' title='bbox 1262 1768 1549 1823; x_wconf 86' lang='lat' dir='ltr'><strong>evincitur.</strong></span> 
     </span>
    </p>
   </div>
   <div class='ocr_carea' id='block_1_20' title="bbox 562 1856 2060 1930">
    <p class='ocr_par' dir='ltr' id='par_1_20' title="bbox 562 1856 2060 1930">
     <span class='ocr_line' id='line_1_20' title="bbox 562 1856 2060 1930; baseline 0.004 -20"><span class='ocrx_word' id='word_1_114' title='bbox 562 1856 644 1912; x_wconf 86' lang='lat' dir='ltr'><strong>Ad</strong></span> <span class='ocrx_word' id='word_1_115' title='bbox 672 1857 855 1913; x_wconf 66' lang='lat' dir='ltr'><strong>Dallwi</strong></span> <span class='ocrx_word' id='word_1_116' title='bbox 892 1868 1072 1914; x_wconf 91' lang='lat' dir='ltr'><strong>autem</strong></span> <span class='ocrx_word' id='word_1_117' title='bbox 1119 1860 1360 1913; x_wconf 90' lang='lat' dir='ltr'><strong>rationes</strong></span> <span class='ocrx_word' id='word_1_118' title='bbox 1390 1861 1615 1930; x_wconf 87' lang='lat' dir='ltr'><strong>gradum</strong></span> <span class='ocrx_word' id='word_1_119' title='bbox 1668 1870 1730 1915; x_wconf 92' lang='lat' dir='ltr'><strong>ut</strong></span> <span class='ocrx_word' id='word_1_120' title='bbox 1768 1860 2060 1930; x_wconf 81' lang='lat' dir='ltr'><strong>faciamus,</strong></span> 
     </span>
    </p>
   </div>
   <div class='ocr_carea' id='block_1_21' title="bbox 488 1950 2060 2020">
    <p class='ocr_par' dir='ltr' id='par_1_21' title="bbox 488 1950 2060 2020">
     <span class='ocr_line' id='line_1_21' title="bbox 488 1950 2060 2020; baseline 0.004 -19"><span class='ocrx_word' id='word_1_121' title='bbox 488 1950 615 2019; x_wconf 83' lang='lat' dir='ltr'><strong>quis</strong></span> <span class='ocrx_word' id='word_1_122' title='bbox 645 1951 875 2020; x_wconf 90' lang='lat' dir='ltr'><strong>primam</strong></span> <span class='ocrx_word' id='word_1_123' title='bbox 920 1966 1030 2005; x_wconf 92' lang='lat' dir='ltr'><strong>non</strong></span> <span class='ocrx_word' id='word_1_124' title='bbox 1054 1951 1235 2007; x_wconf 86' lang='lat' dir='ltr'><strong>videat</strong></span> <span class='ocrx_word' id='word_1_125' title='bbox 1264 1952 1468 2006; x_wconf 91' lang='lat' dir='ltr'><strong>nullam</strong></span> <span class='ocrx_word' id='word_1_126' title='bbox 1503 1968 1626 2008; x_wconf 82' lang='lat' dir='ltr'><strong>esse</strong></span> <span class='ocrx_word' id='word_1_127' title='bbox 1654 1963 1707 2007; x_wconf 90' lang='lat' dir='ltr'><strong>et</strong></span> <span class='ocrx_word' id='word_1_128' title='bbox 1741 1954 2023 2008; x_wconf 90' lang='lat' dir='ltr'><strong>ridiculam</strong></span> <span class='ocrx_word' id='word_1_129' title='bbox 2048 1973 2060 2008; x_wconf 93' lang='lat'><strong>:</strong></span> 
     </span>
    </p>
   </div>
   <div class='ocr_carea' id='block_1_22' title="bbox 488 2041 2063 2112">
    <p class='ocr_par' dir='ltr' id='par_1_22' title="bbox 488 2041 2063 2112">
     <span class='ocr_line' id='line_1_22' title="bbox 488 2041 2063 2112; baseline 0.003 -17"><span class='ocrx_word' id='word_1_130' title='bbox 488 2041 931 2112; x_wconf 88' lang='lat' dir='ltr'><strong>quandoquidem</strong></span> <span class='ocrx_word' id='word_1_131' title='bbox 954 2041 1320 2099; x_wconf 91' lang='lat' dir='ltr'><strong>Tertullianus</strong></span> <span class='ocrx_word' id='word_1_132' title='bbox 1338 2043 1789 2100; x_wconf 87' lang='lat' dir='ltr'><strong>Montanistarum</strong></span> <span class='ocrx_word' id='word_1_133' title='bbox 1815 2046 2063 2102; x_wconf 70' lang='lat' dir='ltr'><strong>haeresim</strong></span> 
     </span>
    </p>
   </div>
   <div class='ocr_carea' id='block_1_23' title="bbox 484 2132 2068 2207">
    <p class='ocr_par' dir='ltr' id='par_1_23' title="bbox 484 2132 2068 2207">
     <span class='ocr_line' id='line_1_23' title="bbox 484 2132 2068 2207; baseline 0.004 -20"><span class='ocrx_word' id='word_1_134' title='bbox 484 2132 598 2204; x_wconf 89' lang='lat' dir='ltr'><strong>jam</strong></span> <span class='ocrx_word' id='word_1_135' title='bbox 611 2142 725 2189; x_wconf 93' lang='lat' dir='ltr'><strong>tum</strong></span> <span class='ocrx_word' id='word_1_136' title='bbox 749 2136 1085 2205; x_wconf 82' lang='lat' dir='ltr'><strong>amplexatus</strong></span> <span class='ocrx_word' id='word_1_137' title='bbox 1097 2145 1231 2204; x_wconf 89' lang='lat' dir='ltr'><strong>erat,</strong></span> <span class='ocrx_word' id='word_1_138' title='bbox 1246 2152 1369 2192; x_wconf 92' lang='lat' dir='ltr'><strong>cum</strong></span> <span class='ocrx_word' id='word_1_139' title='bbox 1390 2138 1628 2207; x_wconf 91' lang='lat' dir='ltr'><strong>scripsit:</strong></span> <span class='ocrx_word' id='word_1_140' title='bbox 1645 2157 1663 2189; x_wconf 72' lang='grc' dir='ltr'><strong><em>ι</em></strong></span> <span class='ocrx_word' id='word_1_141' title='bbox 1690 2136 1795 2194; x_wconf 91' lang='lat' dir='ltr'><strong>Sed</strong></span> <span class='ocrx_word' id='word_1_142' title='bbox 1817 2139 1905 2194; x_wconf 93' lang='lat' dir='ltr'><strong>ubi</strong></span> <span class='ocrx_word' id='word_1_143' title='bbox 1934 2148 2068 2206; x_wconf 87' lang='lat' dir='ltr'><strong>tres,</strong></span> 
     </span>
    </p>
   </div>
   <div class='ocr_carea' id='block_1_24' title="bbox 489 2225 2063 2299">
    <p class='ocr_par' dir='ltr' id='par_1_24' title="bbox 489 2225 2063 2299">
     <span class='ocr_line' id='line_1_24' title="bbox 489 2225 2063 2299; baseline 0.005 -20"><span class='ocrx_word' id='word_1_144' title='bbox 489 2225 735 2281; x_wconf 83' lang='lat' dir='ltr'><strong>Ecclesia</strong></span> <span class='ocrx_word' id='word_1_145' title='bbox 782 2237 885 2295; x_wconf 90' lang='lat' dir='ltr'><strong>est,</strong></span> <span class='ocrx_word' id='word_1_146' title='bbox 926 2229 1052 2283; x_wconf 90' lang='lat' dir='ltr'><strong>licet</strong></span> <span class='ocrx_word' id='word_1_147' title='bbox 1102 2230 1292 2284; x_wconf 67' lang='lat' dir='ltr'><strong>laici.»</strong></span> <span class='ocrx_word' id='word_1_148' title='bbox 1324 2230 1465 2297; x_wconf 84' lang='lat' dir='ltr'><strong>Quid</strong></span> <span class='ocrx_word' id='word_1_149' title='bbox 1529 2230 1697 2299; x_wconf 84' lang='lat' dir='ltr'><strong>igitur</strong></span> <span class='ocrx_word' id='word_1_150' title='bbox 1744 2233 1969 2295; x_wconf 88' lang='lat' dir='ltr'><strong>mirum,</strong></span> <span class='ocrx_word' id='word_1_151' title='bbox 2018 2234 2063 2289; x_wconf 89' lang='lat' dir='ltr'><strong>si</strong></span> 
     </span>
    </p>
   </div>
   <div class='ocr_carea' id='block_1_25' title="bbox 492 2317 2066 2393">
    <p class='ocr_par' dir='ltr' id='par_1_25' title="bbox 492 2317 2066 2393">
     <span class='ocr_line' id='line_1_25' title="bbox 492 2317 2066 2393; baseline 0.005 -22"><span class='ocrx_word' id='word_1_152' title='bbox 492 2317 660 2372; x_wconf 87' lang='lat' dir='ltr'><strong>homo</strong></span> <span class='ocrx_word' id='word_1_153' title='bbox 711 2319 1033 2386; x_wconf 81' lang='lat' dir='ltr'><strong>haereticus,</strong></span> <span class='ocrx_word' id='word_1_154' title='bbox 1083 2321 1176 2390; x_wconf 92' lang='lat' dir='ltr'><strong>qui</strong></span> <span class='ocrx_word' id='word_1_155' title='bbox 1220 2323 1502 2391; x_wconf 90' lang='lat' dir='ltr'><strong>oppositos</strong></span> <span class='ocrx_word' id='word_1_156' title='bbox 1543 2338 1711 2377; x_wconf 85' lang='lat' dir='ltr'><strong>sacrae</strong></span> <span class='ocrx_word' id='word_1_157' title='bbox 1772 2323 2066 2393; x_wconf 72' lang='lat' dir='ltr'><strong>Scriptura:</strong></span> 
     </span>
    </p>
   </div>
   <div class='ocr_carea' id='block_1_26' title="bbox 489 2410 2065 2483">
    <p class='ocr_par' dir='ltr' id='par_1_26' title="bbox 489 2410 2065 2483">
     <span class='ocr_line' id='line_1_26' title="bbox 489 2410 2065 2483; baseline 0.004 -21"><span class='ocrx_word' id='word_1_158' title='bbox 489 2423 706 2465; x_wconf 88' lang='lat' dir='ltr'><strong>errores</strong></span> <span class='ocrx_word' id='word_1_159' title='bbox 726 2410 924 2477; x_wconf 88' lang='lat' dir='ltr'><strong>docet,</strong></span> <span class='ocrx_word' id='word_1_160' title='bbox 955 2422 1143 2467; x_wconf 89' lang='lat' dir='ltr'><strong>contra</strong></span> <span class='ocrx_word' id='word_1_161' title='bbox 1197 2414 1555 2468; x_wconf 80' lang='lat' dir='ltr'><strong>orthodoxam</strong></span> <span class='ocrx_word' id='word_1_162' title='bbox 1617 2413 1808 2483; x_wconf 87' lang='lat' dir='ltr'><strong>lgnatii</strong></span> <span class='ocrx_word' id='word_1_163' title='bbox 1860 2415 2065 2470; x_wconf 87' lang='lat' dir='ltr'><strong>doctri-</strong></span> 
     </span>
    </p>
   </div>
   <div class='ocr_carea' id='block_1_27' title="bbox 490 2502 2065 2575">
    <p class='ocr_par' dir='ltr' id='par_1_27' title="bbox 490 2502 2065 2575">
     <span class='ocr_line' id='line_1_27' title="bbox 490 2502 2065 2575; baseline 0.004 -21"><span class='ocrx_word' id='word_1_164' title='bbox 490 2516 617 2555; x_wconf 90' lang='lat' dir='ltr'><strong>nam</strong></span> <span class='ocrx_word' id='word_1_165' title='bbox 651 2502 855 2557; x_wconf 87' lang='lat' dir='ltr'><strong>scribat</strong></span> <span class='ocrx_word' id='word_1_166' title='bbox 896 2512 949 2557; x_wconf 89' lang='lat' dir='ltr'><strong>et</strong></span> <span class='ocrx_word' id='word_1_167' title='bbox 978 2502 1483 2573; x_wconf 83' lang='lat' dir='ltr'><strong>loquatur?Nonne</strong></span> <span class='ocrx_word' id='word_1_168' title='bbox 1537 2506 1735 2575; x_wconf 90' lang='lat' dir='ltr'><strong>potiori</strong></span> <span class='ocrx_word' id='word_1_169' title='bbox 1776 2506 1899 2575; x_wconf 90' lang='lat' dir='ltr'><strong>jure</strong></span> <span class='ocrx_word' id='word_1_170' title='bbox 1937 2508 2065 2575; x_wconf 88' lang='lat' dir='ltr'><strong>quis</strong></span> 
     </span>
    </p>
   </div>
   <div class='ocr_carea' id='block_1_28' title="bbox 492 2589 2061 2659">
    <p class='ocr_par' dir='ltr' id='par_1_28' title="bbox 492 2589 2061 2659">
     <span class='ocr_line' id='line_1_28' title="bbox 492 2589 2061 2659; baseline 0.005 -17"><span class='ocrx_word' id='word_1_171' title='bbox 492 2589 564 2644; x_wconf 87' lang='lat' dir='ltr'><strong>ita</strong></span> <span class='ocrx_word' id='word_1_172' title='bbox 594 2594 1109 2659; x_wconf 85' lang='lat' dir='ltr'><strong>argumentaretur?</strong></span> <span class='ocrx_word' id='word_1_173' title='bbox 1141 2593 1509 2649; x_wconf 89' lang='lat' dir='ltr'><strong>Tertullianus</strong></span> <span class='ocrx_word' id='word_1_174' title='bbox 1551 2595 1851 2651; x_wconf 87' lang='lat' dir='ltr'><strong>catholicus</strong></span> <span class='ocrx_word' id='word_1_175' title='bbox 1875 2596 2061 2650; x_wconf 89' lang='lat' dir='ltr'><strong>eadem</strong></span> 
     </span>
    </p>
   </div>
   <div class='ocr_carea' id='block_1_29' title="bbox 491 2683 2064 2757">
    <p class='ocr_par' dir='ltr' id='par_1_29' title="bbox 491 2683 2064 2757">
     <span class='ocr_line' id='line_1_29' title="bbox 491 2683 2064 2757; baseline 0.002 -19"><span class='ocrx_word' id='word_1_176' title='bbox 491 2698 557 2738; x_wconf 89' lang='lat' dir='ltr'><strong>ac</strong></span> <span class='ocrx_word' id='word_1_177' title='bbox 585 2683 823 2753; x_wconf 85' lang='lat' dir='ltr'><strong>lgnatius</strong></span> <span class='ocrx_word' id='word_1_178' title='bbox 846 2684 912 2739; x_wconf 90' lang='lat' dir='ltr'><strong>de</strong></span> <span class='ocrx_word' id='word_1_179' title='bbox 938 2684 1181 2741; x_wconf 89' lang='lat' dir='ltr'><strong>Ecclesia</strong></span> <span class='ocrx_word' id='word_1_180' title='bbox 1206 2687 1446 2755; x_wconf 89' lang='lat' dir='ltr'><strong>scripsit.</strong></span> <span class='ocrx_word' id='word_1_181' title='bbox 1480 2686 1622 2757; x_wconf 88' lang='lat' dir='ltr'><strong>Ergo</strong></span> <span class='ocrx_word' id='word_1_182' title='bbox 1650 2686 1840 2756; x_wconf 88' lang='lat' dir='ltr'><strong>lgnatii</strong></span> <span class='ocrx_word' id='word_1_183' title='bbox 1862 2688 2064 2756; x_wconf 88' lang='lat' dir='ltr'><strong>episto-</strong></span> 
     </span>
    </p>
   </div>
   <div class='ocr_carea' id='block_1_30' title="bbox 489 2774 1631 2850">
    <p class='ocr_par' dir='ltr' id='par_1_30' title="bbox 489 2774 1631 2850">
     <span class='ocr_line' id='line_1_30' title="bbox 489 2774 1631 2850; baseline 0.004 -22"><span class='ocrx_word' id='word_1_184' title='bbox 489 2774 557 2829; x_wconf 67' lang='grc' dir='ltr'><strong>ιω</strong></span> <span class='ocrx_word' id='word_1_185' title='bbox 579 2774 919 2831; x_wconf 90' lang='lat' dir='ltr'><strong>Tertulliano</strong></span> <span class='ocrx_word' id='word_1_186' title='bbox 947 2794 1054 2833; x_wconf 92' lang='lat' dir='ltr'><strong>non</strong></span> <span class='ocrx_word' id='word_1_187' title='bbox 1078 2776 1303 2834; x_wconf 85' lang='lat' dir='ltr'><strong>fuerunt</strong></span> <span class='ocrx_word' id='word_1_188' title='bbox 1324 2779 1631 2850; x_wconf 63' lang='lat' dir='ltr'><strong>incognitae.</strong></span> 
     </span>
    </p>
   </div>
   <div class='ocr_carea' id='block_1_31' title="bbox 560 2886 2063 2961">
    <p class='ocr_par' dir='ltr' id='par_1_31' title="bbox 560 2886 2063 2961">
     <span class='ocr_line' id='line_1_31' title="bbox 560 2886 2063 2961; baseline 0.003 -21"><span class='ocrx_word' id='word_1_189' title='bbox 560 2886 643 2942; x_wconf 85' lang='lat' dir='ltr'><strong>Ad</strong></span> <span class='ocrx_word' id='word_1_190' title='bbox 671 2889 965 2944; x_wconf 89' lang='lat' dir='ltr'><strong>secundam</strong></span> <span class='ocrx_word' id='word_1_191' title='bbox 996 2889 1180 2945; x_wconf 68' lang='lat' dir='ltr'><strong>Dallzei</strong></span> <span class='ocrx_word' id='word_1_192' title='bbox 1219 2891 1484 2946; x_wconf 89' lang='lat' dir='ltr'><strong>rationem</strong></span> <span class='ocrx_word' id='word_1_193' title='bbox 1518 2891 1908 2961; x_wconf 89' lang='lat' dir='ltr'><strong>respondemus</strong></span> <span class='ocrx_word' id='word_1_194' title='bbox 1932 2890 2063 2947; x_wconf 88' lang='lat' dir='ltr'><strong>Ter-</strong></span> 
     </span>
    </p>
   </div>
   <div class='ocr_carea' id='block_1_32' title="bbox 491 2979 2059 3051">
    <p class='ocr_par' dir='ltr' id='par_1_32' title="bbox 491 2979 2059 3051">
     <span class='ocr_line' id='line_1_32' title="bbox 491 2979 2059 3051; baseline 0.004 -20"><span class='ocrx_word' id='word_1_195' title='bbox 491 2979 719 3033; x_wconf 88' lang='lat' dir='ltr'><strong>tulliano</strong></span> <span class='ocrx_word' id='word_1_196' title='bbox 752 2981 929 3035; x_wconf 88' lang='lat' dir='ltr'><strong>visum</strong></span> <span class='ocrx_word' id='word_1_197' title='bbox 956 2995 1109 3048; x_wconf 89' lang='lat' dir='ltr'><strong>esse,</strong></span> <span class='ocrx_word' id='word_1_198' title='bbox 1134 2991 1192 3037; x_wconf 92' lang='lat' dir='ltr'><strong>ut</strong></span> <span class='ocrx_word' id='word_1_199' title='bbox 1224 2981 1417 3037; x_wconf 90' lang='lat' dir='ltr'><strong>horum</strong></span> <span class='ocrx_word' id='word_1_200' title='bbox 1447 2998 1585 3051; x_wconf 86' lang='lat' dir='ltr'><strong>quos</strong></span> <span class='ocrx_word' id='word_1_201' title='bbox 1610 2983 1793 3037; x_wconf 85' lang='lat' dir='ltr'><strong>citavit</strong></span> <span class='ocrx_word' id='word_1_202' title='bbox 1814 2981 2059 3050; x_wconf 87' lang='lat' dir='ltr'><strong>Patrum,</strong></span> 
     </span>
    </p>
   </div>
   <div class='ocr_carea' id='block_1_33' title="bbox 489 3071 2128 3140">
    <p class='ocr_par' dir='ltr' id='par_1_33' title="bbox 489 3071 2128 3140">
     <span class='ocr_line' id='line_1_33' title="bbox 489 3071 2128 3140; baseline 0.004 -17"><span class='ocrx_word' id='word_1_203' title='bbox 489 3085 596 3124; x_wconf 87' lang='lat' dir='ltr'><strong>non</strong></span> <span class='ocrx_word' id='word_1_204' title='bbox 631 3071 866 3140; x_wconf 90' lang='lat' dir='ltr'><strong>plurium</strong></span> <span class='ocrx_word' id='word_1_205' title='bbox 921 3072 1240 3127; x_wconf 87' lang='lat' dir='ltr'><strong>auctoritate</strong></span> <span class='ocrx_word' id='word_1_206' title='bbox 1284 3083 1471 3128; x_wconf 83' lang='lat' dir='ltr'><strong>contra</strong></span> <span class='ocrx_word' id='word_1_207' title='bbox 1519 3072 1929 3130; x_wconf 83' lang='lat' dir='ltr'><strong>Valentinianus</strong></span> <span class='ocrx_word' id='word_1_208' title='bbox 1966 3075 2061 3129; x_wconf 89' lang='lat' dir='ltr'><strong>de-</strong></span> <span class='ocrx_word' id='word_1_209' title='bbox 2088 3080 2128 3137; x_wconf 91' lang='lat' dir='ltr'><strong>C</strong></span> 
     </span>
    </p>
   </div>
   <div class='ocr_carea' id='block_1_34' title="bbox 490 3160 2055 3236">
    <p class='ocr_par' dir='ltr' id='par_1_34' title="bbox 490 3160 2055 3236">
     <span class='ocr_line' id='line_1_34' title="bbox 490 3160 2055 3236; baseline 0.002 -17"><span class='ocrx_word' id='word_1_210' title='bbox 490 3170 744 3219; x_wconf 87' lang='lat' dir='ltr'><strong>certaret.</strong></span> <span class='ocrx_word' id='word_1_211' title='bbox 774 3160 883 3217; x_wconf 90' lang='lat' dir='ltr'><strong>Nec</strong></span> <span class='ocrx_word' id='word_1_212' title='bbox 924 3178 1057 3219; x_wconf 90' lang='lat' dir='ltr'><strong>sane</strong></span> <span class='ocrx_word' id='word_1_213' title='bbox 1087 3164 1283 3218; x_wconf 71' lang='lat' dir='ltr'><strong>Dallaao</strong></span> <span class='ocrx_word' id='word_1_214' title='bbox 1305 3165 1391 3219; x_wconf 95' lang='lat' dir='ltr'><strong>vel</strong></span> <span class='ocrx_word' id='word_1_215' title='bbox 1433 3165 1524 3218; x_wconf 90' lang='lat' dir='ltr'><strong>ulli</strong></span> <span class='ocrx_word' id='word_1_216' title='bbox 1571 3165 1659 3236; x_wconf 86' lang='lat' dir='ltr'><strong>jus</strong></span> <span class='ocrx_word' id='word_1_217' title='bbox 1688 3174 1772 3220; x_wconf 89' lang='lat' dir='ltr'><strong>est</strong></span> <span class='ocrx_word' id='word_1_218' title='bbox 1800 3182 1922 3221; x_wconf 87' lang='lat' dir='ltr'><strong>cum</strong></span> <span class='ocrx_word' id='word_1_219' title='bbox 1955 3183 2055 3222; x_wconf 85' lang='lat' dir='ltr'><strong>au-</strong></span> 
     </span>
    </p>
   </div>
   <div class='ocr_carea' id='block_1_35' title="bbox 491 3256 2055 3327">
    <p class='ocr_par' dir='ltr' id='par_1_35' title="bbox 491 3256 2055 3327">
     <span class='ocr_line' id='line_1_35' title="bbox 491 3256 2055 3327; baseline 0.003 -18"><span class='ocrx_word' id='word_1_220' title='bbox 491 3265 640 3310; x_wconf 90' lang='lat' dir='ltr'><strong>ctore</strong></span> <span class='ocrx_word' id='word_1_221' title='bbox 675 3256 860 3323; x_wconf 88' lang='lat' dir='ltr'><strong>aliquo</strong></span> <span class='ocrx_word' id='word_1_222' title='bbox 881 3257 1257 3325; x_wconf 83' lang='lat' dir='ltr'><strong>expostulare,</strong></span> <span class='ocrx_word' id='word_1_223' title='bbox 1285 3272 1383 3311; x_wconf 92' lang='lat' dir='ltr'><strong>cur</strong></span> <span class='ocrx_word' id='word_1_224' title='bbox 1437 3272 1545 3312; x_wconf 92' lang='lat' dir='ltr'><strong>non</strong></span> <span class='ocrx_word' id='word_1_225' title='bbox 1587 3258 1833 3327; x_wconf 89' lang='lat' dir='ltr'><strong>pluribus</strong></span> <span class='ocrx_word' id='word_1_226' title='bbox 1863 3259 2055 3325; x_wconf 89' lang='lat' dir='ltr'><strong>armis,</strong></span> 
     </span>
    </p>
   </div>
   <div class='ocr_carea' id='block_1_36' title="bbox 487 3346 2062 3419">
    <p class='ocr_par' dir='ltr' id='par_1_36' title="bbox 487 3346 2062 3419">
     <span class='ocr_line' id='line_1_36' title="bbox 487 3346 2062 3419; baseline 0.003 -16"><span class='ocrx_word' id='word_1_227' title='bbox 487 3346 572 3404; x_wconf 86' lang='lat' dir='ltr'><strong>vel</strong></span> <span class='ocrx_word' id='word_1_228' title='bbox 609 3348 801 3419; x_wconf 88' lang='lat' dir='ltr'><strong>majori</strong></span> <span class='ocrx_word' id='word_1_229' title='bbox 843 3348 1127 3403; x_wconf 84' lang='lat' dir='ltr'><strong>hominum</strong></span> <span class='ocrx_word' id='word_1_230' title='bbox 1177 3349 1524 3404; x_wconf 88' lang='lat' dir='ltr'><strong>multitudine</strong></span> <span class='ocrx_word' id='word_1_231' title='bbox 1561 3365 1684 3404; x_wconf 91' lang='lat' dir='ltr'><strong>cum</strong></span> <span class='ocrx_word' id='word_1_232' title='bbox 1733 3350 2062 3409; x_wconf 84' lang='lat' dir='ltr'><strong>adversariis</strong></span> 
     </span>
    </p>
   </div>
   <div class='ocr_carea' id='block_1_37' title="bbox 489 3441 2067 3517">
    <p class='ocr_par' dir='ltr' id='par_1_37' title="bbox 489 3441 2067 3517">
     <span class='ocr_line' id='line_1_37' title="bbox 489 3441 2067 3517; baseline 0.003 -22"><span class='ocrx_word' id='word_1_233' title='bbox 489 3442 895 3511; x_wconf 78' lang='lat' dir='ltr'><strong>congredietur,</strong></span> <span class='ocrx_word' id='word_1_234' title='bbox 925 3441 1009 3497; x_wconf 89' lang='lat' dir='ltr'><strong>cui</strong></span> <span class='ocrx_word' id='word_1_235' title='bbox 1040 3441 1175 3507; x_wconf 59' lang='lat' dir='ltr'><strong>haec,</strong></span> <span class='ocrx_word' id='word_1_236' title='bbox 1209 3442 1409 3514; x_wconf 87' lang='lat' dir='ltr'><strong>quibus</strong></span> <span class='ocrx_word' id='word_1_237' title='bbox 1452 3441 1643 3508; x_wconf 89' lang='lat' dir='ltr'><strong>utitur,</strong></span> <span class='ocrx_word' id='word_1_238' title='bbox 1660 3443 1727 3498; x_wconf 91' lang='lat' dir='ltr'><strong>ad</strong></span> <span class='ocrx_word' id='word_1_239' title='bbox 1758 3459 2067 3517; x_wconf 84' lang='lat' dir='ltr'><strong>expugnan-</strong></span> 
     </span>
    </p>
   </div>
   <div class='ocr_carea' id='block_1_38' title="bbox 489 3532 2061 3591">
    <p class='ocr_par' dir='ltr' id='par_1_38' title="bbox 489 3532 2061 3591">
     <span class='ocr_line' id='line_1_38' title="bbox 489 3532 2061 3591; baseline 0.004 -6"><span class='ocrx_word' id='word_1_240' title='bbox 489 3532 589 3586; x_wconf 91' lang='lat' dir='ltr'><strong>dos</strong></span> <span class='ocrx_word' id='word_1_241' title='bbox 641 3533 825 3588; x_wconf 88' lang='lat' dir='ltr'><strong>hostes</strong></span> <span class='ocrx_word' id='word_1_242' title='bbox 872 3548 1003 3588; x_wconf 90' lang='lat' dir='ltr'><strong>suos</strong></span> <span class='ocrx_word' id='word_1_243' title='bbox 1034 3532 1328 3588; x_wconf 87' lang='lat' dir='ltr'><strong>sulIiciunt.</strong></span> <span class='ocrx_word' id='word_1_244' title='bbox 1360 3532 1731 3590; x_wconf 89' lang='lat' dir='ltr'><strong>Tertullianus</strong></span> <span class='ocrx_word' id='word_1_245' title='bbox 1756 3545 1935 3589; x_wconf 87' lang='lat' dir='ltr'><strong>autem</strong></span> <span class='ocrx_word' id='word_1_246' title='bbox 1966 3552 2061 3591; x_wconf 90' lang='lat' dir='ltr'><strong>eos</strong></span> 
     </span>
    </p>
   </div>
   <div class='ocr_carea' id='block_1_39' title="bbox 490 3620 2061 3693">
    <p class='ocr_par' dir='ltr' id='par_1_39' title="bbox 490 3620 2061 3693">
     <span class='ocr_line' id='line_1_39' title="bbox 490 3620 2061 3693; baseline 0.004 -16"><span class='ocrx_word' id='word_1_247' title='bbox 490 3638 630 3693; x_wconf 87' lang='lat' dir='ltr'><strong>quos</strong></span> <span class='ocrx_word' id='word_1_248' title='bbox 654 3624 839 3679; x_wconf 86' lang='lat' dir='ltr'><strong>citavit</strong></span> <span class='ocrx_word' id='word_1_249' title='bbox 867 3623 1057 3679; x_wconf 89' lang='lat' dir='ltr'><strong>Patres</strong></span> <span class='ocrx_word' id='word_1_250' title='bbox 1080 3620 1173 3679; x_wconf 88' lang='lat' dir='ltr'><strong>ad</strong></span> <span class='ocrx_word' id='word_1_251' title='bbox 1208 3625 1558 3680; x_wconf 90' lang='lat' dir='ltr'><strong>debellandos</strong></span> <span class='ocrx_word' id='word_1_252' title='bbox 1586 3624 1860 3682; x_wconf 81' lang='lat' dir='ltr'><strong>Valentini</strong></span> <span class='ocrx_word' id='word_1_253' title='bbox 1882 3638 2061 3684; x_wconf 86' lang='lat' dir='ltr'><strong>secta-</strong></span> 
     </span>
    </p>
   </div>
   <div class='ocr_carea' id='block_1_40' title="bbox 488 3716 2063 3788">
    <p class='ocr_par' dir='ltr' id='par_1_40' title="bbox 488 3716 2063 3788">
     <span class='ocr_line' id='line_1_40' title="bbox 488 3716 2063 3788; baseline 0.004 -19"><span class='ocrx_word' id='word_1_254' title='bbox 488 3724 637 3771; x_wconf 83' lang='lat' dir='ltr'><strong>tores</strong></span> <span class='ocrx_word' id='word_1_255' title='bbox 661 3716 762 3771; x_wconf 90' lang='lat' dir='ltr'><strong>sibi</strong></span> <span class='ocrx_word' id='word_1_256' title='bbox 794 3718 927 3773; x_wconf 88' lang='lat' dir='ltr'><strong>satis</strong></span> <span class='ocrx_word' id='word_1_257' title='bbox 947 3733 1219 3788; x_wconf 90' lang='lat' dir='ltr'><strong>superque</strong></span> <span class='ocrx_word' id='word_1_258' title='bbox 1240 3734 1383 3783; x_wconf 87' lang='lat' dir='ltr'><strong>esse,</strong></span> <span class='ocrx_word' id='word_1_259' title='bbox 1406 3734 1507 3774; x_wconf 91' lang='lat' dir='ltr'><strong>nec</strong></span> <span class='ocrx_word' id='word_1_260' title='bbox 1535 3720 1671 3776; x_wconf 90' lang='lat' dir='ltr'><strong>alios</strong></span> <span class='ocrx_word' id='word_1_261' title='bbox 1697 3736 1755 3776; x_wconf 89' lang='lat' dir='ltr'><strong>se</strong></span> <span class='ocrx_word' id='word_1_262' title='bbox 1777 3721 1944 3777; x_wconf 89' lang='lat' dir='ltr'><strong>citare</strong></span> <span class='ocrx_word' id='word_1_263' title='bbox 1963 3737 2063 3775; x_wconf 87' lang='lat' dir='ltr'><strong>vo-</strong></span> 
     </span>
    </p>
   </div>
   <div class='ocr_carea' id='block_1_41' title="bbox 488 3804 2062 3878">
    <p class='ocr_par' dir='ltr' id='par_1_41' title="bbox 488 3804 2062 3878">
     <span class='ocr_line' id='line_1_41' title="bbox 488 3804 2062 3878; baseline 0.003 -20"><span class='ocrx_word' id='word_1_264' title='bbox 488 3804 657 3860; x_wconf 78' lang='lat' dir='ltr'><strong>luisse</strong></span> <span class='ocrx_word' id='word_1_265' title='bbox 685 3822 793 3861; x_wconf 90' lang='lat' dir='ltr'><strong>non</strong></span> <span class='ocrx_word' id='word_1_266' title='bbox 826 3807 1058 3862; x_wconf 90' lang='lat' dir='ltr'><strong>obscure</strong></span> <span class='ocrx_word' id='word_1_267' title='bbox 1080 3807 1352 3878; x_wconf 82' lang='lat' dir='ltr'><strong>significat</strong></span> <span class='ocrx_word' id='word_1_268' title='bbox 1372 3849 1387 3872; x_wconf 89' lang='lat'><strong>,</strong></span> <span class='ocrx_word' id='word_1_269' title='bbox 1415 3822 1540 3862; x_wconf 94' lang='lat' dir='ltr'><strong>cum</strong></span> <span class='ocrx_word' id='word_1_270' title='bbox 1563 3808 1629 3862; x_wconf 91' lang='lat' dir='ltr'><strong>de</strong></span> <span class='ocrx_word' id='word_1_271' title='bbox 1664 3810 1770 3864; x_wconf 91' lang='lat' dir='ltr'><strong>illis</strong></span> <span class='ocrx_word' id='word_1_272' title='bbox 1806 3810 1885 3864; x_wconf 91' lang='lat' dir='ltr'><strong>sic</strong></span> <span class='ocrx_word' id='word_1_273' title='bbox 1918 3809 2062 3863; x_wconf 86' lang='lat' dir='ltr'><strong>fatur</strong></span> 
     </span>
    </p>
   </div>
   <div class='ocr_carea' id='block_1_42' title="bbox 486 3895 2061 3969">
    <p class='ocr_par' dir='ltr' id='par_1_42' title="bbox 486 3895 2061 3969">
     <span class='ocr_line' id='line_1_42' title="bbox 486 3895 2061 3969; baseline 0.003 -20"><span class='ocrx_word' id='word_1_274' title='bbox 486 3895 572 3949; x_wconf 74' lang='lat'><strong>&quot;:</strong></span> <span class='ocrx_word' id='word_1_275' title='bbox 610 3914 628 3947; x_wconf 72' lang='grc' dir='ltr'><strong><em>ι</em></strong></span> <span class='ocrx_word' id='word_1_276' title='bbox 659 3895 760 3962; x_wconf 94' lang='lat' dir='ltr'><strong>Qui</strong></span> <span class='ocrx_word' id='word_1_277' title='bbox 801 3896 1045 3965; x_wconf 89' lang='lat' dir='ltr'><strong>ipsorum</strong></span> <span class='ocrx_word' id='word_1_278' title='bbox 1098 3897 1583 3952; x_wconf 65' lang='lat' dir='ltr'><strong>haeresiarcharum</strong></span> <span class='ocrx_word' id='word_1_279' title='bbox 1629 3901 2061 3969; x_wconf 89' lang='lat' dir='ltr'><strong>contemporales</strong></span> 
     </span>
    </p>
   </div>
   <div class='ocr_carea' id='block_1_43' title="bbox 488 3987 2063 4060">
    <p class='ocr_par' dir='ltr' id='par_1_43' title="bbox 488 3987 2063 4060">
     <span class='ocr_line' id='line_1_43' title="bbox 488 3987 2063 4060; baseline 0.004 -20"><span class='ocrx_word' id='word_1_280' title='bbox 488 3987 930 4043; x_wconf 86' lang='lat' dir='ltr'><strong>instructissimis</strong></span> <span class='ocrx_word' id='word_1_281' title='bbox 952 3989 1325 4045; x_wconf 87' lang='lat' dir='ltr'><strong>voluminibus</strong></span> <span class='ocrx_word' id='word_1_282' title='bbox 1349 4000 1403 4045; x_wconf 91' lang='lat' dir='ltr'><strong>et</strong></span> <span class='ocrx_word' id='word_1_283' title='bbox 1429 3991 1783 4060; x_wconf 83' lang='lat' dir='ltr'><strong>prodiderunt</strong></span> <span class='ocrx_word' id='word_1_284' title='bbox 1810 3999 1865 4045; x_wconf 90' lang='lat' dir='ltr'><strong>et</strong></span> <span class='ocrx_word' id='word_1_285' title='bbox 1889 4000 2063 4046; x_wconf 84' lang='lat' dir='ltr'><strong>retu-</strong></span> 
     </span>
    </p>
   </div>
   <div class='ocr_carea' id='block_1_44' title="bbox 486 4078 2060 4150">
    <p class='ocr_par' dir='ltr' id='par_1_44' title="bbox 486 4078 2060 4150">
     <span class='ocr_line' id='line_1_44' title="bbox 486 4078 2060 4150; baseline 0.004 -18"><span class='ocrx_word' id='word_1_286' title='bbox 486 4078 706 4132; x_wconf 90' lang='lat' dir='ltr'><strong>derunt.</strong></span> <span class='ocrx_word' id='word_1_287' title='bbox 742 4098 761 4130; x_wconf 75' lang='lat'><strong>)</strong></span> <span class='ocrx_word' id='word_1_288' title='bbox 796 4078 921 4134; x_wconf 86' lang='lat' dir='ltr'><strong>Illos</strong></span> <span class='ocrx_word' id='word_1_289' title='bbox 942 4080 1086 4134; x_wconf 89' lang='lat' dir='ltr'><strong>enim</strong></span> <span class='ocrx_word' id='word_1_290' title='bbox 1123 4082 1417 4150; x_wconf 90' lang='lat' dir='ltr'><strong>scriptores</strong></span> <span class='ocrx_word' id='word_1_291' title='bbox 1442 4092 1494 4137; x_wconf 94' lang='lat' dir='ltr'><strong>et</strong></span> <span class='ocrx_word' id='word_1_292' title='bbox 1520 4082 1789 4137; x_wconf 58' lang='lat' dir='ltr'><strong>hareticis</strong></span> <span class='ocrx_word' id='word_1_293' title='bbox 1815 4090 2060 4137; x_wconf 89' lang='lat' dir='ltr'><strong>contem-</strong></span> 
     </span>
    </p>
   </div>
   <div class='ocr_carea' id='block_1_45' title="bbox 488 4164 2063 4233">
    <p class='ocr_par' dir='ltr' id='par_1_45' title="bbox 488 4164 2063 4233">
     <span class='ocr_line' id='line_1_45' title="bbox 488 4164 2063 4233; baseline 0.006 -16"><span class='ocrx_word' id='word_1_294' title='bbox 488 4164 724 4233; x_wconf 87' lang='lat' dir='ltr'><strong>porales,</strong></span> <span class='ocrx_word' id='word_1_295' title='bbox 751 4174 805 4220; x_wconf 91' lang='lat' dir='ltr'><strong>et</strong></span> <span class='ocrx_word' id='word_1_296' title='bbox 836 4181 1024 4222; x_wconf 90' lang='lat' dir='ltr'><strong>eorum</strong></span> <span class='ocrx_word' id='word_1_297' title='bbox 1052 4183 1268 4223; x_wconf 89' lang='lat' dir='ltr'><strong>errores</strong></span> <span class='ocrx_word' id='word_1_298' title='bbox 1306 4169 1744 4226; x_wconf 90' lang='lat' dir='ltr'><strong>instructissimis</strong></span> <span class='ocrx_word' id='word_1_299' title='bbox 1771 4172 2063 4227; x_wconf 87' lang='lat' dir='ltr'><strong>volumini-</strong></span> 
     </span>
    </p>
   </div>
   <div class='ocr_carea' id='block_1_46' title="bbox 490 4257 2057 4336">
    <p class='ocr_par' dir='ltr' id='par_1_46' title="bbox 490 4257 2057 4336">
     <span class='ocr_line' id='line_1_46' title="bbox 490 4257 2057 4336; baseline 0.006 -25"><span class='ocrx_word' id='word_1_300' title='bbox 490 4257 593 4312; x_wconf 93' lang='lat' dir='ltr'><strong>bus</strong></span> <span class='ocrx_word' id='word_1_301' title='bbox 618 4259 885 4315; x_wconf 86' lang='lat' dir='ltr'><strong>retudisse</strong></span> <span class='ocrx_word' id='word_1_302' title='bbox 912 4276 1036 4315; x_wconf 93' lang='lat' dir='ltr'><strong>cum</strong></span> <span class='ocrx_word' id='word_1_303' title='bbox 1078 4261 1245 4327; x_wconf 86' lang='lat' dir='ltr'><strong>dicat,</strong></span> <span class='ocrx_word' id='word_1_304' title='bbox 1272 4263 1408 4319; x_wconf 90' lang='lat' dir='ltr'><strong>duas</strong></span> <span class='ocrx_word' id='word_1_305' title='bbox 1444 4264 1636 4333; x_wconf 91' lang='lat' dir='ltr'><strong>procul</strong></span> <span class='ocrx_word' id='word_1_306' title='bbox 1669 4263 1837 4319; x_wconf 90' lang='lat' dir='ltr'><strong>dubio</strong></span> <span class='ocrx_word' id='word_1_307' title='bbox 1865 4280 2057 4336; x_wconf 83' lang='lat' dir='ltr'><strong>sugge-</strong></span> 
     </span>
    </p>
   </div>
   <div class='ocr_carea' id='block_1_47' title="bbox 487 4349 2061 4422">
    <p class='ocr_par' dir='ltr' id='par_1_47' title="bbox 487 4349 2061 4422">
     <span class='ocr_line' id='line_1_47' title="bbox 487 4349 2061 4422; baseline 0.005 -19"><span class='ocrx_word' id='word_1_308' title='bbox 487 4349 563 4403; x_wconf 90' lang='lat' dir='ltr'><strong>rit</strong></span> <span class='ocrx_word' id='word_1_309' title='bbox 610 4350 885 4418; x_wconf 88' lang='lat' dir='ltr'><strong>rationes,</strong></span> <span class='ocrx_word' id='word_1_310' title='bbox 918 4352 1119 4422; x_wconf 90' lang='lat' dir='ltr'><strong>quibus</strong></span> <span class='ocrx_word' id='word_1_311' title='bbox 1174 4354 1485 4409; x_wconf 90' lang='lat' dir='ltr'><strong>testimonia</strong></span> <span class='ocrx_word' id='word_1_312' title='bbox 1526 4369 1714 4410; x_wconf 88' lang='lat' dir='ltr'><strong>eorum</strong></span> <span class='ocrx_word' id='word_1_313' title='bbox 1766 4356 1869 4411; x_wconf 89' lang='lat' dir='ltr'><strong>sibi</strong></span> <span class='ocrx_word' id='word_1_314' title='bbox 1914 4355 2061 4411; x_wconf 69' lang='lat' dir='ltr'><strong>sulti-</strong></span> 
     </span>
    </p>
   </div>
   <div class='ocr_carea' id='block_1_48' title="bbox 488 4545 609 4590">
    <p class='ocr_par' dir='ltr' id='par_1_48' title="bbox 488 4545 609 4590">
     <span class='ocr_line' id='line_1_48' title="bbox 488 4545 609 4590; baseline 0.025 -3"><span class='ocrx_word' id='word_1_315' title='bbox 488 4545 609 4590; x_wconf 75' lang='lat' dir='ltr'><strong>Ilal.</strong></span> 
     </span>
    </p>
   </div>
   <div class='ocr_carea' id='block_1_49' title="bbox 559 4625 2056 4698">
    <p class='ocr_par' dir='ltr' id='par_1_49' title="bbox 559 4625 2056 4698">
     <span class='ocr_line' id='line_1_49' title="bbox 559 4625 2056 4698; baseline 0.005 -20"><span class='ocrx_word' id='word_1_316' title='bbox 559 4625 743 4681; x_wconf 89' lang='lat' dir='ltr'><strong>Tertia</strong></span> <span class='ocrx_word' id='word_1_317' title='bbox 764 4627 948 4682; x_wconf 79' lang='lat' dir='ltr'><strong>Dallaei</strong></span> <span class='ocrx_word' id='word_1_318' title='bbox 979 4628 1119 4684; x_wconf 89' lang='lat' dir='ltr'><strong>ratio</strong></span> <span class='ocrx_word' id='word_1_319' title='bbox 1150 4629 1344 4698; x_wconf 88' lang='lat' dir='ltr'><strong>positis</strong></span> <span class='ocrx_word' id='word_1_320' title='bbox 1380 4630 1648 4686; x_wconf 79' lang='lat' dir='ltr'><strong>duntaxat</strong></span> <span class='ocrx_word' id='word_1_321' title='bbox 1670 4643 1793 4687; x_wconf 88' lang='lat' dir='ltr'><strong>ante</strong></span> <span class='ocrx_word' id='word_1_322' title='bbox 1810 4632 2056 4687; x_wconf 91' lang='lat' dir='ltr'><strong>omnium</strong></span> 
     </span>
    </p>
   </div>
   <div class='ocr_carea' id='block_1_50' title="bbox 487 4719 2058 4795">
    <p class='ocr_par' dir='ltr' id='par_1_50' title="bbox 487 4719 2058 4795">
     <span class='ocr_line' id='line_1_50' title="bbox 487 4719 2058 4795; baseline 0.006 -23"><span class='ocrx_word' id='word_1_323' title='bbox 487 4719 678 4773; x_wconf 90' lang='lat' dir='ltr'><strong>oculos</strong></span> <span class='ocrx_word' id='word_1_324' title='bbox 713 4719 1031 4775; x_wconf 89' lang='lat' dir='ltr'><strong>Tertulliani</strong></span> <span class='ocrx_word' id='word_1_325' title='bbox 1069 4722 1252 4778; x_wconf 85' lang='lat' dir='ltr'><strong>verbis</strong></span> <span class='ocrx_word' id='word_1_326' title='bbox 1292 4723 1436 4779; x_wconf 89' lang='lat' dir='ltr'><strong>illico</strong></span> <span class='ocrx_word' id='word_1_327' title='bbox 1460 4725 1783 4795; x_wconf 85' lang='lat' dir='ltr'><strong>exploditur.</strong></span> <span class='ocrx_word' id='word_1_328' title='bbox 1812 4724 1886 4781; x_wconf 91' lang='lat' dir='ltr'><strong>lta</strong></span> <span class='ocrx_word' id='word_1_329' title='bbox 1914 4727 2058 4781; x_wconf 92' lang='lat' dir='ltr'><strong>enim</strong></span> 
     </span>
    </p>
   </div>
   <div class='ocr_carea' id='block_1_51' title="bbox 490 4809 2059 4882">
    <p class='ocr_par' dir='ltr' id='par_1_51' title="bbox 490 4809 2059 4882">
     <span class='ocr_line' id='line_1_51' title="bbox 490 4809 2059 4882; baseline 0.007 -19"><span class='ocrx_word' id='word_1_330' title='bbox 490 4809 579 4864; x_wconf 85' lang='lat' dir='ltr'><strong>ille</strong></span> <span class='ocrx_word' id='word_1_331' title='bbox 608 4826 623 4864; x_wconf 87' lang='lat'><strong>:</strong></span> <span class='ocrx_word' id='word_1_332' title='bbox 652 4828 670 4861; x_wconf 71' lang='grc' dir='ltr'>ι</span> <span class='ocrx_word' id='word_1_333' title='bbox 694 4809 934 4878; x_wconf 85' lang='lat' dir='ltr'><strong>Desinat,</strong></span> <span class='ocrx_word' id='word_1_334' title='bbox 958 4812 1211 4882; x_wconf 76' lang='lat' dir='ltr'><strong>inquit&quot;,</strong></span> <span class='ocrx_word' id='word_1_335' title='bbox 1243 4831 1390 4870; x_wconf 89' lang='lat' dir='ltr'><strong>nunc</strong></span> <span class='ocrx_word' id='word_1_336' title='bbox 1420 4816 1794 4871; x_wconf 59' lang='lat' dir='ltr'><strong>haereticus...</strong></span> <span class='ocrx_word' id='word_1_337' title='bbox 1825 4833 1853 4871; x_wconf 92' lang='lat' dir='ltr'><strong>a</strong></span> <span class='ocrx_word' id='word_1_338' title='bbox 1872 4816 2059 4875; x_wconf 64' lang='lat' dir='ltr'><strong>Judato</strong></span> 
     </span>
    </p>
   </div>
   <div class='ocr_carea' id='block_1_52' title="bbox 490 4901 2051 4978">
    <p class='ocr_par' dir='ltr' id='par_1_52' title="bbox 490 4901 2051 4978">
     <span class='ocr_line' id='line_1_52' title="bbox 490 4901 2051 4978; baseline 0.005 -23"><span class='ocrx_word' id='word_1_339' title='bbox 490 4901 728 4956; x_wconf 90' lang='lat' dir='ltr'><strong>mutuari</strong></span> <span class='ocrx_word' id='word_1_340' title='bbox 759 4902 1082 4972; x_wconf 89' lang='lat' dir='ltr'><strong>phantasma</strong></span> <span class='ocrx_word' id='word_1_341' title='bbox 1105 4904 1389 4961; x_wconf 84' lang='lat' dir='ltr'><strong>vindicans</strong></span> <span class='ocrx_word' id='word_1_342' title='bbox 1417 4906 1729 4974; x_wconf 83' lang='lat' dir='ltr'><strong>Christum;</strong></span> <span class='ocrx_word' id='word_1_343' title='bbox 1774 4908 1880 4964; x_wconf 91' lang='lat' dir='ltr'><strong>nisi</strong></span> <span class='ocrx_word' id='word_1_344' title='bbox 1906 4909 2051 4978; x_wconf 89' lang='lat' dir='ltr'><strong>quod</strong></span> 
     </span>
    </p>
   </div>
   <div class='ocr_carea' id='block_1_53' title="bbox 487 4993 2056 5070">
    <p class='ocr_par' dir='ltr' id='par_1_53' title="bbox 487 4993 2056 5070">
     <span class='ocr_line' id='line_1_53' title="bbox 487 4993 2056 5070; baseline 0.003 -21"><span class='ocrx_word' id='word_1_345' title='bbox 487 5004 543 5049; x_wconf 90' lang='lat' dir='ltr'><strong>ct</strong></span> <span class='ocrx_word' id='word_1_346' title='bbox 567 4994 669 5048; x_wconf 90' lang='lat' dir='ltr'><strong>ista</strong></span> <span class='ocrx_word' id='word_1_347' title='bbox 694 4993 965 5049; x_wconf 91' lang='lat' dir='ltr'><strong>sententia</strong></span> <span class='ocrx_word' id='word_1_348' title='bbox 986 4997 1123 5051; x_wconf 89' lang='lat' dir='ltr'><strong>alios</strong></span> <span class='ocrx_word' id='word_1_349' title='bbox 1144 4998 1366 5053; x_wconf 89' lang='lat' dir='ltr'><strong>habebit</strong></span> <span class='ocrx_word' id='word_1_350' title='bbox 1384 5008 1636 5055; x_wconf 90' lang='lat' dir='ltr'><strong>auctores</strong></span> <span class='ocrx_word' id='word_1_351' title='bbox 1661 5015 1980 5070; x_wconf 73' lang='lat' dir='ltr'><strong>praecoquos</strong></span> <span class='ocrx_word' id='word_1_352' title='bbox 2002 5009 2056 5055; x_wconf 86' lang='lat' dir='ltr'><strong>et</strong></span> 
     </span>
    </p>
   </div>
   <div class='ocr_carea' id='block_1_54' title="bbox 488 5088 2056 5161">
    <p class='ocr_par' dir='ltr' id='par_1_54' title="bbox 488 5088 2056 5161">
     <span class='ocr_line' id='line_1_54' title="bbox 488 5088 2056 5161; baseline 0.004 -19"><span class='ocrx_word' id='word_1_353' title='bbox 488 5088 768 5143; x_wconf 85' lang='lat' dir='ltr'><strong>abortivos</strong></span> <span class='ocrx_word' id='word_1_354' title='bbox 792 5088 1196 5157; x_wconf 88' lang='lat' dir='ltr'><strong>quodammodo</strong></span> <span class='ocrx_word' id='word_1_355' title='bbox 1218 5090 1585 5155; x_wconf 87' lang='lat' dir='ltr'><strong>Marcionitas,</strong></span> <span class='ocrx_word' id='word_1_356' title='bbox 1613 5108 1753 5161; x_wconf 88' lang='lat' dir='ltr'><strong>quos</strong></span> <span class='ocrx_word' id='word_1_357' title='bbox 1776 5096 2056 5161; x_wconf 88' lang='lat' dir='ltr'><strong>apostolus</strong></span> 
     </span>
    </p>
   </div>
   <div class='ocr_carea' id='block_1_55' title="bbox 487 5178 2054 5250">
    <p class='ocr_par' dir='ltr' id='par_1_55' title="bbox 487 5178 2054 5250">
     <span class='ocr_line' id='line_1_55' title="bbox 487 5178 2054 5250; baseline 0.004 -17"><span class='ocrx_word' id='word_1_358' title='bbox 487 5178 728 5233; x_wconf 74' lang='lat' dir='ltr'><strong>Joannes</strong></span> <span class='ocrx_word' id='word_1_359' title='bbox 760 5179 1126 5235; x_wconf 87' lang='lat' dir='ltr'><strong>Antichristos</strong></span> <span class='ocrx_word' id='word_1_360' title='bbox 1171 5181 1560 5250; x_wconf 88' lang='lat' dir='ltr'><strong>pronuntiavit.</strong></span> <span class='ocrx_word' id='word_1_361' title='bbox 1595 5203 1613 5235; x_wconf 74' lang='grc' dir='ltr'><strong>ι</strong></span> <span class='ocrx_word' id='word_1_362' title='bbox 1643 5183 1777 5249; x_wconf 84' lang='lat' dir='ltr'><strong>Quis</strong></span> <span class='ocrx_word' id='word_1_363' title='bbox 1817 5186 1960 5240; x_wconf 91' lang='lat' dir='ltr'><strong>enim</strong></span> <span class='ocrx_word' id='word_1_364' title='bbox 1988 5201 2054 5240; x_wconf 84' lang='lat' dir='ltr'><strong>ex</strong></span> 
     </span>
    </p>
   </div>
   <div class='ocr_carea' id='block_1_56' title="bbox 491 5270 2054 5342">
    <p class='ocr_par' dir='ltr' id='par_1_56' title="bbox 491 5270 2054 5342">
     <span class='ocr_line' id='line_1_56' title="bbox 491 5270 2054 5342; baseline 0.004 -17"><span class='ocrx_word' id='word_1_365' title='bbox 491 5272 577 5327; x_wconf 91' lang='lat' dir='ltr'><strong>bis</strong></span> <span class='ocrx_word' id='word_1_366' title='bbox 600 5270 758 5328; x_wconf 87' lang='lat' dir='ltr'><strong>facile</strong></span> <span class='ocrx_word' id='word_1_367' title='bbox 787 5288 895 5328; x_wconf 92' lang='lat' dir='ltr'><strong>non</strong></span> <span class='ocrx_word' id='word_1_368' title='bbox 925 5272 1192 5342; x_wconf 84' lang='lat' dir='ltr'><strong>intelligat</strong></span> <span class='ocrx_word' id='word_1_369' title='bbox 1238 5274 1383 5329; x_wconf 91' lang='lat' dir='ltr'><strong>aliud</strong></span> <span class='ocrx_word' id='word_1_370' title='bbox 1412 5273 1733 5329; x_wconf 87' lang='lat' dir='ltr'><strong>Tertulliani</strong></span> <span class='ocrx_word' id='word_1_371' title='bbox 1768 5278 2054 5332; x_wconf 88' lang='lat' dir='ltr'><strong>consilium</strong></span> 
     </span>
    </p>
   </div>
   <div class='ocr_carea' id='block_1_57' title="bbox 488 5364 2057 5438">
    <p class='ocr_par' dir='ltr' id='par_1_57' title="bbox 488 5364 2057 5438">
     <span class='ocr_line' id='line_1_57' title="bbox 488 5364 2057 5438; baseline 0.004 -20"><span class='ocrx_word' id='word_1_372' title='bbox 488 5380 598 5419; x_wconf 83' lang='lat' dir='ltr'><strong>non</strong></span> <span class='ocrx_word' id='word_1_373' title='bbox 628 5364 815 5432; x_wconf 87' lang='lat' dir='ltr'><strong>fuisse,</strong></span> <span class='ocrx_word' id='word_1_374' title='bbox 849 5381 1013 5437; x_wconf 91' lang='lat' dir='ltr'><strong>quam</strong></span> <span class='ocrx_word' id='word_1_375' title='bbox 1063 5376 1182 5420; x_wconf 89' lang='lat' dir='ltr'><strong>uta</strong></span> <span class='ocrx_word' id='word_1_376' title='bbox 1213 5365 1435 5421; x_wconf 79' lang='lat' dir='ltr'><strong>Joannis</strong></span> <span class='ocrx_word' id='word_1_377' title='bbox 1478 5376 1719 5438; x_wconf 90' lang='lat' dir='ltr'><strong>tempore</strong></span> <span class='ocrx_word' id='word_1_378' title='bbox 1774 5370 2057 5426; x_wconf 64' lang='lat' dir='ltr'><strong>haereticos</strong></span> 
     </span>
    </p>
   </div>
   <div class='ocr_carea' id='block_1_58' title="bbox 491 5455 2055 5532">
    <p class='ocr_par' dir='ltr' id='par_1_58' title="bbox 491 5455 2055 5532">
     <span class='ocr_line' id='line_1_58' title="bbox 491 5455 2055 5532; baseline 0.006 -23"><span class='ocrx_word' id='word_1_379' title='bbox 491 5455 931 5513; x_wconf 74' lang='lat' dir='ltr'><strong>Marcionitarum</strong></span> <span class='ocrx_word' id='word_1_380' title='bbox 952 5475 1314 5529; x_wconf 70' lang='lat' dir='ltr'><strong>praecursores</strong></span> <span class='ocrx_word' id='word_1_381' title='bbox 1332 5461 1626 5529; x_wconf 80' lang='lat' dir='ltr'><strong>exstitisse,</strong></span> <span class='ocrx_word' id='word_1_382' title='bbox 1649 5470 1810 5532; x_wconf 86' lang='lat' dir='ltr'><strong>atque</strong></span> <span class='ocrx_word' id='word_1_383' title='bbox 1836 5462 1957 5519; x_wconf 90' lang='lat' dir='ltr'><strong>illos</strong></span> <span class='ocrx_word' id='word_1_384' title='bbox 1987 5464 2055 5518; x_wconf 85' lang='lat' dir='ltr'><strong>ab</strong></span> 
     </span>
    </p>
   </div>
   <div class='ocr_carea' id='block_1_59' title="bbox 423 5688 1148 5755">
    <p class='ocr_par' dir='ltr' id='par_1_59' title="bbox 423 5688 1148 5755">
     <span class='ocr_line' id='line_1_59' title="bbox 423 5688 1148 5755; baseline 0.006 -12"><span class='ocrx_word' id='word_1_385' title='bbox 423 5695 488 5755; x_wconf 54' lang='grc' dir='ltr'><em>β</em></span> <span class='ocrx_word' id='word_1_386' title='bbox 564 5688 610 5721; x_wconf 83' lang='grc'><strong><em>⁸⁸</em></strong></span> <span class='ocrx_word' id='word_1_387' title='bbox 641 5688 751 5745; x_wconf 92' lang='lat' dir='ltr'><strong>loc.</strong></span> <span class='ocrx_word' id='word_1_388' title='bbox 783 5691 879 5746; x_wconf 88' lang='lat' dir='ltr'><strong>cit.</strong></span> <span class='ocrx_word' id='word_1_389' title='bbox 952 5694 1148 5749; x_wconf 64' lang='lat' dir='ltr'><strong>“Ibid.</strong></span> 
     </span>
    </p>
   </div>
   <div class='ocr_carea' id='block_1_60' title="bbox 2165 470 3724 544">
    <p class='ocr_par' dir='ltr' id='par_1_60' title="bbox 2165 470 3724 544">
     <span class='ocr_line' id='line_1_60' title="bbox 2165 470 3724 544; baseline 0 -17"><span class='ocrx_word' id='word_1_390' title='bbox 2165 470 2297 543; x_wconf 91' lang='lat' dir='ltr'><strong>quid</strong></span> <span class='ocrx_word' id='word_1_391' title='bbox 2352 470 2519 543; x_wconf 84' lang='lat' dir='ltr'><strong>igitur</strong></span> <span class='ocrx_word' id='word_1_392' title='bbox 2562 474 2631 528; x_wconf 87' lang='lat' dir='ltr'><strong>ad</strong></span> <span class='ocrx_word' id='word_1_393' title='bbox 2674 473 2728 527; x_wconf 93' lang='lat' dir='ltr'><strong>id</strong></span> <span class='ocrx_word' id='word_1_394' title='bbox 2784 474 3123 544; x_wconf 85' lang='lat' dir='ltr'><strong>probandum</strong></span> <span class='ocrx_word' id='word_1_395' title='bbox 3168 472 3396 528; x_wconf 84' lang='lat' dir='ltr'><strong>Joannis</strong></span> <span class='ocrx_word' id='word_1_396' title='bbox 3441 473 3724 527; x_wconf 74' lang='lat' dir='ltr'><strong>auctoritas</strong></span> 
     </span>
    </p>
   </div>
   <div class='ocr_carea' id='block_1_61' title="bbox 2165 565 3723 638">
    <p class='ocr_par' dir='ltr' id='par_1_61' title="bbox 2165 565 3723 638">
     <span class='ocr_line' id='line_1_61' title="bbox 2165 565 3723 638; baseline -0.001 -18"><span class='ocrx_word' id='word_1_397' title='bbox 2165 565 2500 624; x_wconf 86' lang='lat' dir='ltr'><strong>Tertulliano</strong></span> <span class='ocrx_word' id='word_1_398' title='bbox 2525 568 2659 624; x_wconf 90' lang='lat' dir='ltr'><strong>satis</strong></span> <span class='ocrx_word' id='word_1_399' title='bbox 2677 584 2786 623; x_wconf 89' lang='lat' dir='ltr'><strong>non</strong></span> <span class='ocrx_word' id='word_1_400' title='bbox 2810 575 2947 634; x_wconf 90' lang='lat' dir='ltr'><strong>erat,</strong></span> <span class='ocrx_word' id='word_1_401' title='bbox 2978 567 3085 623; x_wconf 90' lang='lat' dir='ltr'><strong>nisi</strong></span> <span class='ocrx_word' id='word_1_402' title='bbox 3119 576 3173 623; x_wconf 88' lang='lat' dir='ltr'><strong>et</strong></span> <span class='ocrx_word' id='word_1_403' title='bbox 3193 566 3435 638; x_wconf 85' lang='lat' dir='ltr'><strong>lgnatius</strong></span> <span class='ocrx_word' id='word_1_404' title='bbox 3464 567 3521 621; x_wconf 87' lang='lat' dir='ltr'><strong>ei</strong></span> <span class='ocrx_word' id='word_1_405' title='bbox 3556 568 3723 636; x_wconf 79' lang='lat' dir='ltr'><strong>adjun-</strong></span> 
     </span>
    </p>
   </div>
   <div class='ocr_carea' id='block_1_62' title="bbox 2169 658 2424 727">
    <p class='ocr_par' dir='ltr' id='par_1_62' title="bbox 2169 658 2424 727">
     <span class='ocr_line' id='line_1_62' title="bbox 2169 658 2424 727; baseline -0.012 -15"><span class='ocrx_word' id='word_1_406' title='bbox 2169 658 2424 727; x_wconf 82' lang='lat' dir='ltr'><strong>geretur?</strong></span> 
     </span>
    </p>
   </div>
   <div class='ocr_carea' id='block_1_63' title="bbox 2234 748 3721 820">
    <p class='ocr_par' dir='ltr' id='par_1_63' title="bbox 2234 748 3721 820">
     <span class='ocr_line' id='line_1_63' title="bbox 2234 748 3721 820; baseline 0.002 -19"><span class='ocrx_word' id='word_1_407' title='bbox 2234 748 2303 802; x_wconf 88' lang='lat' dir='ltr'><strong>At</strong></span> <span class='ocrx_word' id='word_1_408' title='bbox 2330 763 2478 815; x_wconf 88' lang='lat' dir='ltr'><strong>vero,</strong></span> <span class='ocrx_word' id='word_1_409' title='bbox 2508 748 2685 820; x_wconf 88' lang='lat' dir='ltr'><strong>inquit</strong></span> <span class='ocrx_word' id='word_1_410' title='bbox 2705 749 2960 811; x_wconf 65' lang='lat' dir='ltr'><strong>Dallaeus.</strong></span> <span class='ocrx_word' id='word_1_411' title='bbox 2988 762 3089 804; x_wconf 91' lang='lat' dir='ltr'><strong>nec</strong></span> <span class='ocrx_word' id='word_1_412' title='bbox 3118 748 3172 803; x_wconf 91' lang='lat' dir='ltr'><strong>in</strong></span> <span class='ocrx_word' id='word_1_413' title='bbox 3196 748 3415 818; x_wconf 89' lang='lat' dir='ltr'><strong>reliquo</strong></span> <span class='ocrx_word' id='word_1_414' title='bbox 3447 750 3553 803; x_wconf 88' lang='lat' dir='ltr'><strong>illo</strong></span> <span class='ocrx_word' id='word_1_415' title='bbox 3585 765 3721 817; x_wconf 74' lang='lat' dir='ltr'><strong>opere</strong></span> 
     </span>
    </p>
   </div>
   <div class='ocr_carea' id='block_1_64' title="bbox 2165 836 3720 911">
    <p class='ocr_par' dir='ltr' id='par_1_64' title="bbox 2165 836 3720 911">
     <span class='ocr_line' id='line_1_64' title="bbox 2165 836 3720 911; baseline 0.001 -19"><span class='ocrx_word' id='word_1_416' title='bbox 2165 836 2535 896; x_wconf 87' lang='lat' dir='ltr'><strong>Tertullianus</strong></span> <span class='ocrx_word' id='word_1_417' title='bbox 2565 841 2735 896; x_wconf 90' lang='lat' dir='ltr'><strong>ullam</strong></span> <span class='ocrx_word' id='word_1_418' title='bbox 2784 840 2975 911; x_wconf 85' lang='lat' dir='ltr'><strong>lgnatii</strong></span> <span class='ocrx_word' id='word_1_419' title='bbox 3020 838 3150 894; x_wconf 89' lang='lat' dir='ltr'><strong>facit</strong></span> <span class='ocrx_word' id='word_1_420' title='bbox 3187 840 3552 894; x_wconf 88' lang='lat' dir='ltr'><strong>mentionem.</strong></span> <span class='ocrx_word' id='word_1_421' title='bbox 3606 838 3720 905; x_wconf 75' lang='lat' dir='ltr'><strong>Quid</strong></span> 
     </span>
    </p>
   </div>
   <div class='ocr_carea' id='block_1_65' title="bbox 2165 930 3720 1002">
    <p class='ocr_par' dir='ltr' id='par_1_65' title="bbox 2165 930 3720 1002">
     <span class='ocr_line' id='line_1_65' title="bbox 2165 930 3720 1002; baseline 0.001 -18"><span class='ocrx_word' id='word_1_422' title='bbox 2165 930 2578 986; x_wconf 71' lang='lat' dir='ltr'><strong>indeiNullum</strong></span> <span class='ocrx_word' id='word_1_423' title='bbox 2623 932 2787 987; x_wconf 88' lang='lat' dir='ltr'><strong>etiam</strong></span> <span class='ocrx_word' id='word_1_424' title='bbox 2837 932 3001 985; x_wconf 91' lang='lat' dir='ltr'><strong>alium</strong></span> <span class='ocrx_word' id='word_1_425' title='bbox 3046 933 3311 997; x_wconf 89' lang='lat' dir='ltr'><strong>nominat,</strong></span> <span class='ocrx_word' id='word_1_426' title='bbox 3338 948 3528 1002; x_wconf 85' lang='lat' dir='ltr'><strong>neque</strong></span> <span class='ocrx_word' id='word_1_427' title='bbox 3568 942 3720 986; x_wconf 78' lang='lat' dir='ltr'><strong>tamen</strong></span> 
     </span>
    </p>
   </div>
   <div class='ocr_carea' id='block_1_66' title="bbox 2166 1021 3718 1095">
    <p class='ocr_par' dir='ltr' id='par_1_66' title="bbox 2166 1021 3718 1095">
     <span class='ocr_line' id='line_1_66' title="bbox 2166 1021 3718 1095; baseline 0 -18"><span class='ocrx_word' id='word_1_428' title='bbox 2166 1021 2370 1077; x_wconf 91' lang='lat' dir='ltr'><strong>idcirco</strong></span> <span class='ocrx_word' id='word_1_429' title='bbox 2388 1022 2783 1078; x_wconf 89' lang='lat' dir='ltr'><strong>Tertullianum</strong></span> <span class='ocrx_word' id='word_1_430' title='bbox 2822 1038 2987 1093; x_wconf 84' lang='lat' dir='ltr'><strong>opera</strong></span> <span class='ocrx_word' id='word_1_431' title='bbox 3023 1024 3275 1089; x_wconf 91' lang='lat' dir='ltr'><strong>aliorum,</strong></span> <span class='ocrx_word' id='word_1_432' title='bbox 3295 1026 3391 1095; x_wconf 91' lang='lat' dir='ltr'><strong>qui</strong></span> <span class='ocrx_word' id='word_1_433' title='bbox 3416 1025 3571 1078; x_wconf 90' lang='lat' dir='ltr'><strong>hunc</strong></span> <span class='ocrx_word' id='word_1_434' title='bbox 3596 1042 3718 1078; x_wconf 52' lang='lat' dir='ltr'><strong>em).</strong></span> 
     </span>
    </p>
   </div>
   <div class='ocr_carea' id='block_1_67' title="bbox 2167 1109 3721 1181">
    <p class='ocr_par' dir='ltr' id='par_1_67' title="bbox 2167 1109 3721 1181">
     <span class='ocr_line' id='line_1_67' title="bbox 2167 1109 3721 1181; baseline 0.001 -15"><span class='ocrx_word' id='word_1_435' title='bbox 2167 1128 2280 1167; x_wconf 90' lang='lat' dir='ltr'><strong>rem</strong></span> <span class='ocrx_word' id='word_1_436' title='bbox 2310 1112 2755 1181; x_wconf 87' lang='lat' dir='ltr'><strong>antiquissimum</strong></span> <span class='ocrx_word' id='word_1_437' title='bbox 2805 1109 3185 1177; x_wconf 88' lang='lat' dir='ltr'><strong>confutarunt,</strong></span> <span class='ocrx_word' id='word_1_438' title='bbox 3215 1111 3544 1181; x_wconf 82' lang='lat' dir='ltr'><strong>ignorasse,</strong></span> <span class='ocrx_word' id='word_1_439' title='bbox 3589 1124 3721 1181; x_wconf 77' lang='lat' dir='ltr'><strong>atque</strong></span> 
     </span>
    </p>
   </div>
   <div class='ocr_carea' id='block_1_68' title="bbox 2166 1200 3436 1271">
    <p class='ocr_par' dir='ltr' id='par_1_68' title="bbox 2166 1200 3436 1271">
     <span class='ocr_line' id='line_1_68' title="bbox 2166 1200 3436 1271; baseline 0.002 -16"><span class='ocrx_word' id='word_1_440' title='bbox 2166 1202 2301 1257; x_wconf 87' lang='lat' dir='ltr'><strong>adeo</strong></span> <span class='ocrx_word' id='word_1_441' title='bbox 2332 1202 2477 1255; x_wconf 91' lang='lat' dir='ltr'><strong>nulla</strong></span> <span class='ocrx_word' id='word_1_442' title='bbox 2513 1217 2753 1271; x_wconf 91' lang='lat' dir='ltr'><strong>unquam</strong></span> <span class='ocrx_word' id='word_1_443' title='bbox 2784 1200 2957 1256; x_wconf 86' lang='lat' dir='ltr'><strong>fuisse</strong></span> <span class='ocrx_word' id='word_1_444' title='bbox 2985 1202 3309 1257; x_wconf 90' lang='lat' dir='ltr'><strong>credendum</strong></span> <span class='ocrx_word' id='word_1_445' title='bbox 3328 1213 3436 1258; x_wconf 88' lang='lat' dir='ltr'><strong>est.</strong></span> 
     </span>
    </p>
   </div>
   <div class='ocr_carea' id='block_1_69' title="bbox 2238 1290 3716 1364">
    <p class='ocr_par' dir='ltr' id='par_1_69' title="bbox 2238 1290 3716 1364">
     <span class='ocr_line' id='line_1_69' title="bbox 2238 1290 3716 1364; baseline -0.003 -15"><span class='ocrx_word' id='word_1_446' title='bbox 2238 1290 2439 1349; x_wconf 90' lang='lat' dir='ltr'><strong>Ultima</strong></span> <span class='ocrx_word' id='word_1_447' title='bbox 2482 1292 2664 1348; x_wconf 84' lang='lat' dir='ltr'><strong>Dallaei</strong></span> <span class='ocrx_word' id='word_1_448' title='bbox 2707 1292 2847 1347; x_wconf 90' lang='lat' dir='ltr'><strong>ratio</strong></span> <span class='ocrx_word' id='word_1_449' title='bbox 2890 1307 2999 1347; x_wconf 92' lang='lat' dir='ltr'><strong>non</strong></span> <span class='ocrx_word' id='word_1_450' title='bbox 3038 1292 3264 1363; x_wconf 88' lang='lat' dir='ltr'><strong>majoris</strong></span> <span class='ocrx_word' id='word_1_451' title='bbox 3321 1303 3410 1349; x_wconf 87' lang='lat' dir='ltr'><strong>est</strong></span> <span class='ocrx_word' id='word_1_452' title='bbox 3460 1294 3716 1364; x_wconf 77' lang='lat' dir='ltr'><strong>ponderis.</strong></span> 
     </span>
    </p>
   </div>
   <div class='ocr_carea' id='block_1_70' title="bbox 2167 1383 3721 1453">
    <p class='ocr_par' dir='ltr' id='par_1_70' title="bbox 2167 1383 3721 1453">
     <span class='ocr_line' id='line_1_70' title="bbox 2167 1383 3721 1453; baseline 0.001 -16"><span class='ocrx_word' id='word_1_453' title='bbox 2167 1383 2538 1439; x_wconf 88' lang='lat' dir='ltr'><strong>Tertullianus</strong></span> <span class='ocrx_word' id='word_1_454' title='bbox 2568 1384 2733 1451; x_wconf 90' lang='lat' dir='ltr'><strong>enim,</strong></span> <span class='ocrx_word' id='word_1_455' title='bbox 2767 1399 2889 1438; x_wconf 92' lang='lat' dir='ltr'><strong>cum</strong></span> <span class='ocrx_word' id='word_1_456' title='bbox 2919 1398 2983 1437; x_wconf 91' lang='lat' dir='ltr'><strong>ea</strong></span> <span class='ocrx_word' id='word_1_457' title='bbox 3012 1399 3132 1453; x_wconf 66' lang='lat' dir='ltr'><strong>quae</strong></span> <span class='ocrx_word' id='word_1_458' title='bbox 3166 1385 3515 1453; x_wconf 88' lang='lat' dir='ltr'><strong>objiciuntur</strong></span> <span class='ocrx_word' id='word_1_459' title='bbox 3545 1388 3721 1441; x_wconf 73' lang='lat' dir='ltr'><strong>scribe-</strong></span> 
     </span>
    </p>
   </div>
   <div class='ocr_carea' id='block_1_71' title="bbox 2167 1475 3719 1547">
    <p class='ocr_par' dir='ltr' id='par_1_71' title="bbox 2167 1475 3719 1547">
     <span class='ocr_line' id='line_1_71' title="bbox 2167 1475 3719 1547; baseline 0 -18"><span class='ocrx_word' id='word_1_460' title='bbox 2167 1485 2288 1542; x_wconf 91' lang='lat' dir='ltr'><strong>ret,</strong></span> <span class='ocrx_word' id='word_1_461' title='bbox 2324 1475 2608 1530; x_wconf 60' lang='lat' dir='ltr'><strong>hazreticns</strong></span> <span class='ocrx_word' id='word_1_462' title='bbox 2663 1483 2800 1542; x_wconf 89' lang='lat' dir='ltr'><strong>erat,</strong></span> <span class='ocrx_word' id='word_1_463' title='bbox 2831 1489 2897 1529; x_wconf 93' lang='lat' dir='ltr'><strong>ac</strong></span> <span class='ocrx_word' id='word_1_464' title='bbox 2949 1475 3202 1545; x_wconf 87' lang='lat' dir='ltr'><strong>proinde,</strong></span> <span class='ocrx_word' id='word_1_465' title='bbox 3233 1478 3312 1531; x_wconf 94' lang='lat' dir='ltr'><strong>uti</strong></span> <span class='ocrx_word' id='word_1_466' title='bbox 3365 1478 3486 1547; x_wconf 90' lang='lat' dir='ltr'><strong>jam</strong></span> <span class='ocrx_word' id='word_1_467' title='bbox 3541 1481 3719 1532; x_wconf 84' lang='lat' dir='ltr'><strong>monui-</strong></span> 
     </span>
    </p>
   </div>
   <div class='ocr_carea' id='block_1_72' title="bbox 2168 1566 3720 1636">
    <p class='ocr_par' dir='ltr' id='par_1_72' title="bbox 2168 1566 3720 1636">
     <span class='ocr_line' id='line_1_72' title="bbox 2168 1566 3720 1636; baseline 0.001 -16"><span class='ocrx_word' id='word_1_468' title='bbox 2168 1583 2313 1634; x_wconf 91' lang='lat' dir='ltr'><strong>mus,</strong></span> <span class='ocrx_word' id='word_1_469' title='bbox 2341 1566 2662 1621; x_wconf 86' lang='lat' dir='ltr'><strong>catholicam</strong></span> <span class='ocrx_word' id='word_1_470' title='bbox 2689 1566 2879 1636; x_wconf 84' lang='lat' dir='ltr'><strong>Iguatii</strong></span> <span class='ocrx_word' id='word_1_471' title='bbox 2910 1567 3213 1623; x_wconf 87' lang='lat' dir='ltr'><strong>doctrinam</strong></span> <span class='ocrx_word' id='word_1_472' title='bbox 3246 1568 3352 1623; x_wconf 89' lang='lat' dir='ltr'><strong>sibi</strong></span> <span class='ocrx_word' id='word_1_473' title='bbox 3398 1570 3636 1623; x_wconf 86' lang='lat' dir='ltr'><strong>omnino</strong></span> <span class='ocrx_word' id='word_1_474' title='bbox 3658 1572 3720 1622; x_wconf 80' lang='lat' dir='ltr'><strong>ad-</strong></span> 
     </span>
    </p>
   </div>
   <div class='ocr_carea' id='block_1_73' title="bbox 2167 1658 3717 1731">
    <p class='ocr_par' dir='ltr' id='par_1_73' title="bbox 2167 1658 3717 1731">
     <span class='ocr_line' id='line_1_73' title="bbox 2167 1658 3717 1731; baseline -0.001 -16"><span class='ocrx_word' id='word_1_475' title='bbox 2167 1674 2383 1715; x_wconf 86' lang='lat' dir='ltr'><strong>versam</strong></span> <span class='ocrx_word' id='word_1_476' title='bbox 2418 1659 2473 1712; x_wconf 91' lang='lat' dir='ltr'><strong>in</strong></span> <span class='ocrx_word' id='word_1_477' title='bbox 2505 1659 2743 1713; x_wconf 88' lang='lat' dir='ltr'><strong>medium</strong></span> <span class='ocrx_word' id='word_1_478' title='bbox 2774 1658 3178 1728; x_wconf 88' lang='lat' dir='ltr'><strong>producendam</strong></span> <span class='ocrx_word' id='word_1_479' title='bbox 3208 1675 3330 1715; x_wconf 89' lang='lat' dir='ltr'><strong>esse</strong></span> <span class='ocrx_word' id='word_1_480' title='bbox 3372 1677 3486 1715; x_wconf 91' lang='lat' dir='ltr'><strong>non</strong></span> <span class='ocrx_word' id='word_1_481' title='bbox 3518 1664 3717 1731; x_wconf 69' lang='lat' dir='ltr'><strong>putavit</strong></span> 
     </span>
    </p>
   </div>
   <div class='ocr_carea' id='block_1_74' title="bbox 2093 1743 3720 1823">
    <p class='ocr_par' dir='ltr' id='par_1_74' title="bbox 2093 1743 3720 1823">
     <span class='ocr_line' id='line_1_74' title="bbox 2093 1743 3720 1823; baseline 0 -17"><span class='ocrx_word' id='word_1_482' title='bbox 2093 1743 2137 1798; x_wconf 86' lang='grc' dir='ltr'>Β</span> <span class='ocrx_word' id='word_1_483' title='bbox 2167 1750 2321 1817; x_wconf 87' lang='lat' dir='ltr'><strong>Quod</strong></span> <span class='ocrx_word' id='word_1_484' title='bbox 2347 1758 2526 1804; x_wconf 90' lang='lat' dir='ltr'><strong>autem</strong></span> <span class='ocrx_word' id='word_1_485' title='bbox 2565 1750 2632 1804; x_wconf 89' lang='lat' dir='ltr'><strong>ad</strong></span> <span class='ocrx_word' id='word_1_486' title='bbox 2666 1751 3001 1806; x_wconf 85' lang='lat' dir='ltr'><strong>orthodoxos</strong></span> <span class='ocrx_word' id='word_1_487' title='bbox 3046 1750 3261 1819; x_wconf 88' lang='lat' dir='ltr'><strong>attinet,</strong></span> <span class='ocrx_word' id='word_1_488' title='bbox 3286 1763 3607 1822; x_wconf 88' lang='lat' dir='ltr'><strong>potuerunt</strong></span> <span class='ocrx_word' id='word_1_489' title='bbox 3634 1756 3720 1823; x_wconf 81' lang='lat' dir='ltr'><strong>qui-</strong></span> 
     </span>
    </p>
   </div>
   <div class='ocr_carea' id='block_1_75' title="bbox 2165 1842 3720 1917">
    <p class='ocr_par' dir='ltr' id='par_1_75' title="bbox 2165 1842 3720 1917">
     <span class='ocr_line' id='line_1_75' title="bbox 2165 1842 3720 1917; baseline 0.002 -19"><span class='ocrx_word' id='word_1_490' title='bbox 2165 1844 2289 1899; x_wconf 91' lang='lat' dir='ltr'><strong>dem</strong></span> <span class='ocrx_word' id='word_1_491' title='bbox 2328 1851 2517 1898; x_wconf 88' lang='lat' dir='ltr'><strong>contra</strong></span> <span class='ocrx_word' id='word_1_492' title='bbox 2550 1842 2869 1897; x_wconf 85' lang='lat' dir='ltr'><strong>Tertulliani</strong></span> <span class='ocrx_word' id='word_1_493' title='bbox 2899 1858 3113 1900; x_wconf 90' lang='lat' dir='ltr'><strong>errores</strong></span> <span class='ocrx_word' id='word_1_494' title='bbox 3166 1847 3502 1902; x_wconf 89' lang='lat' dir='ltr'><strong>auctoritate</strong></span> <span class='ocrx_word' id='word_1_495' title='bbox 3564 1847 3720 1917; x_wconf 77' lang='lat' dir='ltr'><strong>lgnatii</strong></span> 
     </span>
    </p>
   </div>
   <div class='ocr_carea' id='block_1_76' title="bbox 2163 1933 3719 2005">
    <p class='ocr_par' dir='ltr' id='par_1_76' title="bbox 2163 1933 3719 2005">
     <span class='ocr_line' id='line_1_76' title="bbox 2163 1933 3719 2005; baseline 0.006 -19"><span class='ocrx_word' id='word_1_496' title='bbox 2163 1947 2456 2003; x_wconf 87' lang='lat' dir='ltr'><strong>pugnare:</strong></span> <span class='ocrx_word' id='word_1_497' title='bbox 2497 1933 2591 1987; x_wconf 89' lang='lat' dir='ltr'><strong>sed</strong></span> <span class='ocrx_word' id='word_1_498' title='bbox 2642 1948 2765 1987; x_wconf 92' lang='lat' dir='ltr'><strong>cum</strong></span> <span class='ocrx_word' id='word_1_499' title='bbox 2811 1946 3001 1987; x_wconf 91' lang='lat' dir='ltr'><strong>eorum</strong></span> <span class='ocrx_word' id='word_1_500' title='bbox 3052 1935 3255 2005; x_wconf 87' lang='lat' dir='ltr'><strong>scripta</strong></span> <span class='ocrx_word' id='word_1_501' title='bbox 3328 1953 3446 1992; x_wconf 91' lang='lat' dir='ltr'><strong>non</strong></span> <span class='ocrx_word' id='word_1_502' title='bbox 3520 1948 3719 1995; x_wconf 78' lang='lat' dir='ltr'><strong>exstent.</strong></span> 
     </span>
    </p>
   </div>
   <div class='ocr_carea' id='block_1_77' title="bbox 2166 2022 3719 2095">
    <p class='ocr_par' dir='ltr' id='par_1_77' title="bbox 2166 2022 3719 2095">
     <span class='ocr_line' id='line_1_77' title="bbox 2166 2022 3719 2095; baseline 0.001 -18"><span class='ocrx_word' id='word_1_503' title='bbox 2166 2023 2303 2077; x_wconf 88' lang='lat' dir='ltr'><strong>nihil</strong></span> <span class='ocrx_word' id='word_1_504' title='bbox 2334 2022 2437 2077; x_wconf 91' lang='lat' dir='ltr'><strong>hac</strong></span> <span class='ocrx_word' id='word_1_505' title='bbox 2466 2023 2533 2078; x_wconf 90' lang='lat' dir='ltr'><strong>de</strong></span> <span class='ocrx_word' id='word_1_506' title='bbox 2570 2038 2629 2077; x_wconf 88' lang='lat' dir='ltr'><strong>re</strong></span> <span class='ocrx_word' id='word_1_507' title='bbox 2673 2039 2704 2077; x_wconf 92' lang='lat' dir='ltr'><strong>a</strong></span> <span class='ocrx_word' id='word_1_508' title='bbox 2745 2039 3019 2094; x_wconf 89' lang='lat' dir='ltr'><strong>quoquam</strong></span> <span class='ocrx_word' id='word_1_509' title='bbox 3052 2024 3269 2079; x_wconf 88' lang='lat' dir='ltr'><strong>deliniri</strong></span> <span class='ocrx_word' id='word_1_510' title='bbox 3319 2035 3536 2094; x_wconf 88' lang='lat' dir='ltr'><strong>potest.</strong></span> <span class='ocrx_word' id='word_1_511' title='bbox 3570 2026 3719 2095; x_wconf 70' lang='lat' dir='ltr'><strong>Neque</strong></span> 
     </span>
    </p>
   </div>
   <div class='ocr_carea' id='block_1_78' title="bbox 2165 2113 3721 2173">
    <p class='ocr_par' dir='ltr' id='par_1_78' title="bbox 2165 2113 3721 2173">
     <span class='ocr_line' id='line_1_78' title="bbox 2165 2113 3721 2173; baseline 0 -2"><span class='ocrx_word' id='word_1_512' title='bbox 2165 2115 2310 2171; x_wconf 86' lang='lat' dir='ltr'><strong>enim</strong></span> <span class='ocrx_word' id='word_1_513' title='bbox 2340 2115 2484 2171; x_wconf 91' lang='lat' dir='ltr'><strong>ullus</strong></span> <span class='ocrx_word' id='word_1_514' title='bbox 2517 2113 2908 2171; x_wconf 84' lang='lat' dir='ltr'><strong>Tertullianum</strong></span> <span class='ocrx_word' id='word_1_515' title='bbox 2939 2116 3120 2173; x_wconf 91' lang='lat' dir='ltr'><strong>omnia</strong></span> <span class='ocrx_word' id='word_1_516' title='bbox 3165 2117 3268 2171; x_wconf 90' lang='lat' dir='ltr'><strong>sibi</strong></span> <span class='ocrx_word' id='word_1_517' title='bbox 3307 2118 3381 2171; x_wconf 90' lang='lat' dir='ltr'><strong>ab</strong></span> <span class='ocrx_word' id='word_1_518' title='bbox 3422 2120 3721 2173; x_wconf 64' lang='lat' dir='ltr'><strong>orthodoxis</strong></span> 
     </span>
    </p>
   </div>
   <div class='ocr_carea' id='block_1_79' title="bbox 2165 2205 3719 2278">
    <p class='ocr_par' dir='ltr' id='par_1_79' title="bbox 2165 2205 3719 2278">
     <span class='ocr_line' id='line_1_79' title="bbox 2165 2205 3719 2278; baseline 0.001 -18"><span class='ocrx_word' id='word_1_519' title='bbox 2165 2206 2374 2275; x_wconf 89' lang='lat' dir='ltr'><strong>objecta</strong></span> <span class='ocrx_word' id='word_1_520' title='bbox 2405 2205 2635 2260; x_wconf 77' lang='lat' dir='ltr'><strong>fideliter</strong></span> <span class='ocrx_word' id='word_1_521' title='bbox 2667 2206 2913 2261; x_wconf 86' lang='lat' dir='ltr'><strong>retulisse</strong></span> <span class='ocrx_word' id='word_1_522' title='bbox 2934 2249 2947 2274; x_wconf 88' lang='lat'><strong>,</strong></span> <span class='ocrx_word' id='word_1_523' title='bbox 2980 2207 3156 2276; x_wconf 91' lang='lat' dir='ltr'><strong>iisque</strong></span> <span class='ocrx_word' id='word_1_524' title='bbox 3200 2208 3465 2262; x_wconf 91' lang='lat' dir='ltr'><strong>omnibus</strong></span> <span class='ocrx_word' id='word_1_525' title='bbox 3535 2225 3719 2278; x_wconf 61' lang='lat' dir='ltr'><strong>respue</strong></span> 
     </span>
    </p>
   </div>
   <div class='ocr_carea' id='block_1_80' title="bbox 2172 2295 3718 2370">
    <p class='ocr_par' dir='ltr' id='par_1_80' title="bbox 2172 2295 3718 2370">
     <span class='ocr_line' id='line_1_80' title="bbox 2172 2295 3718 2370; baseline 0 -19"><span class='ocrx_word' id='word_1_526' title='bbox 2172 2297 2505 2360; x_wconf 87' lang='lat' dir='ltr'><strong>disse,certo</strong></span> <span class='ocrx_word' id='word_1_527' title='bbox 2529 2295 2891 2351; x_wconf 83' lang='lat' dir='ltr'><strong>allirmavcrit.</strong></span> <span class='ocrx_word' id='word_1_528' title='bbox 2930 2295 2995 2352; x_wconf 88' lang='lat' dir='ltr'><strong>Et</strong></span> <span class='ocrx_word' id='word_1_529' title='bbox 3033 2313 3092 2352; x_wconf 89' lang='lat' dir='ltr'><strong>re</strong></span> <span class='ocrx_word' id='word_1_530' title='bbox 3143 2299 3363 2367; x_wconf 91' lang='lat' dir='ltr'><strong>quidem</strong></span> <span class='ocrx_word' id='word_1_531' title='bbox 3423 2300 3550 2368; x_wconf 81' lang='lat' dir='ltr'><strong>ipsa</strong></span> <span class='ocrx_word' id='word_1_532' title='bbox 3587 2316 3718 2370; x_wconf 59' lang='lat' dir='ltr'><strong>patir).</strong></span> 
     </span>
    </p>
   </div>
   <div class='ocr_carea' id='block_1_81' title="bbox 2164 2389 3717 2461">
    <p class='ocr_par' dir='ltr' id='par_1_81' title="bbox 2164 2389 3717 2461">
     <span class='ocr_line' id='line_1_81' title="bbox 2164 2389 3717 2461; baseline 0 -18"><span class='ocrx_word' id='word_1_533' title='bbox 2164 2390 2411 2459; x_wconf 65' lang='lat' dir='ltr'><strong>quaedam</strong></span> <span class='ocrx_word' id='word_1_534' title='bbox 2456 2389 2627 2444; x_wconf 90' lang='lat' dir='ltr'><strong>fuisse</strong></span> <span class='ocrx_word' id='word_1_535' title='bbox 2649 2390 2717 2444; x_wconf 88' lang='lat' dir='ltr'><strong>ab</strong></span> <span class='ocrx_word' id='word_1_536' title='bbox 2744 2404 2810 2444; x_wconf 93' lang='lat' dir='ltr'><strong>eo</strong></span> <span class='ocrx_word' id='word_1_537' title='bbox 2851 2389 3048 2445; x_wconf 89' lang='lat' dir='ltr'><strong>selceta</strong></span> <span class='ocrx_word' id='word_1_538' title='bbox 3095 2407 3222 2446; x_wconf 92' lang='lat' dir='ltr'><strong>vero</strong></span> <span class='ocrx_word' id='word_1_539' title='bbox 3257 2407 3496 2461; x_wconf 88' lang='lat' dir='ltr'><strong>prorsus</strong></span> <span class='ocrx_word' id='word_1_540' title='bbox 3537 2394 3717 2447; x_wconf 81' lang='lat' dir='ltr'><strong>videtur</strong></span> 
     </span>
    </p>
   </div>
   <div class='ocr_carea' id='block_1_82' title="bbox 2165 2482 2525 2537">
    <p class='ocr_par' dir='ltr' id='par_1_82' title="bbox 2165 2482 2525 2537">
     <span class='ocr_line' id='line_1_82' title="bbox 2165 2482 2525 2537; baseline -0.003 0"><span class='ocrx_word' id='word_1_541' title='bbox 2165 2482 2525 2537; x_wconf 85' lang='lat' dir='ltr'><strong>simillimum.</strong></span> 
     </span>
    </p>
   </div>
   <div class='ocr_carea' id='block_1_83' title="bbox 2239 2571 3719 2647">
    <p class='ocr_par' dir='ltr' id='par_1_83' title="bbox 2239 2571 3719 2647">
     <span class='ocr_line' id='line_1_83' title="bbox 2239 2571 3719 2647; baseline 0.001 -21"><span class='ocrx_word' id='word_1_542' title='bbox 2239 2571 2404 2643; x_wconf 83' lang='lat' dir='ltr'><strong>Urget</strong></span> <span class='ocrx_word' id='word_1_543' title='bbox 2429 2572 2679 2638; x_wconf 67' lang='lat' dir='ltr'><strong>Dallaeus,</strong></span> <span class='ocrx_word' id='word_1_544' title='bbox 2707 2587 2807 2627; x_wconf 91' lang='lat' dir='ltr'><strong>cur</strong></span> <span class='ocrx_word' id='word_1_545' title='bbox 2833 2571 2922 2627; x_wconf 91' lang='lat' dir='ltr'><strong>ille</strong></span> <span class='ocrx_word' id='word_1_546' title='bbox 2948 2571 3179 2637; x_wconf 67' lang='lat' dir='ltr'><strong>Hermae,</strong></span> <span class='ocrx_word' id='word_1_547' title='bbox 3215 2590 3323 2629; x_wconf 90' lang='lat' dir='ltr'><strong>non</strong></span> <span class='ocrx_word' id='word_1_548' title='bbox 3372 2591 3510 2629; x_wconf 85' lang='lat' dir='ltr'><strong>vero</strong></span> <span class='ocrx_word' id='word_1_549' title='bbox 3541 2576 3719 2647; x_wconf 74' lang='lat' dir='ltr'><strong>lgnatii,</strong></span> 
     </span>
    </p>
   </div>
   <div class='ocr_carea' id='block_1_84' title="bbox 2164 2661 3721 2731">
    <p class='ocr_par' dir='ltr' id='par_1_84' title="bbox 2164 2661 3721 2731">
     <span class='ocr_line' id='line_1_84' title="bbox 2164 2661 3721 2731; baseline 0.001 -12"><span class='ocrx_word' id='word_1_550' title='bbox 2164 2665 2352 2720; x_wconf 87' lang='lat' dir='ltr'><strong>citavit</strong></span> <span class='ocrx_word' id='word_1_551' title='bbox 2376 2664 2574 2717; x_wconf 88' lang='lat' dir='ltr'><strong>librum</strong></span> <span class='ocrx_word' id='word_1_552' title='bbox 2598 2664 2620 2717; x_wconf 70' lang='grc' dir='ltr'><em>’ἒ</em></span> <span class='ocrx_word' id='word_1_553' title='bbox 2642 2661 2916 2720; x_wconf 84' lang='lat' dir='ltr'><strong>lnstamus</strong></span> <span class='ocrx_word' id='word_1_554' title='bbox 2942 2674 2995 2720; x_wconf 80' lang='lat' dir='ltr'><strong>et</strong></span> <span class='ocrx_word' id='word_1_555' title='bbox 3013 2680 3135 2731; x_wconf 91' lang='lat' dir='ltr'><strong>nos,</strong></span> <span class='ocrx_word' id='word_1_556' title='bbox 3154 2681 3254 2721; x_wconf 90' lang='lat' dir='ltr'><strong>cur</strong></span> <span class='ocrx_word' id='word_1_557' title='bbox 3280 2681 3395 2721; x_wconf 89' lang='lat' dir='ltr'><strong>non</strong></span> <span class='ocrx_word' id='word_1_558' title='bbox 3425 2668 3601 2723; x_wconf 87' lang='lat' dir='ltr'><strong>etiam</strong></span> <span class='ocrx_word' id='word_1_559' title='bbox 3624 2670 3721 2722; x_wconf 80' lang='lat' dir='ltr'><strong>alio-</strong></span> 
     </span>
    </p>
   </div>
   <div class='ocr_carea' id='block_1_85' title="bbox 2162 2755 3719 2826">
    <p class='ocr_par' dir='ltr' id='par_1_85' title="bbox 2162 2755 3719 2826">
     <span class='ocr_line' id='line_1_85' title="bbox 2162 2755 3719 2826; baseline 0.001 -16"><span class='ocrx_word' id='word_1_560' title='bbox 2162 2772 2285 2812; x_wconf 89' lang='lat' dir='ltr'><strong>rum</strong></span> <span class='ocrx_word' id='word_1_561' title='bbox 2309 2756 2332 2810; x_wconf 83' lang='lat'><strong>?</strong></span> <span class='ocrx_word' id='word_1_562' title='bbox 2353 2755 2523 2810; x_wconf 89' lang='lat' dir='ltr'><strong>Porro</strong></span> <span class='ocrx_word' id='word_1_563' title='bbox 2541 2757 2934 2826; x_wconf 88' lang='lat' dir='ltr'><strong>respondemus</strong></span> <span class='ocrx_word' id='word_1_564' title='bbox 2962 2758 3082 2813; x_wconf 89' lang='lat' dir='ltr'><strong>ideo</strong></span> <span class='ocrx_word' id='word_1_565' title='bbox 3111 2756 3366 2813; x_wconf 83' lang='lat' dir='ltr'><strong>Hermam</strong></span> <span class='ocrx_word' id='word_1_566' title='bbox 3391 2762 3461 2814; x_wconf 91' lang='lat' dir='ltr'><strong>ab</strong></span> <span class='ocrx_word' id='word_1_567' title='bbox 3479 2761 3578 2815; x_wconf 89' lang='lat' dir='ltr'><strong>illo</strong></span> <span class='ocrx_word' id='word_1_568' title='bbox 3598 2762 3719 2816; x_wconf 78' lang='lat' dir='ltr'><strong>citari</strong></span> 
     </span>
    </p>
   </div>
   <div class='ocr_carea' id='block_1_86' title="bbox 2162 2848 3719 2919">
    <p class='ocr_par' dir='ltr' id='par_1_86' title="bbox 2162 2848 3719 2919">
     <span class='ocr_line' id='line_1_86' title="bbox 2162 2848 3719 2919; baseline 0.001 -18"><span class='ocrx_word' id='word_1_569' title='bbox 2162 2848 2245 2903; x_wconf 90' lang='lat' dir='ltr'><strong>vel</strong></span> <span class='ocrx_word' id='word_1_570' title='bbox 2270 2848 2396 2917; x_wconf 88' lang='lat' dir='ltr'><strong>quia</strong></span> <span class='ocrx_word' id='word_1_571' title='bbox 2423 2848 2545 2902; x_wconf 89' lang='lat' dir='ltr'><strong>libri</strong></span> <span class='ocrx_word' id='word_1_572' title='bbox 2574 2848 2692 2918; x_wconf 86' lang='lat' dir='ltr'><strong>ejus</strong></span> <span class='ocrx_word' id='word_1_573' title='bbox 2726 2848 2780 2901; x_wconf 90' lang='lat' dir='ltr'><strong>in</strong></span> <span class='ocrx_word' id='word_1_574' title='bbox 2802 2865 3017 2904; x_wconf 89' lang='lat' dir='ltr'><strong>sacrum</strong></span> <span class='ocrx_word' id='word_1_575' title='bbox 3039 2848 3450 2919; x_wconf 87' lang='lat' dir='ltr'><strong>Scripturarum</strong></span> <span class='ocrx_word' id='word_1_576' title='bbox 3478 2868 3719 2907; x_wconf 82' lang='lat' dir='ltr'><strong>canonem</strong></span> 
     </span>
    </p>
   </div>
   <div class='ocr_carea' id='block_1_87' title="bbox 2079 2938 3719 3011">
    <p class='ocr_par' dir='ltr' id='par_1_87' title="bbox 2079 2938 3719 3011">
     <span class='ocr_line' id='line_1_87' title="bbox 2079 2938 3719 3011; baseline 0.001 -19"><span class='ocrx_word' id='word_1_577' title='bbox 2079 2967 2082 2970; x_wconf 81' lang='lat'><strong><em>~</em></strong></span> <span class='ocrx_word' id='word_1_578' title='bbox 2165 2953 2195 2992; x_wconf 90' lang='lat' dir='ltr'><strong>a</strong></span> <span class='ocrx_word' id='word_1_579' title='bbox 2227 2938 2554 3007; x_wconf 90' lang='lat' dir='ltr'><strong>quihusdam</strong></span> <span class='ocrx_word' id='word_1_580' title='bbox 2582 2939 3015 3006; x_wconf 89' lang='lat' dir='ltr'><strong>ascribehantur,</strong></span> <span class='ocrx_word' id='word_1_581' title='bbox 3034 2942 3115 2995; x_wconf 90' lang='lat' dir='ltr'><strong>vel</strong></span> <span class='ocrx_word' id='word_1_582' title='bbox 3148 2942 3217 2996; x_wconf 94' lang='lat' dir='ltr'><strong>ob</strong></span> <span class='ocrx_word' id='word_1_583' title='bbox 3237 2958 3361 2996; x_wconf 89' lang='lat' dir='ltr'><strong>eam</strong></span> <span class='ocrx_word' id='word_1_584' title='bbox 3392 2944 3719 3011; x_wconf 81' lang='lat' dir='ltr'><strong>potissimum</strong></span> 
     </span>
    </p>
   </div>
   <div class='ocr_carea' id='block_1_88' title="bbox 2165 3031 3717 3104">
    <p class='ocr_par' dir='ltr' id='par_1_88' title="bbox 2165 3031 3717 3104">
     <span class='ocr_line' id='line_1_88' title="bbox 2165 3031 3717 3104; baseline 0.002 -21"><span class='ocrx_word' id='word_1_585' title='bbox 2165 3045 2326 3099; x_wconf 88' lang='lat' dir='ltr'><strong>quam</strong></span> <span class='ocrx_word' id='word_1_586' title='bbox 2363 3032 2549 3084; x_wconf 86' lang='lat' dir='ltr'><strong>eodem</strong></span> <span class='ocrx_word' id='word_1_587' title='bbox 2606 3031 2659 3086; x_wconf 92' lang='lat' dir='ltr'><strong>in</strong></span> <span class='ocrx_word' id='word_1_588' title='bbox 2694 3032 2837 3086; x_wconf 91' lang='lat' dir='ltr'><strong>libro</strong></span> <span class='ocrx_word' id='word_1_589' title='bbox 2876 3033 3112 3087; x_wconf 89' lang='lat' dir='ltr'><strong>reddidit</strong></span> <span class='ocrx_word' id='word_1_590' title='bbox 3158 3034 3433 3087; x_wconf 88' lang='lat' dir='ltr'><strong>rationem</strong></span> <span class='ocrx_word' id='word_1_591' title='bbox 3491 3035 3578 3097; x_wconf 77' lang='grc'><strong>³⁷,</strong></span> <span class='ocrx_word' id='word_1_592' title='bbox 3618 3036 3717 3104; x_wconf 75' lang='lat' dir='ltr'><strong>quia</strong></span> 
     </span>
    </p>
   </div>
   <div class='ocr_carea' id='block_1_89' title="bbox 2165 3120 3721 3193">
    <p class='ocr_par' dir='ltr' id='par_1_89' title="bbox 2165 3120 3721 3193">
     <span class='ocr_line' id='line_1_89' title="bbox 2165 3120 3721 3193; baseline 0.001 -18"><span class='ocrx_word' id='word_1_593' title='bbox 2165 3120 2444 3191; x_wconf 90' lang='lat' dir='ltr'><strong>Scriptura</strong></span> <span class='ocrx_word' id='word_1_594' title='bbox 2496 3132 2579 3177; x_wconf 90' lang='lat' dir='ltr'><strong>est</strong></span> <span class='ocrx_word' id='word_1_595' title='bbox 2612 3142 2630 3174; x_wconf 74' lang='grc' dir='ltr'>ι</span> <span class='ocrx_word' id='word_1_596' title='bbox 2661 3138 2782 3193; x_wconf 70' lang='lat' dir='ltr'><strong>qua:</strong></span> <span class='ocrx_word' id='word_1_597' title='bbox 2835 3123 2949 3178; x_wconf 84' lang='lat' dir='ltr'><strong>sola</strong></span> <span class='ocrx_word' id='word_1_598' title='bbox 2982 3124 3226 3180; x_wconf 61' lang='lat' dir='ltr'><strong>moechos</strong></span> <span class='ocrx_word' id='word_1_599' title='bbox 3280 3135 3452 3180; x_wconf 83' lang='lat' dir='ltr'><strong>amat.</strong></span> <span class='ocrx_word' id='word_1_600' title='bbox 3490 3146 3511 3178; x_wconf 86' lang='grc'><strong>›</strong></span> <span class='ocrx_word' id='word_1_601' title='bbox 3551 3128 3627 3180; x_wconf 77' lang='lat' dir='ltr'><strong>Ah</strong></span> <span class='ocrx_word' id='word_1_602' title='bbox 3670 3144 3721 3177; x_wconf 70' lang='lat' dir='ltr'><strong>cu</strong></span> 
     </span>
    </p>
   </div>
   <div class='ocr_carea' id='block_1_90' title="bbox 2161 3213 3721 3285">
    <p class='ocr_par' dir='ltr' id='par_1_90' title="bbox 2161 3213 3721 3285">
     <span class='ocr_line' id='line_1_90' title="bbox 2161 3213 3721 3285; baseline 0.002 -19"><span class='ocrx_word' id='word_1_603' title='bbox 2161 3213 2361 3283; x_wconf 87' lang='lat' dir='ltr'><strong>quippe</strong></span> <span class='ocrx_word' id='word_1_604' title='bbox 2391 3213 2455 3267; x_wconf 91' lang='lat' dir='ltr'><strong>de</strong></span> <span class='ocrx_word' id='word_1_605' title='bbox 2479 3213 2707 3268; x_wconf 78' lang='lat' dir='ltr'><strong>mmchis</strong></span> <span class='ocrx_word' id='word_1_606' title='bbox 2734 3221 2914 3269; x_wconf 93' lang='lat' dir='ltr'><strong>utrum</strong></span> <span class='ocrx_word' id='word_1_607' title='bbox 2948 3215 3014 3269; x_wconf 90' lang='lat' dir='ltr'><strong>ad</strong></span> <span class='ocrx_word' id='word_1_608' title='bbox 3045 3215 3427 3285; x_wconf 65' lang='lat' dir='ltr'><strong>paenitentiam</strong></span> <span class='ocrx_word' id='word_1_609' title='bbox 3457 3218 3721 3271; x_wconf 83' lang='lat' dir='ltr'><strong>admitten-</strong></span> 
     </span>
    </p>
   </div>
   <div class='ocr_carea' id='block_1_91' title="bbox 2161 3303 3718 3379">
    <p class='ocr_par' dir='ltr' id='par_1_91' title="bbox 2161 3303 3718 3379">
     <span class='ocr_line' id='line_1_91' title="bbox 2161 3303 3718 3379; baseline 0.006 -23"><span class='ocrx_word' id='word_1_610' title='bbox 2161 3303 2213 3356; x_wconf 95' lang='lat' dir='ltr'><strong>di</strong></span> <span class='ocrx_word' id='word_1_611' title='bbox 2240 3313 2446 3367; x_wconf 89' lang='lat' dir='ltr'><strong>essent,</strong></span> <span class='ocrx_word' id='word_1_612' title='bbox 2504 3306 2732 3373; x_wconf 65' lang='lat' dir='ltr'><strong>qumstio</strong></span> <span class='ocrx_word' id='word_1_613' title='bbox 2760 3306 3093 3361; x_wconf 86' lang='lat' dir='ltr'><strong>movebatur.</strong></span> <span class='ocrx_word' id='word_1_614' title='bbox 3123 3304 3247 3361; x_wconf 61' lang='lat' dir='ltr'><strong>llaec</strong></span> <span class='ocrx_word' id='word_1_615' title='bbox 3275 3323 3411 3378; x_wconf 85' lang='lat' dir='ltr'><strong>ergo</strong></span> <span class='ocrx_word' id='word_1_616' title='bbox 3440 3308 3718 3379; x_wconf 64' lang='lat' dir='ltr'><strong>Scriptura.</strong></span> 
     </span>
    </p>
   </div>
   <div class='ocr_carea' id='block_1_92' title="bbox 2161 3392 3717 3466">
    <p class='ocr_par' dir='ltr' id='par_1_92' title="bbox 2161 3392 3717 3466">
     <span class='ocr_line' id='line_1_92' title="bbox 2161 3392 3717 3466; baseline 0.004 -18"><span class='ocrx_word' id='word_1_617' title='bbox 2161 3408 2283 3463; x_wconf 80' lang='lat' dir='ltr'><strong>quae</strong></span> <span class='ocrx_word' id='word_1_618' title='bbox 2319 3408 2349 3449; x_wconf 88' lang='lat' dir='ltr'><strong>a</strong></span> <span class='ocrx_word' id='word_1_619' title='bbox 2385 3392 2722 3451; x_wconf 86' lang='lat' dir='ltr'><strong>Tertulliano</strong></span> <span class='ocrx_word' id='word_1_620' title='bbox 2746 3396 2858 3451; x_wconf 92' lang='lat' dir='ltr'><strong>sola</strong></span> <span class='ocrx_word' id='word_1_621' title='bbox 2886 3397 3129 3454; x_wconf 78' lang='lat' dir='ltr'><strong>mcuchos</strong></span> <span class='ocrx_word' id='word_1_622' title='bbox 3152 3413 3340 3453; x_wconf 89' lang='lat' dir='ltr'><strong>amare</strong></span> <span class='ocrx_word' id='word_1_623' title='bbox 3368 3400 3596 3466; x_wconf 88' lang='lat' dir='ltr'><strong>dicitur,</strong></span> <span class='ocrx_word' id='word_1_624' title='bbox 3625 3405 3717 3458; x_wconf 75' lang='lat' dir='ltr'><strong>sola</strong></span> 
     </span>
    </p>
   </div>
   <div class='ocr_carea' id='block_1_93' title="bbox 2162 3484 2782 3541">
    <p class='ocr_par' dir='ltr' id='par_1_93' title="bbox 2162 3484 2782 3541">
     <span class='ocr_line' id='line_1_93' title="bbox 2162 3484 2782 3541; baseline 0.005 -3"><span class='ocrx_word' id='word_1_625' title='bbox 2162 3484 2231 3539; x_wconf 90' lang='lat' dir='ltr'><strong>ab</strong></span> <span class='ocrx_word' id='word_1_626' title='bbox 2258 3498 2324 3539; x_wconf 89' lang='lat' dir='ltr'><strong>eo</strong></span> <span class='ocrx_word' id='word_1_627' title='bbox 2348 3486 2555 3541; x_wconf 88' lang='lat' dir='ltr'><strong>laudari</strong></span> <span class='ocrx_word' id='word_1_628' title='bbox 2577 3486 2782 3541; x_wconf 90' lang='lat' dir='ltr'><strong>debuit.</strong></span> 
     </span>
    </p>
   </div>
   <div class='ocr_carea' id='block_1_94' title="bbox 2165 3621 3691 3707">
    <p class='ocr_par' dir='ltr' id='par_1_94' title="bbox 2165 3621 3691 3707">
     <span class='ocr_line' id='line_1_94' title="bbox 2165 3621 3691 3707; baseline 0.003 -31"><span class='ocrx_word' id='word_1_629' title='bbox 2165 3622 2192 3694; x_wconf 84' lang='lat'><strong>§</strong></span> <span class='ocrx_word' id='word_1_630' title='bbox 2235 3621 2323 3677; x_wconf 89' lang='lat' dir='ltr'><strong>Ill.</strong></span> <span class='ocrx_word' id='word_1_631' title='bbox 2362 3622 2505 3676; x_wconf 87' lang='lat' dir='ltr'><strong>Num</strong></span> <span class='ocrx_word' id='word_1_632' title='bbox 2533 3622 2937 3707; x_wconf 32' lang='lat' dir='ltr'><strong>Caioﬂiamhet</strong></span> <span class='ocrx_word' id='word_1_633' title='bbox 2967 3625 3223 3707; x_wconf 62' lang='lat' dir='ltr'><strong>Clementi</strong></span> <span class='ocrx_word' id='word_1_634' title='bbox 3257 3626 3621 3682; x_wconf 69' lang='lat' dir='ltr'><strong>Alexandrino</strong></span> <span class='ocrx_word' id='word_1_635' title='bbox 3647 3631 3691 3680; x_wconf 79' lang='lat' dir='ltr'><strong>in</strong></span> 
     </span>
    </p>
   </div>
   <div class='ocr_carea' id='block_1_95' title="bbox 2712 3700 3181 3765">
    <p class='ocr_par' dir='ltr' id='par_1_95' title="bbox 2712 3700 3181 3765">
     <span class='ocr_line' id='line_1_95' title="bbox 2712 3700 3181 3765; baseline 0.002 -17"><span class='ocrx_word' id='word_1_636' title='bbox 2712 3700 2932 3765; x_wconf 70' lang='lat' dir='ltr'><strong>cognita:</strong></span> <span class='ocrx_word' id='word_1_637' title='bbox 2960 3700 3181 3764; x_wconf 74' lang='lat' dir='ltr'><strong>fuerint.</strong></span> 
     </span>
    </p>
   </div>
   <div class='ocr_carea' id='block_1_96' title="bbox 2230 3820 3716 3899">
    <p class='ocr_par' dir='ltr' id='par_1_96' title="bbox 2230 3820 3716 3899">
     <span class='ocr_line' id='line_1_96' title="bbox 2230 3820 3716 3899; baseline 0.003 -21"><span class='ocrx_word' id='word_1_638' title='bbox 2230 3820 2362 3878; x_wconf 89' lang='lat' dir='ltr'><strong>Caio</strong></span> <span class='ocrx_word' id='word_1_639' title='bbox 2397 3838 2612 3892; x_wconf 83' lang='lat' dir='ltr'><strong>quoque</strong></span> <span class='ocrx_word' id='word_1_640' title='bbox 2635 3824 2849 3894; x_wconf 87' lang='lat' dir='ltr'><strong>ignotas</strong></span> <span class='ocrx_word' id='word_1_641' title='bbox 2867 3824 3035 3881; x_wconf 89' lang='lat' dir='ltr'><strong>fuisse</strong></span> <span class='ocrx_word' id='word_1_642' title='bbox 3058 3824 3249 3897; x_wconf 81' lang='lat' dir='ltr'><strong>lgnatii</strong></span> <span class='ocrx_word' id='word_1_643' title='bbox 3278 3830 3460 3883; x_wconf 89' lang='lat' dir='ltr'><strong>nostri</strong></span> <span class='ocrx_word' id='word_1_644' title='bbox 3481 3830 3716 3899; x_wconf 76' lang='lat' dir='ltr'><strong>epistolas</strong></span> 
     </span>
    </p>
   </div>
   <div class='ocr_carea' id='block_1_97' title="bbox 2162 3914 3717 3987">
    <p class='ocr_par' dir='ltr' id='par_1_97' title="bbox 2162 3914 3717 3987">
     <span class='ocr_line' id='line_1_97' title="bbox 2162 3914 3717 3987; baseline 0.006 -21"><span class='ocrx_word' id='word_1_645' title='bbox 2162 3921 2222 3966; x_wconf 82' lang='grc' dir='ltr'><strong>ιιι</strong></span> <span class='ocrx_word' id='word_1_646' title='bbox 2247 3914 2497 3982; x_wconf 88' lang='lat' dir='ltr'><strong>probaret</strong></span> <span class='ocrx_word' id='word_1_647' title='bbox 2542 3914 2804 3982; x_wconf 66' lang='lat' dir='ltr'><strong>Dallatus,</strong></span> <span class='ocrx_word' id='word_1_648' title='bbox 2845 3918 3072 3986; x_wconf 91' lang='lat' dir='ltr'><strong>protulit</strong></span> <span class='ocrx_word' id='word_1_649' title='bbox 3102 3919 3146 3950; x_wconf 77' lang='grc'><strong>³⁸</strong></span> <span class='ocrx_word' id='word_1_650' title='bbox 3185 3918 3435 3987; x_wconf 87' lang='lat' dir='ltr'><strong>ejusdem</strong></span> <span class='ocrx_word' id='word_1_651' title='bbox 3475 3922 3590 3976; x_wconf 88' lang='lat' dir='ltr'><strong>Caii</strong></span> <span class='ocrx_word' id='word_1_652' title='bbox 3634 3924 3717 3975; x_wconf 78' lang='lat' dir='ltr'><strong>fra-</strong></span> 
     </span>
    </p>
   </div>
   <div class='ocr_carea' id='block_1_98' title="bbox 2160 4006 3714 4084">
    <p class='ocr_par' dir='ltr' id='par_1_98' title="bbox 2160 4006 3714 4084">
     <span class='ocr_line' id='line_1_98' title="bbox 2160 4006 3714 4084; baseline 0.006 -26"><span class='ocrx_word' id='word_1_653' title='bbox 2160 4013 2458 4073; x_wconf 87' lang='lat' dir='ltr'><strong>gmentum,</strong></span> <span class='ocrx_word' id='word_1_654' title='bbox 2477 4007 2545 4061; x_wconf 89' lang='lat' dir='ltr'><strong>ab</strong></span> <span class='ocrx_word' id='word_1_655' title='bbox 2567 4006 3198 4079; x_wconf 81' lang='lat' dir='ltr'><strong>Eusebiotranscriptum</strong></span> <span class='ocrx_word' id='word_1_656' title='bbox 3214 4013 3280 4077; x_wconf 82' lang='grc'><strong>³⁸,</strong></span> <span class='ocrx_word' id='word_1_657' title='bbox 3298 4014 3392 4067; x_wconf 93' lang='lat' dir='ltr'><strong>ubi</strong></span> <span class='ocrx_word' id='word_1_658' title='bbox 3407 4030 3473 4068; x_wconf 78' lang='lat' dir='ltr'><strong>ex</strong></span> <span class='ocrx_word' id='word_1_659' title='bbox 3500 4015 3714 4084; x_wconf 83' lang='lat' dir='ltr'><strong>antiquis</strong></span> 
     </span>
    </p>
   </div>
   <div class='ocr_carea' id='block_1_99' title="bbox 2159 4093 3715 4169">
    <p class='ocr_par' dir='ltr' id='par_1_99' title="bbox 2159 4093 3715 4169">
     <span class='ocr_line' id='line_1_99' title="bbox 2159 4093 3715 4169; baseline 0.008 -22"><span class='ocrx_word' id='word_1_660' title='bbox 2159 4093 2413 4151; x_wconf 86' lang='lat' dir='ltr'><strong>Patribus</strong></span> <span class='ocrx_word' id='word_1_661' title='bbox 2440 4107 2630 4151; x_wconf 89' lang='lat' dir='ltr'><strong>contra</strong></span> <span class='ocrx_word' id='word_1_662' title='bbox 2662 4098 2909 4153; x_wconf 71' lang='lat' dir='ltr'><strong>haeresim</strong></span> <span class='ocrx_word' id='word_1_663' title='bbox 2945 4100 3280 4169; x_wconf 89' lang='lat' dir='ltr'><strong>Artemonis,</strong></span> <span class='ocrx_word' id='word_1_664' title='bbox 3310 4104 3591 4159; x_wconf 88' lang='lat' dir='ltr'><strong>Christum</strong></span> <span class='ocrx_word' id='word_1_665' title='bbox 3622 4120 3715 4158; x_wconf 80' lang='lat' dir='ltr'><strong>me-</strong></span> 
     </span>
    </p>
   </div>
   <div class='ocr_carea' id='block_1_100' title="bbox 2160 4188 3713 4268">
    <p class='ocr_par' dir='ltr' id='par_1_100' title="bbox 2160 4188 3713 4268">
     <span class='ocr_line' id='line_1_100' title="bbox 2160 4188 3713 4268; baseline 0.007 -28"><span class='ocrx_word' id='word_1_666' title='bbox 2160 4202 2280 4241; x_wconf 92' lang='lat' dir='ltr'><strong>rum</strong></span> <span class='ocrx_word' id='word_1_667' title='bbox 2323 4188 2598 4244; x_wconf 90' lang='lat' dir='ltr'><strong>hominem</strong></span> <span class='ocrx_word' id='word_1_668' title='bbox 2629 4206 2750 4246; x_wconf 91' lang='lat' dir='ltr'><strong>esse</strong></span> <span class='ocrx_word' id='word_1_669' title='bbox 2771 4191 3162 4258; x_wconf 89' lang='lat' dir='ltr'><strong>delirantis,sic</strong></span> <span class='ocrx_word' id='word_1_670' title='bbox 3186 4196 3277 4249; x_wconf 91' lang='lat' dir='ltr'><strong>ille</strong></span> <span class='ocrx_word' id='word_1_671' title='bbox 3299 4198 3545 4268; x_wconf 85' lang='lat' dir='ltr'><strong>disputat</strong></span> <span class='ocrx_word' id='word_1_672' title='bbox 3570 4219 3584 4253; x_wconf 91' lang='lat'>:</span> <span class='ocrx_word' id='word_1_673' title='bbox 3611 4217 3628 4248; x_wconf 74' lang='grc'><strong>(</strong></span> <span class='ocrx_word' id='word_1_674' title='bbox 3652 4201 3713 4251; x_wconf 77' lang='lat' dir='ltr'><strong>Ac</strong></span> 
     </span>
    </p>
   </div>
   <div class='ocr_carea' id='block_1_101' title="bbox 2161 4278 3715 4353">
    <p class='ocr_par' dir='ltr' id='par_1_101' title="bbox 2161 4278 3715 4353">
     <span class='ocr_line' id='line_1_101' title="bbox 2161 4278 3715 4353; baseline 0.006 -20"><span class='ocrx_word' id='word_1_675' title='bbox 2161 4278 2393 4335; x_wconf 82' lang='lat' dir='ltr'><strong>fortasse</strong></span> <span class='ocrx_word' id='word_1_676' title='bbox 2419 4282 2471 4335; x_wconf 91' lang='lat' dir='ltr'><strong>id</strong></span> <span class='ocrx_word' id='word_1_677' title='bbox 2503 4282 2647 4352; x_wconf 92' lang='lat' dir='ltr'><strong>quod</strong></span> <span class='ocrx_word' id='word_1_678' title='bbox 2680 4283 2866 4338; x_wconf 92' lang='lat' dir='ltr'><strong>dicunt</strong></span> <span class='ocrx_word' id='word_1_679' title='bbox 2887 4286 3144 4341; x_wconf 88' lang='lat' dir='ltr'><strong>credibile</strong></span> <span class='ocrx_word' id='word_1_680' title='bbox 3174 4286 3476 4353; x_wconf 84' lang='lat' dir='ltr'><strong>videretur,</strong></span> <span class='ocrx_word' id='word_1_681' title='bbox 3519 4291 3620 4345; x_wconf 85' lang='lat' dir='ltr'><strong>nisi</strong></span> <span class='ocrx_word' id='word_1_682' title='bbox 3648 4293 3715 4343; x_wconf 80' lang='lat' dir='ltr'><strong>eis</strong></span> 
     </span>
    </p>
   </div>
   <div class='ocr_carea' id='block_1_102' title="bbox 2162 4368 3710 4445">
    <p class='ocr_par' dir='ltr' id='par_1_102' title="bbox 2162 4368 3710 4445">
     <span class='ocr_line' id='line_1_102' title="bbox 2162 4368 3710 4445; baseline 0.008 -23"><span class='ocrx_word' id='word_1_683' title='bbox 2162 4368 2564 4441; x_wconf 90' lang='lat' dir='ltr'><strong>refragarentur</strong></span> <span class='ocrx_word' id='word_1_684' title='bbox 2612 4371 2848 4439; x_wconf 87' lang='lat' dir='ltr'><strong>primum</strong></span> <span class='ocrx_word' id='word_1_685' title='bbox 2895 4372 3114 4442; x_wconf 89' lang='lat' dir='ltr'><strong>quidem</strong></span> <span class='ocrx_word' id='word_1_686' title='bbox 3152 4374 3352 4428; x_wconf 70' lang='lat' dir='ltr'><strong>divinm</strong></span> <span class='ocrx_word' id='word_1_687' title='bbox 3419 4376 3710 4445; x_wconf 72' lang='lat' dir='ltr'><strong>Scriptum</strong></span> 
     </span>
    </p>
   </div>
   <div class='ocr_carea' id='block_1_103' title="bbox 488 4430 2058 4534">
    <p class='ocr_par' dir='ltr' id='par_1_103' title="bbox 488 4444 2058 4519">
     <span class='ocr_line' id='line_1_103' title="bbox 488 4444 2058 4519; baseline 0.004 -22"><span class='ocrx_word' id='word_1_688' title='bbox 488 4458 645 4511; x_wconf 91' lang='lat' dir='ltr'><strong>cere,</strong></span> <span class='ocrx_word' id='word_1_689' title='bbox 675 4460 774 4500; x_wconf 90' lang='lat' dir='ltr'><strong>nec</strong></span> <span class='ocrx_word' id='word_1_690' title='bbox 812 4445 968 4515; x_wconf 88' lang='lat' dir='ltr'><strong>plura</strong></span> <span class='ocrx_word' id='word_1_691' title='bbox 1006 4444 1301 4501; x_wconf 88' lang='lat' dir='ltr'><strong>desiderari</strong></span> <span class='ocrx_word' id='word_1_692' title='bbox 1345 4448 1540 4503; x_wconf 89' lang='lat' dir='ltr'><strong>debere</strong></span> <span class='ocrx_word' id='word_1_693' title='bbox 1586 4457 1770 4519; x_wconf 87' lang='lat' dir='ltr'><strong>aperte</strong></span> <span class='ocrx_word' id='word_1_694' title='bbox 1819 4464 2058 4519; x_wconf 87' lang='lat' dir='ltr'><strong>pronun-</strong></span> 
     </span>
    </p>
   </div>
   <div class='ocr_carea' id='block_1_104' title="bbox 2169 4430 3713 4534">
    <p class='ocr_par' dir='ltr' id='par_1_104' title="bbox 2169 4460 3713 4534">
     <span class='ocr_line' id='line_1_104' title="bbox 2169 4460 3713 4534; baseline 0.003 -18"><span class='ocrx_word' id='word_1_695' title='bbox 2169 4460 2397 4516; x_wconf 87' lang='lat' dir='ltr'><strong>fratrum</strong></span> <span class='ocrx_word' id='word_1_696' title='bbox 2445 4464 2806 4532; x_wconf 86' lang='lat' dir='ltr'><strong>quorumdam</strong></span> <span class='ocrx_word' id='word_1_697' title='bbox 2863 4464 3355 4534; x_wconf 81' lang='lat' dir='ltr'><strong>scripta,Victoris</strong></span> <span class='ocrx_word' id='word_1_698' title='bbox 3408 4478 3565 4524; x_wconf 72' lang='lat' dir='ltr'><strong>aetate</strong></span> <span class='ocrx_word' id='word_1_699' title='bbox 3592 4470 3713 4523; x_wconf 83' lang='lat' dir='ltr'><strong>anti-</strong></span> 
     </span>
    </p>
   </div>
   <div class='ocr_carea' id='block_1_105' title="bbox 2165 4554 3711 4628">
    <p class='ocr_par' dir='ltr' id='par_1_105' title="bbox 2165 4554 3711 4628">
     <span class='ocr_line' id='line_1_105' title="bbox 2165 4554 3711 4628; baseline 0.003 -18"><span class='ocrx_word' id='word_1_700' title='bbox 2165 4554 2381 4625; x_wconf 92' lang='lat' dir='ltr'><strong>quiora,</strong></span> <span class='ocrx_word' id='word_1_701' title='bbox 2408 4571 2529 4625; x_wconf 73' lang='lat' dir='ltr'><strong>quae</strong></span> <span class='ocrx_word' id='word_1_702' title='bbox 2557 4555 2633 4609; x_wconf 91' lang='lat' dir='ltr'><strong>illi</strong></span> <span class='ocrx_word' id='word_1_703' title='bbox 2663 4556 2924 4614; x_wconf 87' lang='lat' dir='ltr'><strong>adversus</strong></span> <span class='ocrx_word' id='word_1_704' title='bbox 2947 4568 3154 4628; x_wconf 84' lang='lat' dir='ltr'><strong>gentes,</strong></span> <span class='ocrx_word' id='word_1_705' title='bbox 3182 4569 3234 4613; x_wconf 90' lang='lat' dir='ltr'><strong>et</strong></span> <span class='ocrx_word' id='word_1_706' title='bbox 3259 4571 3451 4615; x_wconf 84' lang='lat' dir='ltr'><strong>contra</strong></span> <span class='ocrx_word' id='word_1_707' title='bbox 3479 4563 3564 4616; x_wconf 89' lang='lat' dir='ltr'><strong>sui</strong></span> <span class='ocrx_word' id='word_1_708' title='bbox 3594 4572 3711 4615; x_wconf 79' lang='lat' dir='ltr'><strong>tem—</strong></span> 
     </span>
    </p>
   </div>
   <div class='ocr_carea' id='block_1_106' title="bbox 2164 4642 3709 4720">
    <p class='ocr_par' dir='ltr' id='par_1_106' title="bbox 2164 4642 3709 4720">
     <span class='ocr_line' id='line_1_106' title="bbox 2164 4642 3709 4720; baseline 0.01 -27"><span class='ocrx_word' id='word_1_709' title='bbox 2164 4642 2313 4710; x_wconf 90' lang='lat' dir='ltr'><strong>poris</strong></span> <span class='ocrx_word' id='word_1_710' title='bbox 2338 4642 2619 4698; x_wconf 61' lang='lat' dir='ltr'><strong>haereticos</strong></span> <span class='ocrx_word' id='word_1_711' title='bbox 2637 4660 2735 4714; x_wconf 86' lang='lat' dir='ltr'><strong>pro</strong></span> <span class='ocrx_word' id='word_1_712' title='bbox 2764 4646 3010 4701; x_wconf 88' lang='lat' dir='ltr'><strong>veritatis</strong></span> <span class='ocrx_word' id='word_1_713' title='bbox 3030 4647 3347 4703; x_wconf 89' lang='lat' dir='ltr'><strong>defensione</strong></span> <span class='ocrx_word' id='word_1_714' title='bbox 3375 4654 3709 4720; x_wconf 75' lang='lat' dir='ltr'><strong>scripserunt.</strong></span> 
     </span>
    </p>
   </div>
   <div class='ocr_carea' id='block_1_107' title="bbox 2162 4732 3710 4809">
    <p class='ocr_par' dir='ltr' id='par_1_107' title="bbox 2162 4732 3710 4809">
     <span class='ocr_line' id='line_1_107' title="bbox 2162 4732 3710 4809; baseline 0.005 -22"><span class='ocrx_word' id='word_1_715' title='bbox 2162 4732 2437 4788; x_wconf 84' lang='lat' dir='ltr'><strong>Justinum</strong></span> <span class='ocrx_word' id='word_1_716' title='bbox 2474 4735 2736 4806; x_wconf 78' lang='lat' dir='ltr'><strong>intelligo,</strong></span> <span class='ocrx_word' id='word_1_717' title='bbox 2764 4746 2821 4792; x_wconf 87' lang='lat' dir='ltr'><strong>et</strong></span> <span class='ocrx_word' id='word_1_718' title='bbox 2854 4736 3179 4804; x_wconf 84' lang='lat' dir='ltr'><strong>Miltiadem,</strong></span> <span class='ocrx_word' id='word_1_719' title='bbox 3208 4749 3265 4794; x_wconf 89' lang='lat' dir='ltr'><strong>et</strong></span> <span class='ocrx_word' id='word_1_720' title='bbox 3307 4740 3620 4809; x_wconf 86' lang='lat' dir='ltr'><strong>Tatianum,</strong></span> <span class='ocrx_word' id='word_1_721' title='bbox 3658 4760 3710 4796; x_wconf 79' lang='lat' dir='ltr'><strong>ac</strong></span> 
     </span>
    </p>
   </div>
   <div class='ocr_carea' id='block_1_108' title="bbox 2162 4825 3708 4904">
    <p class='ocr_par' dir='ltr' id='par_1_108' title="bbox 2162 4825 3708 4904">
     <span class='ocr_line' id='line_1_108' title="bbox 2162 4825 3708 4904; baseline 0.006 -26"><span class='ocrx_word' id='word_1_722' title='bbox 2162 4825 2515 4893; x_wconf 85' lang='lat' dir='ltr'><strong>Clementem,</strong></span> <span class='ocrx_word' id='word_1_723' title='bbox 2548 4827 2793 4897; x_wconf 86' lang='lat' dir='ltr'><strong>aliosque</strong></span> <span class='ocrx_word' id='word_1_724' title='bbox 2817 4831 3269 4900; x_wconf 89' lang='lat' dir='ltr'><strong>quamplurimos,</strong></span> <span class='ocrx_word' id='word_1_725' title='bbox 3310 4833 3368 4887; x_wconf 89' lang='lat' dir='ltr'><strong>in</strong></span> <span class='ocrx_word' id='word_1_726' title='bbox 3396 4851 3624 4904; x_wconf 87' lang='lat' dir='ltr'><strong>quorum</strong></span> <span class='ocrx_word' id='word_1_727' title='bbox 3653 4836 3708 4888; x_wconf 58' lang='lat' dir='ltr'><strong>lio</strong></span> 
     </span>
    </p>
   </div>
   <div class='ocr_carea' id='block_1_109' title="bbox 2157 4915 3705 4995">
    <p class='ocr_par' dir='ltr' id='par_1_109' title="bbox 2157 4915 3705 4995">
     <span class='ocr_line' id='line_1_109' title="bbox 2157 4915 3705 4995; baseline 0.006 -27"><span class='ocrx_word' id='word_1_728' title='bbox 2157 4915 2271 4970; x_wconf 89' lang='lat' dir='ltr'><strong>bris</strong></span> <span class='ocrx_word' id='word_1_729' title='bbox 2304 4916 2506 4970; x_wconf 74' lang='lat' dir='ltr'><strong>Christi</strong></span> <span class='ocrx_word' id='word_1_730' title='bbox 2554 4918 2811 4975; x_wconf 89' lang='lat' dir='ltr'><strong>divinitas</strong></span> <span class='ocrx_word' id='word_1_731' title='bbox 2866 4922 3153 4976; x_wconf 89' lang='lat' dir='ltr'><strong>asseritur.</strong></span> <span class='ocrx_word' id='word_1_732' title='bbox 3191 4921 3331 4977; x_wconf 82' lang='lat' dir='ltr'><strong>Nam</strong></span> <span class='ocrx_word' id='word_1_733' title='bbox 3382 4926 3570 4981; x_wconf 71' lang='lat' dir='ltr'><strong>lrenzei</strong></span> <span class='ocrx_word' id='word_1_734' title='bbox 3602 4927 3705 4995; x_wconf 85' lang='lat' dir='ltr'><strong>qui-</strong></span> 
     </span>
    </p>
   </div>
   <div class='ocr_carea' id='block_1_110' title="bbox 2155 5004 3707 5085">
    <p class='ocr_par' dir='ltr' id='par_1_110' title="bbox 2155 5004 3707 5085">
     <span class='ocr_line' id='line_1_110' title="bbox 2155 5004 3707 5085; baseline 0.008 -26"><span class='ocrx_word' id='word_1_735' title='bbox 2155 5004 2299 5071; x_wconf 88' lang='lat' dir='ltr'><strong>dem,</strong></span> <span class='ocrx_word' id='word_1_736' title='bbox 2324 5016 2379 5061; x_wconf 88' lang='lat' dir='ltr'><strong>et</strong></span> <span class='ocrx_word' id='word_1_737' title='bbox 2408 5006 2697 5072; x_wconf 86' lang='lat' dir='ltr'><strong>Melitonis,</strong></span> <span class='ocrx_word' id='word_1_738' title='bbox 2730 5018 2784 5064; x_wconf 90' lang='lat' dir='ltr'><strong>et</strong></span> <span class='ocrx_word' id='word_1_739' title='bbox 2827 5012 3164 5081; x_wconf 89' lang='lat' dir='ltr'><strong>reliquorum</strong></span> <span class='ocrx_word' id='word_1_740' title='bbox 3215 5014 3450 5084; x_wconf 81' lang='lat' dir='ltr'><strong>scripta,</strong></span> <span class='ocrx_word' id='word_1_741' title='bbox 3481 5017 3608 5085; x_wconf 88' lang='lat' dir='ltr'><strong>quis</strong></span> <span class='ocrx_word' id='word_1_742' title='bbox 3638 5028 3707 5070; x_wconf 72' lang='lat' dir='ltr'><strong>est</strong></span> 
     </span>
    </p>
   </div>
   <div class='ocr_carea' id='block_1_111' title="bbox 2157 5097 3705 5169">
    <p class='ocr_par' dir='ltr' id='par_1_111' title="bbox 2157 5097 3705 5169">
     <span class='ocr_line' id='line_1_111' title="bbox 2157 5097 3705 5169; baseline 0.008 -19"><span class='ocrx_word' id='word_1_743' title='bbox 2157 5097 2252 5166; x_wconf 90' lang='lat' dir='ltr'><strong>qui</strong></span> <span class='ocrx_word' id='word_1_744' title='bbox 2290 5097 2534 5167; x_wconf 84' lang='lat' dir='ltr'><strong>ignoret,</strong></span> <span class='ocrx_word' id='word_1_745' title='bbox 2574 5101 2628 5154; x_wconf 91' lang='lat' dir='ltr'><strong>in</strong></span> <span class='ocrx_word' id='word_1_746' title='bbox 2669 5103 2867 5169; x_wconf 90' lang='lat' dir='ltr'><strong>quibus</strong></span> <span class='ocrx_word' id='word_1_747' title='bbox 2902 5104 3179 5160; x_wconf 89' lang='lat' dir='ltr'><strong>Christum</strong></span> <span class='ocrx_word' id='word_1_748' title='bbox 3224 5104 3397 5161; x_wconf 90' lang='lat' dir='ltr'><strong>Deum</strong></span> <span class='ocrx_word' id='word_1_749' title='bbox 3442 5110 3605 5163; x_wconf 86' lang='lat' dir='ltr'><strong>simul</strong></span> <span class='ocrx_word' id='word_1_750' title='bbox 3652 5126 3705 5163; x_wconf 80' lang='lat' dir='ltr'><strong>ac</strong></span> 
     </span>
    </p>
   </div>
   <div class='ocr_carea' id='block_1_112' title="bbox 2158 5190 3701 5271">
    <p class='ocr_par' dir='ltr' id='par_1_112' title="bbox 2158 5190 3701 5271">
     <span class='ocr_line' id='line_1_112' title="bbox 2158 5190 3701 5271; baseline 0.008 -29"><span class='ocrx_word' id='word_1_751' title='bbox 2158 5190 2432 5244; x_wconf 90' lang='lat' dir='ltr'><strong>hominem</strong></span> <span class='ocrx_word' id='word_1_752' title='bbox 2484 5193 3129 5268; x_wconf 63' lang='lat' dir='ltr'><strong>prmdicarunt?»Atqui,</strong></span> <span class='ocrx_word' id='word_1_753' title='bbox 3172 5200 3349 5271; x_wconf 89' lang='lat' dir='ltr'><strong>inquit</strong></span> <span class='ocrx_word' id='word_1_754' title='bbox 3384 5201 3701 5264; x_wconf 62' lang='lat' dir='ltr'><strong>Dalleus,si</strong></span> 
     </span>
    </p>
   </div>
   <div class='ocr_carea' id='block_1_113' title="bbox 2159 5280 3704 5356">
    <p class='ocr_par' dir='ltr' id='par_1_113' title="bbox 2159 5280 3704 5356">
     <span class='ocr_line' id='line_1_113' title="bbox 2159 5280 3704 5356; baseline 0.007 -21"><span class='ocrx_word' id='word_1_755' title='bbox 2159 5280 2323 5336; x_wconf 90' lang='lat' dir='ltr'><strong>Caius</strong></span> <span class='ocrx_word' id='word_1_756' title='bbox 2368 5283 2624 5352; x_wconf 89' lang='lat' dir='ltr'><strong>epistolas</strong></span> <span class='ocrx_word' id='word_1_757' title='bbox 2666 5302 2803 5356; x_wconf 92' lang='lat' dir='ltr'><strong>quas</strong></span> <span class='ocrx_word' id='word_1_758' title='bbox 2859 5288 3224 5356; x_wconf 83' lang='lat' dir='ltr'><strong>defendimus,</strong></span> <span class='ocrx_word' id='word_1_759' title='bbox 3268 5294 3359 5348; x_wconf 88' lang='lat' dir='ltr'><strong>ubi</strong></span> <span class='ocrx_word' id='word_1_760' title='bbox 3406 5294 3704 5349; x_wconf 81' lang='lat' dir='ltr'><strong>Artemonis</strong></span> 
     </span>
    </p>
   </div>
   <div class='ocr_carea' id='block_1_114' title="bbox 2157 5372 3704 5455">
    <p class='ocr_par' dir='ltr' id='par_1_114' title="bbox 2157 5372 3704 5455">
     <span class='ocr_line' id='line_1_114' title="bbox 2157 5372 3704 5455; baseline 0.008 -30"><span class='ocrx_word' id='word_1_761' title='bbox 2157 5372 2381 5428; x_wconf 67' lang='lat' dir='ltr'><strong>haeresis</strong></span> <span class='ocrx_word' id='word_1_762' title='bbox 2406 5375 2683 5443; x_wconf 84' lang='lat' dir='ltr'><strong>splendide</strong></span> <span class='ocrx_word' id='word_1_763' title='bbox 2715 5378 3049 5447; x_wconf 85' lang='lat' dir='ltr'><strong>confutatur,</strong></span> <span class='ocrx_word' id='word_1_764' title='bbox 3083 5383 3153 5439; x_wconf 90' lang='lat' dir='ltr'><strong>ab</strong></span> <span class='ocrx_word' id='word_1_765' title='bbox 3192 5383 3396 5455; x_wconf 84' lang='lat' dir='ltr'><strong>lgnatio</strong></span> <span class='ocrx_word' id='word_1_766' title='bbox 3446 5384 3704 5453; x_wconf 63' lang='lat' dir='ltr'><strong>profectas</strong></span> 
     </span>
    </p>
   </div>
   <div class='ocr_carea' id='block_1_115' title="bbox 2154 5469 3703 5543">
    <p class='ocr_par' dir='ltr' id='par_1_115' title="bbox 2154 5469 3703 5543">
     <span class='ocr_line' id='line_1_115' title="bbox 2154 5469 3703 5543; baseline 0.007 -22"><span class='ocrx_word' id='word_1_767' title='bbox 2154 5483 2274 5523; x_wconf 88' lang='lat' dir='ltr'><strong>esse</strong></span> <span class='ocrx_word' id='word_1_768' title='bbox 2317 5469 2645 5537; x_wconf 87' lang='lat' dir='ltr'><strong>reseivisset,</strong></span> <span class='ocrx_word' id='word_1_769' title='bbox 2685 5472 2766 5528; x_wconf 91' lang='lat' dir='ltr'><strong>eis</strong></span> <span class='ocrx_word' id='word_1_770' title='bbox 2814 5475 3002 5543; x_wconf 78' lang='lat' dir='ltr'><strong>procul</strong></span> <span class='ocrx_word' id='word_1_771' title='bbox 3045 5475 3213 5533; x_wconf 90' lang='lat' dir='ltr'><strong>dubio</strong></span> <span class='ocrx_word' id='word_1_772' title='bbox 3260 5479 3490 5538; x_wconf 81' lang='lat' dir='ltr'><strong>primum</strong></span> <span class='ocrx_word' id='word_1_773' title='bbox 3516 5480 3570 5532; x_wconf 90' lang='lat' dir='ltr'><strong>in</strong></span> <span class='ocrx_word' id='word_1_774' title='bbox 3614 5480 3703 5531; x_wconf 77' lang='lat' dir='ltr'><strong>hoc</strong></span> 
     </span>
    </p>
   </div>
   <div class='ocr_carea' id='block_1_116' title="bbox 1240 5694 2058 5773">
    <p class='ocr_par' dir='ltr' id='par_1_116' title="bbox 1240 5694 2050 5767">
     <span class='ocr_line' id='line_1_116' title="bbox 1240 5694 2050 5767; baseline 0.006 -21"><span class='ocrx_word' id='word_1_775' title='bbox 1240 5695 1279 5725; x_wconf 82' lang='grc'><strong>³⁷</strong></span> <span class='ocrx_word' id='word_1_776' title='bbox 1316 5695 1407 5749; x_wconf 81' lang='lat' dir='ltr'><strong>lib.</strong></span> <span class='ocrx_word' id='word_1_777' title='bbox 1449 5694 1517 5748; x_wconf 86' lang='lat' dir='ltr'><strong>De</strong></span> <span class='ocrx_word' id='word_1_778' title='bbox 1544 5696 1785 5763; x_wconf 57' lang='lat' dir='ltr'><strong>pudicit,</strong></span> <span class='ocrx_word' id='word_1_779' title='bbox 1812 5713 1931 5767; x_wconf 80' lang='lat' dir='ltr'><strong>cap.</strong></span> <span class='ocrx_word' id='word_1_780' title='bbox 1968 5697 2050 5751; x_wconf 75' lang='grc'><strong>10.</strong></span> 
     </span>
    </p>
   </div>
   <div class='ocr_carea' id='block_1_117' title="bbox 2169 5694 3569 5773">
    <p class='ocr_par' dir='ltr' id='par_1_117' title="bbox 2169 5696 3569 5773">
     <span class='ocr_line' id='line_1_117' title="bbox 2169 5696 3569 5773; baseline -0.003 -19"><span class='ocrx_word' id='word_1_781' title='bbox 2169 5702 2171 5727; x_wconf 74' lang='grc'><strong><em>⁵</em></strong></span> <span class='ocrx_word' id='word_1_782' title='bbox 2206 5716 2324 5770; x_wconf 85' lang='lat' dir='ltr'><strong>cap.</strong></span> <span class='ocrx_word' id='word_1_783' title='bbox 2356 5703 2408 5765; x_wconf 85' lang='lat'><strong>9,</strong></span> <span class='ocrx_word' id='word_1_784' title='bbox 2440 5718 2558 5773; x_wconf 79' lang='lat' dir='ltr'><strong>pag.</strong></span> <span class='ocrx_word' id='word_1_785' title='bbox 2586 5701 2710 5757; x_wconf 75' lang='lat'><strong>9.80.</strong></span> <span class='ocrx_word' id='word_1_786' title='bbox 2789 5702 2831 5735; x_wconf 72' lang='grc' dir='ltr'><strong>’τ’</strong></span> <span class='ocrx_word' id='word_1_787' title='bbox 2868 5701 3092 5768; x_wconf 49' lang='lat' dir='ltr'><strong>Euseb”</strong></span> <span class='ocrx_word' id='word_1_788' title='bbox 3124 5702 3219 5756; x_wconf 87' lang='lat' dir='ltr'><strong>lib.</strong></span> <span class='ocrx_word' id='word_1_789' title='bbox 3249 5718 3298 5769; x_wconf 87' lang='lat' dir='ltr'><strong>v,</strong></span> <span class='ocrx_word' id='word_1_790' title='bbox 3329 5715 3437 5767; x_wconf 79' lang='lat' dir='ltr'><strong>cap.</strong></span> <span class='ocrx_word' id='word_1_791' title='bbox 3472 5696 3569 5752; x_wconf 75' lang='lat'><strong>28.</strong></span> 
     </span>
    </p>
   </div>
  </div>
