  <div class='ocr_page' id='page_1' title='image "/cluster/home/n/w/nwhite01/storage/ocr_20150623/5/hvd.32044019206598/264.png"; bbox 0 0 3768 6342; ppageno 0'>
   <div class='ocr_carea' id='block_1_1' title="bbox 66 355 3295 433">
    <p class='ocr_par' dir='ltr' id='par_1_1' title="bbox 66 355 3295 433">
     <span class='ocr_line' id='line_1_1' title="bbox 66 355 3295 433; baseline 0.007 -23"><span class='ocrx_word' id='word_1_1' title='bbox 66 356 152 410; x_wconf 62' lang='lat' dir='ltr'><strong>Si}</strong></span> <span class='ocrx_word' id='word_1_2' title='bbox 1018 356 1082 410; x_wconf 85' lang='lat' dir='ltr'><strong>D.</strong></span> <span class='ocrx_word' id='word_1_3' title='bbox 1123 355 1413 413; x_wconf 71' lang='lat' dir='ltr'><strong>NOURRII</strong></span> <span class='ocrx_word' id='word_1_4' title='bbox 1454 356 1935 417; x_wconf 69' lang='lat' dir='ltr'><strong>DISSERTATIO.</strong></span> <span class='ocrx_word' id='word_1_5' title='bbox 1972 392 2041 403; x_wconf 92' lang='lat'><strong>—</strong></span> <span class='ocrx_word' id='word_1_6' title='bbox 2080 364 2262 420; x_wconf 80' lang='lat' dir='ltr'><strong>PARS</strong></span> <span class='ocrx_word' id='word_1_7' title='bbox 2299 366 2339 421; x_wconf 89' lang='lat' dir='ltr'><strong>l.</strong></span> <span class='ocrx_word' id='word_1_8' title='bbox 2871 401 2875 405; x_wconf 91' lang='lat'><em>-</em></span> <span class='ocrx_word' id='word_1_9' title='bbox 3190 376 3295 433; x_wconf 76' lang='lat' dir='ltr'><strong>5N</strong></span> 
     </span>
    </p>
   </div>
   <div class='ocr_carea' id='block_1_2' title="bbox 60 473 3299 564">
    <p class='ocr_par' dir='ltr' id='par_1_2' title="bbox 60 473 3299 564">
     <span class='ocr_line' id='line_1_2' title="bbox 60 473 3299 564; baseline 0.008 -38"><span class='ocrx_word' id='word_1_10' title='bbox 60 476 348 542; x_wconf 58' lang='lat' dir='ltr'><strong>fragmento</strong></span> <span class='ocrx_word' id='word_1_11' title='bbox 390 473 626 529; x_wconf 87' lang='lat' dir='ltr'><strong>dedisset</strong></span> <span class='ocrx_word' id='word_1_12' title='bbox 683 474 884 530; x_wconf 89' lang='lat' dir='ltr'><strong>locum.</strong></span> <span class='ocrx_word' id='word_1_13' title='bbox 936 476 1134 532; x_wconf 82' lang='lat' dir='ltr'><strong>Verum</strong></span> <span class='ocrx_word' id='word_1_14' title='bbox 1182 492 1241 534; x_wconf 92' lang='lat' dir='ltr'><strong>ut</strong></span> <span class='ocrx_word' id='word_1_15' title='bbox 1301 483 1618 539; x_wconf 88' lang='lat' dir='ltr'><strong>omittamus</strong></span> <span class='ocrx_word' id='word_1_16' title='bbox 1646 485 1804 543; x_wconf 70' lang='lat' dir='ltr'><strong>Avel</strong></span> <span class='ocrx_word' id='word_1_17' title='bbox 1833 501 2020 541; x_wconf 89' lang='lat' dir='ltr'><strong>errore</strong></span> <span class='ocrx_word' id='word_1_18' title='bbox 2047 488 2131 542; x_wconf 90' lang='lat' dir='ltr'><strong>vel</strong></span> <span class='ocrx_word' id='word_1_19' title='bbox 2168 490 2525 559; x_wconf 71' lang='lat' dir='ltr'><strong>incogitantia</strong></span> <span class='ocrx_word' id='word_1_20' title='bbox 2581 491 2667 545; x_wconf 87' lang='lat' dir='ltr'><strong>vel</strong></span> <span class='ocrx_word' id='word_1_21' title='bbox 2720 493 2994 549; x_wconf 71' lang='lat' dir='ltr'><strong>memoria:</strong></span> <span class='ocrx_word' id='word_1_22' title='bbox 3022 495 3177 564; x_wconf 91' lang='lat' dir='ltr'><strong>lapsu</strong></span> <span class='ocrx_word' id='word_1_23' title='bbox 3228 498 3299 552; x_wconf 86' lang='lat' dir='ltr'><strong>ab</strong></span> 
     </span>
    </p>
   </div>
   <div class='ocr_carea' id='block_1_3' title="bbox 56 565 3297 656">
    <p class='ocr_par' dir='ltr' id='par_1_3' title="bbox 56 565 3297 656">
     <span class='ocr_line' id='line_1_3' title="bbox 56 565 3297 656; baseline 0.009 -42"><span class='ocrx_word' id='word_1_24' title='bbox 56 566 227 617; x_wconf 69' lang='lat' dir='ltr'><strong>tiaium</strong></span> <span class='ocrx_word' id='word_1_25' title='bbox 281 573 569 633; x_wconf 74' lang='lat' dir='ltr'><strong>postquam</strong></span> <span class='ocrx_word' id='word_1_26' title='bbox 630 566 712 619; x_wconf 71' lang='lat' dir='ltr'><strong>hre</strong></span> <span class='ocrx_word' id='word_1_27' title='bbox 757 565 947 636; x_wconf 87' lang='lat' dir='ltr'><strong>lgnatii</strong></span> <span class='ocrx_word' id='word_1_28' title='bbox 980 570 1259 638; x_wconf 65' lang='lat' dir='ltr'><strong>epistolas,</strong></span> <span class='ocrx_word' id='word_1_29' title='bbox 1295 571 1452 641; x_wconf 81' lang='lat' dir='ltr'><strong>juxta</strong></span> <span class='ocrx_word' id='word_1_30' title='bbox 1501 570 1621 626; x_wconf 59' lang='lat' dir='ltr'><strong>Salo</strong></span> <span class='ocrx_word' id='word_1_31' title='bbox 1728 574 1923 645; x_wconf 86' lang='lat' dir='ltr'><strong>lgnatii</strong></span> <span class='ocrx_word' id='word_1_32' title='bbox 1967 578 2225 647; x_wconf 90' lang='lat' dir='ltr'><strong>opinione</strong></span> <span class='ocrx_word' id='word_1_33' title='bbox 2268 581 2539 636; x_wconf 83' lang='lat' dir='ltr'><strong>recedere.</strong></span> <span class='ocrx_word' id='word_1_34' title='bbox 2590 580 2760 637; x_wconf 86' lang='lat' dir='ltr'><strong>Porro</strong></span> <span class='ocrx_word' id='word_1_35' title='bbox 2809 592 2992 639; x_wconf 89' lang='lat' dir='ltr'><strong>autem</strong></span> <span class='ocrx_word' id='word_1_36' title='bbox 3039 586 3129 641; x_wconf 87' lang='lat' dir='ltr'><strong>ille</strong></span> <span class='ocrx_word' id='word_1_37' title='bbox 3181 588 3297 656; x_wconf 82' lang='lat' dir='ltr'><strong>ipse</strong></span> 
     </span>
    </p>
   </div>
   <div class='ocr_carea' id='block_1_4' title="bbox 58 657 3299 738">
    <p class='ocr_par' dir='ltr' id='par_1_4' title="bbox 58 657 3299 738">
     <span class='ocr_line' id='line_1_4' title="bbox 58 657 3299 738; baseline 0.008 -30"><span class='ocrx_word' id='word_1_38' title='bbox 58 657 220 721; x_wconf 82' lang='lat' dir='ltr'><strong>masii,</strong></span> <span class='ocrx_word' id='word_1_39' title='bbox 255 657 517 712; x_wconf 89' lang='lat' dir='ltr'><strong>Blondelli</strong></span> <span class='ocrx_word' id='word_1_40' title='bbox 550 668 605 713; x_wconf 89' lang='lat' dir='ltr'><strong>et</strong></span> <span class='ocrx_word' id='word_1_41' title='bbox 629 659 1279 731; x_wconf 78' lang='lat' dir='ltr'><strong>Albertini,utdiximus,</strong></span> <span class='ocrx_word' id='word_1_42' title='bbox 1306 666 1618 735; x_wconf 87' lang='lat' dir='ltr'><strong>opinionem</strong></span> <span class='ocrx_word' id='word_1_43' title='bbox 1727 685 1887 738; x_wconf 87' lang='lat' dir='ltr'><strong>quem</strong></span> <span class='ocrx_word' id='word_1_44' title='bbox 1936 670 2167 726; x_wconf 61' lang='lat' dir='ltr'><strong>Dallaeus</strong></span> <span class='ocrx_word' id='word_1_45' title='bbox 2211 674 2386 727; x_wconf 89' lang='lat' dir='ltr'><strong>virum</strong></span> <span class='ocrx_word' id='word_1_46' title='bbox 2448 690 2677 729; x_wconf 77' lang='lat' dir='ltr'><strong>summa:</strong></span> <span class='ocrx_word' id='word_1_47' title='bbox 2725 676 3048 732; x_wconf 89' lang='lat' dir='ltr'><strong>eruditionis</strong></span> <span class='ocrx_word' id='word_1_48' title='bbox 3102 678 3299 734; x_wconf 83' lang='lat' dir='ltr'><strong>merito</strong></span> 
     </span>
    </p>
   </div>
   <div class='ocr_carea' id='block_1_5' title="bbox 59 748 1620 823">
    <p class='ocr_par' dir='ltr' id='par_1_5' title="bbox 59 748 1620 823">
     <span class='ocr_line' id='line_1_5' title="bbox 59 748 1620 823; baseline 0.009 -24"><span class='ocrx_word' id='word_1_49' title='bbox 59 750 102 800; x_wconf 88' lang='lat' dir='ltr'><strong>in</strong></span> <span class='ocrx_word' id='word_1_50' title='bbox 128 748 320 819; x_wconf 88' lang='lat' dir='ltr'><strong>vulgus</strong></span> <span class='ocrx_word' id='word_1_51' title='bbox 362 752 708 820; x_wconf 87' lang='lat' dir='ltr'><strong>prodierant,</strong></span> <span class='ocrx_word' id='word_1_52' title='bbox 751 753 912 808; x_wconf 85' lang='lat' dir='ltr'><strong>tertio</strong></span> <span class='ocrx_word' id='word_1_53' title='bbox 951 753 1203 811; x_wconf 86' lang='lat' dir='ltr'><strong>ﬂoruisse</strong></span> <span class='ocrx_word' id='word_1_54' title='bbox 1248 759 1484 823; x_wconf 63' lang='lat' dir='ltr'><strong>saeculo;</strong></span> <span class='ocrx_word' id='word_1_55' title='bbox 1535 775 1620 812; x_wconf 81' lang='lat' dir='ltr'><strong>re-</strong></span> 
     </span>
    </p>
   </div>
   <div class='ocr_carea' id='block_1_6' title="bbox 58 843 1617 920">
    <p class='ocr_par' dir='ltr' id='par_1_6' title="bbox 58 843 1617 920">
     <span class='ocr_line' id='line_1_6' title="bbox 58 843 1617 920; baseline 0.01 -28"><span class='ocrx_word' id='word_1_56' title='bbox 58 843 379 907; x_wconf 86' lang='lat' dir='ltr'><strong>spondemus</strong></span> <span class='ocrx_word' id='word_1_57' title='bbox 426 844 526 898; x_wconf 89' lang='lat' dir='ltr'><strong>hac</strong></span> <span class='ocrx_word' id='word_1_58' title='bbox 554 845 1025 915; x_wconf 88' lang='lat' dir='ltr'><strong>argumentatione</strong></span> <span class='ocrx_word' id='word_1_59' title='bbox 1052 848 1187 903; x_wconf 84' lang='lat' dir='ltr'><strong>nihil</strong></span> <span class='ocrx_word' id='word_1_60' title='bbox 1225 866 1388 920; x_wconf 76' lang='lat' dir='ltr'><strong>posse</strong></span> <span class='ocrx_word' id='word_1_61' title='bbox 1425 853 1617 907; x_wconf 85' lang='lat' dir='ltr'><strong>conlici</strong></span> 
     </span>
    </p>
   </div>
   <div class='ocr_carea' id='block_1_7' title="bbox 69 933 1617 1013">
    <p class='ocr_par' dir='ltr' id='par_1_7' title="bbox 69 933 1617 1013">
     <span class='ocr_line' id='line_1_7' title="bbox 69 933 1617 1013; baseline 0.01 -29"><span class='ocrx_word' id='word_1_62' title='bbox 69 933 159 986; x_wconf 82' lang='lat' dir='ltr'><strong>nisi</strong></span> <span class='ocrx_word' id='word_1_63' title='bbox 188 933 337 1002; x_wconf 89' lang='lat' dir='ltr'><strong>prius</strong></span> <span class='ocrx_word' id='word_1_64' title='bbox 351 934 542 990; x_wconf 87' lang='lat' dir='ltr'><strong>Caium</strong></span> <span class='ocrx_word' id='word_1_65' title='bbox 574 937 642 991; x_wconf 89' lang='lat' dir='ltr'><strong>ad</strong></span> <span class='ocrx_word' id='word_1_66' title='bbox 674 936 866 1006; x_wconf 87' lang='lat' dir='ltr'><strong>Ignatii</strong></span> <span class='ocrx_word' id='word_1_67' title='bbox 891 938 1063 992; x_wconf 83' lang='lat' dir='ltr'><strong>nostri</strong></span> <span class='ocrx_word' id='word_1_68' title='bbox 1092 940 1337 997; x_wconf 87' lang='lat' dir='ltr'><strong>citandas</strong></span> <span class='ocrx_word' id='word_1_69' title='bbox 1358 943 1617 1013; x_wconf 81' lang='lat' dir='ltr'><strong>epistolas</strong></span> 
     </span>
    </p>
   </div>
   <div class='ocr_carea' id='block_1_8' title="bbox 64 1025 1610 1096">
    <p class='ocr_par' dir='ltr' id='par_1_8' title="bbox 64 1025 1610 1096">
     <span class='ocr_line' id='line_1_8' title="bbox 64 1025 1610 1096; baseline 0.01 -22"><span class='ocrx_word' id='word_1_70' title='bbox 64 1025 368 1079; x_wconf 77' lang='lat' dir='ltr'><strong>necessitate</strong></span> <span class='ocrx_word' id='word_1_71' title='bbox 422 1027 605 1096; x_wconf 89' lang='lat' dir='ltr'><strong>aliqua</strong></span> <span class='ocrx_word' id='word_1_72' title='bbox 654 1029 907 1083; x_wconf 80' lang='lat' dir='ltr'><strong>adactum</strong></span> <span class='ocrx_word' id='word_1_73' title='bbox 964 1028 1135 1085; x_wconf 82' lang='lat' dir='ltr'><strong>fuisse</strong></span> <span class='ocrx_word' id='word_1_74' title='bbox 1187 1032 1610 1089; x_wconf 90' lang='lat' dir='ltr'><strong>demonstretur.</strong></span> 
     </span>
    </p>
   </div>
   <div class='ocr_carea' id='block_1_9' title="bbox 59 1115 1613 1192">
    <p class='ocr_par' dir='ltr' id='par_1_9' title="bbox 59 1115 1613 1192">
     <span class='ocr_line' id='line_1_9' title="bbox 59 1115 1613 1192; baseline 0.009 -26"><span class='ocrx_word' id='word_1_75' title='bbox 59 1115 258 1169; x_wconf 81' lang='lat' dir='ltr'><strong>Ateum</strong></span> <span class='ocrx_word' id='word_1_76' title='bbox 317 1115 440 1177; x_wconf 90' lang='lat' dir='ltr'><strong>ille,</strong></span> <span class='ocrx_word' id='word_1_77' title='bbox 489 1117 681 1185; x_wconf 82' lang='lat' dir='ltr'><strong>paucis</strong></span> <span class='ocrx_word' id='word_1_78' title='bbox 740 1117 1101 1187; x_wconf 86' lang='lat' dir='ltr'><strong>scriptoribus</strong></span> <span class='ocrx_word' id='word_1_79' title='bbox 1150 1126 1613 1192; x_wconf 86' lang='lat' dir='ltr'><strong>commemoratis,</strong></span> 
     </span>
    </p>
   </div>
   <div class='ocr_carea' id='block_1_10' title="bbox 58 1207 1613 1282">
    <p class='ocr_par' dir='ltr' id='par_1_10' title="bbox 58 1207 1613 1282">
     <span class='ocr_line' id='line_1_10' title="bbox 58 1207 1613 1282; baseline 0.008 -23"><span class='ocrx_word' id='word_1_80' title='bbox 58 1207 174 1261; x_wconf 85' lang='lat' dir='ltr'><strong>alios</strong></span> <span class='ocrx_word' id='word_1_81' title='bbox 200 1208 634 1278; x_wconf 83' lang='lat' dir='ltr'><strong>quamplurimos</strong></span> <span class='ocrx_word' id='word_1_82' title='bbox 663 1226 722 1266; x_wconf 91' lang='lat' dir='ltr'><strong>se</strong></span> <span class='ocrx_word' id='word_1_83' title='bbox 747 1215 1162 1280; x_wconf 71' lang='lat' dir='ltr'><strong>praetermisisse</strong></span> <span class='ocrx_word' id='word_1_84' title='bbox 1183 1224 1430 1282; x_wconf 88' lang='lat' dir='ltr'><strong>testetur,</strong></span> <span class='ocrx_word' id='word_1_85' title='bbox 1465 1218 1613 1272; x_wconf 90' lang='lat' dir='ltr'><strong>nulla</strong></span> 
     </span>
    </p>
   </div>
   <div class='ocr_carea' id='block_1_11' title="bbox 58 1298 1611 1381">
    <p class='ocr_par' dir='ltr' id='par_1_11' title="bbox 58 1298 1611 1381">
     <span class='ocr_line' id='line_1_11' title="bbox 58 1298 1611 1381; baseline 0.012 -33"><span class='ocrx_word' id='word_1_86' title='bbox 58 1298 260 1350; x_wconf 86' lang='lat' dir='ltr'><strong>omnino</strong></span> <span class='ocrx_word' id='word_1_87' title='bbox 283 1298 352 1352; x_wconf 89' lang='lat' dir='ltr'><strong>ad</strong></span> <span class='ocrx_word' id='word_1_88' title='bbox 387 1314 482 1354; x_wconf 84' lang='lat' dir='ltr'><strong>eas</strong></span> <span class='ocrx_word' id='word_1_89' title='bbox 511 1301 811 1357; x_wconf 88' lang='lat' dir='ltr'><strong>laudandas</strong></span> <span class='ocrx_word' id='word_1_90' title='bbox 841 1309 1161 1366; x_wconf 86' lang='lat' dir='ltr'><strong>necessitate</strong></span> <span class='ocrx_word' id='word_1_91' title='bbox 1184 1325 1243 1365; x_wconf 88' lang='lat' dir='ltr'><strong>se</strong></span> <span class='ocrx_word' id='word_1_92' title='bbox 1267 1311 1611 1381; x_wconf 91' lang='lat' dir='ltr'><strong>compulsum</strong></span> 
     </span>
    </p>
   </div>
   <div class='ocr_carea' id='block_1_12' title="bbox 58 1390 894 1465">
    <p class='ocr_par' dir='ltr' id='par_1_12' title="bbox 58 1390 894 1465">
     <span class='ocr_line' id='line_1_12' title="bbox 58 1390 894 1465; baseline 0.012 -23"><span class='ocrx_word' id='word_1_93' title='bbox 58 1390 205 1444; x_wconf 74' lang='lat' dir='ltr'><strong>fuisse</strong></span> <span class='ocrx_word' id='word_1_94' title='bbox 235 1392 582 1459; x_wconf 85' lang='lat' dir='ltr'><strong>apertissime</strong></span> <span class='ocrx_word' id='word_1_95' title='bbox 604 1396 894 1465; x_wconf 79' lang='lat' dir='ltr'><strong>signiﬁcat.</strong></span> 
     </span>
    </p>
   </div>
   <div class='ocr_carea' id='block_1_13' title="bbox 117 1482 1609 1562">
    <p class='ocr_par' dir='ltr' id='par_1_13' title="bbox 117 1482 1609 1562">
     <span class='ocr_line' id='line_1_13' title="bbox 117 1482 1609 1562; baseline 0.009 -29"><span class='ocrx_word' id='word_1_96' title='bbox 117 1482 273 1535; x_wconf 90' lang='lat' dir='ltr'><strong>Instat</strong></span> <span class='ocrx_word' id='word_1_97' title='bbox 326 1482 634 1542; x_wconf 71' lang='lat' dir='ltr'><strong>Dallzeanus</strong></span> <span class='ocrx_word' id='word_1_98' title='bbox 704 1487 962 1545; x_wconf 81' lang='lat' dir='ltr'><strong>defensor</strong></span> <span class='ocrx_word' id='word_1_99' title='bbox 1002 1510 1017 1545; x_wconf 91' lang='lat'><strong>:</strong></span> <span class='ocrx_word' id='word_1_100' title='bbox 1051 1491 1292 1562; x_wconf 84' lang='lat' dir='ltr'><strong>lgnatius</strong></span> <span class='ocrx_word' id='word_1_101' title='bbox 1366 1494 1609 1547; x_wconf 87' lang='lat' dir='ltr'><strong>omnium</strong></span> 
     </span>
    </p>
   </div>
   <div class='ocr_carea' id='block_1_14' title="bbox 57 1560 1605 1651">
    <p class='ocr_par' dir='ltr' id='par_1_14' title="bbox 57 1560 1605 1651">
     <span class='ocr_line' id='line_1_14' title="bbox 57 1560 1605 1651; baseline 0.009 -26"><span class='ocrx_word' id='word_1_102' title='bbox 57 1574 183 1642; x_wconf 81' lang='lat' dir='ltr'><strong>quia</strong></span> <span class='ocrx_word' id='word_1_103' title='bbox 205 1574 335 1628; x_wconf 89' lang='lat' dir='ltr'><strong>Caio</strong></span> <span class='ocrx_word' id='word_1_104' title='bbox 360 1587 737 1633; x_wconf 90' lang='lat' dir='ltr'><strong>memorantur</strong></span> <span class='ocrx_word' id='word_1_105' title='bbox 763 1582 1046 1651; x_wconf 89' lang='lat' dir='ltr'><strong>antiquior</strong></span> <span class='ocrx_word' id='word_1_106' title='bbox 1077 1592 1131 1637; x_wconf 91' lang='lat' dir='ltr'><strong>et</strong></span> <span class='ocrx_word' id='word_1_107' title='bbox 1153 1560 1418 1640; x_wconf 70' lang='lat' dir='ltr'><strong>celebrior</strong></span> <span class='ocrx_word' id='word_1_108' title='bbox 1450 1595 1567 1641; x_wconf 87' lang='lat' dir='ltr'><strong>erat</strong></span> <span class='ocrx_word' id='word_1_109' title='bbox 1591 1603 1605 1639; x_wconf 90' lang='lat'><strong>:</strong></span> 
     </span>
    </p>
   </div>
   <div class='ocr_carea' id='block_1_15' title="bbox 57 1666 1612 1736">
    <p class='ocr_par' dir='ltr' id='par_1_15' title="bbox 57 1666 1612 1736">
     <span class='ocr_line' id='line_1_15' title="bbox 57 1666 1612 1736; baseline 0.011 -19"><span class='ocrx_word' id='word_1_110' title='bbox 57 1680 167 1736; x_wconf 84' lang='lat' dir='ltr'><strong>ergo</strong></span> <span class='ocrx_word' id='word_1_111' title='bbox 198 1666 264 1719; x_wconf 90' lang='lat' dir='ltr'><strong>ab</strong></span> <span class='ocrx_word' id='word_1_112' title='bbox 290 1681 357 1720; x_wconf 90' lang='lat' dir='ltr'><strong>co</strong></span> <span class='ocrx_word' id='word_1_113' title='bbox 377 1667 567 1722; x_wconf 84' lang='lat' dir='ltr'><strong>debuit</strong></span> <span class='ocrx_word' id='word_1_114' title='bbox 600 1670 777 1725; x_wconf 89' lang='lat' dir='ltr'><strong>citari.</strong></span> <span class='ocrx_word' id='word_1_115' title='bbox 805 1672 908 1728; x_wconf 89' lang='lat' dir='ltr'><strong>Sed</strong></span> <span class='ocrx_word' id='word_1_116' title='bbox 936 1674 1071 1731; x_wconf 82' lang='lat' dir='ltr'><strong>falsa</strong></span> <span class='ocrx_word' id='word_1_117' title='bbox 1109 1686 1192 1732; x_wconf 88' lang='lat' dir='ltr'><strong>est</strong></span> <span class='ocrx_word' id='word_1_118' title='bbox 1218 1692 1284 1731; x_wconf 80' lang='lat' dir='ltr'><strong>ex</strong></span> <span class='ocrx_word' id='word_1_119' title='bbox 1307 1693 1436 1733; x_wconf 90' lang='lat' dir='ltr'><strong>vero</strong></span> <span class='ocrx_word' id='word_1_120' title='bbox 1458 1688 1612 1735; x_wconf 91' lang='lat' dir='ltr'><strong>ante-</strong></span> 
     </span>
    </p>
   </div>
   <div class='ocr_carea' id='block_1_16' title="bbox 60 1758 1611 1839">
    <p class='ocr_par' dir='ltr' id='par_1_16' title="bbox 60 1758 1611 1839">
     <span class='ocr_line' id='line_1_16' title="bbox 60 1758 1611 1839; baseline 0.012 -29"><span class='ocrx_word' id='word_1_121' title='bbox 60 1758 259 1813; x_wconf 78' lang='lat' dir='ltr'><strong>cedente</strong></span> <span class='ocrx_word' id='word_1_122' title='bbox 304 1760 541 1816; x_wconf 88' lang='lat' dir='ltr'><strong>deducta</strong></span> <span class='ocrx_word' id='word_1_123' title='bbox 579 1768 993 1834; x_wconf 88' lang='lat' dir='ltr'><strong>consequentia.</strong></span> <span class='ocrx_word' id='word_1_124' title='bbox 1051 1767 1239 1839; x_wconf 87' lang='lat' dir='ltr'><strong>Neque</strong></span> <span class='ocrx_word' id='word_1_125' title='bbox 1271 1772 1416 1825; x_wconf 90' lang='lat' dir='ltr'><strong>enim</strong></span> <span class='ocrx_word' id='word_1_126' title='bbox 1444 1772 1611 1829; x_wconf 90' lang='lat' dir='ltr'><strong>Caius</strong></span> 
     </span>
    </p>
   </div>
   <div class='ocr_carea' id='block_1_17' title="bbox 1727 762 3295 837">
    <p class='ocr_par' dir='ltr' id='par_1_17' title="bbox 1727 762 3295 837">
     <span class='ocr_line' id='line_1_17' title="bbox 1727 762 3295 837; baseline 0.008 -23"><span class='ocrx_word' id='word_1_127' title='bbox 1727 762 1992 825; x_wconf 88' lang='lat' dir='ltr'><strong>nominat,</strong></span> <span class='ocrx_word' id='word_1_128' title='bbox 2021 764 2234 818; x_wconf 90' lang='lat' dir='ltr'><strong>nescire</strong></span> <span class='ocrx_word' id='word_1_129' title='bbox 2263 780 2370 818; x_wconf 91' lang='lat' dir='ltr'><strong>non</strong></span> <span class='ocrx_word' id='word_1_130' title='bbox 2422 776 2641 835; x_wconf 90' lang='lat' dir='ltr'><strong>poterat</strong></span> <span class='ocrx_word' id='word_1_131' title='bbox 2680 767 2862 837; x_wconf 83' lang='lat' dir='ltr'><strong>plures</strong></span> <span class='ocrx_word' id='word_1_132' title='bbox 2889 770 2958 823; x_wconf 89' lang='lat' dir='ltr'><strong>ab</strong></span> <span class='ocrx_word' id='word_1_133' title='bbox 2989 770 3146 825; x_wconf 90' lang='lat' dir='ltr'><strong>initio</strong></span> <span class='ocrx_word' id='word_1_134' title='bbox 3169 787 3295 827; x_wconf 87' lang='lat' dir='ltr'><strong>nas-</strong></span> 
     </span>
    </p>
   </div>
   <div class='ocr_carea' id='block_1_18' title="bbox 1723 852 3295 930">
    <p class='ocr_par' dir='ltr' id='par_1_18' title="bbox 1723 852 3295 930">
     <span class='ocr_line' id='line_1_18' title="bbox 1723 852 3295 930; baseline 0.008 -26"><span class='ocrx_word' id='word_1_135' title='bbox 1723 853 1895 906; x_wconf 90' lang='lat' dir='ltr'><strong>centis</strong></span> <span class='ocrx_word' id='word_1_136' title='bbox 1929 852 2188 908; x_wconf 71' lang='lat' dir='ltr'><strong>Ecclesia:</strong></span> <span class='ocrx_word' id='word_1_137' title='bbox 2231 865 2379 910; x_wconf 90' lang='lat' dir='ltr'><strong>ortas</strong></span> <span class='ocrx_word' id='word_1_138' title='bbox 2404 857 2659 913; x_wconf 67' lang='lat' dir='ltr'><strong>Intereses.</strong></span> <span class='ocrx_word' id='word_1_139' title='bbox 2710 859 3054 930; x_wconf 83' lang='lat' dir='ltr'><strong>Quapropter</strong></span> <span class='ocrx_word' id='word_1_140' title='bbox 3096 862 3151 915; x_wconf 91' lang='lat' dir='ltr'><strong>iu</strong></span> <span class='ocrx_word' id='word_1_141' title='bbox 3199 862 3295 916; x_wconf 91' lang='lat' dir='ltr'><strong>illo</strong></span> 
     </span>
    </p>
   </div>
   <div class='ocr_carea' id='block_1_19' title="bbox 1718 947 3292 1020">
    <p class='ocr_par' dir='ltr' id='par_1_19' title="bbox 1718 947 3292 1020">
     <span class='ocr_line' id='line_1_19' title="bbox 1718 947 3292 1020; baseline 0.008 -23"><span class='ocrx_word' id='word_1_142' title='bbox 1718 954 2055 1014; x_wconf 87' lang='lat' dir='ltr'><strong>opportuno,</strong></span> <span class='ocrx_word' id='word_1_143' title='bbox 2098 947 2257 1001; x_wconf 88' lang='lat' dir='ltr'><strong>sicuti</strong></span> <span class='ocrx_word' id='word_1_144' title='bbox 2286 949 2532 1018; x_wconf 86' lang='lat' dir='ltr'><strong>loquitur</strong></span> <span class='ocrx_word' id='word_1_145' title='bbox 2562 950 2790 1007; x_wconf 86' lang='lat' dir='ltr'><strong>Dallaeus</strong></span> <span class='ocrx_word' id='word_1_146' title='bbox 2818 994 2833 1020; x_wconf 92' lang='lat'><strong>,</strong></span> <span class='ocrx_word' id='word_1_147' title='bbox 2865 954 2987 1008; x_wconf 89' lang='lat' dir='ltr'><strong>loco</strong></span> <span class='ocrx_word' id='word_1_148' title='bbox 3016 970 3121 1008; x_wconf 93' lang='lat' dir='ltr'><strong>non</strong></span> <span class='ocrx_word' id='word_1_149' title='bbox 3146 956 3292 1009; x_wconf 85' lang='lat' dir='ltr'><strong>aliud</strong></span> 
     </span>
    </p>
   </div>
   <div class='ocr_carea' id='block_1_20' title="bbox 1723 1037 3293 1114">
    <p class='ocr_par' dir='ltr' id='par_1_20' title="bbox 1723 1037 3293 1114">
     <span class='ocr_line' id='line_1_20' title="bbox 1723 1037 3293 1114; baseline 0.008 -25"><span class='ocrx_word' id='word_1_150' title='bbox 1723 1037 1909 1090; x_wconf 89' lang='lat' dir='ltr'><strong>animo</strong></span> <span class='ocrx_word' id='word_1_151' title='bbox 1937 1037 2248 1093; x_wconf 87' lang='lat' dir='ltr'><strong>intendebat</strong></span> <span class='ocrx_word' id='word_1_152' title='bbox 2275 1039 2544 1107; x_wconf 86' lang='lat' dir='ltr'><strong>Clemens,</strong></span> <span class='ocrx_word' id='word_1_153' title='bbox 2581 1059 2743 1112; x_wconf 90' lang='lat' dir='ltr'><strong>quam</strong></span> <span class='ocrx_word' id='word_1_154' title='bbox 2782 1054 2842 1097; x_wconf 88' lang='lat' dir='ltr'><strong>ut</strong></span> <span class='ocrx_word' id='word_1_155' title='bbox 2870 1059 2964 1099; x_wconf 86' lang='lat' dir='ltr'><strong>eos</strong></span> <span class='ocrx_word' id='word_1_156' title='bbox 2987 1044 3054 1099; x_wconf 91' lang='lat' dir='ltr'><strong>de</strong></span> <span class='ocrx_word' id='word_1_157' title='bbox 3092 1046 3293 1114; x_wconf 88' lang='lat' dir='ltr'><strong>quibus</strong></span> 
     </span>
    </p>
   </div>
   <div class='ocr_carea' id='block_1_21' title="bbox 1720 1128 3293 1206">
    <p class='ocr_par' dir='ltr' id='par_1_21' title="bbox 1720 1128 3293 1206">
     <span class='ocr_line' id='line_1_21' title="bbox 1720 1128 3293 1206; baseline 0.006 -24"><span class='ocrx_word' id='word_1_158' title='bbox 1720 1128 1943 1183; x_wconf 90' lang='lat' dir='ltr'><strong>disserit</strong></span> <span class='ocrx_word' id='word_1_159' title='bbox 2002 1130 2320 1195; x_wconf 74' lang='lat' dir='ltr'><strong>hzcreticos,</strong></span> <span class='ocrx_word' id='word_1_160' title='bbox 2367 1148 2473 1185; x_wconf 91' lang='lat' dir='ltr'><strong>non</strong></span> <span class='ocrx_word' id='word_1_161' title='bbox 2510 1141 2701 1198; x_wconf 74' lang='lat' dir='ltr'><strong>tantae,</strong></span> <span class='ocrx_word' id='word_1_162' title='bbox 2749 1144 3011 1205; x_wconf 91' lang='lat' dir='ltr'><strong>quantum</strong></span> <span class='ocrx_word' id='word_1_163' title='bbox 3059 1137 3095 1190; x_wconf 88' lang='lat' dir='ltr'><strong>ii</strong></span> <span class='ocrx_word' id='word_1_164' title='bbox 3130 1137 3293 1206; x_wconf 88' lang='lat' dir='ltr'><strong>jaeti-</strong></span> 
     </span>
    </p>
   </div>
   <div class='ocr_carea' id='block_1_22' title="bbox 1718 1220 3292 1290">
    <p class='ocr_par' dir='ltr' id='par_1_22' title="bbox 1718 1220 3292 1290">
     <span class='ocr_line' id='line_1_22' title="bbox 1718 1220 3292 1290; baseline 0.006 -18"><span class='ocrx_word' id='word_1_165' title='bbox 1718 1220 1927 1285; x_wconf 80' lang='lat' dir='ltr'><strong>labant,</strong></span> <span class='ocrx_word' id='word_1_166' title='bbox 1949 1222 2291 1290; x_wconf 89' lang='lat' dir='ltr'><strong>antiquitatis</strong></span> <span class='ocrx_word' id='word_1_167' title='bbox 2316 1222 2487 1279; x_wconf 80' lang='lat' dir='ltr'><strong>fuisse</strong></span> <span class='ocrx_word' id='word_1_168' title='bbox 2515 1226 2844 1282; x_wconf 91' lang='lat' dir='ltr'><strong>ostenderet.</strong></span> <span class='ocrx_word' id='word_1_169' title='bbox 2888 1227 2967 1280; x_wconf 87' lang='lat' dir='ltr'><strong>Ad</strong></span> <span class='ocrx_word' id='word_1_170' title='bbox 3016 1228 3065 1282; x_wconf 91' lang='lat' dir='ltr'><strong>id</strong></span> <span class='ocrx_word' id='word_1_171' title='bbox 3111 1238 3292 1282; x_wconf 87' lang='lat' dir='ltr'><strong>autem</strong></span> 
     </span>
    </p>
   </div>
   <div class='ocr_carea' id='block_1_23' title="bbox 1719 1312 3295 1387">
    <p class='ocr_par' dir='ltr' id='par_1_23' title="bbox 1719 1312 3295 1387">
     <span class='ocr_line' id='line_1_23' title="bbox 1719 1312 3295 1387; baseline 0.006 -24"><span class='ocrx_word' id='word_1_172' title='bbox 1719 1312 2061 1380; x_wconf 88' lang='lat' dir='ltr'><strong>probandum</strong></span> <span class='ocrx_word' id='word_1_173' title='bbox 2089 1315 2400 1369; x_wconf 89' lang='lat' dir='ltr'><strong>necessaria</strong></span> <span class='ocrx_word' id='word_1_174' title='bbox 2447 1332 2556 1371; x_wconf 91' lang='lat' dir='ltr'><strong>non</strong></span> <span class='ocrx_word' id='word_1_175' title='bbox 2601 1327 2719 1371; x_wconf 89' lang='lat' dir='ltr'><strong>erat</strong></span> <span class='ocrx_word' id='word_1_176' title='bbox 2756 1318 2947 1387; x_wconf 89' lang='lat' dir='ltr'><strong>lgnatii</strong></span> <span class='ocrx_word' id='word_1_177' title='bbox 2982 1321 3155 1375; x_wconf 86' lang='lat' dir='ltr'><strong>nostri</strong></span> <span class='ocrx_word' id='word_1_178' title='bbox 3203 1336 3295 1373; x_wconf 89' lang='lat' dir='ltr'><strong>au-</strong></span> 
     </span>
    </p>
   </div>
   <div class='ocr_carea' id='block_1_24' title="bbox 1718 1406 1963 1460">
    <p class='ocr_par' dir='ltr' id='par_1_24' title="bbox 1718 1406 1963 1460">
     <span class='ocr_line' id='line_1_24' title="bbox 1718 1406 1963 1460; baseline 0 -1"><span class='ocrx_word' id='word_1_179' title='bbox 1718 1406 1853 1460; x_wconf 92' lang='lat' dir='ltr'><strong>ctori</strong></span> <span class='ocrx_word' id='word_1_180' title='bbox 1863 1415 1963 1460; x_wconf 89' lang='lat' dir='ltr'><strong>tas.</strong></span> 
     </span>
    </p>
   </div>
   <div class='ocr_carea' id='block_1_25' title="bbox 1791 1498 3289 1570">
    <p class='ocr_par' dir='ltr' id='par_1_25' title="bbox 1791 1498 3289 1570">
     <span class='ocr_line' id='line_1_25' title="bbox 1791 1498 3289 1570; baseline 0.009 -20"><span class='ocrx_word' id='word_1_181' title='bbox 1791 1499 1968 1567; x_wconf 81' lang='lat' dir='ltr'><strong>Atque</strong></span> <span class='ocrx_word' id='word_1_182' title='bbox 2002 1498 2093 1553; x_wconf 93' lang='lat' dir='ltr'><strong>hic</strong></span> <span class='ocrx_word' id='word_1_183' title='bbox 2137 1499 2465 1555; x_wconf 85' lang='lat' dir='ltr'><strong>terminatur</strong></span> <span class='ocrx_word' id='word_1_184' title='bbox 2499 1502 2814 1570; x_wconf 87' lang='lat' dir='ltr'><strong>negativum</strong></span> <span class='ocrx_word' id='word_1_185' title='bbox 2848 1504 3289 1563; x_wconf 78' lang='lat' dir='ltr'><strong>adversariorum</strong></span> 
     </span>
    </p>
   </div>
   <div class='ocr_carea' id='block_1_26' title="bbox 1716 1591 3295 1667">
    <p class='ocr_par' dir='ltr' id='par_1_26' title="bbox 1716 1591 3295 1667">
     <span class='ocr_line' id='line_1_26' title="bbox 1716 1591 3295 1667; baseline 0.008 -26"><span class='ocrx_word' id='word_1_186' title='bbox 1716 1600 2124 1657; x_wconf 85' lang='lat' dir='ltr'><strong>argumentum,</strong></span> <span class='ocrx_word' id='word_1_187' title='bbox 2154 1606 2185 1646; x_wconf 89' lang='lat' dir='ltr'><strong>e</strong></span> <span class='ocrx_word' id='word_1_188' title='bbox 2211 1591 2539 1662; x_wconf 88' lang='lat' dir='ltr'><strong>scriptorum</strong></span> <span class='ocrx_word' id='word_1_189' title='bbox 2570 1594 2638 1648; x_wconf 89' lang='lat' dir='ltr'><strong>de</strong></span> <span class='ocrx_word' id='word_1_190' title='bbox 2686 1593 2877 1663; x_wconf 87' lang='lat' dir='ltr'><strong>lgnatii</strong></span> <span class='ocrx_word' id='word_1_191' title='bbox 2925 1598 3173 1667; x_wconf 89' lang='lat' dir='ltr'><strong>epistolis</strong></span> <span class='ocrx_word' id='word_1_192' title='bbox 3218 1600 3295 1654; x_wconf 88' lang='lat' dir='ltr'><strong>si-</strong></span> 
     </span>
    </p>
   </div>
   <div class='ocr_carea' id='block_1_27' title="bbox 1721 1679 3294 1758">
    <p class='ocr_par' dir='ltr' id='par_1_27' title="bbox 1721 1679 3294 1758">
     <span class='ocr_line' id='line_1_27' title="bbox 1721 1679 3294 1758; baseline 0.007 -26"><span class='ocrx_word' id='word_1_193' title='bbox 1721 1679 1889 1733; x_wconf 89' lang='lat' dir='ltr'><strong>lentio</strong></span> <span class='ocrx_word' id='word_1_194' title='bbox 1911 1680 2171 1749; x_wconf 84' lang='lat' dir='ltr'><strong>petitum;</strong></span> <span class='ocrx_word' id='word_1_195' title='bbox 2221 1681 2369 1751; x_wconf 89' lang='lat' dir='ltr'><strong>quod</strong></span> <span class='ocrx_word' id='word_1_196' title='bbox 2412 1698 2611 1753; x_wconf 91' lang='lat' dir='ltr'><strong>magno</strong></span> <span class='ocrx_word' id='word_1_197' title='bbox 2638 1684 2856 1753; x_wconf 89' lang='lat' dir='ltr'><strong>quidem</strong></span> <span class='ocrx_word' id='word_1_198' title='bbox 2884 1688 3173 1742; x_wconf 86' lang='lat' dir='ltr'><strong>verborum</strong></span> <span class='ocrx_word' id='word_1_199' title='bbox 3199 1704 3294 1758; x_wconf 87' lang='lat' dir='ltr'><strong>ap-</strong></span> 
     </span>
    </p>
   </div>
   <div class='ocr_carea' id='block_1_28' title="bbox 1715 1773 3293 1848">
    <p class='ocr_par' dir='ltr' id='par_1_28' title="bbox 1715 1773 3293 1848">
     <span class='ocr_line' id='line_1_28' title="bbox 1715 1773 3293 1848; baseline 0.006 -23"><span class='ocrx_word' id='word_1_200' title='bbox 1715 1780 1931 1840; x_wconf 90' lang='lat' dir='ltr'><strong>paratu,</strong></span> <span class='ocrx_word' id='word_1_201' title='bbox 1959 1773 2207 1842; x_wconf 90' lang='lat' dir='ltr'><strong>miraque</strong></span> <span class='ocrx_word' id='word_1_202' title='bbox 2242 1774 2519 1828; x_wconf 88' lang='lat' dir='ltr'><strong>inutilium</strong></span> <span class='ocrx_word' id='word_1_203' title='bbox 2567 1777 2904 1846; x_wconf 77' lang='lat' dir='ltr'><strong>argutiarum</strong></span> <span class='ocrx_word' id='word_1_204' title='bbox 2934 1794 3130 1848; x_wconf 89' lang='lat' dir='ltr'><strong>pompa</strong></span> <span class='ocrx_word' id='word_1_205' title='bbox 3162 1795 3293 1834; x_wconf 83' lang='lat' dir='ltr'><strong>ven-</strong></span> 
     </span>
    </p>
   </div>
   <div class='ocr_carea' id='block_1_29' title="bbox 60 1841 3295 1940">
    <p class='ocr_par' dir='ltr' id='par_1_29' title="bbox 60 1841 3295 1940">
     <span class='ocr_line' id='line_1_29' title="bbox 60 1841 3295 1940; baseline 0.008 -39"><span class='ocrx_word' id='word_1_206' title='bbox 60 1850 177 1904; x_wconf 75' lang='lat' dir='ltr'><strong>dixit</strong></span> <span class='ocrx_word' id='word_1_207' title='bbox 204 1865 259 1903; x_wconf 90' lang='lat' dir='ltr'><strong>se</strong></span> <span class='ocrx_word' id='word_1_208' title='bbox 287 1852 586 1921; x_wconf 90' lang='lat' dir='ltr'><strong>scriptores</strong></span> <span class='ocrx_word' id='word_1_209' title='bbox 608 1857 855 1910; x_wconf 89' lang='lat' dir='ltr'><strong>omnium</strong></span> <span class='ocrx_word' id='word_1_210' title='bbox 892 1859 1232 1930; x_wconf 89' lang='lat' dir='ltr'><strong>antiquiores</strong></span> <span class='ocrx_word' id='word_1_211' title='bbox 1259 1872 1313 1916; x_wconf 91' lang='lat' dir='ltr'><strong>et</strong></span> <span class='ocrx_word' id='word_1_212' title='bbox 1345 1864 1611 1920; x_wconf 67' lang='lat' dir='ltr'><strong>celebrio~</strong></span> <span class='ocrx_word' id='word_1_213' title='bbox 1644 1841 1687 1896; x_wconf 68' lang='grc' dir='ltr'><strong>Β</strong></span> <span class='ocrx_word' id='word_1_214' title='bbox 1716 1865 1890 1919; x_wconf 90' lang='lat' dir='ltr'><strong>ditant</strong></span> <span class='ocrx_word' id='word_1_215' title='bbox 1927 1882 1940 1917; x_wconf 91' lang='lat'>:</span> <span class='ocrx_word' id='word_1_216' title='bbox 1978 1865 2075 1922; x_wconf 89' lang='lat' dir='ltr'><strong>sed</strong></span> <span class='ocrx_word' id='word_1_217' title='bbox 2105 1841 2257 1921; x_wconf 82' lang='lat' dir='ltr'><strong>nullo</strong></span> <span class='ocrx_word' id='word_1_218' title='bbox 2307 1867 2583 1921; x_wconf 84' lang='lat' dir='ltr'><strong>rationum</strong></span> <span class='ocrx_word' id='word_1_219' title='bbox 2634 1841 2872 1937; x_wconf 76' lang='lat' dir='ltr'><strong>pondere</strong></span> <span class='ocrx_word' id='word_1_220' title='bbox 2895 1912 2911 1937; x_wconf 93' lang='lat'><strong>,</strong></span> <span class='ocrx_word' id='word_1_221' title='bbox 2934 1841 3085 1926; x_wconf 75' lang='lat' dir='ltr'><strong>nulla</strong></span> <span class='ocrx_word' id='word_1_222' title='bbox 3134 1872 3295 1940; x_wconf 81' lang='lat' dir='ltr'><strong>plano</strong></span> 
     </span>
    </p>
   </div>
   <div class='ocr_carea' id='block_1_30' title="bbox 64 1941 1609 2026">
    <p class='ocr_par' dir='ltr' id='par_1_30' title="bbox 64 1941 1609 2026">
     <span class='ocr_line' id='line_1_30' title="bbox 64 1941 1609 2026; baseline 0.011 -32"><span class='ocrx_word' id='word_1_223' title='bbox 64 1958 133 1995; x_wconf 87' lang='lat' dir='ltr'><strong>res</strong></span> <span class='ocrx_word' id='word_1_224' title='bbox 160 1942 492 2011; x_wconf 82' lang='lat' dir='ltr'><strong>appellasse;</strong></span> <span class='ocrx_word' id='word_1_225' title='bbox 524 1941 619 1996; x_wconf 89' lang='lat' dir='ltr'><strong>sed</strong></span> <span class='ocrx_word' id='word_1_226' title='bbox 642 1960 660 1994; x_wconf 75' lang='grc' dir='ltr'>ι</span> <span class='ocrx_word' id='word_1_227' title='bbox 688 1945 917 2002; x_wconf 77' lang='lat' dir='ltr'><strong>fratrum</strong></span> <span class='ocrx_word' id='word_1_228' title='bbox 956 1952 1323 2019; x_wconf 90' lang='lat' dir='ltr'><strong>quorumdam</strong></span> <span class='ocrx_word' id='word_1_229' title='bbox 1384 1955 1609 2026; x_wconf 86' lang='lat' dir='ltr'><strong>scripta,</strong></span> 
     </span>
    </p>
   </div>
   <div class='ocr_carea' id='block_1_31' title="bbox 75 2031 1615 2116">
    <p class='ocr_par' dir='ltr' id='par_1_31' title="bbox 75 2031 1615 2116">
     <span class='ocr_line' id='line_1_31' title="bbox 75 2031 1615 2116; baseline 0.015 -35"><span class='ocrx_word' id='word_1_230' title='bbox 75 2031 283 2087; x_wconf 70' lang='lat' dir='ltr'><strong>Victoris</strong></span> <span class='ocrx_word' id='word_1_231' title='bbox 316 2042 479 2090; x_wconf 65' lang='lat' dir='ltr'><strong>aetate</strong></span> <span class='ocrx_word' id='word_1_232' title='bbox 500 2037 829 2109; x_wconf 89' lang='lat' dir='ltr'><strong>antiquiora.</strong></span> <span class='ocrx_word' id='word_1_233' title='bbox 856 2057 876 2090; x_wconf 80' lang='grc' dir='ltr'><strong><em>ι</em></strong></span> <span class='ocrx_word' id='word_1_234' title='bbox 894 2039 964 2095; x_wconf 84' lang='lat' dir='ltr'><strong>At</strong></span> <span class='ocrx_word' id='word_1_235' title='bbox 992 2053 1138 2097; x_wconf 89' lang='lat' dir='ltr'><strong>certe</strong></span> <span class='ocrx_word' id='word_1_236' title='bbox 1168 2044 1293 2099; x_wconf 89' lang='lat' dir='ltr'><strong>data</strong></span> <span class='ocrx_word' id='word_1_237' title='bbox 1324 2059 1489 2116; x_wconf 84' lang='lat' dir='ltr'><strong>Opera</strong></span> <span class='ocrx_word' id='word_1_238' title='bbox 1518 2049 1615 2103; x_wconf 89' lang='lat' dir='ltr'><strong>ad-</strong></span> 
     </span>
    </p>
   </div>
   <div class='ocr_carea' id='block_1_32' title="bbox 62 2126 1614 2211">
    <p class='ocr_par' dir='ltr' id='par_1_32' title="bbox 62 2126 1614 2211">
     <span class='ocr_line' id='line_1_32' title="bbox 62 2126 1614 2211; baseline 0.014 -35"><span class='ocrx_word' id='word_1_239' title='bbox 62 2126 173 2179; x_wconf 84' lang='lat' dir='ltr'><strong>didit</strong></span> <span class='ocrx_word' id='word_1_240' title='bbox 203 2145 221 2175; x_wconf 78' lang='grc' dir='ltr'>ι</span> <span class='ocrx_word' id='word_1_241' title='bbox 252 2128 653 2196; x_wconf 82' lang='lat' dir='ltr'><strong>quorumdam;</strong></span> <span class='ocrx_word' id='word_1_242' title='bbox 687 2148 707 2181; x_wconf 75' lang='grc' dir='ltr'><strong><em>ι</em></strong></span> <span class='ocrx_word' id='word_1_243' title='bbox 740 2140 801 2185; x_wconf 93' lang='lat' dir='ltr'><strong>ut</strong></span> <span class='ocrx_word' id='word_1_244' title='bbox 828 2133 933 2187; x_wconf 88' lang='lat' dir='ltr'><strong>hoc</strong></span> <span class='ocrx_word' id='word_1_245' title='bbox 964 2135 1132 2189; x_wconf 83' lang='lat' dir='ltr'><strong>verbo</strong></span> <span class='ocrx_word' id='word_1_246' title='bbox 1178 2136 1320 2199; x_wconf 81' lang='lat' dir='ltr'><strong>inter</strong></span> <span class='ocrx_word' id='word_1_247' title='bbox 1342 2154 1437 2195; x_wconf 91' lang='lat' dir='ltr'><strong>eos</strong></span> <span class='ocrx_word' id='word_1_248' title='bbox 1475 2156 1614 2211; x_wconf 82' lang='lat' dir='ltr'><strong>quos</strong></span> 
     </span>
    </p>
   </div>
   <div class='ocr_carea' id='block_1_33' title="bbox 65 2218 1613 2301">
    <p class='ocr_par' dir='ltr' id='par_1_33' title="bbox 65 2218 1613 2301">
     <span class='ocr_line' id='line_1_33' title="bbox 65 2218 1613 2301; baseline 0.014 -34"><span class='ocrx_word' id='word_1_249' title='bbox 65 2218 243 2283; x_wconf 88' lang='lat' dir='ltr'><strong>omisit,</strong></span> <span class='ocrx_word' id='word_1_250' title='bbox 285 2218 472 2288; x_wconf 89' lang='lat' dir='ltr'><strong>plures</strong></span> <span class='ocrx_word' id='word_1_251' title='bbox 496 2218 667 2276; x_wconf 84' lang='lat' dir='ltr'><strong>fuisse</strong></span> <span class='ocrx_word' id='word_1_252' title='bbox 695 2222 786 2289; x_wconf 87' lang='lat' dir='ltr'><strong>iis,</strong></span> <span class='ocrx_word' id='word_1_253' title='bbox 816 2239 955 2293; x_wconf 90' lang='lat' dir='ltr'><strong>quos</strong></span> <span class='ocrx_word' id='word_1_254' title='bbox 977 2225 1239 2295; x_wconf 85' lang='lat' dir='ltr'><strong>laudavit,</strong></span> <span class='ocrx_word' id='word_1_255' title='bbox 1270 2231 1613 2301; x_wconf 88' lang='lat' dir='ltr'><strong>antiquiores</strong></span> 
     </span>
    </p>
   </div>
   <div class='ocr_carea' id='block_1_34' title="bbox 63 2309 1613 2392">
    <p class='ocr_par' dir='ltr' id='par_1_34' title="bbox 63 2309 1613 2392">
     <span class='ocr_line' id='line_1_34' title="bbox 63 2309 1613 2392; baseline 0.011 -32"><span class='ocrx_word' id='word_1_256' title='bbox 63 2318 103 2361; x_wconf 89' lang='lat' dir='ltr'><strong>et</strong></span> <span class='ocrx_word' id='word_1_257' title='bbox 126 2309 657 2376; x_wconf 80' lang='lat' dir='ltr'><strong>celebriores,nemo</strong></span> <span class='ocrx_word' id='word_1_258' title='bbox 703 2312 1060 2373; x_wconf 82' lang='lat' dir='ltr'><strong>inliciaretur.</strong></span> <span class='ocrx_word' id='word_1_259' title='bbox 1096 2319 1263 2375; x_wconf 86' lang='lat' dir='ltr'><strong>Caius</strong></span> <span class='ocrx_word' id='word_1_260' title='bbox 1290 2320 1455 2392; x_wconf 83' lang='lat' dir='ltr'><strong>igitur</strong></span> <span class='ocrx_word' id='word_1_261' title='bbox 1498 2339 1613 2379; x_wconf 89' lang='lat' dir='ltr'><strong>non</strong></span> 
     </span>
    </p>
   </div>
   <div class='ocr_carea' id='block_1_35' title="bbox 66 2402 1615 2487">
    <p class='ocr_par' dir='ltr' id='par_1_35' title="bbox 66 2402 1615 2487">
     <span class='ocr_line' id='line_1_35' title="bbox 66 2402 1615 2487; baseline 0.014 -36"><span class='ocrx_word' id='word_1_262' title='bbox 66 2402 211 2469; x_wconf 87' lang='lat' dir='ltr'><strong>magis</strong></span> <span class='ocrx_word' id='word_1_263' title='bbox 254 2402 513 2471; x_wconf 89' lang='lat' dir='ltr'><strong>epistolas</strong></span> <span class='ocrx_word' id='word_1_264' title='bbox 553 2402 747 2474; x_wconf 88' lang='lat' dir='ltr'><strong>lgnatii</strong></span> <span class='ocrx_word' id='word_1_265' title='bbox 785 2422 949 2476; x_wconf 89' lang='lat' dir='ltr'><strong>quam</strong></span> <span class='ocrx_word' id='word_1_266' title='bbox 976 2410 1211 2467; x_wconf 91' lang='lat' dir='ltr'><strong>aliorum</strong></span> <span class='ocrx_word' id='word_1_267' title='bbox 1237 2414 1462 2485; x_wconf 87' lang='lat' dir='ltr'><strong>scripta,</strong></span> <span class='ocrx_word' id='word_1_268' title='bbox 1491 2431 1615 2487; x_wconf 70' lang='lat' dir='ltr'><strong>qua:</strong></span> 
     </span>
    </p>
   </div>
   <div class='ocr_carea' id='block_1_36' title="bbox 68 2493 1117 2567">
    <p class='ocr_par' dir='ltr' id='par_1_36' title="bbox 68 2493 1117 2567">
     <span class='ocr_line' id='line_1_36' title="bbox 68 2493 1117 2567; baseline 0.016 -26"><span class='ocrx_word' id='word_1_269' title='bbox 68 2506 155 2544; x_wconf 89' lang='lat' dir='ltr'><strong>non</strong></span> <span class='ocrx_word' id='word_1_270' title='bbox 179 2493 378 2561; x_wconf 81' lang='lat' dir='ltr'><strong>citavit,</strong></span> <span class='ocrx_word' id='word_1_271' title='bbox 414 2496 693 2567; x_wconf 85' lang='lat' dir='ltr'><strong>ignorasse</strong></span> <span class='ocrx_word' id='word_1_272' title='bbox 723 2498 989 2557; x_wconf 89' lang='lat' dir='ltr'><strong>dicendus</strong></span> <span class='ocrx_word' id='word_1_273' title='bbox 1013 2511 1117 2559; x_wconf 88' lang='lat' dir='ltr'><strong>est.</strong></span> 
     </span>
    </p>
   </div>
   <div class='ocr_carea' id='block_1_37' title="bbox 124 2584 1607 2667">
    <p class='ocr_par' dir='ltr' id='par_1_37' title="bbox 124 2584 1607 2667">
     <span class='ocr_line' id='line_1_37' title="bbox 124 2584 1607 2667; baseline 0.013 -33"><span class='ocrx_word' id='word_1_274' title='bbox 124 2584 297 2639; x_wconf 73' lang='lat' dir='ltr'><strong>iidem</strong></span> <span class='ocrx_word' id='word_1_275' title='bbox 323 2586 686 2655; x_wconf 87' lang='lat' dir='ltr'><strong>judicandum</strong></span> <span class='ocrx_word' id='word_1_276' title='bbox 719 2590 787 2645; x_wconf 85' lang='lat' dir='ltr'><strong>de</strong></span> <span class='ocrx_word' id='word_1_277' title='bbox 828 2590 1110 2651; x_wconf 84' lang='lat' dir='ltr'><strong>Clemente</strong></span> <span class='ocrx_word' id='word_1_278' title='bbox 1155 2596 1547 2667; x_wconf 82' lang='lat' dir='ltr'><strong>Alexandrino,</strong></span> <span class='ocrx_word' id='word_1_279' title='bbox 1588 2620 1607 2654; x_wconf 71' lang='grc' dir='ltr'>ι</span> 
     </span>
    </p>
   </div>
   <div class='ocr_carea' id='block_1_38' title="bbox 64 2678 1615 2755">
    <p class='ocr_par' dir='ltr' id='par_1_38' title="bbox 64 2678 1615 2755">
     <span class='ocr_line' id='line_1_38' title="bbox 64 2678 1615 2755; baseline 0.014 -28"><span class='ocrx_word' id='word_1_280' title='bbox 64 2678 379 2747; x_wconf 87' lang='lat' dir='ltr'><strong>prosequitur</strong></span> <span class='ocrx_word' id='word_1_281' title='bbox 432 2680 666 2736; x_wconf 77' lang='lat' dir='ltr'><strong>Dallzeus</strong></span> <span class='ocrx_word' id='word_1_282' title='bbox 717 2682 785 2735; x_wconf 69' lang='grc' dir='ltr'><strong>δ’.</strong></span> <span class='ocrx_word' id='word_1_283' title='bbox 843 2684 900 2738; x_wconf 91' lang='lat' dir='ltr'><strong>Si</strong></span> <span class='ocrx_word' id='word_1_284' title='bbox 949 2685 1090 2740; x_wconf 90' lang='lat' dir='ltr'><strong>idem</strong></span> <span class='ocrx_word' id='word_1_285' title='bbox 1138 2688 1495 2755; x_wconf 89' lang='lat' dir='ltr'><strong>judicandum</strong></span> <span class='ocrx_word' id='word_1_286' title='bbox 1547 2693 1615 2748; x_wconf 90' lang='lat' dir='ltr'><strong>de</strong></span> 
     </span>
    </p>
   </div>
   <div class='ocr_carea' id='block_1_39' title="bbox 66 2766 1609 2842">
    <p class='ocr_par' dir='ltr' id='par_1_39' title="bbox 66 2766 1609 2842">
     <span class='ocr_line' id='line_1_39' title="bbox 66 2766 1609 2842; baseline 0.014 -23"><span class='ocrx_word' id='word_1_287' title='bbox 66 2766 326 2835; x_wconf 86' lang='lat' dir='ltr'><strong>Clemente,</strong></span> <span class='ocrx_word' id='word_1_288' title='bbox 370 2771 487 2840; x_wconf 88' lang='lat' dir='ltr'><strong>jam</strong></span> <span class='ocrx_word' id='word_1_289' title='bbox 520 2772 749 2842; x_wconf 87' lang='lat' dir='ltr'><strong>ipsemet</strong></span> <span class='ocrx_word' id='word_1_290' title='bbox 788 2775 1023 2835; x_wconf 70' lang='lat' dir='ltr'><strong>Dallazus</strong></span> <span class='ocrx_word' id='word_1_291' title='bbox 1054 2794 1220 2836; x_wconf 86' lang='lat' dir='ltr'><strong>eausa</strong></span> <span class='ocrx_word' id='word_1_292' title='bbox 1254 2798 1351 2837; x_wconf 90' lang='lat' dir='ltr'><strong>sua</strong></span> <span class='ocrx_word' id='word_1_293' title='bbox 1394 2784 1609 2840; x_wconf 89' lang='lat' dir='ltr'><strong>cecidit.</strong></span> 
     </span>
    </p>
   </div>
   <div class='ocr_carea' id='block_1_40' title="bbox 70 2856 1616 2941">
    <p class='ocr_par' dir='ltr' id='par_1_40' title="bbox 70 2856 1616 2941">
     <span class='ocr_line' id='line_1_40' title="bbox 70 2856 1616 2941; baseline 0.015 -32"><span class='ocrx_word' id='word_1_294' title='bbox 70 2856 219 2927; x_wconf 88' lang='lat' dir='ltr'><strong>ipsum</strong></span> <span class='ocrx_word' id='word_1_295' title='bbox 249 2873 426 2918; x_wconf 88' lang='lat' dir='ltr'><strong>tamen</strong></span> <span class='ocrx_word' id='word_1_296' title='bbox 461 2866 774 2923; x_wconf 86' lang='lat' dir='ltr'><strong>audiamus.</strong></span> <span class='ocrx_word' id='word_1_297' title='bbox 800 2870 890 2925; x_wconf 88' lang='lat' dir='ltr'><strong>Ait</strong></span> <span class='ocrx_word' id='word_1_298' title='bbox 929 2870 1113 2941; x_wconf 88' lang='lat' dir='ltr'><strong>itaque</strong></span> <span class='ocrx_word' id='word_1_299' title='bbox 1142 2873 1473 2931; x_wconf 86' lang='lat' dir='ltr'><strong>Clementem</strong></span> <span class='ocrx_word' id='word_1_300' title='bbox 1521 2893 1616 2932; x_wconf 86' lang='lat' dir='ltr'><strong>ve-</strong></span> 
     </span>
    </p>
   </div>
   <div class='ocr_carea' id='block_1_41' title="bbox 68 2954 1614 3026">
    <p class='ocr_par' dir='ltr' id='par_1_41' title="bbox 68 2954 1614 3026">
     <span class='ocr_line' id='line_1_41' title="bbox 68 2954 1614 3026; baseline 0.014 -23"><span class='ocrx_word' id='word_1_301' title='bbox 68 2954 400 3010; x_wconf 89' lang='lat' dir='ltr'><strong>tustissimum</strong></span> <span class='ocrx_word' id='word_1_302' title='bbox 455 2973 581 3013; x_wconf 89' lang='lat' dir='ltr'><strong>esse</strong></span> <span class='ocrx_word' id='word_1_303' title='bbox 618 2968 672 3014; x_wconf 91' lang='lat' dir='ltr'><strong>et</strong></span> <span class='ocrx_word' id='word_1_304' title='bbox 721 2961 1101 3018; x_wconf 89' lang='lat' dir='ltr'><strong>doctissimum</strong></span> <span class='ocrx_word' id='word_1_305' title='bbox 1158 2968 1383 3022; x_wconf 91' lang='lat' dir='ltr'><strong>secundi</strong></span> <span class='ocrx_word' id='word_1_306' title='bbox 1431 2971 1614 3026; x_wconf 63' lang='lat' dir='ltr'><strong>saeculi</strong></span> 
     </span>
    </p>
   </div>
   <div class='ocr_carea' id='block_1_42' title="bbox 70 3046 1614 3117">
    <p class='ocr_par' dir='ltr' id='par_1_42' title="bbox 70 3046 1614 3117">
     <span class='ocr_line' id='line_1_42' title="bbox 70 3046 1614 3117; baseline 0.014 -20"><span class='ocrx_word' id='word_1_307' title='bbox 70 3046 320 3115; x_wconf 65' lang='lat' dir='ltr'><strong>praecipitis</strong></span> <span class='ocrx_word' id='word_1_308' title='bbox 364 3048 711 3117; x_wconf 88' lang='lat' dir='ltr'><strong>scriptorem.</strong></span> <span class='ocrx_word' id='word_1_309' title='bbox 750 3049 807 3105; x_wconf 89' lang='lat' dir='ltr'><strong>ld</strong></span> <span class='ocrx_word' id='word_1_310' title='bbox 853 3061 907 3106; x_wconf 91' lang='lat' dir='ltr'><strong>et</strong></span> <span class='ocrx_word' id='word_1_311' title='bbox 957 3070 1056 3109; x_wconf 92' lang='lat' dir='ltr'><strong>nos</strong></span> <span class='ocrx_word' id='word_1_312' title='bbox 1104 3057 1453 3114; x_wconf 88' lang='lat' dir='ltr'><strong>verissimum</strong></span> <span class='ocrx_word' id='word_1_313' title='bbox 1493 3077 1614 3117; x_wconf 87' lang='lat' dir='ltr'><strong>esse</strong></span> 
     </span>
    </p>
   </div>
   <div class='ocr_carea' id='block_1_43' title="bbox 69 3134 1614 3213">
    <p class='ocr_par' dir='ltr' id='par_1_43' title="bbox 69 3134 1614 3213">
     <span class='ocr_line' id='line_1_43' title="bbox 69 3134 1614 3213; baseline 0.016 -28"><span class='ocrx_word' id='word_1_314' title='bbox 69 3134 285 3191; x_wconf 88' lang='lat' dir='ltr'><strong>dicimus.</strong></span> <span class='ocrx_word' id='word_1_315' title='bbox 344 3139 435 3194; x_wconf 87' lang='lat' dir='ltr'><strong>Ait</strong></span> <span class='ocrx_word' id='word_1_316' title='bbox 471 3157 664 3197; x_wconf 89' lang='lat' dir='ltr'><strong>rursus</strong></span> <span class='ocrx_word' id='word_1_317' title='bbox 698 3157 823 3197; x_wconf 89' lang='lat' dir='ltr'><strong>eum</strong></span> <span class='ocrx_word' id='word_1_318' title='bbox 872 3160 972 3213; x_wconf 84' lang='lat' dir='ltr'><strong>pro</strong></span> <span class='ocrx_word' id='word_1_319' title='bbox 1002 3145 1270 3203; x_wconf 86' lang='lat' dir='ltr'><strong>immensa</strong></span> <span class='ocrx_word' id='word_1_320' title='bbox 1301 3166 1399 3205; x_wconf 91' lang='lat' dir='ltr'><strong>sua</strong></span> <span class='ocrx_word' id='word_1_321' title='bbox 1430 3155 1614 3208; x_wconf 92' lang='lat' dir='ltr'><strong>erudi-</strong></span> 
     </span>
    </p>
   </div>
   <div class='ocr_carea' id='block_1_44' title="bbox 1716 1955 3287 2026">
    <p class='ocr_par' dir='ltr' id='par_1_44' title="bbox 1716 1955 3287 2026">
     <span class='ocr_line' id='line_1_44' title="bbox 1716 1955 3287 2026; baseline 0.004 -18"><span class='ocrx_word' id='word_1_322' title='bbox 1716 1955 1893 2009; x_wconf 83' lang='lat' dir='ltr'><strong>valida</strong></span> <span class='ocrx_word' id='word_1_323' title='bbox 1924 1966 1980 2010; x_wconf 91' lang='lat' dir='ltr'><strong>et</strong></span> <span class='ocrx_word' id='word_1_324' title='bbox 2022 1956 2179 2009; x_wconf 87' lang='lat' dir='ltr'><strong>ﬁrma</strong></span> <span class='ocrx_word' id='word_1_325' title='bbox 2220 1957 2546 2026; x_wconf 88' lang='lat' dir='ltr'><strong>probatione</strong></span> <span class='ocrx_word' id='word_1_326' title='bbox 2595 1966 2814 2013; x_wconf 90' lang='lat' dir='ltr'><strong>tuentur</strong></span> <span class='ocrx_word' id='word_1_327' title='bbox 2860 1976 2924 2015; x_wconf 90' lang='lat' dir='ltr'><strong>ac</strong></span> <span class='ocrx_word' id='word_1_328' title='bbox 2966 1961 3287 2015; x_wconf 81' lang='lat' dir='ltr'><strong>defendunt.</strong></span> 
     </span>
    </p>
   </div>
   <div class='ocr_carea' id='block_1_45' title="bbox 1713 2046 3294 2123">
    <p class='ocr_par' dir='ltr' id='par_1_45' title="bbox 1713 2046 3294 2123">
     <span class='ocr_line' id='line_1_45' title="bbox 1713 2046 3294 2123; baseline 0.005 -23"><span class='ocrx_word' id='word_1_329' title='bbox 1713 2046 1824 2101; x_wconf 88' lang='lat' dir='ltr'><strong>Nos</strong></span> <span class='ocrx_word' id='word_1_330' title='bbox 1849 2063 1880 2102; x_wconf 92' lang='lat' dir='ltr'><strong>e</strong></span> <span class='ocrx_word' id='word_1_331' title='bbox 1904 2046 2185 2103; x_wconf 87' lang='lat' dir='ltr'><strong>contrario</strong></span> <span class='ocrx_word' id='word_1_332' title='bbox 2208 2050 2546 2118; x_wconf 81' lang='lat' dir='ltr'><strong>argumentis</strong></span> <span class='ocrx_word' id='word_1_333' title='bbox 2590 2051 3039 2118; x_wconf 85' lang='lat' dir='ltr'><strong>allirmativis,ab</strong></span> <span class='ocrx_word' id='word_1_334' title='bbox 3060 2054 3294 2123; x_wconf 79' lang='lat' dir='ltr'><strong>scripto-</strong></span> 
     </span>
    </p>
   </div>
   <div class='ocr_carea' id='block_1_46' title="bbox 1715 2135 3293 2212">
    <p class='ocr_par' dir='ltr' id='par_1_46' title="bbox 1715 2135 3293 2212">
     <span class='ocr_line' id='line_1_46' title="bbox 1715 2135 3293 2212; baseline 0.004 -21"><span class='ocrx_word' id='word_1_335' title='bbox 1715 2152 1837 2191; x_wconf 93' lang='lat' dir='ltr'><strong>rum</strong></span> <span class='ocrx_word' id='word_1_336' title='bbox 1897 2135 2365 2191; x_wconf 90' lang='lat' dir='ltr'><strong>nobilissimorum</strong></span> <span class='ocrx_word' id='word_1_337' title='bbox 2416 2140 2744 2195; x_wconf 87' lang='lat' dir='ltr'><strong>auctoritate</strong></span> <span class='ocrx_word' id='word_1_338' title='bbox 2778 2141 3081 2212; x_wconf 82' lang='lat' dir='ltr'><strong>desumptis</strong></span> <span class='ocrx_word' id='word_1_339' title='bbox 3102 2183 3118 2209; x_wconf 94' lang='lat'><strong>,</strong></span> <span class='ocrx_word' id='word_1_340' title='bbox 3152 2143 3293 2198; x_wconf 89' lang='lat' dir='ltr'><strong>hanc</strong></span> 
     </span>
    </p>
   </div>
   <div class='ocr_carea' id='block_1_47' title="bbox 1716 2225 3290 2299">
    <p class='ocr_par' dir='ltr' id='par_1_47' title="bbox 1716 2225 3290 2299">
     <span class='ocr_line' id='line_1_47' title="bbox 1716 2225 3290 2299; baseline 0.004 -20"><span class='ocrx_word' id='word_1_341' title='bbox 1716 2226 1947 2296; x_wconf 86' lang='lat' dir='ltr'><strong>primam</strong></span> <span class='ocrx_word' id='word_1_342' title='bbox 2016 2225 2367 2295; x_wconf 82' lang='lat' dir='ltr'><strong>cpistolarum</strong></span> <span class='ocrx_word' id='word_1_343' title='bbox 2421 2227 2655 2284; x_wconf 87' lang='lat' dir='ltr'><strong>classem</strong></span> <span class='ocrx_word' id='word_1_344' title='bbox 2697 2228 2906 2299; x_wconf 88' lang='lat' dir='ltr'><strong>lgnatio</strong></span> <span class='ocrx_word' id='word_1_345' title='bbox 2948 2241 3169 2297; x_wconf 90' lang='lat' dir='ltr'><strong>nostro,</strong></span> <span class='ocrx_word' id='word_1_346' title='bbox 3213 2232 3290 2287; x_wconf 87' lang='lat' dir='ltr'><strong>uti</strong></span> 
     </span>
    </p>
   </div>
   <div class='ocr_carea' id='block_1_48' title="bbox 1717 2317 2902 2383">
    <p class='ocr_par' dir='ltr' id='par_1_48' title="bbox 1717 2317 2902 2383">
     <span class='ocr_line' id='line_1_48' title="bbox 1717 2317 2902 2383; baseline 0.005 -11"><span class='ocrx_word' id='word_1_347' title='bbox 1717 2318 2072 2383; x_wconf 85' lang='lat' dir='ltr'><strong>arbitramur,</strong></span> <span class='ocrx_word' id='word_1_348' title='bbox 2102 2317 2460 2375; x_wconf 86' lang='lat' dir='ltr'><strong>invictissime</strong></span> <span class='ocrx_word' id='word_1_349' title='bbox 2485 2321 2902 2378; x_wconf 67' lang='lat' dir='ltr'><strong>vindicarimus.</strong></span> 
     </span>
    </p>
   </div>
   <div class='ocr_carea' id='block_1_49' title="bbox 2320 2452 2683 2510">
    <p class='ocr_par' dir='ltr' id='par_1_49' title="bbox 2320 2452 2683 2510">
     <span class='ocr_line' id='line_1_49' title="bbox 2320 2452 2683 2510; baseline 0.006 -3"><span class='ocrx_word' id='word_1_350' title='bbox 2320 2452 2547 2507; x_wconf 87' lang='lat' dir='ltr'><strong>CAPUT</strong></span> <span class='ocrx_word' id='word_1_351' title='bbox 2588 2453 2683 2510; x_wconf 76' lang='lat' dir='ltr'><strong>XI.</strong></span> 
     </span>
    </p>
   </div>
   <div class='ocr_carea' id='block_1_50' title="bbox 1715 2558 3291 2615">
    <p class='ocr_par' dir='ltr' id='par_1_50' title="bbox 1715 2558 3291 2615">
     <span class='ocr_line' id='line_1_50' title="bbox 1715 2558 3291 2615; baseline 0.005 -17"><span class='ocrx_word' id='word_1_352' title='bbox 1715 2558 1997 2599; x_wconf 72' lang='lat' dir='ltr'><strong>nonnon</strong></span> <span class='ocrx_word' id='word_1_353' title='bbox 2033 2560 2103 2598; x_wconf 69' lang='grc' dir='ltr'>ῑί</span> <span class='ocrx_word' id='word_1_354' title='bbox 2146 2560 2277 2600; x_wconf 78' lang='lat' dir='ltr'><strong>IPSIS</strong></span> <span class='ocrx_word' id='word_1_355' title='bbox 2304 2562 2579 2615; x_wconf 69' lang='lat' dir='ltr'><strong>EPISTOLIS</strong></span> <span class='ocrx_word' id='word_1_356' title='bbox 2618 2563 2875 2602; x_wconf 75' lang='lat' dir='ltr'><strong>lGNATlUI</strong></span> <span class='ocrx_word' id='word_1_357' title='bbox 2912 2564 3291 2606; x_wconf 71' lang='lat' dir='ltr'><strong>ANTIOCHENUI</strong></span> 
     </span>
    </p>
   </div>
   <div class='ocr_carea' id='block_1_51' title="bbox 2081 2631 2942 2674">
    <p class='ocr_par' dir='ltr' id='par_1_51' title="bbox 2081 2631 2942 2674">
     <span class='ocr_line' id='line_1_51' title="bbox 2081 2631 2942 2674; baseline 0.005 -4"><span class='ocrx_word' id='word_1_358' title='bbox 2081 2631 2260 2670; x_wconf 65' lang='lat' dir='ltr'><strong>Ehllil</strong></span> <span class='ocrx_word' id='word_1_359' title='bbox 2305 2633 2434 2670; x_wconf 70' lang='lat' dir='ltr'><strong>VERE</strong></span> <span class='ocrx_word' id='word_1_360' title='bbox 2472 2634 2597 2672; x_wconf 74' lang='lat' dir='ltr'><strong>ESSE</strong></span> <span class='ocrx_word' id='word_1_361' title='bbox 2636 2634 2942 2674; x_wconf 75' lang='lat' dir='ltr'><strong>AllCTOBEII.</strong></span> 
     </span>
    </p>
   </div>
   <div class='ocr_carea' id='block_1_52' title="bbox 2121 2722 2899 2798">
    <p class='ocr_par' dir='ltr' id='par_1_52' title="bbox 2121 2722 2899 2798">
     <span class='ocr_line' id='line_1_52' title="bbox 2121 2722 2899 2798; baseline 0.003 -19"><span class='ocrx_word' id='word_1_362' title='bbox 2121 2722 2152 2797; x_wconf 62' lang='grc' dir='ltr'>ᾗ</span> <span class='ocrx_word' id='word_1_363' title='bbox 2175 2724 2215 2780; x_wconf 91' lang='grc'><strong>1.</strong></span> <span class='ocrx_word' id='word_1_364' title='bbox 2246 2724 2488 2780; x_wconf 79' lang='lat' dir='ltr'><strong>Primum</strong></span> <span class='ocrx_word' id='word_1_365' title='bbox 2510 2739 2899 2798; x_wconf 82' lang='lat' dir='ltr'><strong>argumentum.</strong></span> 
     </span>
    </p>
   </div>
   <div class='ocr_carea' id='block_1_53' title="bbox 1786 2839 3289 2918">
    <p class='ocr_par' dir='ltr' id='par_1_53' title="bbox 1786 2839 3289 2918">
     <span class='ocr_line' id='line_1_53' title="bbox 1786 2839 3289 2918; baseline 0.005 -24"><span class='ocrx_word' id='word_1_366' title='bbox 1786 2839 1898 2896; x_wconf 78' lang='lat' dir='ltr'><strong>Has</strong></span> <span class='ocrx_word' id='word_1_367' title='bbox 1930 2856 2093 2913; x_wconf 85' lang='lat' dir='ltr'><strong>porro</strong></span> <span class='ocrx_word' id='word_1_368' title='bbox 2124 2839 2317 2909; x_wconf 73' lang='lat' dir='ltr'><strong>lgnatii</strong></span> <span class='ocrx_word' id='word_1_369' title='bbox 2366 2845 2623 2915; x_wconf 85' lang='lat' dir='ltr'><strong>epistolas</strong></span> <span class='ocrx_word' id='word_1_370' title='bbox 2659 2861 2765 2900; x_wconf 91' lang='lat' dir='ltr'><strong>non</strong></span> <span class='ocrx_word' id='word_1_371' title='bbox 2813 2846 2926 2902; x_wconf 89' lang='lat' dir='ltr'><strong>sola</strong></span> <span class='ocrx_word' id='word_1_372' title='bbox 2954 2846 3289 2918; x_wconf 50' lang='lat' dir='ltr'><strong>praestantis-</strong></span> 
     </span>
    </p>
   </div>
   <div class='ocr_carea' id='block_1_54' title="bbox 1714 2933 3289 3008">
    <p class='ocr_par' dir='ltr' id='par_1_54' title="bbox 1714 2933 3289 3008">
     <span class='ocr_line' id='line_1_54' title="bbox 1714 2933 3289 3008; baseline 0.003 -19"><span class='ocrx_word' id='word_1_373' title='bbox 1714 2933 1983 2989; x_wconf 84' lang='lat' dir='ltr'><strong>simorum</strong></span> <span class='ocrx_word' id='word_1_374' title='bbox 2014 2946 2301 2991; x_wconf 91' lang='lat' dir='ltr'><strong>auctorum</strong></span> <span class='ocrx_word' id='word_1_375' title='bbox 2346 2937 2655 2992; x_wconf 87' lang='lat' dir='ltr'><strong>testimonia</strong></span> <span class='ocrx_word' id='word_1_376' title='bbox 2703 2938 2806 3008; x_wconf 92' lang='lat' dir='ltr'><strong>ipsi</strong></span> <span class='ocrx_word' id='word_1_377' title='bbox 2838 2939 3142 2994; x_wconf 87' lang='lat' dir='ltr'><strong>certissime</strong></span> <span class='ocrx_word' id='word_1_378' title='bbox 3169 2939 3289 2993; x_wconf 90' lang='lat' dir='ltr'><strong>vin-</strong></span> 
     </span>
    </p>
   </div>
   <div class='ocr_carea' id='block_1_55' title="bbox 1716 3024 3287 3099">
    <p class='ocr_par' dir='ltr' id='par_1_55' title="bbox 1716 3024 3287 3099">
     <span class='ocr_line' id='line_1_55' title="bbox 1716 3024 3287 3099; baseline 0.003 -21"><span class='ocrx_word' id='word_1_379' title='bbox 1716 3024 1931 3092; x_wconf 78' lang='lat' dir='ltr'><strong>dicant;</strong></span> <span class='ocrx_word' id='word_1_380' title='bbox 1963 3027 2060 3081; x_wconf 89' lang='lat' dir='ltr'><strong>sed</strong></span> <span class='ocrx_word' id='word_1_381' title='bbox 2115 3027 2361 3097; x_wconf 77' lang='lat' dir='ltr'><strong>ipsaemet</strong></span> <span class='ocrx_word' id='word_1_382' title='bbox 2411 3029 2570 3083; x_wconf 88' lang='lat' dir='ltr'><strong>etiam</strong></span> <span class='ocrx_word' id='word_1_383' title='bbox 2620 3031 2862 3099; x_wconf 72' lang='lat' dir='ltr'><strong>epistola:</strong></span> <span class='ocrx_word' id='word_1_384' title='bbox 2910 3045 2969 3087; x_wconf 85' lang='lat' dir='ltr'><strong>se</strong></span> <span class='ocrx_word' id='word_1_385' title='bbox 3004 3031 3074 3085; x_wconf 92' lang='lat' dir='ltr'><strong>ab</strong></span> <span class='ocrx_word' id='word_1_386' title='bbox 3098 3031 3287 3087; x_wconf 88' lang='lat' dir='ltr'><strong>eodem</strong></span> 
     </span>
    </p>
   </div>
   <div class='ocr_carea' id='block_1_56' title="bbox 1729 3118 3290 3199">
    <p class='ocr_par' dir='ltr' id='par_1_56' title="bbox 1729 3118 3290 3199">
     <span class='ocr_line' id='line_1_56' title="bbox 1729 3118 3290 3199; baseline 0.004 -28"><span class='ocrx_word' id='word_1_387' title='bbox 1729 3118 2080 3174; x_wconf 87' lang='lat' dir='ltr'><strong>sanctissimo</strong></span> <span class='ocrx_word' id='word_1_388' title='bbox 2139 3129 2380 3193; x_wconf 81' lang='lat' dir='ltr'><strong>martyre</strong></span> <span class='ocrx_word' id='word_1_389' title='bbox 2433 3120 2667 3189; x_wconf 85' lang='lat' dir='ltr'><strong>scriptas</strong></span> <span class='ocrx_word' id='word_1_390' title='bbox 2701 3137 2823 3177; x_wconf 88' lang='lat' dir='ltr'><strong>esse</strong></span> <span class='ocrx_word' id='word_1_391' title='bbox 2858 3122 3034 3191; x_wconf 87' lang='lat' dir='ltr'><strong>palam</strong></span> <span class='ocrx_word' id='word_1_392' title='bbox 3076 3132 3290 3199; x_wconf 79' lang='lat' dir='ltr'><strong>aperte-</strong></span> 
     </span>
    </p>
   </div>
   <div class='ocr_carea' id='block_1_57' title="bbox 70 3195 3292 3308">
    <p class='ocr_par' dir='ltr' id='par_1_57' title="bbox 70 3195 3292 3308">
     <span class='ocr_line' id='line_1_57' title="bbox 70 3195 3292 3308; baseline 0.006 -33"><span class='ocrx_word' id='word_1_393' title='bbox 70 3226 188 3280; x_wconf 87' lang='lat' dir='ltr'><strong>tione</strong></span> <span class='ocrx_word' id='word_1_394' title='bbox 225 3229 490 3297; x_wconf 90' lang='lat' dir='ltr'><strong>plurimos</strong></span> <span class='ocrx_word' id='word_1_395' title='bbox 527 3242 779 3289; x_wconf 89' lang='lat' dir='ltr'><strong>auctores</strong></span> <span class='ocrx_word' id='word_1_396' title='bbox 802 3275 817 3297; x_wconf 83' lang='lat'><strong>,</strong></span> <span class='ocrx_word' id='word_1_397' title='bbox 863 3195 988 3290; x_wconf 61' lang='lat' dir='ltr'><strong>eum</strong></span> <span class='ocrx_word' id='word_1_398' title='bbox 1030 3240 1279 3308; x_wconf 86' lang='lat' dir='ltr'><strong>gentiles,</strong></span> <span class='ocrx_word' id='word_1_399' title='bbox 1304 3251 1417 3298; x_wconf 92' lang='lat' dir='ltr'><strong>tum</strong></span> <span class='ocrx_word' id='word_1_400' title='bbox 1449 3244 1609 3300; x_wconf 82' lang='lat' dir='ltr'><strong>Chri-</strong></span> <span class='ocrx_word' id='word_1_401' title='bbox 1640 3195 1685 3258; x_wconf 76' lang='lat' dir='ltr'><strong>C</strong></span> <span class='ocrx_word' id='word_1_402' title='bbox 1716 3225 1824 3308; x_wconf 40' lang='lat' dir='ltr'><strong>(lu?</strong></span> <span class='ocrx_word' id='word_1_403' title='bbox 1868 3209 2352 3308; x_wconf 38' lang='grc' dir='ltr'><strong>ιθδίίθθῗηῖυτῇιθ</strong></span> <span class='ocrx_word' id='word_1_404' title='bbox 2400 3213 2469 3308; x_wconf 38' lang='lat' dir='ltr'><strong>iis</strong></span> <span class='ocrx_word' id='word_1_405' title='bbox 2502 3214 2648 3308; x_wconf 49' lang='lat' dir='ltr'><strong>cum</strong></span> <span class='ocrx_word' id='word_1_406' title='bbox 2689 3229 2859 3308; x_wconf 27' lang='lat' dir='ltr'><strong>Ferus</strong></span> <span class='ocrx_word' id='word_1_407' title='bbox 2909 3215 3292 3308; x_wconf 54' lang='lat' dir='ltr'><strong>“Minusque</strong></span> 
     </span>
    </p>
   </div>
   <div class='ocr_carea' id='block_1_58' title="bbox 72 3318 1610 3401">
    <p class='ocr_par' dir='ltr' id='par_1_58' title="bbox 72 3318 1610 3401">
     <span class='ocr_line' id='line_1_58' title="bbox 72 3318 1610 3401; baseline 0.016 -34"><span class='ocrx_word' id='word_1_408' title='bbox 72 3318 241 3375; x_wconf 83' lang='lat' dir='ltr'><strong>stianos</strong></span> <span class='ocrx_word' id='word_1_409' title='bbox 266 3323 471 3391; x_wconf 89' lang='lat' dir='ltr'><strong>passim</strong></span> <span class='ocrx_word' id='word_1_410' title='bbox 498 3324 772 3381; x_wconf 88' lang='lat' dir='ltr'><strong>laudasse.</strong></span> <span class='ocrx_word' id='word_1_411' title='bbox 790 3326 864 3382; x_wconf 90' lang='lat' dir='ltr'><strong>De</strong></span> <span class='ocrx_word' id='word_1_412' title='bbox 888 3330 1191 3399; x_wconf 85' lang='lat' dir='ltr'><strong>gentilibus</strong></span> <span class='ocrx_word' id='word_1_413' title='bbox 1227 3334 1449 3401; x_wconf 88' lang='lat' dir='ltr'><strong>quidem</strong></span> <span class='ocrx_word' id='word_1_414' title='bbox 1499 3351 1610 3391; x_wconf 90' lang='lat' dir='ltr'><strong>non</strong></span> 
     </span>
    </p>
   </div>
   <div class='ocr_carea' id='block_1_59' title="bbox 70 3409 1611 3489">
    <p class='ocr_par' dir='ltr' id='par_1_59' title="bbox 70 3409 1611 3489">
     <span class='ocr_line' id='line_1_59' title="bbox 70 3409 1611 3489; baseline 0.014 -29"><span class='ocrx_word' id='word_1_415' title='bbox 70 3409 447 3483; x_wconf 81' lang='lat' dir='ltr'><strong>refragabimur,</strong></span> <span class='ocrx_word' id='word_1_416' title='bbox 488 3417 583 3471; x_wconf 89' lang='lat' dir='ltr'><strong>sed</strong></span> <span class='ocrx_word' id='word_1_417' title='bbox 612 3418 775 3489; x_wconf 87' lang='lat' dir='ltr'><strong>longe</strong></span> <span class='ocrx_word' id='word_1_418' title='bbox 831 3421 1015 3489; x_wconf 88' lang='lat' dir='ltr'><strong>plures</strong></span> <span class='ocrx_word' id='word_1_419' title='bbox 1062 3421 1408 3479; x_wconf 87' lang='lat' dir='ltr'><strong>Christianos</strong></span> <span class='ocrx_word' id='word_1_420' title='bbox 1451 3426 1521 3479; x_wconf 90' lang='lat' dir='ltr'><strong>ab</strong></span> <span class='ocrx_word' id='word_1_421' title='bbox 1545 3442 1611 3481; x_wconf 84' lang='lat' dir='ltr'><strong>eo</strong></span> 
     </span>
    </p>
   </div>
   <div class='ocr_carea' id='block_1_60' title="bbox 72 3507 1609 3583">
    <p class='ocr_par' dir='ltr' id='par_1_60' title="bbox 72 3507 1609 3583">
     <span class='ocr_line' id='line_1_60' title="bbox 72 3507 1609 3583; baseline 0.014 -28"><span class='ocrx_word' id='word_1_422' title='bbox 72 3507 443 3573; x_wconf 62' lang='lat' dir='ltr'><strong>prater-missos,</strong></span> <span class='ocrx_word' id='word_1_423' title='bbox 478 3524 645 3578; x_wconf 89' lang='lat' dir='ltr'><strong>quam</strong></span> <span class='ocrx_word' id='word_1_424' title='bbox 675 3512 871 3568; x_wconf 90' lang='lat' dir='ltr'><strong>citatos</strong></span> <span class='ocrx_word' id='word_1_425' title='bbox 901 3516 1299 3572; x_wconf 89' lang='lat' dir='ltr'><strong>contendimus.</strong></span> <span class='ocrx_word' id='word_1_426' title='bbox 1328 3519 1609 3583; x_wconf 83' lang='lat' dir='ltr'><strong>Quomodo</strong></span> 
     </span>
    </p>
   </div>
   <div class='ocr_carea' id='block_1_61' title="bbox 73 3602 1609 3682">
    <p class='ocr_par' dir='ltr' id='par_1_61' title="bbox 73 3602 1609 3682">
     <span class='ocr_line' id='line_1_61' title="bbox 73 3602 1609 3682; baseline 0.014 -36"><span class='ocrx_word' id='word_1_427' title='bbox 73 3602 216 3649; x_wconf 79' lang='lat' dir='ltr'><strong>tamen</strong></span> <span class='ocrx_word' id='word_1_428' title='bbox 244 3613 481 3671; x_wconf 85' lang='lat' dir='ltr'><strong>cumque</strong></span> <span class='ocrx_word' id='word_1_429' title='bbox 505 3618 565 3657; x_wconf 88' lang='lat' dir='ltr'><strong>se</strong></span> <span class='ocrx_word' id='word_1_430' title='bbox 590 3614 676 3658; x_wconf 87' lang='lat' dir='ltr'><strong>res</strong></span> <span class='ocrx_word' id='word_1_431' title='bbox 699 3604 918 3671; x_wconf 83' lang='lat' dir='ltr'><strong>habeat,</strong></span> <span class='ocrx_word' id='word_1_432' title='bbox 944 3608 1074 3676; x_wconf 89' lang='lat' dir='ltr'><strong>quid</strong></span> <span class='ocrx_word' id='word_1_433' title='bbox 1098 3608 1224 3664; x_wconf 91' lang='lat' dir='ltr'><strong>inde</strong></span> <span class='ocrx_word' id='word_1_434' title='bbox 1242 3620 1429 3666; x_wconf 90' lang='lat' dir='ltr'><strong>contra</strong></span> <span class='ocrx_word' id='word_1_435' title='bbox 1450 3612 1609 3682; x_wconf 59' lang='lat' dir='ltr'><strong>lgna»</strong></span> 
     </span>
    </p>
   </div>
   <div class='ocr_carea' id='block_1_62' title="bbox 73 3685 1609 3769">
    <p class='ocr_par' dir='ltr' id='par_1_62' title="bbox 73 3685 1609 3769">
     <span class='ocr_line' id='line_1_62' title="bbox 73 3685 1609 3769; baseline 0.016 -35"><span class='ocrx_word' id='word_1_436' title='bbox 73 3685 116 3737; x_wconf 77' lang='grc' dir='ltr'><strong>ιΞὶ</strong></span> <span class='ocrx_word' id='word_1_437' title='bbox 144 3692 291 3744; x_wconf 86' lang='lat' dir='ltr'><strong>nostri</strong></span> <span class='ocrx_word' id='word_1_438' title='bbox 334 3694 632 3763; x_wconf 89' lang='lat' dir='ltr'><strong>epistolas?</strong></span> <span class='ocrx_word' id='word_1_439' title='bbox 663 3713 680 3745; x_wconf 74' lang='grc' dir='ltr'><strong><em>α</em></strong></span> <span class='ocrx_word' id='word_1_440' title='bbox 716 3696 913 3763; x_wconf 89' lang='lat' dir='ltr'><strong>Certe,</strong></span> <span class='ocrx_word' id='word_1_441' title='bbox 973 3699 1150 3769; x_wconf 91' lang='lat' dir='ltr'><strong>inquit</strong></span> <span class='ocrx_word' id='word_1_442' title='bbox 1198 3700 1467 3769; x_wconf 70' lang='lat' dir='ltr'><strong>Dallaeus,</strong></span> <span class='ocrx_word' id='word_1_443' title='bbox 1518 3704 1609 3758; x_wconf 91' lang='lat' dir='ltr'><strong>ubi</strong></span> 
     </span>
    </p>
   </div>
   <div class='ocr_carea' id='block_1_63' title="bbox 74 3775 1611 3864">
    <p class='ocr_par' dir='ltr' id='par_1_63' title="bbox 74 3775 1611 3864">
     <span class='ocr_line' id='line_1_63' title="bbox 74 3775 1611 3864; baseline 0.016 -39"><span class='ocrx_word' id='word_1_444' title='bbox 74 3775 200 3828; x_wconf 85' lang='lat' dir='ltr'><strong>tradit</strong></span> <span class='ocrx_word' id='word_1_445' title='bbox 227 3779 603 3836; x_wconf 60' lang='lat' dir='ltr'><strong>hereticorum</strong></span> <span class='ocrx_word' id='word_1_446' title='bbox 653 3793 828 3840; x_wconf 86' lang='lat' dir='ltr'><strong>sectas</strong></span> <span class='ocrx_word' id='word_1_447' title='bbox 880 3786 1107 3843; x_wconf 88' lang='lat' dir='ltr'><strong>Adriani</strong></span> <span class='ocrx_word' id='word_1_448' title='bbox 1136 3790 1368 3863; x_wconf 85' lang='lat' dir='ltr'><strong>Augusti</strong></span> <span class='ocrx_word' id='word_1_449' title='bbox 1400 3802 1611 3864; x_wconf 62' lang='lat' dir='ltr'><strong>tempoo</strong></span> 
     </span>
    </p>
   </div>
   <div class='ocr_carea' id='block_1_64' title="bbox 75 3866 1610 3950">
    <p class='ocr_par' dir='ltr' id='par_1_64' title="bbox 75 3866 1610 3950">
     <span class='ocr_line' id='line_1_64' title="bbox 75 3866 1610 3950; baseline 0.016 -32"><span class='ocrx_word' id='word_1_450' title='bbox 75 3866 193 3921; x_wconf 85' lang='lat' dir='ltr'><strong>ribus</strong></span> <span class='ocrx_word' id='word_1_451' title='bbox 231 3872 531 3929; x_wconf 85' lang='lat' dir='ltr'><strong>coalescere</strong></span> <span class='ocrx_word' id='word_1_452' title='bbox 583 3877 855 3946; x_wconf 70' lang='lat' dir='ltr'><strong>coepisse,</strong></span> <span class='ocrx_word' id='word_1_453' title='bbox 907 3891 1249 3950; x_wconf 87' lang='lat' dir='ltr'><strong>opportunus</strong></span> <span class='ocrx_word' id='word_1_454' title='bbox 1292 3894 1410 3940; x_wconf 89' lang='lat' dir='ltr'><strong>erat</strong></span> <span class='ocrx_word' id='word_1_455' title='bbox 1456 3886 1610 3943; x_wconf 84' lang='lat' dir='ltr'><strong>locus</strong></span> 
     </span>
    </p>
   </div>
   <div class='ocr_carea' id='block_1_65' title="bbox 75 3955 1609 4044">
    <p class='ocr_par' dir='ltr' id='par_1_65' title="bbox 75 3955 1609 4044">
     <span class='ocr_line' id='line_1_65' title="bbox 75 3955 1609 4044; baseline 0.018 -38"><span class='ocrx_word' id='word_1_456' title='bbox 75 3955 308 4025; x_wconf 77' lang='lat' dir='ltr'><strong>lgnatiana</strong></span> <span class='ocrx_word' id='word_1_457' title='bbox 339 3972 834 4037; x_wconf 87' lang='lat' dir='ltr'><strong>commemorandi,</strong></span> <span class='ocrx_word' id='word_1_458' title='bbox 872 3992 889 4023; x_wconf 75' lang='grc' dir='ltr'><strong><em>ι</em></strong></span> <span class='ocrx_word' id='word_1_459' title='bbox 921 3990 1154 4044; x_wconf 90' lang='lat' dir='ltr'><strong>quorum</strong></span> <span class='ocrx_word' id='word_1_460' title='bbox 1198 3977 1273 4031; x_wconf 88' lang='lat' dir='ltr'><strong>ibi</strong></span> <span class='ocrx_word' id='word_1_461' title='bbox 1312 3994 1381 4031; x_wconf 91' lang='lat' dir='ltr'><strong>ne</strong></span> <span class='ocrx_word' id='word_1_462' title='bbox 1410 3981 1609 4034; x_wconf 81' lang='lat' dir='ltr'><strong>memi~</strong></span> 
     </span>
    </p>
   </div>
   <div class='ocr_carea' id='block_1_66' title="bbox 74 4048 1608 4142">
    <p class='ocr_par' dir='ltr' id='par_1_66' title="bbox 74 4048 1608 4142">
     <span class='ocr_line' id='line_1_66' title="bbox 74 4048 1608 4142; baseline 0.018 -41"><span class='ocrx_word' id='word_1_463' title='bbox 74 4048 366 4120; x_wconf 86' lang='lat' dir='ltr'><strong>nitquidcm.</strong></span> <span class='ocrx_word' id='word_1_464' title='bbox 399 4059 545 4125; x_wconf 86' lang='lat' dir='ltr'><strong>Quid</strong></span> <span class='ocrx_word' id='word_1_465' title='bbox 570 4065 740 4133; x_wconf 86' lang='lat' dir='ltr'><strong>ergo?</strong></span> <span class='ocrx_word' id='word_1_466' title='bbox 769 4064 998 4131; x_wconf 84' lang='lat' dir='ltr'><strong>Quoties</strong></span> <span class='ocrx_word' id='word_1_467' title='bbox 1043 4069 1291 4139; x_wconf 89' lang='lat' dir='ltr'><strong>scriptori</strong></span> <span class='ocrx_word' id='word_1_468' title='bbox 1341 4083 1608 4142; x_wconf 88' lang='lat' dir='ltr'><strong>opportu-</strong></span> 
     </span>
    </p>
   </div>
   <div class='ocr_carea' id='block_1_67' title="bbox 75 4146 1608 4229">
    <p class='ocr_par' dir='ltr' id='par_1_67' title="bbox 75 4146 1608 4229">
     <span class='ocr_line' id='line_1_67' title="bbox 75 4146 1608 4229; baseline 0.018 -37"><span class='ocrx_word' id='word_1_469' title='bbox 75 4154 153 4195; x_wconf 86' lang='lat' dir='ltr'><strong>nus</strong></span> <span class='ocrx_word' id='word_1_470' title='bbox 198 4146 290 4200; x_wconf 83' lang='lat' dir='ltr'><strong>fuit</strong></span> <span class='ocrx_word' id='word_1_471' title='bbox 345 4150 504 4207; x_wconf 88' lang='lat' dir='ltr'><strong>locus</strong></span> <span class='ocrx_word' id='word_1_472' title='bbox 546 4151 828 4223; x_wconf 87' lang='lat' dir='ltr'><strong>lgnatiana</strong></span> <span class='ocrx_word' id='word_1_473' title='bbox 885 4163 1353 4216; x_wconf 89' lang='lat' dir='ltr'><strong>commcmorandi</strong></span> <span class='ocrx_word' id='word_1_474' title='bbox 1387 4205 1403 4229; x_wconf 96' lang='lat'><strong>,</strong></span> <span class='ocrx_word' id='word_1_475' title='bbox 1449 4164 1608 4221; x_wconf 88' lang='lat' dir='ltr'><strong>toties</strong></span> 
     </span>
    </p>
   </div>
   <div class='ocr_carea' id='block_1_68' title="bbox 73 4238 1608 4324">
    <p class='ocr_par' dir='ltr' id='par_1_68' title="bbox 73 4238 1608 4324">
     <span class='ocr_line' id='line_1_68' title="bbox 73 4238 1608 4324; baseline 0.017 -40"><span class='ocrx_word' id='word_1_476' title='bbox 73 4242 223 4288; x_wconf 79' lang='lat' dir='ltr'><strong>eorum</strong></span> <span class='ocrx_word' id='word_1_477' title='bbox 257 4238 429 4294; x_wconf 90' lang='lat' dir='ltr'><strong>sinon</strong></span> <span class='ocrx_word' id='word_1_478' title='bbox 461 4245 731 4311; x_wconf 88' lang='lat' dir='ltr'><strong>meminit,</strong></span> <span class='ocrx_word' id='word_1_479' title='bbox 747 4261 846 4301; x_wconf 92' lang='lat' dir='ltr'><strong>nec</strong></span> <span class='ocrx_word' id='word_1_480' title='bbox 870 4248 949 4301; x_wconf 88' lang='lat' dir='ltr'><strong>illi</strong></span> <span class='ocrx_word' id='word_1_481' title='bbox 978 4253 1219 4319; x_wconf 90' lang='lat' dir='ltr'><strong>cognita,</strong></span> <span class='ocrx_word' id='word_1_482' title='bbox 1238 4268 1338 4308; x_wconf 89' lang='lat' dir='ltr'><strong>nec</strong></span> <span class='ocrx_word' id='word_1_483' title='bbox 1359 4254 1428 4308; x_wconf 88' lang='lat' dir='ltr'><strong>ab</strong></span> <span class='ocrx_word' id='word_1_484' title='bbox 1450 4254 1608 4324; x_wconf 87' lang='lat' dir='ltr'><strong>lgna-</strong></span> 
     </span>
    </p>
   </div>
   <div class='ocr_carea' id='block_1_69' title="bbox 74 4320 1608 4417">
    <p class='ocr_par' dir='ltr' id='par_1_69' title="bbox 74 4320 1608 4417">
     <span class='ocr_line' id='line_1_69' title="bbox 74 4320 1608 4417; baseline 0.017 -41"><span class='ocrx_word' id='word_1_485' title='bbox 74 4320 129 4373; x_wconf 80' lang='lat' dir='ltr'><strong>lio</strong></span> <span class='ocrx_word' id='word_1_486' title='bbox 153 4328 334 4397; x_wconf 87' lang='lat' dir='ltr'><strong>scripta</strong></span> <span class='ocrx_word' id='word_1_487' title='bbox 377 4347 501 4387; x_wconf 90' lang='lat' dir='ltr'><strong>esse</strong></span> <span class='ocrx_word' id='word_1_488' title='bbox 542 4338 1030 4403; x_wconf 87' lang='lat' dir='ltr'><strong>pronuntiabitur?</strong></span> <span class='ocrx_word' id='word_1_489' title='bbox 1073 4341 1209 4397; x_wconf 86' lang='lat' dir='ltr'><strong>Mira</strong></span> <span class='ocrx_word' id='word_1_490' title='bbox 1255 4360 1387 4400; x_wconf 86' lang='lat' dir='ltr'><strong>sane</strong></span> <span class='ocrx_word' id='word_1_491' title='bbox 1443 4320 1608 4417; x_wconf 72' lang='lat' dir='ltr'><strong>argu-</strong></span> 
     </span>
    </p>
   </div>
   <div class='ocr_carea' id='block_1_70' title="bbox 75 4420 1606 4506">
    <p class='ocr_par' dir='ltr' id='par_1_70' title="bbox 75 4420 1606 4506">
     <span class='ocr_line' id='line_1_70' title="bbox 75 4420 1606 4506; baseline 0.018 -39"><span class='ocrx_word' id='word_1_492' title='bbox 75 4420 304 4506; x_wconf 66' lang='lat' dir='ltr'><strong>tnentandi</strong></span> <span class='ocrx_word' id='word_1_493' title='bbox 345 4423 507 4477; x_wconf 87' lang='lat' dir='ltr'><strong>ratio.</strong></span> <span class='ocrx_word' id='word_1_494' title='bbox 541 4423 645 4481; x_wconf 90' lang='lat' dir='ltr'><strong>Sed</strong></span> <span class='ocrx_word' id='word_1_495' title='bbox 693 4428 1000 4487; x_wconf 88' lang='lat' dir='ltr'><strong>mirabilius</strong></span> <span class='ocrx_word' id='word_1_496' title='bbox 1033 4434 1274 4502; x_wconf 82' lang='lat' dir='ltr'><strong>profecto</strong></span> <span class='ocrx_word' id='word_1_497' title='bbox 1288 4452 1449 4506; x_wconf 90' lang='lat' dir='ltr'><strong>quem</strong></span> <span class='ocrx_word' id='word_1_498' title='bbox 1482 4438 1606 4494; x_wconf 90' lang='lat' dir='ltr'><strong>Dal-</strong></span> 
     </span>
    </p>
   </div>
   <div class='ocr_carea' id='block_1_71' title="bbox 75 4502 1676 4595">
    <p class='ocr_par' dir='ltr' id='par_1_71' title="bbox 75 4502 1676 4595">
     <span class='ocr_line' id='line_1_71' title="bbox 75 4502 1676 4595; baseline 0.017 -34"><span class='ocrx_word' id='word_1_499' title='bbox 75 4502 176 4560; x_wconf 63' lang='lat' dir='ltr'><strong>laﬁus</strong></span> <span class='ocrx_word' id='word_1_500' title='bbox 216 4525 577 4582; x_wconf 88' lang='lat' dir='ltr'><strong>opportunum</strong></span> <span class='ocrx_word' id='word_1_501' title='bbox 612 4518 879 4576; x_wconf 90' lang='lat' dir='ltr'><strong>Clementi</strong></span> <span class='ocrx_word' id='word_1_502' title='bbox 931 4524 1212 4595; x_wconf 88' lang='lat' dir='ltr'><strong>lgnatiana</strong></span> <span class='ocrx_word' id='word_1_503' title='bbox 1262 4502 1598 4587; x_wconf 75' lang='lat' dir='ltr'><strong>commemo~</strong></span> <span class='ocrx_word' id='word_1_504' title='bbox 1631 4536 1676 4591; x_wconf 90' lang='lat' dir='ltr'><strong>D</strong></span> 
     </span>
    </p>
   </div>
   <div class='ocr_carea' id='block_1_72' title="bbox 76 4599 1590 4688">
    <p class='ocr_par' dir='ltr' id='par_1_72' title="bbox 76 4599 1590 4688">
     <span class='ocr_line' id='line_1_72' title="bbox 76 4599 1590 4688; baseline 0.019 -44"><span class='ocrx_word' id='word_1_505' title='bbox 76 4599 193 4651; x_wconf 84' lang='lat' dir='ltr'><strong>randi</strong></span> <span class='ocrx_word' id='word_1_506' title='bbox 235 4602 405 4660; x_wconf 92' lang='lat' dir='ltr'><strong>locum</strong></span> <span class='ocrx_word' id='word_1_507' title='bbox 458 4609 839 4678; x_wconf 86' lang='lat' dir='ltr'><strong>assignaverit.</strong></span> <span class='ocrx_word' id='word_1_508' title='bbox 869 4630 887 4662; x_wconf 72' lang='grc' dir='ltr'><strong>ε</strong></span> <span class='ocrx_word' id='word_1_509' title='bbox 920 4617 1229 4685; x_wconf 80' lang='lat' dir='ltr'><strong>lgnatianas</strong></span> <span class='ocrx_word' id='word_1_510' title='bbox 1269 4619 1547 4688; x_wconf 90' lang='lat' dir='ltr'><strong>epistolas,</strong></span> <span class='ocrx_word' id='word_1_511' title='bbox 1571 4641 1590 4673; x_wconf 72' lang='grc' dir='ltr'><strong><em>ι</em></strong></span> 
     </span>
    </p>
   </div>
   <div class='ocr_carea' id='block_1_73' title="bbox 76 4688 1603 4777">
    <p class='ocr_par' dir='ltr' id='par_1_73' title="bbox 76 4688 1603 4777">
     <span class='ocr_line' id='line_1_73' title="bbox 76 4688 1603 4777; baseline 0.017 -39"><span class='ocrx_word' id='word_1_512' title='bbox 76 4688 197 4742; x_wconf 69' lang='lat' dir='ltr'><strong>verba</strong></span> <span class='ocrx_word' id='word_1_513' title='bbox 224 4691 397 4750; x_wconf 72' lang='lat' dir='ltr'><strong>Dallazi</strong></span> <span class='ocrx_word' id='word_1_514' title='bbox 422 4706 572 4765; x_wconf 91' lang='lat' dir='ltr'><strong>sunt,</strong></span> <span class='ocrx_word' id='word_1_515' title='bbox 605 4717 625 4751; x_wconf 85' lang='grc'><strong>‹</strong></span> <span class='ocrx_word' id='word_1_516' title='bbox 661 4715 776 4755; x_wconf 74' lang='lat' dir='ltr'><strong>sua:</strong></span> <span class='ocrx_word' id='word_1_517' title='bbox 806 4702 1084 4757; x_wconf 87' lang='lat' dir='ltr'><strong>traditioni</strong></span> <span class='ocrx_word' id='word_1_518' title='bbox 1134 4718 1498 4777; x_wconf 84' lang='lat' dir='ltr'><strong>repugnantes</strong></span> <span class='ocrx_word' id='word_1_519' title='bbox 1553 4712 1603 4765; x_wconf 90' lang='lat' dir='ltr'><strong>si</strong></span> 
     </span>
    </p>
   </div>
   <div class='ocr_carea' id='block_1_74' title="bbox 74 4780 1601 4867">
    <p class='ocr_par' dir='ltr' id='par_1_74' title="bbox 74 4780 1601 4867">
     <span class='ocr_line' id='line_1_74' title="bbox 74 4780 1601 4867; baseline 0.019 -39"><span class='ocrx_word' id='word_1_520' title='bbox 74 4780 297 4853; x_wconf 72' lang='lat' dir='ltr'><strong>scivisset,</strong></span> <span class='ocrx_word' id='word_1_521' title='bbox 324 4788 408 4843; x_wconf 78' lang='lat' dir='ltr'><strong>vel</strong></span> <span class='ocrx_word' id='word_1_522' title='bbox 436 4804 532 4845; x_wconf 89' lang='lat' dir='ltr'><strong>eas</strong></span> <span class='ocrx_word' id='word_1_523' title='bbox 557 4791 873 4856; x_wconf 80' lang='lat' dir='ltr'><strong>refutasset,</strong></span> <span class='ocrx_word' id='word_1_524' title='bbox 904 4795 988 4849; x_wconf 88' lang='lat' dir='ltr'><strong>vel</strong></span> <span class='ocrx_word' id='word_1_525' title='bbox 1012 4811 1167 4850; x_wconf 91' lang='lat' dir='ltr'><strong>suam</strong></span> <span class='ocrx_word' id='word_1_526' title='bbox 1195 4798 1310 4867; x_wconf 92' lang='lat' dir='ltr'><strong>ipse</strong></span> <span class='ocrx_word' id='word_1_527' title='bbox 1347 4801 1601 4857; x_wconf 85' lang='lat' dir='ltr'><strong>traditio-</strong></span> 
     </span>
    </p>
   </div>
   <div class='ocr_carea' id='block_1_75' title="bbox 77 4877 1601 4962">
    <p class='ocr_par' dir='ltr' id='par_1_75' title="bbox 77 4877 1601 4962">
     <span class='ocr_line' id='line_1_75' title="bbox 77 4877 1601 4962; baseline 0.017 -40"><span class='ocrx_word' id='word_1_528' title='bbox 77 4882 168 4924; x_wconf 81' lang='lat' dir='ltr'><strong>nem</strong></span> <span class='ocrx_word' id='word_1_529' title='bbox 196 4877 255 4929; x_wconf 87' lang='lat' dir='ltr'><strong>ad</strong></span> <span class='ocrx_word' id='word_1_530' title='bbox 282 4893 469 4935; x_wconf 91' lang='lat' dir='ltr'><strong>earum</strong></span> <span class='ocrx_word' id='word_1_531' title='bbox 500 4897 749 4938; x_wconf 86' lang='lat' dir='ltr'><strong>normam</strong></span> <span class='ocrx_word' id='word_1_532' title='bbox 782 4888 1130 4943; x_wconf 80' lang='lat' dir='ltr'><strong>correxisset.</strong></span> <span class='ocrx_word' id='word_1_533' title='bbox 1157 4908 1176 4942; x_wconf 84' lang='grc'><strong>›</strong></span> <span class='ocrx_word' id='word_1_534' title='bbox 1201 4889 1409 4946; x_wconf 90' lang='lat' dir='ltr'><strong>Novum</strong></span> <span class='ocrx_word' id='word_1_535' title='bbox 1442 4894 1601 4962; x_wconf 86' lang='lat' dir='ltr'><strong>plane</strong></span> 
     </span>
    </p>
   </div>
   <div class='ocr_carea' id='block_1_76' title="bbox 75 4962 1599 5055">
    <p class='ocr_par' dir='ltr' id='par_1_76' title="bbox 75 4962 1599 5055">
     <span class='ocr_line' id='line_1_76' title="bbox 75 4962 1599 5055; baseline 0.018 -42"><span class='ocrx_word' id='word_1_536' title='bbox 75 4968 113 5009; x_wconf 76' lang='lat' dir='ltr'><strong>et</strong></span> <span class='ocrx_word' id='word_1_537' title='bbox 138 4962 413 5026; x_wconf 84' lang='lat' dir='ltr'><strong>inauditum</strong></span> <span class='ocrx_word' id='word_1_538' title='bbox 458 4976 769 5045; x_wconf 88' lang='lat' dir='ltr'><strong>argumenti</strong></span> <span class='ocrx_word' id='word_1_539' title='bbox 822 4979 1057 5048; x_wconf 83' lang='lat' dir='ltr'><strong>negativi</strong></span> <span class='ocrx_word' id='word_1_540' title='bbox 1096 4984 1305 5050; x_wconf 84' lang='lat' dir='ltr'><strong>genus!</strong></span> <span class='ocrx_word' id='word_1_541' title='bbox 1337 4982 1599 5055; x_wconf 87' lang='lat' dir='ltr'><strong>Nunquid</strong></span> 
     </span>
    </p>
   </div>
   <div class='ocr_carea' id='block_1_77' title="bbox 76 5060 1601 5139">
    <p class='ocr_par' dir='ltr' id='par_1_77' title="bbox 76 5060 1601 5139">
     <span class='ocr_line' id='line_1_77' title="bbox 76 5060 1601 5139; baseline 0.015 -33"><span class='ocrx_word' id='word_1_542' title='bbox 76 5060 118 5101; x_wconf 81' lang='lat' dir='ltr'><strong>ut</strong></span> <span class='ocrx_word' id='word_1_543' title='bbox 151 5061 456 5119; x_wconf 77' lang='lat' dir='ltr'><strong>sanctissimi</strong></span> <span class='ocrx_word' id='word_1_544' title='bbox 499 5066 736 5137; x_wconf 86' lang='lat' dir='ltr'><strong>alicujus</strong></span> <span class='ocrx_word' id='word_1_545' title='bbox 765 5069 1050 5139; x_wconf 86' lang='lat' dir='ltr'><strong>scriptoris</strong></span> <span class='ocrx_word' id='word_1_546' title='bbox 1098 5072 1361 5127; x_wconf 89' lang='lat' dir='ltr'><strong>sententia</strong></span> <span class='ocrx_word' id='word_1_547' title='bbox 1387 5074 1601 5129; x_wconf 69' lang='lat' dir='ltr'><strong>refella-</strong></span> 
     </span>
    </p>
   </div>
   <div class='ocr_carea' id='block_1_78' title="bbox 77 5147 1598 5235">
    <p class='ocr_par' dir='ltr' id='par_1_78' title="bbox 77 5147 1598 5235">
     <span class='ocr_line' id='line_1_78' title="bbox 77 5147 1598 5235; baseline 0.014 -36"><span class='ocrx_word' id='word_1_548' title='bbox 77 5147 248 5235; x_wconf 50' lang='lat' dir='ltr'><strong>illaille</strong></span> <span class='ocrx_word' id='word_1_549' title='bbox 271 5156 485 5213; x_wconf 90' lang='lat' dir='ltr'><strong>nomine</strong></span> <span class='ocrx_word' id='word_1_550' title='bbox 520 5174 624 5214; x_wconf 91' lang='lat' dir='ltr'><strong>suo</strong></span> <span class='ocrx_word' id='word_1_551' title='bbox 651 5161 1166 5229; x_wconf 66' lang='lat' dir='ltr'><strong>appellandus&#39;cst?</strong></span> <span class='ocrx_word' id='word_1_552' title='bbox 1210 5162 1324 5219; x_wconf 86' lang='lat' dir='ltr'><strong>lmo</strong></span> <span class='ocrx_word' id='word_1_553' title='bbox 1366 5175 1424 5220; x_wconf 89' lang='lat' dir='ltr'><strong>ut</strong></span> <span class='ocrx_word' id='word_1_554' title='bbox 1470 5182 1598 5235; x_wconf 90' lang='lat' dir='ltr'><strong>pru-</strong></span> 
     </span>
    </p>
   </div>
   <div class='ocr_carea' id='block_1_79' title="bbox 77 5230 1598 5324">
    <p class='ocr_par' dir='ltr' id='par_1_79' title="bbox 77 5230 1598 5324">
     <span class='ocr_line' id='line_1_79' title="bbox 77 5230 1598 5324; baseline 0.017 -38"><span class='ocrx_word' id='word_1_555' title='bbox 77 5230 247 5324; x_wconf 79' lang='lat' dir='ltr'><strong>dentius</strong></span> <span class='ocrx_word' id='word_1_556' title='bbox 271 5249 624 5321; x_wconf 89' lang='lat' dir='ltr'><strong>securiusque</strong></span> <span class='ocrx_word' id='word_1_557' title='bbox 650 5253 892 5324; x_wconf 86' lang='lat' dir='ltr'><strong>lgnatius</strong></span> <span class='ocrx_word' id='word_1_558' title='bbox 932 5254 1329 5324; x_wconf 82' lang='lat' dir='ltr'><strong>conlutaretur,</strong></span> <span class='ocrx_word' id='word_1_559' title='bbox 1361 5257 1598 5312; x_wconf 89' lang='lat' dir='ltr'><strong>celeber-</strong></span> 
     </span>
    </p>
   </div>
   <div class='ocr_carea' id='block_1_80' title="bbox 77 5322 1107 5413">
    <p class='ocr_par' dir='ltr' id='par_1_80' title="bbox 77 5322 1107 5413">
     <span class='ocr_line' id='line_1_80' title="bbox 77 5322 1107 5413; baseline 0.029 -40"><span class='ocrx_word' id='word_1_560' title='bbox 77 5322 184 5379; x_wconf 86' lang='lat' dir='ltr'><strong>rimo</strong></span> <span class='ocrx_word' id='word_1_561' title='bbox 210 5332 341 5392; x_wconf 89' lang='lat' dir='ltr'><strong>illius</strong></span> <span class='ocrx_word' id='word_1_562' title='bbox 367 5343 576 5397; x_wconf 86' lang='lat' dir='ltr'><strong>nomini</strong></span> <span class='ocrx_word' id='word_1_563' title='bbox 607 5347 941 5413; x_wconf 90' lang='lat' dir='ltr'><strong>parcendum</strong></span> <span class='ocrx_word' id='word_1_564' title='bbox 969 5357 1107 5402; x_wconf 87' lang='lat' dir='ltr'><strong>erat.</strong></span> 
     </span>
    </p>
   </div>
   <div class='ocr_carea' id='block_1_81' title="bbox 131 5416 1596 5506">
    <p class='ocr_par' dir='ltr' id='par_1_81' title="bbox 131 5416 1596 5506">
     <span class='ocr_line' id='line_1_81' title="bbox 131 5416 1596 5506; baseline 0.015 -36"><span class='ocrx_word' id='word_1_565' title='bbox 131 5416 301 5480; x_wconf 83' lang='lat' dir='ltr'><strong>Saltem</strong></span> <span class='ocrx_word' id='word_1_566' title='bbox 328 5427 580 5488; x_wconf 88' lang='lat' dir='ltr'><strong>Clemens</strong></span> <span class='ocrx_word' id='word_1_567' title='bbox 619 5434 688 5488; x_wconf 90' lang='lat' dir='ltr'><strong>ad</strong></span> <span class='ocrx_word' id='word_1_568' title='bbox 734 5434 926 5506; x_wconf 88' lang='lat' dir='ltr'><strong>lgnatii</strong></span> <span class='ocrx_word' id='word_1_569' title='bbox 958 5452 1209 5491; x_wconf 88' lang='lat' dir='ltr'><strong>normam</strong></span> <span class='ocrx_word' id='word_1_570' title='bbox 1230 5478 1246 5503; x_wconf 96' lang='lat'><strong>,</strong></span> <span class='ocrx_word' id='word_1_571' title='bbox 1279 5446 1437 5506; x_wconf 87' lang='lat' dir='ltr'><strong>urget</strong></span> <span class='ocrx_word' id='word_1_572' title='bbox 1468 5436 1596 5491; x_wconf 87' lang='lat' dir='ltr'><strong>Dal-</strong></span> 
     </span>
    </p>
   </div>
   <div class='ocr_carea' id='block_1_82' title="bbox 78 5502 1594 5599">
    <p class='ocr_par' dir='ltr' id='par_1_82' title="bbox 78 5502 1594 5599">
     <span class='ocr_line' id='line_1_82' title="bbox 78 5502 1594 5599; baseline 0.005 -22"><span class='ocrx_word' id='word_1_573' title='bbox 78 5502 206 5577; x_wconf 62' lang='lat' dir='ltr'><strong>I‘ms.</strong></span> <span class='ocrx_word' id='word_1_574' title='bbox 245 5521 578 5579; x_wconf 87' lang='lat' dir='ltr'><strong>traditionem</strong></span> <span class='ocrx_word' id='word_1_575' title='bbox 634 5542 790 5582; x_wconf 90' lang='lat' dir='ltr'><strong>suam</strong></span> <span class='ocrx_word' id='word_1_576' title='bbox 848 5529 1197 5584; x_wconf 78' lang='lat' dir='ltr'><strong>correxisset.</strong></span> <span class='ocrx_word' id='word_1_577' title='bbox 1254 5528 1439 5599; x_wconf 87' lang='lat' dir='ltr'><strong>Neque</strong></span> <span class='ocrx_word' id='word_1_578' title='bbox 1488 5529 1594 5584; x_wconf 89' lang='lat' dir='ltr'><strong>hoc</strong></span> 
     </span>
    </p>
   </div>
   <div class='ocr_carea' id='block_1_83' title="bbox 80 5604 1587 5690">
    <p class='ocr_par' dir='ltr' id='par_1_83' title="bbox 80 5604 1587 5690">
     <span class='ocr_line' id='line_1_83' title="bbox 80 5604 1587 5690; baseline 0.019 -42"><span class='ocrx_word' id='word_1_579' title='bbox 80 5604 213 5672; x_wconf 85' lang='lat' dir='ltr'><strong>magis</strong></span> <span class='ocrx_word' id='word_1_580' title='bbox 248 5618 630 5674; x_wconf 88' lang='lat' dir='ltr'><strong>necessarium.</strong></span> <span class='ocrx_word' id='word_1_581' title='bbox 663 5619 847 5677; x_wconf 87' lang='lat' dir='ltr'><strong>Potuit</strong></span> <span class='ocrx_word' id='word_1_582' title='bbox 875 5622 1022 5678; x_wconf 91' lang='lat' dir='ltr'><strong>enim</strong></span> <span class='ocrx_word' id='word_1_583' title='bbox 1067 5622 1319 5679; x_wconf 85' lang='lat' dir='ltr'><strong>Clemens</strong></span> <span class='ocrx_word' id='word_1_584' title='bbox 1364 5624 1587 5690; x_wconf 91' lang='lat' dir='ltr'><strong>alicubi,</strong></span> 
     </span>
    </p>
   </div>
   <div class='ocr_carea' id='block_1_84' title="bbox 132 5781 625 5862">
    <p class='ocr_par' dir='ltr' id='par_1_84' title="bbox 132 5781 625 5862">
     <span class='ocr_line' id='line_1_84' title="bbox 132 5781 625 5862; baseline 0.012 -21"><span class='ocrx_word' id='word_1_585' title='bbox 132 5781 168 5810; x_wconf 79' lang='grc'><strong>⁸⁸</strong></span> <span class='ocrx_word' id='word_1_586' title='bbox 194 5798 300 5856; x_wconf 72' lang='lat' dir='ltr'><strong>cap.</strong></span> <span class='ocrx_word' id='word_1_587' title='bbox 327 5788 378 5859; x_wconf 78' lang='grc' dir='ltr'><strong>θ,</strong></span> <span class='ocrx_word' id='word_1_588' title='bbox 416 5807 466 5862; x_wconf 93' lang='lat' dir='ltr'><strong>p.</strong></span> <span class='ocrx_word' id='word_1_589' title='bbox 497 5793 625 5849; x_wconf 74' lang='lat'><strong>280.</strong></span> 
     </span>
    </p>
   </div>
   <div class='ocr_carea' id='block_1_85' title="bbox 1714 3301 3288 3377">
    <p class='ocr_par' dir='ltr' id='par_1_85' title="bbox 1714 3301 3288 3377">
     <span class='ocr_line' id='line_1_85' title="bbox 1714 3301 3288 3377; baseline 0.004 -24"><span class='ocrx_word' id='word_1_590' title='bbox 1714 3301 1815 3355; x_wconf 91' lang='lat' dir='ltr'><strong>viri</strong></span> <span class='ocrx_word' id='word_1_591' title='bbox 1868 3304 2192 3371; x_wconf 89' lang='lat' dir='ltr'><strong>apostolici,</strong></span> <span class='ocrx_word' id='word_1_592' title='bbox 2239 3304 2425 3360; x_wconf 89' lang='lat' dir='ltr'><strong>divino</strong></span> <span class='ocrx_word' id='word_1_593' title='bbox 2455 3305 2578 3375; x_wconf 86' lang='lat' dir='ltr'><strong>igne</strong></span> <span class='ocrx_word' id='word_1_594' title='bbox 2621 3305 2978 3371; x_wconf 88' lang='lat' dir='ltr'><strong>inllammati,</strong></span> <span class='ocrx_word' id='word_1_595' title='bbox 3011 3316 3173 3377; x_wconf 89' lang='lat' dir='ltr'><strong>atque</strong></span> <span class='ocrx_word' id='word_1_596' title='bbox 3221 3308 3288 3362; x_wconf 86' lang='lat' dir='ltr'><strong>ad</strong></span> 
     </span>
    </p>
   </div>
   <div class='ocr_carea' id='block_1_86' title="bbox 1714 3397 3291 3470">
    <p class='ocr_par' dir='ltr' id='par_1_86' title="bbox 1714 3397 3291 3470">
     <span class='ocr_line' id='line_1_86' title="bbox 1714 3397 3291 3470; baseline 0.003 -21"><span class='ocrx_word' id='word_1_597' title='bbox 1714 3397 2035 3466; x_wconf 81' lang='lat' dir='ltr'><strong>martyrium</strong></span> <span class='ocrx_word' id='word_1_598' title='bbox 2086 3397 2394 3452; x_wconf 89' lang='lat' dir='ltr'><strong>incredibili</strong></span> <span class='ocrx_word' id='word_1_599' title='bbox 2458 3400 2654 3453; x_wconf 87' lang='lat' dir='ltr'><strong>ardore</strong></span> <span class='ocrx_word' id='word_1_600' title='bbox 2718 3400 3061 3469; x_wconf 87' lang='lat' dir='ltr'><strong>properantis</strong></span> <span class='ocrx_word' id='word_1_601' title='bbox 3116 3400 3291 3470; x_wconf 88' lang='lat' dir='ltr'><strong>stylus</strong></span> 
     </span>
    </p>
   </div>
   <div class='ocr_carea' id='block_1_87' title="bbox 1714 3489 3286 3563">
    <p class='ocr_par' dir='ltr' id='par_1_87' title="bbox 1714 3489 3286 3563">
     <span class='ocr_line' id='line_1_87' title="bbox 1714 3489 3286 3563; baseline 0.004 -21"><span class='ocrx_word' id='word_1_602' title='bbox 1714 3489 1919 3557; x_wconf 85' lang='lat' dir='ltr'><strong>ubique</strong></span> <span class='ocrx_word' id='word_1_603' title='bbox 1973 3490 2164 3554; x_wconf 87' lang='lat' dir='ltr'><strong>micat,</strong></span> <span class='ocrx_word' id='word_1_604' title='bbox 2216 3502 2269 3544; x_wconf 91' lang='lat' dir='ltr'><strong>et</strong></span> <span class='ocrx_word' id='word_1_605' title='bbox 2308 3490 2377 3543; x_wconf 89' lang='lat' dir='ltr'><strong>ab</strong></span> <span class='ocrx_word' id='word_1_606' title='bbox 2429 3491 2685 3545; x_wconf 89' lang='lat' dir='ltr'><strong>omnibus</strong></span> <span class='ocrx_word' id='word_1_607' title='bbox 2737 3492 2894 3546; x_wconf 78' lang='lat' dir='ltr'><strong>facile</strong></span> <span class='ocrx_word' id='word_1_608' title='bbox 2952 3494 3286 3563; x_wconf 84' lang='lat' dir='ltr'><strong>agnoscitur.</strong></span> 
     </span>
    </p>
   </div>
   <div class='ocr_carea' id='block_1_88' title="bbox 1711 3580 3289 3651">
    <p class='ocr_par' dir='ltr' id='par_1_88' title="bbox 1711 3580 3289 3651">
     <span class='ocr_line' id='line_1_88' title="bbox 1711 3580 3289 3651; baseline 0.003 -18"><span class='ocrx_word' id='word_1_609' title='bbox 1711 3580 1905 3634; x_wconf 80' lang='lat' dir='ltr'><strong>Modus</strong></span> <span class='ocrx_word' id='word_1_610' title='bbox 1936 3582 2097 3635; x_wconf 89' lang='lat' dir='ltr'><strong>etiam</strong></span> <span class='ocrx_word' id='word_1_611' title='bbox 2123 3583 2237 3651; x_wconf 91' lang='lat' dir='ltr'><strong>ipse</strong></span> <span class='ocrx_word' id='word_1_612' title='bbox 2259 3597 2369 3651; x_wconf 91' lang='lat' dir='ltr'><strong>quo</strong></span> <span class='ocrx_word' id='word_1_613' title='bbox 2397 3584 2591 3637; x_wconf 65' lang='lat' dir='ltr'><strong>littera:</strong></span> <span class='ocrx_word' id='word_1_614' title='bbox 2620 3593 2856 3637; x_wconf 75' lang='lat' dir='ltr'><strong>exarata:</strong></span> <span class='ocrx_word' id='word_1_615' title='bbox 2881 3593 3041 3648; x_wconf 91' lang='lat' dir='ltr'><strong>sunt,</strong></span> <span class='ocrx_word' id='word_1_616' title='bbox 3074 3599 3289 3637; x_wconf 86' lang='lat' dir='ltr'><strong>errores</strong></span> 
     </span>
    </p>
   </div>
   <div class='ocr_carea' id='block_1_89' title="bbox 1713 3672 3288 3743">
    <p class='ocr_par' dir='ltr' id='par_1_89' title="bbox 1713 3672 3288 3743">
     <span class='ocr_line' id='line_1_89' title="bbox 1713 3672 3288 3743; baseline 0.001 -18"><span class='ocrx_word' id='word_1_617' title='bbox 1713 3672 2054 3741; x_wconf 65' lang='lat' dir='ltr'><strong>haeresesque</strong></span> <span class='ocrx_word' id='word_1_618' title='bbox 2082 3673 2134 3726; x_wconf 91' lang='lat' dir='ltr'><strong>in</strong></span> <span class='ocrx_word' id='word_1_619' title='bbox 2164 3672 2242 3728; x_wconf 88' lang='lat' dir='ltr'><strong>eis</strong></span> <span class='ocrx_word' id='word_1_620' title='bbox 2261 3674 2610 3743; x_wconf 60' lang='lat' dir='ltr'><strong>impugnata},</strong></span> <span class='ocrx_word' id='word_1_621' title='bbox 2641 3673 2885 3728; x_wconf 87' lang='lat' dir='ltr'><strong>doctrina</strong></span> <span class='ocrx_word' id='word_1_622' title='bbox 2906 3672 3018 3728; x_wconf 86' lang='lat' dir='ltr'><strong>sive</strong></span> <span class='ocrx_word' id='word_1_623' title='bbox 3050 3689 3288 3737; x_wconf 90' lang='lat' dir='ltr'><strong>morum,</strong></span> 
     </span>
    </p>
   </div>
   <div class='ocr_carea' id='block_1_90' title="bbox 1711 3762 3289 3832">
    <p class='ocr_par' dir='ltr' id='par_1_90' title="bbox 1711 3762 3289 3832">
     <span class='ocr_line' id='line_1_90' title="bbox 1711 3762 3289 3832; baseline 0.001 -15"><span class='ocrx_word' id='word_1_624' title='bbox 1711 3764 1825 3817; x_wconf 91' lang='lat' dir='ltr'><strong>sive</strong></span> <span class='ocrx_word' id='word_1_625' title='bbox 1873 3763 1997 3817; x_wconf 84' lang='lat' dir='ltr'><strong>ﬁdei</strong></span> <span class='ocrx_word' id='word_1_626' title='bbox 2042 3762 2367 3818; x_wconf 63' lang='lat' dir='ltr'><strong>Christianae</strong></span> <span class='ocrx_word' id='word_1_627' title='bbox 2414 3764 2485 3818; x_wconf 91' lang='lat' dir='ltr'><strong>ibi</strong></span> <span class='ocrx_word' id='word_1_628' title='bbox 2533 3763 2726 3816; x_wconf 89' lang='lat' dir='ltr'><strong>tradita</strong></span> <span class='ocrx_word' id='word_1_629' title='bbox 2756 3804 2774 3828; x_wconf 94' lang='lat'><strong>,</strong></span> <span class='ocrx_word' id='word_1_630' title='bbox 2813 3773 3010 3818; x_wconf 71' lang='lat' dir='ltr'><strong>caetera</strong></span> <span class='ocrx_word' id='word_1_631' title='bbox 3052 3763 3289 3832; x_wconf 87' lang='lat' dir='ltr'><strong>denique</strong></span> 
     </span>
    </p>
   </div>
   <div class='ocr_carea' id='block_1_91' title="bbox 1708 3854 3286 3924">
    <p class='ocr_par' dir='ltr' id='par_1_91' title="bbox 1708 3854 3286 3924">
     <span class='ocr_line' id='line_1_91' title="bbox 1708 3854 3286 3924; baseline 0.001 -17"><span class='ocrx_word' id='word_1_632' title='bbox 1708 3854 1894 3909; x_wconf 88' lang='lat' dir='ltr'><strong>omnia</strong></span> <span class='ocrx_word' id='word_1_633' title='bbox 1934 3870 2043 3908; x_wconf 92' lang='lat' dir='ltr'><strong>non</strong></span> <span class='ocrx_word' id='word_1_634' title='bbox 2082 3855 2249 3908; x_wconf 88' lang='lat' dir='ltr'><strong>alium</strong></span> <span class='ocrx_word' id='word_1_635' title='bbox 2299 3871 2464 3924; x_wconf 88' lang='lat' dir='ltr'><strong>quam</strong></span> <span class='ocrx_word' id='word_1_636' title='bbox 2513 3854 2688 3908; x_wconf 89' lang='lat' dir='ltr'><strong>virum</strong></span> <span class='ocrx_word' id='word_1_637' title='bbox 2740 3854 2883 3908; x_wconf 90' lang='lat' dir='ltr'><strong>inter</strong></span> <span class='ocrx_word' id='word_1_638' title='bbox 2912 3854 3286 3923; x_wconf 87' lang='lat' dir='ltr'><strong>apostolorum</strong></span> 
     </span>
    </p>
   </div>
   <div class='ocr_carea' id='block_1_92' title="bbox 1708 3948 3289 4018">
    <p class='ocr_par' dir='ltr' id='par_1_92' title="bbox 1708 3948 3289 4018">
     <span class='ocr_line' id='line_1_92' title="bbox 1708 3948 3289 4018; baseline -0.001 -16"><span class='ocrx_word' id='word_1_639' title='bbox 1708 3948 2005 4018; x_wconf 87' lang='lat' dir='ltr'><strong>discipulos</strong></span> <span class='ocrx_word' id='word_1_640' title='bbox 2028 3950 2435 4004; x_wconf 85' lang='lat' dir='ltr'><strong>sanctissimum</strong></span> <span class='ocrx_word' id='word_1_641' title='bbox 2459 3990 2475 4015; x_wconf 94' lang='lat'><strong>,</strong></span> <span class='ocrx_word' id='word_1_642' title='bbox 2508 3950 2649 4002; x_wconf 89' lang='lat' dir='ltr'><strong>inter</strong></span> <span class='ocrx_word' id='word_1_643' title='bbox 2678 3948 3059 4003; x_wconf 91' lang='lat' dir='ltr'><strong>sanctissimos</strong></span> <span class='ocrx_word' id='word_1_644' title='bbox 3083 3958 3289 4017; x_wconf 84' lang='lat' dir='ltr'><strong>marty-</strong></span> 
     </span>
    </p>
   </div>
   <div class='ocr_carea' id='block_1_93' title="bbox 1708 4041 3287 4111">
    <p class='ocr_par' dir='ltr' id='par_1_93' title="bbox 1708 4041 3287 4111">
     <span class='ocr_line' id='line_1_93' title="bbox 1708 4041 3287 4111; baseline 0 -16"><span class='ocrx_word' id='word_1_645' title='bbox 1708 4056 1798 4095; x_wconf 90' lang='lat' dir='ltr'><strong>res</strong></span> <span class='ocrx_word' id='word_1_646' title='bbox 1846 4041 2286 4107; x_wconf 89' lang='lat' dir='ltr'><strong>celeberrimum,</strong></span> <span class='ocrx_word' id='word_1_647' title='bbox 2330 4042 2471 4095; x_wconf 90' lang='lat' dir='ltr'><strong>inter</strong></span> <span class='ocrx_word' id='word_1_648' title='bbox 2517 4042 2904 4097; x_wconf 88' lang='lat' dir='ltr'><strong>celeberrimos</strong></span> <span class='ocrx_word' id='word_1_649' title='bbox 2966 4042 3287 4111; x_wconf 85' lang='lat' dir='ltr'><strong>primosque</strong></span> 
     </span>
    </p>
   </div>
   <div class='ocr_carea' id='block_1_94' title="bbox 1707 4130 3287 4202">
    <p class='ocr_par' dir='ltr' id='par_1_94' title="bbox 1707 4130 3287 4202">
     <span class='ocr_line' id='line_1_94' title="bbox 1707 4130 3287 4202; baseline 0.001 -17"><span class='ocrx_word' id='word_1_650' title='bbox 1707 4130 1964 4186; x_wconf 74' lang='lat' dir='ltr'><strong>Ecclesia:</strong></span> <span class='ocrx_word' id='word_1_651' title='bbox 1989 4133 2249 4201; x_wconf 82' lang='lat' dir='ltr'><strong>praesules</strong></span> <span class='ocrx_word' id='word_1_652' title='bbox 2297 4134 2808 4201; x_wconf 65' lang='lat' dir='ltr'><strong>praestantissimum</strong></span> <span class='ocrx_word' id='word_1_653' title='bbox 2830 4175 2844 4199; x_wconf 93' lang='lat'><strong>,</strong></span> <span class='ocrx_word' id='word_1_654' title='bbox 2872 4148 2982 4187; x_wconf 94' lang='lat' dir='ltr'><strong>uno</strong></span> <span class='ocrx_word' id='word_1_655' title='bbox 3010 4134 3175 4187; x_wconf 87' lang='lat' dir='ltr'><strong>verbo</strong></span> <span class='ocrx_word' id='word_1_656' title='bbox 3204 4133 3287 4202; x_wconf 87' lang='lat' dir='ltr'><strong>ip-</strong></span> 
     </span>
    </p>
   </div>
   <div class='ocr_carea' id='block_1_95' title="bbox 1705 4220 3287 4292">
    <p class='ocr_par' dir='ltr' id='par_1_95' title="bbox 1705 4220 3287 4292">
     <span class='ocr_line' id='line_1_95' title="bbox 1705 4220 3287 4292; baseline -0.001 -16"><span class='ocrx_word' id='word_1_657' title='bbox 1705 4232 1944 4276; x_wconf 82' lang='lat' dir='ltr'><strong>summet</strong></span> <span class='ocrx_word' id='word_1_658' title='bbox 1971 4220 2237 4291; x_wconf 88' lang='lat' dir='ltr'><strong>lgnatium</strong></span> <span class='ocrx_word' id='word_1_659' title='bbox 2263 4223 2569 4292; x_wconf 89' lang='lat' dir='ltr'><strong>designant,</strong></span> <span class='ocrx_word' id='word_1_660' title='bbox 2594 4224 2988 4289; x_wconf 89' lang='lat' dir='ltr'><strong>demonstrant,</strong></span> <span class='ocrx_word' id='word_1_661' title='bbox 3026 4223 3287 4291; x_wconf 86' lang='lat' dir='ltr'><strong>produnt-</strong></span> 
     </span>
    </p>
   </div>
   <div class='ocr_carea' id='block_1_96' title="bbox 1707 4308 3286 4382">
    <p class='ocr_par' dir='ltr' id='par_1_96' title="bbox 1707 4308 3286 4382">
     <span class='ocr_line' id='line_1_96' title="bbox 1707 4308 3286 4382; baseline -0.001 -18"><span class='ocrx_word' id='word_1_662' title='bbox 1707 4327 1814 4382; x_wconf 90' lang='lat' dir='ltr'><strong>que</strong></span> <span class='ocrx_word' id='word_1_663' title='bbox 1840 4320 2142 4366; x_wconf 88' lang='lat' dir='ltr'><strong>auctorem.</strong></span> <span class='ocrx_word' id='word_1_664' title='bbox 2180 4308 2234 4366; x_wconf 94' lang='lat' dir='ltr'><strong>ld</strong></span> <span class='ocrx_word' id='word_1_665' title='bbox 2270 4312 2488 4381; x_wconf 90' lang='lat' dir='ltr'><strong>quidem</strong></span> <span class='ocrx_word' id='word_1_666' title='bbox 2526 4312 2683 4381; x_wconf 87' lang='lat' dir='ltr'><strong>longa</strong></span> <span class='ocrx_word' id='word_1_667' title='bbox 2712 4312 3028 4366; x_wconf 88' lang='lat' dir='ltr'><strong>inductione</strong></span> <span class='ocrx_word' id='word_1_668' title='bbox 3052 4310 3286 4380; x_wconf 85' lang='lat' dir='ltr'><strong>probare</strong></span> 
     </span>
    </p>
   </div>
   <div class='ocr_carea' id='block_1_97' title="bbox 1705 4401 3282 4473">
    <p class='ocr_par' dir='ltr' id='par_1_97' title="bbox 1705 4401 3282 4473">
     <span class='ocr_line' id='line_1_97' title="bbox 1705 4401 3282 4473; baseline -0.001 -16"><span class='ocrx_word' id='word_1_669' title='bbox 1705 4419 1814 4458; x_wconf 91' lang='lat' dir='ltr'><strong>non</strong></span> <span class='ocrx_word' id='word_1_670' title='bbox 1848 4404 2216 4473; x_wconf 91' lang='lat' dir='ltr'><strong>suscepimus,</strong></span> <span class='ocrx_word' id='word_1_671' title='bbox 2250 4403 2397 4472; x_wconf 89' lang='lat' dir='ltr'><strong>quod</strong></span> <span class='ocrx_word' id='word_1_672' title='bbox 2423 4403 2562 4470; x_wconf 90' lang='lat' dir='ltr'><strong>sola,</strong></span> <span class='ocrx_word' id='word_1_673' title='bbox 2589 4418 2753 4472; x_wconf 88' lang='lat' dir='ltr'><strong>quam</strong></span> <span class='ocrx_word' id='word_1_674' title='bbox 2785 4403 3057 4469; x_wconf 90' lang='lat' dir='ltr'><strong>dedimus,</strong></span> <span class='ocrx_word' id='word_1_675' title='bbox 3087 4401 3282 4456; x_wconf 87' lang='lat' dir='ltr'><strong>harum</strong></span> 
     </span>
    </p>
   </div>
   <div class='ocr_carea' id='block_1_98' title="bbox 1706 4495 3281 4566">
    <p class='ocr_par' dir='ltr' id='par_1_98' title="bbox 1706 4495 3281 4566">
     <span class='ocr_line' id='line_1_98' title="bbox 1706 4495 3281 4566; baseline -0.001 -17"><span class='ocrx_word' id='word_1_676' title='bbox 1706 4495 2061 4564; x_wconf 83' lang='lat' dir='ltr'><strong>epistolarum</strong></span> <span class='ocrx_word' id='word_1_677' title='bbox 2127 4496 2337 4566; x_wconf 87' lang='lat' dir='ltr'><strong>analysi</strong></span> <span class='ocrx_word' id='word_1_678' title='bbox 2409 4497 2631 4565; x_wconf 91' lang='lat' dir='ltr'><strong>planum</strong></span> <span class='ocrx_word' id='word_1_679' title='bbox 2697 4496 2756 4549; x_wconf 84' lang='lat' dir='ltr'><strong>ﬁt</strong></span> <span class='ocrx_word' id='word_1_680' title='bbox 2813 4495 3109 4561; x_wconf 91' lang='lat' dir='ltr'><strong>omnibus,</strong></span> <span class='ocrx_word' id='word_1_681' title='bbox 3160 4508 3281 4547; x_wconf 49' lang='lat' dir='ltr'><strong>omw</strong></span> 
     </span>
    </p>
   </div>
   <div class='ocr_carea' id='block_1_99' title="bbox 1703 4583 3283 4656">
    <p class='ocr_par' dir='ltr' id='par_1_99' title="bbox 1703 4583 3283 4656">
     <span class='ocr_line' id='line_1_99' title="bbox 1703 4583 3283 4656; baseline 0 -16"><span class='ocrx_word' id='word_1_682' title='bbox 1703 4601 1944 4655; x_wconf 79' lang='lat' dir='ltr'><strong>uinoque</strong></span> <span class='ocrx_word' id='word_1_683' title='bbox 1970 4587 2340 4656; x_wconf 89' lang='lat' dir='ltr'><strong>perspicuum.</strong></span> <span class='ocrx_word' id='word_1_684' title='bbox 2374 4584 2757 4641; x_wconf 81' lang='lat' dir='ltr'><strong>Verumtamen</strong></span> <span class='ocrx_word' id='word_1_685' title='bbox 2789 4583 3019 4639; x_wconf 70' lang='lat' dir='ltr'><strong>Dallaeus</strong></span> <span class='ocrx_word' id='word_1_686' title='bbox 3065 4584 3119 4637; x_wconf 92' lang='lat' dir='ltr'><strong>in</strong></span> <span class='ocrx_word' id='word_1_687' title='bbox 3174 4583 3283 4640; x_wconf 89' lang='lat' dir='ltr'><strong>illis</strong></span> 
     </span>
    </p>
   </div>
   <div class='ocr_carea' id='block_1_100' title="bbox 1700 4673 3377 4749">
    <p class='ocr_par' dir='ltr' id='par_1_100' title="bbox 1700 4673 3377 4749">
     <span class='ocr_line' id='line_1_100' title="bbox 1700 4673 3377 4749; baseline -0.002 -19"><span class='ocrx_word' id='word_1_688' title='bbox 1700 4690 1732 4730; x_wconf 89' lang='lat' dir='ltr'><strong>e</strong></span> <span class='ocrx_word' id='word_1_689' title='bbox 1775 4676 2049 4732; x_wconf 89' lang='lat' dir='ltr'><strong>contrario</strong></span> <span class='ocrx_word' id='word_1_690' title='bbox 2130 4686 2407 4731; x_wconf 84' lang='lat' dir='ltr'><strong>auctorem</strong></span> <span class='ocrx_word' id='word_1_691' title='bbox 2458 4675 2667 4745; x_wconf 86' lang='lat' dir='ltr'><strong>lgnatio</strong></span> <span class='ocrx_word' id='word_1_692' title='bbox 2710 4675 2868 4744; x_wconf 87' lang='lat' dir='ltr'><strong>longe</strong></span> <span class='ocrx_word' id='word_1_693' title='bbox 2919 4673 3275 4743; x_wconf 89' lang='lat' dir='ltr'><strong>posteriorem</strong></span> <span class='ocrx_word' id='word_1_694' title='bbox 3376 4746 3377 4749; x_wconf 14' lang='grc' dir='ltr'><strong>η</strong></span> 
     </span>
    </p>
   </div>
   <div class='ocr_carea' id='block_1_101' title="bbox 1704 4764 3280 4836">
    <p class='ocr_par' dir='ltr' id='par_1_101' title="bbox 1704 4764 3280 4836">
     <span class='ocr_line' id='line_1_101' title="bbox 1704 4764 3280 4836; baseline 0 -17"><span class='ocrx_word' id='word_1_695' title='bbox 1704 4780 1827 4823; x_wconf 87' lang='lat' dir='ltr'><strong>sese</strong></span> <span class='ocrx_word' id='word_1_696' title='bbox 1892 4765 2317 4836; x_wconf 88' lang='lat' dir='ltr'><strong>deprehendisse</strong></span> <span class='ocrx_word' id='word_1_697' title='bbox 2347 4774 2541 4834; x_wconf 88' lang='lat' dir='ltr'><strong>putat;</strong></span> <span class='ocrx_word' id='word_1_698' title='bbox 2573 4764 2736 4834; x_wconf 88' lang='lat' dir='ltr'><strong>idque</strong></span> <span class='ocrx_word' id='word_1_699' title='bbox 2764 4780 2874 4819; x_wconf 93' lang='lat' dir='ltr'><strong>non</strong></span> <span class='ocrx_word' id='word_1_700' title='bbox 2904 4764 3088 4819; x_wconf 89' lang='lat' dir='ltr'><strong>minus</strong></span> <span class='ocrx_word' id='word_1_701' title='bbox 3114 4780 3280 4835; x_wconf 86' lang='lat' dir='ltr'><strong>quam</strong></span> 
     </span>
    </p>
   </div>
   <div class='ocr_carea' id='block_1_102' title="bbox 1702 4855 3279 4928">
    <p class='ocr_par' dir='ltr' id='par_1_102' title="bbox 1702 4855 3279 4928">
     <span class='ocr_line' id='line_1_102' title="bbox 1702 4855 3279 4928; baseline -0.002 -15"><span class='ocrx_word' id='word_1_702' title='bbox 1702 4857 1983 4928; x_wconf 84' lang='lat' dir='ltr'><strong>sexaginta</strong></span> <span class='ocrx_word' id='word_1_703' title='bbox 2032 4857 2334 4911; x_wconf 88' lang='lat' dir='ltr'><strong>rationibus</strong></span> <span class='ocrx_word' id='word_1_704' title='bbox 2376 4857 2615 4927; x_wconf 90' lang='lat' dir='ltr'><strong>probare</strong></span> <span class='ocrx_word' id='word_1_705' title='bbox 2676 4866 2925 4913; x_wconf 90' lang='lat' dir='ltr'><strong>conatur.</strong></span> <span class='ocrx_word' id='word_1_706' title='bbox 2996 4855 3102 4911; x_wconf 88' lang='lat' dir='ltr'><strong>Sed</strong></span> <span class='ocrx_word' id='word_1_707' title='bbox 3152 4872 3279 4912; x_wconf 92' lang='lat' dir='ltr'><strong>cum</strong></span> 
     </span>
    </p>
   </div>
   <div class='ocr_carea' id='block_1_103' title="bbox 1702 4945 3280 5018">
    <p class='ocr_par' dir='ltr' id='par_1_103' title="bbox 1702 4945 3280 5018">
     <span class='ocr_line' id='line_1_103' title="bbox 1702 4945 3280 5018; baseline -0.003 -16"><span class='ocrx_word' id='word_1_708' title='bbox 1702 4948 1954 5018; x_wconf 74' lang='lat' dir='ltr'><strong>plurima:</strong></span> <span class='ocrx_word' id='word_1_709' title='bbox 1984 4948 2051 5002; x_wconf 91' lang='lat' dir='ltr'><strong>ad</strong></span> <span class='ocrx_word' id='word_1_710' title='bbox 2087 4946 2489 5018; x_wconf 88' lang='lat' dir='ltr'><strong>lgnatianarum</strong></span> <span class='ocrx_word' id='word_1_711' title='bbox 2520 4947 2873 5018; x_wconf 87' lang='lat' dir='ltr'><strong>epistolarum</strong></span> <span class='ocrx_word' id='word_1_712' title='bbox 2907 4945 3280 5016; x_wconf 58' lang='lat' dir='ltr'><strong>interpolatioc</strong></span> 
     </span>
    </p>
   </div>
   <div class='ocr_carea' id='block_1_104' title="bbox 1705 5035 3279 5108">
    <p class='ocr_par' dir='ltr' id='par_1_104' title="bbox 1705 5035 3279 5108">
     <span class='ocr_line' id='line_1_104' title="bbox 1705 5035 3279 5108; baseline -0.004 -14"><span class='ocrx_word' id='word_1_713' title='bbox 1705 5053 1824 5105; x_wconf 84' lang='lat' dir='ltr'><strong>nes,</strong></span> <span class='ocrx_word' id='word_1_714' title='bbox 1851 5038 1935 5092; x_wconf 92' lang='lat' dir='ltr'><strong>vel</strong></span> <span class='ocrx_word' id='word_1_715' title='bbox 1980 5037 2049 5091; x_wconf 90' lang='lat' dir='ltr'><strong>ad</strong></span> <span class='ocrx_word' id='word_1_716' title='bbox 2099 5037 2360 5108; x_wconf 87' lang='lat' dir='ltr'><strong>epistolas</strong></span> <span class='ocrx_word' id='word_1_717' title='bbox 2408 5035 2614 5108; x_wconf 85' lang='lat' dir='ltr'><strong>lgnatio</strong></span> <span class='ocrx_word' id='word_1_718' title='bbox 2666 5052 2946 5108; x_wconf 87' lang='lat' dir='ltr'><strong>perperam</strong></span> <span class='ocrx_word' id='word_1_719' title='bbox 3010 5035 3279 5105; x_wconf 81' lang='lat' dir='ltr'><strong>ascriptaa</strong></span> 
     </span>
    </p>
   </div>
   <div class='ocr_carea' id='block_1_105' title="bbox 1705 5127 3277 5202">
    <p class='ocr_par' dir='ltr' id='par_1_105' title="bbox 1705 5127 3277 5202">
     <span class='ocr_line' id='line_1_105' title="bbox 1705 5127 3277 5202; baseline -0.004 -16"><span class='ocrx_word' id='word_1_720' title='bbox 1705 5131 2031 5202; x_wconf 90' lang='lat' dir='ltr'><strong>pertineant,</strong></span> <span class='ocrx_word' id='word_1_721' title='bbox 2061 5130 2145 5187; x_wconf 92' lang='lat' dir='ltr'><strong>his</strong></span> <span class='ocrx_word' id='word_1_722' title='bbox 2173 5131 2585 5201; x_wconf 72' lang='lat' dir='ltr'><strong>praetermissis,</strong></span> <span class='ocrx_word' id='word_1_723' title='bbox 2610 5132 2678 5185; x_wconf 91' lang='lat' dir='ltr'><strong>ad</strong></span> <span class='ocrx_word' id='word_1_724' title='bbox 2699 5139 3027 5186; x_wconf 86' lang='lat' dir='ltr'><strong>eastantum</strong></span> <span class='ocrx_word' id='word_1_725' title='bbox 3056 5143 3178 5197; x_wconf 76' lang='lat' dir='ltr'><strong>qua:</strong></span> <span class='ocrx_word' id='word_1_726' title='bbox 3207 5127 3277 5181; x_wconf 89' lang='lat' dir='ltr'><strong>ad</strong></span> 
     </span>
    </p>
   </div>
   <div class='ocr_carea' id='block_1_106' title="bbox 1704 5210 3276 5292">
    <p class='ocr_par' dir='ltr' id='par_1_106' title="bbox 1704 5210 3276 5292">
     <span class='ocr_line' id='line_1_106' title="bbox 1704 5210 3276 5292; baseline -0.003 -14"><span class='ocrx_word' id='word_1_727' title='bbox 1704 5222 1878 5278; x_wconf 90' lang='lat' dir='ltr'><strong>solam</strong></span> <span class='ocrx_word' id='word_1_728' title='bbox 1922 5210 2284 5292; x_wconf 81' lang='lat' dir='ltr'><strong>genuinarum</strong></span> <span class='ocrx_word' id='word_1_729' title='bbox 2341 5222 2488 5278; x_wconf 91' lang='lat' dir='ltr'><strong>illius</strong></span> <span class='ocrx_word' id='word_1_730' title='bbox 2529 5223 2834 5277; x_wconf 89' lang='lat' dir='ltr'><strong>litterarum</strong></span> <span class='ocrx_word' id='word_1_731' title='bbox 2876 5222 3107 5277; x_wconf 86' lang='lat' dir='ltr'><strong>classem</strong></span> <span class='ocrx_word' id='word_1_732' title='bbox 3148 5234 3276 5290; x_wconf 83' lang='lat' dir='ltr'><strong>spe—</strong></span> 
     </span>
    </p>
   </div>
   <div class='ocr_carea' id='block_1_107' title="bbox 1706 5313 2868 5384">
    <p class='ocr_par' dir='ltr' id='par_1_107' title="bbox 1706 5313 2868 5384">
     <span class='ocr_line' id='line_1_107' title="bbox 1706 5313 2868 5384; baseline 0.003 -16"><span class='ocrx_word' id='word_1_733' title='bbox 1706 5321 1874 5378; x_wconf 90' lang='lat' dir='ltr'><strong>ctant,</strong></span> <span class='ocrx_word' id='word_1_734' title='bbox 1898 5314 2342 5384; x_wconf 84' lang='lat' dir='ltr'><strong>respondendum</strong></span> <span class='ocrx_word' id='word_1_735' title='bbox 2370 5329 2493 5371; x_wconf 88' lang='lat' dir='ltr'><strong>esse</strong></span> <span class='ocrx_word' id='word_1_736' title='bbox 2520 5313 2868 5371; x_wconf 88' lang='lat' dir='ltr'><strong>credidimus.</strong></span> 
     </span>
    </p>
   </div>
   <div class='ocr_carea' id='block_1_108' title="bbox 2043 5428 2941 5501">
    <p class='ocr_par' dir='ltr' id='par_1_108' title="bbox 2043 5428 2941 5501">
     <span class='ocr_line' id='line_1_108' title="bbox 2043 5428 2941 5501; baseline -0.002 -17"><span class='ocrx_word' id='word_1_737' title='bbox 2043 5429 2071 5501; x_wconf 84' lang='lat'><strong>§</strong></span> <span class='ocrx_word' id='word_1_738' title='bbox 2116 5430 2179 5484; x_wconf 91' lang='grc'><strong>11.</strong></span> <span class='ocrx_word' id='word_1_739' title='bbox 2226 5428 2526 5485; x_wconf 87' lang='lat' dir='ltr'><strong>Secundum</strong></span> <span class='ocrx_word' id='word_1_740' title='bbox 2556 5436 2941 5501; x_wconf 82' lang='lat' dir='ltr'><strong>argumentum.</strong></span> 
     </span>
    </p>
   </div>
   <div class='ocr_carea' id='block_1_109' title="bbox 1770 5535 3274 5609">
    <p class='ocr_par' dir='ltr' id='par_1_109' title="bbox 1770 5535 3274 5609">
     <span class='ocr_line' id='line_1_109' title="bbox 1770 5535 3274 5609; baseline 0.003 -20"><span class='ocrx_word' id='word_1_741' title='bbox 1770 5535 1973 5593; x_wconf 76' lang='lat' dir='ltr'><strong>Verum</strong></span> <span class='ocrx_word' id='word_1_742' title='bbox 2016 5550 2140 5594; x_wconf 83' lang='lat' dir='ltr'><strong>ante.</strong></span> <span class='ocrx_word' id='word_1_743' title='bbox 2172 5540 2356 5594; x_wconf 89' lang='lat' dir='ltr'><strong>omnia</strong></span> <span class='ocrx_word' id='word_1_744' title='bbox 2386 5553 2566 5609; x_wconf 76' lang='lat' dir='ltr'><strong>operte</strong></span> <span class='ocrx_word' id='word_1_745' title='bbox 2607 5540 2839 5608; x_wconf 89' lang='lat' dir='ltr'><strong>pretium</strong></span> <span class='ocrx_word' id='word_1_746' title='bbox 2869 5546 2952 5592; x_wconf 88' lang='lat' dir='ltr'><strong>cst</strong></span> <span class='ocrx_word' id='word_1_747' title='bbox 2981 5537 3274 5594; x_wconf 74' lang='lat' dir='ltr'><strong>observare</strong></span> 
     </span>
    </p>
   </div>
   <div class='ocr_carea' id='block_1_110' title="bbox 1699 5624 3269 5696">
    <p class='ocr_par' dir='ltr' id='par_1_110' title="bbox 1699 5624 3269 5696">
     <span class='ocr_line' id='line_1_110' title="bbox 1699 5624 3269 5696; baseline 0.002 -15"><span class='ocrx_word' id='word_1_748' title='bbox 1699 5640 1890 5681; x_wconf 90' lang='lat' dir='ltr'><strong>omnes</strong></span> <span class='ocrx_word' id='word_1_749' title='bbox 1940 5624 2120 5681; x_wconf 67' lang='lat' dir='ltr'><strong>Dallzei</strong></span> <span class='ocrx_word' id='word_1_750' title='bbox 2165 5626 2620 5695; x_wconf 78' lang='lat' dir='ltr'><strong>defensorumque</strong></span> <span class='ocrx_word' id='word_1_751' title='bbox 2651 5627 2769 5696; x_wconf 91' lang='lat' dir='ltr'><strong>ejus</strong></span> <span class='ocrx_word' id='word_1_752' title='bbox 2804 5627 3137 5696; x_wconf 85' lang='lat' dir='ltr'><strong>objectiones</strong></span> <span class='ocrx_word' id='word_1_753' title='bbox 3162 5667 3178 5694; x_wconf 86' lang='lat'><strong>,</strong></span> <span class='ocrx_word' id='word_1_754' title='bbox 3204 5644 3269 5684; x_wconf 78' lang='lat' dir='ltr'><strong>ex</strong></span> 
     </span>
    </p>
   </div>
  </div>
