3768 6308
470 303 578 361 5ιό

1528 301 1587 358 S.
1627 297 1980 360 IGNATIUS.
2025 328 2093 340 --
2133 296 2669 363 PROLEGOMENA.

3644 309 3744 366 διε

468 428 538 485 iis
561 442 684 499 qum
712 442 879 500 supra
927 426 1213 483 retulimus
1236 464 1253 493 ,
1305 424 1530 482 Patrum
1578 424 1906 482 testimoniis
1929 422 2045 493 jam
2071 424 2119 484 Α
2148 431 2434 495 aeternum,
2456 443 2566 485 non
2600 447 2634 487 a
2660 431 2883 493 silentio
2915 438 3292 509 progrediens.
3323 453 3347 490 ι
3371 430 3591 492 Omnis
3622 446 3742 485 vero

465 536 589 577 esse
621 520 863 577 funditus
883 536 1127 576 eversas.
1154 520 1490 592 Polycarpus
1522 534 1779 589 namque,
1812 516 2049 572 Irenteus

464 620 520 665 et
566 609 831 682 Origenes
881 611 1023 666 nihil
1072 611 1127 666 in
1171 610 1258 666 his
1298 610 1492 665 litteris
1523 608 2047 673 animadverterunt,

463 703 612 773 quod
641 702 834 773 lgnatii
867 702 1089 772 ingenio
1112 742 1127 764 ,
1149 702 1398 757 moribus
1426 710 1480 756 et
1505 701 1649 756 artati
1680 699 1907 754 omnino
1938 710 2047 753 non

463 806 810 866 congrueret.
847 794 903 850 Si
941 810 1071 849 vero
1099 796 1342 865 pressius
1389 810 1515 850 cum
1562 792 1893 849 adversariis
1924 806 2048 862 aga-

465 900 610 953 mus,
639 886 773 943 illud
800 887 940 941 idem
971 902 1037 941 ex
1073 885 1139 942 iis
1170 902 1291 956 quae
1318 886 1419 956 ipsi
1444 886 1725 943 verissima
1755 900 1877 942 esse
1904 900 2044 941 con-

463 978 707 1045 cedunt,
776 978 1140 1034 invictissime
1212 978 1736 1035 demonstrabimus.
1787 980 2047 1037 Fatentur

461 1072 608 1127 enim
633 1074 734 1127 has
762 1073 1023 1142 epistolas
1048 1071 1308 1137 Eusebio,
1340 1070 1662 1137 Athanasio,
1691 1072 2041 1145 Hieronymo,

463 1164 835 1232 Theodoreto,
856 1165 1089 1235 aliisque
1113 1164 1416 1220 innumeris
1444 1165 1805 1235 scriptoribus
1833 1174 1889 1220 et
1940 1181 2044 1221 no-

464 1258 706 1313 tissimas
739 1258 940 1324 fuisse,
971 1267 1025 1313 et
1053 1257 1261 1328 lgnatio
1307 1257 1622 1313 attributas.
1677 1259 1746 1312 At
1798 1258 1843 1314 si
1872 1257 1926 1312 in
1974 1258 2044 1315 iis

465 1361 574 1407 tam
603 1353 792 1423 paucis
832 1360 997 1422 atque
1040 1351 1178 1406 adeo
1221 1351 1476 1407 brevibus
1502 1351 1747 1421 epistolis
1778 1359 1949 1418 tanta,
1982 1363 2045 1408 ut

464 1446 763 1503 adversarii
810 1445 1185 1510 contendunt,
1222 1459 1345 1500 esse
1379 1444 1653 1499 rationum
1684 1460 1809 1499 cum
1851 1442 2042 1515 lgnatii

466 1538 707 1609 ingenio,
734 1537 980 1592 moribus
1022 1546 1077 1591 et
1104 1536 1306 1591 saeculo
1336 1535 1695 1606 pugnantium
1728 1534 2039 1600 multitudo,

466 1630 581 1684 fieri
628 1644 763 1683 sane
816 1644 924 1682 non
985 1627 1161 1698 potuit
1212 1638 1273 1683 ut
1314 1643 1393 1682 eae
1425 1642 1618 1682 omnes
1648 1634 1726 1681 tot
1752 1626 1897 1681 viros
1918 1641 2043 1679 eru-

464 1721 770 1776 ditissimos
798 1761 813 1786 ,
848 1720 1230 1785 acutissimas,
1269 1718 1833 1790 diligentissimosque.
1888 1717 2041 1790 fuge-

463 1815 595 1881 rint,
627 1814 864 1883 atquein
895 1814 1112 1867 illorum
1148 1812 1360 1867 animos
1386 1812 1453 1867 de
1479 1812 1791 1868 earumdem
1834 1812 2039 1881 episto-

464 1906 640 1960 larum
695 1905 1072 1976 suppositione
1117 1919 1185 1959 ne
1229 1904 1515 1959 minimum
1547 1904 1765 1974 quidem
1806 1920 2033 1975 scrupu-

463 1998 575 2052 lum
625 1998 858 2053 ullamve
904 1997 1191 2068 injecerint
1239 1996 1630 2067 suspicionem.
1684 1996 1749 2051 Et
1784 1996 2036 2066 quamvis

460 2105 653 2146 omnes
692 2091 935 2145 caecitate
963 2089 1201 2160 perculsi
1244 2088 1496 2155 fuissent,
1538 2089 1653 2144 fieri
1684 2089 1878 2144 saltem
1927 2105 2035 2145 non

461 2183 636 2253 potuit
669 2192 728 2238 ut
764 2183 1031 2238 Eusebius
1063 2183 1131 2238 ab
1153 2181 1346 2253 lgnatii
1380 2191 1621 2253 tempore
1652 2197 1759 2237 non
1793 2182 1926 2237 adeo
1950 2197 2039 2238 re-

464 2279 666 2333 motus,
692 2268 982 2324 Historiam
1017 2285 1170 2325 suam
1203 2286 1268 2325 ex
1299 2272 1537 2341 antiquis
1568 2270 1787 2326 Patrum
1821 2287 2025 2327 monu-

466 2362 666 2417 mentis
691 2362 1090 2430 concinnando,
1132 2378 1196 2418 ea
1239 2380 1345 2417 non
1385 2364 1601 2426 viderit,
1634 2380 1755 2433 quae
1785 2365 2028 2420 moribus

467 2456 735 2523 rebusque
770 2456 1024 2510 omnibus
1067 2455 1255 2525 lgnatii
1293 2464 1532 2524 tempore
1562 2457 1811 2520 usitatis,
1855 2468 2030 2512 tanto-

467 2561 595 2615 pere
645 2548 1087 2602 adversabantur.
1135 2548 1432 2604 Dicendum
1480 2550 1643 2617 igitur
1702 2552 1846 2619 quod
1905 2567 2028 2605 cum

468 2638 756 2702 Eusebius,
784 2640 983 2709 aliique
1017 2655 1205 2696 omnes
1248 2642 1300 2696 in
1344 2642 1429 2697 bis
1470 2642 1714 2711 epistolis
1748 2643 1881 2697 nihil
1918 2658 2026 2697 non

470 2728 807 2800 lgnatiauum
838 2730 1308 2801 deprehenderint,
1343 2735 1474 2789 nihil
1500 2749 1687 2789 revera
1727 2735 1782 2791 in
1824 2736 1888 2791 iis
1907 2751 2029 2793 esse

471 2824 610 2886 quod
642 2825 708 2878 ab
741 2824 945 2893 lgnatio
976 2825 1232 2894 scriptum
1259 2842 1363 2881 non
1402 2826 1581 2884 fuerit.

1055 2952 1285 3009 CAPUT
1317 2953 1437 3009 ΧΠ.

457 3086 809 3127 οωεετιοκεε
836 3088 1047 3126 ωιωει
1086 3088 1154 3125 EX
1196 3086 1492 3126 H.£RETICIS
1518 3087 1587 3125 ΕΤ
1611 3086 1939 3138 ΗΞΒΕΒΙΒΙῙΞ,
1969 3087 2035 3126 ΑΒ

598 3158 815 3197 ιωιλτιο
848 3158 1287 3208 CUIMIEIIORATIS,
1319 3159 1529 3197 ΡΕΤΙΤᾹΞ
1559 3158 1893 3198 SOLVHNTUR.

532 3256 559 3327 §
589 3256 628 3312 1.
667 3257 904 3327 Objectio
927 3273 991 3311 ex
1022 3256 1288 3312 Saturnili
1313 3258 1501 3312 Iuvresi
1529 3260 1694 3329 petita
1716 3258 1958 3312 solvitur.
2025 3236 2070 3326 ἐς

529 3371 838 3444 Sequamur
877 3384 1054 3429 tamen
1095 3373 1376 3441 Dallzeum,
1402 3374 1631 3446 ejusque
1656 3374 2027 3443 defensorem,

452 3475 617 3537 atque
671 3483 763 3521 eos
817 3468 1021 3538 ubique
1058 3469 1375 3524 aberrantes
1423 3469 1473 3522 in
1509 3468 1752 3524 veritatis
1784 3468 1949 3533 viam,
1982 3468 2029 3523 si

456 3560 571 3614 fieri
634 3562 839 3631 possit,
892 3563 1153 3617 reducere
1215 3572 1549 3632 satagamus.
1611 3562 1794 3617 Prima
1845 3563 2031 3632 itaque

456 3649 637 3705 Dalla-i
694 3653 834 3705 ratio
875 3652 1183 3707 desuniitur
1234 3669 1299 3706 ex
1341 3654 1429 3718 iis,
1458 3668 1576 3722 qut?
1603 3653 1655 3706 in
1682 3651 1872 3724 lgnatii
1914 3654 2031 3722 epi-

454 3745 612 3798 stolis
644 3754 923 3809 notautur,
954 3745 1067 3800 sive
1101 3746 1401 3800 haeresibus
1432 3747 1544 3801 sive
1582 3746 2026 3815 haereticis,quos

454 3848 578 3903 post
627 3835 771 3890 illius
815 3848 1045 3890 mortem
1089 3848 1309 3891 exortus
1345 3836 1512 3892 fuisse
1539 3852 1661 3891 cum
1697 3847 1867 3907 putet,
1904 3837 2028 3892 inde

456 3924 553 3977 has
583 3925 841 3992 epistolas
872 3926 939 3979 ab
970 3925 1176 3997 lgnatio
1213 3927 1376 3981 scribi
1407 3927 1634 3981 minime
1670 3928 1912 3997 potuisse
1944 3929 2029 3981 iu-

453 4014 622 4069 ducit.
663 4014 772 4070 llas
825 4028 1004 4069 autem
1059 4018 1200 4071 inter
1248 4018 1480 4072 Inerescs
1525 4017 1757 4072 Dallteus
1782 4033 2024 4072 errorem

455 4105 736 4173 Saturnili,
757 4110 848 4178 qui
880 4110 1154 4163 Christum
1178 4111 1408 4180 putative
1434 4121 1641 4165 tantum
1670 4113 1835 4165 risum
1863 4113 2026 4180 fuisse

453 4200 756 4269 garriebat,
806 4201 1111 4269 impugnari
1165 4202 1362 4255 acriter
1419 4203 1769 4256 contendit“.
1827 4200 2024 4257 Verum

452 4300 563 4345 tam
602 4292 814 4346 infirma
840 4303 921 4346 est
951 4293 1065 4347 bmc
1096 4292 1276 4347 Dalltei
1306 4293 1617 4363 conjectura
1638 4334 1651 4356 ,
1686 4304 1743 4348 ut
1772 4292 2025 4348 defensor

450 4384 597 4439 illius
646 4395 829 4455 aperte
860 4394 914 4440 et
955 4384 1185 4455 ingenue
1216 4385 1419 4439 dicat“
1446 4404 1458 4440 :
1489 4404 1506 4437 ‹
1528 4383 1657 4449 Qua.-
1678 4386 1862 4453 inillo,
1887 4387 2023 4441 »εοί-

2067 1782 2111 1840 Β

2151 515 2441 576 difﬁcultas
2489 521 2545 577 in
2591 525 2676 580 bis
2724 528 2904 585 verbis
2941 532 3117 601 posita
3148 540 3259 587 est:
3285 548 3304 581 ι
3329 524 3742 583 nonasilentio

2147 609 2564 679 progredienszt
2588 616 2687 674 οἰκ
2735 616 2843 672 ἀπὸ
2893 620 3020 691 σιγῆ
3060 617 3362 692 προελθών.
3401 615 3542 673 Hac
3574 617 3738 677 enim.

2148 696 2228 752 uti
2270 699 2427 755 aiunt
2458 700 2525 766 “,
2548 703 2715 759 verba
2752 704 2955 761 feriunt
2984 705 3357 773 Valentinum,
3389 705 3624 777 lgnatio
3656 719 3744 773 po-

2147 790 2457 859 steriorem,
2493 794 2588 865 qui
2614 809 2680 851 ex
2716 795 2843 867 Sige
2869 807 3052 852 ortum
3082 797 3267 869 Logon
3290 798 3568 853 docebat.
3597 795 3741 865 Quod

2146 881 2399 951 quidem,
2431 883 2707 956 inquiunt,
2735 902 2860 943 cum
2893 889 3077 945 nullus
3104 899 3227 944 ante
3253 904 3388 943 eum
3434 888 3743 944 somniasse

2145 986 2501 1044 memoretur,
2544 978 2675 1034 illud
2706 981 2776 1035 ab
2806 979 3012 1050 lgnatio
3057 980 3213 1052 argui
3274 981 3443 1035 nullo
3500 994 3741 1049 unquam

2144 1070 2311 1125 modo
2337 1070 2530 1140 potuit.
2563 1071 2720 1138 Quod
2771 1072 2817 1129 si
2862 1074 3195 1144 respondeas
3240 1072 3621 1128 Valentinum
3665 1088 3720 1125 er

2144 1180 2297 1220 rores
2325 1180 2456 1220 suos
2496 1181 2527 1221 a
2557 1166 2834 1223 Gnosticis
2862 1167 3131 1233 hausisse,
3163 1168 3496 1222 concedunt
3525 1164 3739 1236 quidem

2143 1253 2497 1310 Dallatani":
2528 1275 2545 1308 ι
2577 1258 2756 1327 Ipsam
2784 1272 2966 1313 rerum
2994 1258 3187 1312 silvam
3218 1268 3392 1327 atque
3425 1256 3738 1318 materiam,

2142 1363 2208 1403 ex
2245 1364 2353 1419 qua
2390 1347 2713 1405 Valentinus
2750 1364 2849 1404 sua
2887 1349 3219 1421 composuit,
3242 1348 3361 1419 jam
3402 1348 3567 1419 apud
3601 1358 3737 1401 vetu-

2142 1441 2339 1497 stiores
2385 1443 2582 1512 partim
2627 1441 2919 1498 Gnosticos
2970 1443 3278 1510 haereticos,
3310 1441 3534 1512 partim
3586 1441 3736 1496 etiam

2142 1543 2349 1604 poetas,
2366 1542 2461 1589 aut
2486 1534 2841 1605 philosophos
2854 1534 3101 1590 ethnicos
3116 1533 3303 1589 fuisse.
3327 1552 3348 1586 ι
3381 1532 3736 1588 Sedconten-

2140 1625 2281 1681 dunt
2332 1641 2531 1681 novam
2588 1627 2830 1696 aliquam
2889 1627 3029 1681 inter
3080 1624 3380 1681 Gnosticos
3446 1634 3667 1680 sectam
3710 1637 3736 1675 ι

2142 1716 2435 1774 Valentino
2478 1717 2823 1783 fabricatam,
2857 1718 3014 1789 cujus
3042 1718 3159 1773 haec
3193 1716 3532 1787 peculiaris,
3565 1730 3673 1787 qua
3712 1730 3736 1767 τι

2140 1813 2350 1867 caeteris
2405 1812 2919 1879 discriminabatur,
2972 1811 3161 1881 opinio
3208 1818 3330 1865 erat
3362 1830 3381 1864 :
3423 1828 3445 1861 ι
3490 1808 3683 1882 Logon
3710 1824 3737 1862 a

2139 1900 2265 1974 Sige
2294 1910 2473 1957 ortum
2506 1903 2589 1958 vel
2624 1904 2956 1970 immediate,
2984 1922 3003 1956 ›
3035 1911 3098 1957 ut
3130 1917 3161 1958 a
3199 1912 3379 1957 matre
3413 1902 3641 1967 tilium;
3667 1904 3737 1956 vel

2137 1996 2398 2062 mediate,
2429 2015 2447 2048 ‹
2481 2005 2543 2051 ιιι
2584 1997 2654 2050 ah
2680 1996 2806 2051 avia
2857 2005 3128 2066 nepotem.
3166 2011 3188 2047 ι
3234 1993 3430 2061 Quam
3480 2010 3626 2049 sane
3679 1996 3737 2047 ob

2137 2101 2363 2143 causam
2396 2090 2657 2156 Irenaeus,
2697 2087 2864 2144 sicuti
2894 2087 3208 2158 opinantur,
3238 2085 3484 2141 tradidit
3502 2087 3577 2153 “,
3601 2107 3623 2139 ς
3642 2085 3737 2140 Vs-

2138 2180 2405 2237 lentinum
2432 2191 2641 2238 veteres
2666 2181 2944 2238 doctrinas
2966 2180 3020 2235 in
3040 2180 3320 2252 proprium
3344 2180 3735 2239 characterem

2137 2272 3053 2341 transtulisse.»Deniqueaudacter
3075 2272 3351 2327 afﬁrmant
3383 2273 3517 2329 haec
3542 2290 3580 2328 ι
3602 2274 3735 2329 ϐυο-

2138 2363 2405 2419 sticorum
2445 2362 2631 2434 aliquo
2673 2378 2721 2418 ει
2770 2362 2973 2435 scripta
3012 2362 3143 2431 sint,
3166 2363 3320 2418 illum
3350 2362 3421 2419 in
3462 2362 3733 2420 Valentini

2138 2455 2326 2511 schola
2359 2454 2532 2512 fuisse
2556 2455 2834 2511 edoctum.

2140 2569 2168 2641 ς
2193 2570 2288 2623 IH.
2324 2568 2561 2623 Solvitur
2586 2570 2824 2639 superior
2851 2569 3094 2641 objectio,
3125 2584 3187 2621 ac
3212 2569 3390 2641 primo
3435 2570 3736 2622 ostenditur

2208 2642 2466 2693 incertum
2498 2656 2607 2693 esse
2642 2635 2820 2693 utrum
2860 2635 3165 2693 Viu‘entinus
3202 2635 3315 2704 post
3349 2635 3580 2709 lgnatii
3617 2652 3735 2692 tem—

2205 2727 2335 2779 pora
2362 2727 2563 2763 errores
2594 2727 2716 2763 suos
2752 2711 3093 2763 disseminare
3121 2712 3354 2777 crepuit.

2209 2847 2386 2916 Atque
2434 2845 2536 2899 hoc
2576 2845 2909 2915 praecipuum
2958 2852 3042 2900 est
3074 2843 3539 2898 adversariorum
3579 2858 3737 2913 argu-

2136 2949 2403 3006 mentum,
2421 2940 2566 3011 quod
2592 2933 2730 2994 mira
2756 2941 3120 2995 ostentatione
3143 2938 3597 2993 invictissimum
3621 2954 3735 2993 esse

2132 3031 2407 3100 jactitant.
2460 3029 2662 3086 Verum
2713 3028 2983 3101 Moynius,
3035 3028 3284 3098 ejusdem
3327 3043 3468 3082 cum
3534 3026 3734 3082 Dallaeo

2058 3128 2104 3187 α
2133 3121 2469 3177 Calviniante
2516 3131 2677 3177 sectae
2718 3121 2988 3185 minister,
3015 3120 3145 3176 illud
3190 3119 3328 3174 adeo
3353 3119 3489 3175 leve
3531 3135 3608 3175 ac
3640 3122 3733 3175 imo

2133 3216 2387 3271 becillum
2440 3230 2562 3271 esse
2590 3212 2888 3285 judicaVit,
2918 3223 2981 3268 ut
3029 3213 3232 3269 nullam
3271 3213 3408 3269 inde
3435 3213 3732 3269 diﬁcatu-

2034 3304 2070 3366 ’ῗὲ
2135 3319 2241 3364 tem
2290 3307 2467 3365 creari
2496 3322 2659 3378 posse
2690 3308 2835 3363 ultro
2868 3304 3123 3361 fateatur.
3158 3304 3225 3359 Et
3247 3314 3405 3360 certe
3438 3305 3571 3360 hac
3615 3319 3712 3375 pro

2134 3402 2284 3457 batio
2313 3415 2598 3471 perperam
2653 3400 2723 3454 ab
2771 3398 2851 3454 eis
2900 3398 3200 3459 venditata,
3228 3396 3411 3451 variis
3458 3397 3732 3451 refellitur

2131 3494 2457 3558 rationibus,
2497 3505 2729 3563 quarum
2786 3504 3128 3561 unaquaque
3192 3489 3258 3543 ad
3305 3504 3437 3544 eam
3504 3490 3731 3561 penitus

2131 3587 2513 3644 destruendam
2547 3586 2663 3640 sola
2710 3584 2927 3640 sufficit.
2984 3581 3485 3637 Verumenimvero
3546 3584 3731 3637 incer-

2130 3690 2243 3735 tum
2281 3678 2459 3749 primo
2489 3685 2573 3733 est
2604 3693 2734 3731 num
2764 3675 3082 3731 Valentinus
3107 3674 3296 3746 lgnatii
3324 3682 3596 3745 tempore
3628 3692 3728 3733 non

2128 3770 2345 3835 vixerit,
2372 3777 2615 3838 tuncque
2645 3767 2871 3837 cmperit
2904 3780 3121 3821 errores
3143 3762 3531 3821 'disseminare
3573 3783 3725 3821 suos.

2130 3861 2369 3914 Irenzeus
2416 3857 2710 3928 siquidem,
2740 3857 2835 3927 qui
2881 3855 3229 3911 Valentinum
3256 3857 3435 3926 probe
3468 3870 3724 3923 novent,

2127 3954 2329 4023 quique
2357 3952 2469 4021 jam
2501 3952 2570 4006 ab
2598 3952 2892 4007 Eleutherii
2925 3967 3079 4023 papa:
3121 3960 3300 4017 relate,
3341 3952 3397 4007 id
3438 3963 3555 4019 est,
3586 3956 3722 4009 intra

2127 4059 2299 4100 annos
2327 4044 2428 4098 177
2467 4053 2520 4098 et
2551 4044 2674 4110 192,
2698 4044 2940 4114 ejusdem
2977 4042 3246 4097 Valentini
3286 4043 3557 4100 hazresim
3594 4062 3721 4101 con-

2128 4135 2350 4201 futarat,
2382 4137 2447 4191 de
2460 4151 2525 4190 eo
2542 4136 2655 4191 haec
2680 4134 2961 4189 memoriae
2987 4134 3279 4204 prodidit"
3304 4151 3316 4187 :
3342 4153 3361 4186 ς
3386 4133 3721 4190 Valentinus

2126 4234 2273 4288 venit
2322 4232 2550 4287 Romam
2592 4233 2694 4287 sub
2740 4231 2978 4303 Hygino,
3015 4231 3243 4285 increvit
3286 4246 3423 4285 vero
3461 4231 3575 4287 sub
3600 4230 3717 4291 Pin,

2125 4337 2177 4380 et
2225 4326 2537 4395 prorogavit
2587 4332 2801 4394 tempus
2852 4339 3027 4394 usque
3070 4323 3135 4377 ad
3183 4322 3505 4378 Anicetum.
3552 4343 3573 4376 ι
3616 4324 3717 4397 Hy-

2125 4417 2346 4487 ginus"
2376 4427 2555 4472 autem
2578 4415 2733 4485 juxta
2759 4416 3035 4488 vulgarem
3082 4414 3398 4485 Opinionem
3450 4417 3523 4469 ab
3571 4432 3716 4470 anno

449 4476 1186 4545 licetDallzco,«observantur
1206 4478 1289 4531 vel
1321 4475 2023 4541 Viudiciarumauctorem,i
2048 4480 2091 4534 D
2124 4475 2225 4563 ξ’δί
2273 4508 2343 4562 ad
2390 4475 2596 4563 3mm“;
2643 4507 2764 4573 156’
2794 4475 2881 4562 νεῖ
2903 4508 3056 4577 inﬂa
3085 4475 3520 4562 θξηεηάθιίοτεω
3567 4506 3712 4560 ne".

450 4584 638 4637 nempe
656 4567 1036 4633 Pcarsonium,
1056 4590 1073 4623 ι
1094 4584 1200 4623 non
1217 4578 1463 4639 tangunt,
1481 4568 1562 4622 vel
1593 4569 1726 4622 tanti
1756 4584 1861 4622 non
1887 4578 2016 4624 sunt

449 4661 728 4727 tumuenti,
763 4670 821 4715 ut
866 4678 965 4717 nos
1008 4663 1251 4715 detinere
1275 4661 1524 4715 debeant.
1562 4679 1579 4711 ι
1620 4660 1683 4713 Et
1711 4676 1768 4715 re
1793 4661 2011 4730 quidem

447 4750 560 4818 ipsa
584 4752 860 4820 lgnatiano
880 4751 981 4805 telo
1000 4765 1104 4803 non
1132 4750 1465 4817 Saturnilus,
1499 4760 1593 4804 aut
1623 4750 1821 4820 aliquis
1854 4751 2012 4819 lgna-

446 4838 521 4889 tio
548 4837 815 4906 pastcrior
845 4839 1152 4906 hrercticus,
1184 4842 1277 4895 sed
1316 4840 1695 4895 Menandriani
1746 4842 1828 4895 vel
1858 4841 2017 4895 Ebio-

444 4929 588 4992 niue,
620 4930 701 4982 vel
724 4929 1061 4987 Cerinthiani
1090 4934 1451 5004 conliguntur.

550 5040 577 5113 §
616 5044 683 5097 ll.
713 5041 951 5113 Objectio
975 5060 1040 5099 ea:
1080 5044 1569 5101 Valentinianorum
1595 5046 1716 5119 Sige
1741 5049 1905 5118 petita

1051 5120 1384 5187 proponitur.

506 5226 800 5283 Maximum
830 5229 995 5301 igitur
1017 5240 1071 5285 et
1089 5230 1411 5301 palmarium
1448 5229 1627 5286 Dalltei
1651 5247 1713 5286 ca
1743 5232 1809 5287 de
1835 5245 1893 5285 re
1918 5245 2008 5285 ar-

435 5332 750 5390 gumentum
767 5322 986 5378 ducitur
1006 5339 1071 5379 ex
1102 5324 1204 5399 hac
1229 5325 1417 5395 lgnatii
1440 5326 1612 5381 nostri
1638 5327 1903 5381 sententia
1920 5327 2000 5383 "z

441 5430 459 5463 ι
482 5410 631 5469 Unus
652 5427 733 5471 est
754 5415 917 5485 Deus,
937 5422 1028 5491 qui
1055 5420 1424 5477 manifestavit
1442 5423 1678 5493 seipsum
1697 5440 1792 5494 per
1814 5424 2003 5480 Jesum

433 5503 709 5563 Christum
792 5511 985 5567 Filium
1048 5515 1239 5584 ipsius,
1272 5516 1363 5586 qui
1417 5527 1502 5571 est
1554 5518 1726 5586 ipsius
1766 5517 2002 5573 Verbum

497 5642 538 5715 f'
568 5646 789 5715 cap.ll,
824 5650 1015 5715 p.29l.

442 5712 566 5788 q‘dn.
613 5712 842 5775 Vulcuh.
871 5735 989 5788 cap.
1022 5721 1073 5775 5.

433 5783 521 5837 tib.
552 5801 624 5852 tv,
667 5806 784 5853 cup.
823 5791 900 5844 Η,

1096 5652 1491 5751 “‘pa'gljfiz).-.
1515 5653 1767 5751 "TI-Epist.
1778 5657 1864 5751 1ἀτί
1885 5659 2117 5751 ungules.
2144 5662 2241 5751 ﬂ“.
2264 5662 2397 5718 Dall.
2424 5662 2665 5751 eamdi,
2687 5676 2741 5730 p.
2768 5660 2896 5751 2945.
2944 5660 3175 5751 "‘"pag.
3215 5657 3337 5751 503ἐ

1229 5723 1366 5778 lreu.
1405 5723 1704 5794 Prtzlug.in
1737 5728 1830 5783 lib.
1864 5746 1915 5784 tv
1973 5723 2098 5787 3dr.
2144 5732 2353 5789 Valent.

2122 4598 2330 4652 scheuii
2362 4606 2415 4652 et
2439 4597 2793 4668 Papebrochii
2823 4597 3124 4668 catalogum
3150 4594 3539 4651 Romanorum
3579 4614 3713 4667 pon-

2122 4692 2327 4746 tificum
2379 4692 2447 4745 ab
2484 4705 2627 4745 anno
2669 4690 2771 4745 158
2800 4690 2867 4744 ad
2899 4705 3105 4744 annum
3144 4690 3265 4753 150,
3298 4689 3575 4747 Romana:
3609 4693 3710 4747 Ec-

2119 4784 2300 4839 clesia:
2350 4783 2525 4838 tenuit
2561 4781 3010 4851 gubernaculum.
3040 4781 3307 4836 Eusebius
3347 4798 3485 4837 vero
3521 4787 3623 4853 qui
3660 4788 3709 4837 in

2118 4876 2342 4931 historia
2382 4892 2481 4931 sua
2530 4877 2791 4931 Ircna'um
2819 4883 3038 4930 secutus
3065 4882 3167 4937 est,
3193 4874 3245 4926 in
3277 4873 3564 4929 Chronico
3598 4878 3708 4929 hmc

2116 4968 2360 5023 habetat]
2390 4982 2594 5022 annum
2622 4966 2722 5019 1ιῖ
2741 4966 2807 5020 δ’.
2838 4985 2854 5017 ς
2882 4967 2995 5019 Sub
3021 4963 3228 5037 Hygino
3251 4964 3522 5020 Romana:
3555 4970 3707 5021 urbis

2113 5063 2372 5131 episcopo
2412 5058 2731 5113 Valentinus
2776 5058 3164 5112 hmresiarches
3205 5066 3258 5110 et
3305 5055 3487 5111 Cerdo
3532 5061 3704 5128 magi-

2114 5166 2225 5211 ster
2254 5152 2547 5207 Marcionis
2593 5150 2825 5205 Romam
2878 5158 3163 5207 venerunt.
3199 5167 3218 5201 ›
3268 5146 3336 5202 Et
3375 5149 3446 5203 ad
3489 5165 3699 5204 annum

2121 5247 2216 5302 146
2251 5265 2265 5301 :
2304 5266 2322 5298 ι
2379 5243 2701 5300 Valentinus
2749 5242 3037 5297 haereticus
3077 5242 3421 5312 agnoscitur,
3480 5250 3535 5296 et
3578 5259 3701 5311 per-

2110 5351 2296 5395 manet
2345 5353 2521 5409 usque
2550 5337 2618 5392 ad
2648 5335 2960 5391 Anicetum.
3000 5353 3019 5387 ι
3054 5333 3226 5389 Porro
3269 5343 3457 5388 autem
3494 5332 3697 5388 Valen-

2112 5435 2307 5498 tinum,
2342 5442 2633 5502 antequam
2673 5429 2901 5484 Romam
2933 5429 3270 5493 adventaret,
3301 5443 3522 5482 errores
3564 5443 3697 5483 suos

2111 5542 2368 5599 spargere
2408 5526 2642 5597 cepisse
2688 5539 2819 5579 vero
2870 5523 3031 5593 plane
3071 5520 3416 5576 simillimum
3452 5518 3693 5574 videtur.

3424 5658 3471 5690 “
3498 5657 3598 5711 lib.
3632 5673 3670 5710 tl

3461 5729 3504 5761 “
3540 5728 3690 5782 Hist.

3724 5234 3739 5259 ι

2437 5729 2609 5787 "lib.
2643 5729 2702 5785 ut
2781 5730 2905 5788 adv.
2944 5729 3178 5797 Valent,
3215 5747 3265 5784 c.
3320 5729 3378 5784 8.
