3800 6208
96 292 191 348 Si?

1095 290 1158 346 D.
1199 289 1489 346 NOURRII
1529 286 2090 343 DlSSERTATlO.-—
2128 289 2308 360 PARS
2348 289 2386 346 Ι.

3259 299 3370 356 518

95 413 217 468 Nam
242 413 392 468 idem
429 411 777 472 Valentinus
815 415 883 470 ab
913 415 1002 479 iis,
1027 415 1119 485 qui
1155 416 1419 470 lrenaeum
1454 429 1683 484 pra‘ces—
1712 419 1758 472 Δ
1787 410 2471 482 formam,dispositionem
2505 423 2556 469 et
2584 414 2862 484 ordinem;
2899 416 3120 488 quibus,
3172 418 3370 491 inquit,

96 516 286 572 serant,
315 507 432 574 jam
469 506 668 562 fuerat
714 507 1048 571 confutatus,
1083 520 1139 561 ut
1180 507 1406 576 ipsemet
1452 504 1685 559 Irenaeus

93 599 280 653 ibidem
359 598 774 654 teStiﬁcatur“
806 616 820 652 :
858 616 876 648 ο
914 597 1253 667 Quapropter
1296 597 1352 650 hi
1403 596 1495 666 qui
1563 608 1686 649 ante

93 707 182 746 nos
236 689 495 754 luerunt,
547 700 610 745 et
664 691 837 746 multo
867 691 1021 744 nobis
1063 689 1333 754 meliores,
1360 703 1468 742 non
1505 697 1684 742 tamen

92 785 212 838 satis
234 792 558 853 potuerunt.
596 784 977 838 contradicere
1004 782 1109 846 his,
1146 781 1238 851 qui
1275 789 1402 835 sunt
1426 796 1455 834 a
1487 779 1684 834 Valeri--

92 876 224 940 tino;
253 875 390 944 quia
431 875 791 945 ignorabant
816 874 1056 944 regulam
1091 874 1358 942 ipsorum,
1388 888 1552 942 quam
1583 887 1684 926 nos

90 985 201 1023 cum
223 967 377 1022 omni
401 968 714 1038 diligentia
739 970 791 1022 in
817 969 989 1038 primo
1017 968 1155 1022 libro
1175 967 1268 1021 tibi
1287 967 1632 1021 tradidimus.
1660 985 1677 1018 ι

92 1061 148 1116 Et
186 1061 253 1116 de
296 1060 634 1132 Polycarpo
660 1062 793 1117 alibi
817 1060 1094 1116 scribit“:
1134 1079 1152 1112 ι
1199 1061 1249 1114 ls
1280 1058 1424 1114 enim
1454 1068 1556 1124 est,
1590 1059 1684 1129 qui

89 1156 179 1208 sub
217 1153 458 1208 Aniceto
513 1170 656 1208 cum
705 1154 1017 1209 advenisset
1058 1155 1110 1208 in
1143 1153 1354 1218 urbem,
1392 1153 1589 1206 multos
1617 1167 1684 1206 ex

91 1247 182 1311 his,
204 1260 346 1315 quos
369 1245 1080 1314 praediximusmaireticos,
1096 1242 1466 1300 iValentinum
1491 1258 1687 1313 nempe

87 1347 131 1389 et
155 1334 528 1400 llartziouem,
556 1356 576 1387 ι
599 1330 1250 1391 convertitinEcclesiam
1280 1333 1395 1388 llei.
1435 1352 1453 1385 ι
1491 1331 1683 1388 υιιιιιιι

86 1435 248 1479 autem
302 1426 402 1480 diu
447 1434 595 1480 ante
637 1434 884 1494 tempora
934 1423 1125 1496 Hygini
1165 1423 1482 1480 Valentinus
1516 1424 1686 1479 inca:-

85 1517 207 1586 perit
258 1532 424 1570 suam
491 1515 792 1586 publicare
834 1514 1104 1577 haeresim,
1141 1514 1275 1568 nihil
1321 1530 1351 1568 a
1407 1530 1682 1584 quoquam

83 1609 453 1662 indubitatum
496 1608 681 1663 statui
716 1623 954 1679 unquam
988 1607 1181 1677 potuit.

143 1695 346 1769 Urgent
397 1710 605 1754 tamen
663 1715 734 1754 ex
781 1699 947 1753 citato
998 1697 1216 1752 Eusebii
1268 1697 1540 1753 Chronico
1587 1696 1686 1752 Va-

83 1790 330 1845 lentinum
357 1807 526 1846 anno
554 1800 775 1846 tantum
820 1792 920 1845 146
963 1790 1227 1862 agnitum.
1254 1789 1394 1862 Ergo
1423 1790 1684 1855 inierunt,

83 1892 222 1938 antea
256 1900 360 1939 nec
386 1884 636 1954 agnitus
661 1892 800 1950 erat,
823 1899 922 1938 nec
949 1883 1175 1954 proinde
1197 1899 1328 1938 suos
1353 1882 1503 1937 ullibi
1530 1897 1686 1952 spar-

83 1984 211 2028 serat
257 1991 526 2031 en‘ores.
563 1975 678 2031 Sed
731 1975 984 2046 quamvis
1018 1975 1136 2030 haec
1158 1991 1223 2029 ex
1253 1990 1318 2029 eo
1348 1990 1539 2044 urgere
1575 1989 1684 2030 non

81 2066 326 2122 deberent
376 2067 708 2134 Chronico,
743 2068 797 2121 in
827 2083 935 2137 quo
964 2067 1156 2121 menda
1193 2081 1314 2122 esse
1349 2065 1679 2136 prmdicant;

79 2156 296 2215 dicimus
355 2169 567 2216 tamen
628 2160 686 2214 in
742 2159 1120 2229 hujuscemodi
1169 2160 1387 2230 scriptis
1428 2159 1680 2226 verbum,

80 2257 397 2326 agnoscitur,
432 2269 564 2310 non
613 2255 693 2308 ita
742 2253 1118 2324 accipiendum
1181 2268 1321 2320 esse,
1354 2267 1417 2306 ac
1462 2253 1508 2307 si
1537 2268 1682 2306 nun-

77 2365 221 2417 quam
248 2358 423 2403 antea
458 2347 773 2402 hzereticus
804 2347 894 2401 ille
919 2363 949 2401 a
982 2362 1259 2418 quoquam
1290 2345 1505 2418 agnitus
1542 2345 1679 2402 t‘uis-

79 2450 178 2508 set;
224 2441 323 2495 sed
383 2439 546 2494 nihil
591 2439 747 2494 aliud
797 2439 1126 2510 signiﬁcare,
1158 2453 1326 2509 quam
1378 2437 1529 2492 illum
1580 2437 1676 2507 qui

77 2532 314 2598 privatim
376 2539 440 2586 et
500 2532 723 2586 sensim
780 2530 900 2585 sine
950 2546 1114 2586 sensu
1144 2545 1395 2585 errorum
1443 2544 1672 2584 suorum

77 2640 263 2679 venena
321 2625 500 2694 prius
563 2622 991 2693 propinaverat,
1046 2623 1159 2694 jam
1225 2623 1568 2694 apertissime
1609 2637 1672 2676 ea

72 2727 408 2786 spargentem
459 2717 540 2770 ab
573 2715 838 2770 omnibus
867 2717 1132 2786 agnitum.

133 2811 218 2876 At,
244 2811 552 2880 inquiunt,
612 2807 955 2874 Valentinus,
1001 2818 1137 2863 teste
1168 2806 1535 2872 Tertulliano,
1568 2807 1672 2862 sub

73 2919 317 2972 supremo
350 2903 683 2958 Eleutherii
717 2901 1057 2972 pontiﬁcatu,
1091 2902 1142 2955 id
1181 2910 1282 2967 est,
1315 2909 1376 2955 ut
1403 2899 1666 2966 diximus,

75 2995 202 3049 circa
248 3012 477 3050 annum
535 2993 669 3060 180,
732 2991 919 3048 Romae
965 2993 1144 3048 adhuc
1200 2993 1663 3048 commorabatur.

1786 513 1840 557 et
1861 513 2006 558 secta
2033 503 2151 574 ejus
2176 521 2205 558 a
2224 505 2433 560 caeteris
2458 507 2714 563 omnibus
2737 519 2881 564 recte
2905 510 3158 566 distincta
3183 522 3286 579 est,
3314 519 3369 568 et

1787 593 1876 649 ille
1919 594 1987 648 ab
2031 594 2233 649 Irenaeo
2274 596 2398 665 jure
2445 598 2752 666 traditur",
2798 602 3055 672 antiquas
3104 605 3158 657 in
3203 619 3368 658 suum

1786 681 2159 736 charactean
2189 685 2552 740 transtulisse.
2603 685 2707 743 Sed
2758 699 3035 759 quzena‘m,
3069 693 3266 748 amabo
3289 702 3364 758 te,

1785 780 1869 827 est
1898 773 1988 826 illa
2024 773 2302 830 Valentina
2345 775 2554 831 forma?
2575 776 2693 832 Non
2720 793 2782 833 ea
2813 781 3033 850 quidem
3077 783 3183 837 sita
3207 792 3290 837 est
3315 782 3369 838 in

1786 866 1990 933 verbis,
2017 865 2153 933 Nus,
2191 866 2392 937 Logos,
2425 871 2505 923 vel
2539 867 2698 941 Sige;
2745 873 3179 944 quandoquidem
3209 894 3228 928 t
3268 875 3374 932 Pa-

1788 959 1931 1010 trem
1961 956 2234 1022 innatum,
2269 959 2446 1028 inquit
2480 958 2710 1017 Dallaeus
2732 962 2798 1029 ⁸⁵,
2825 970 2880 1016 et
2918 962 3062 1032 Nun,
3092 974 3146 1020 et
3178 965 3368 1037 Logon

1786 1051 1929 1120 apud
1981 1050 2303 1116 Basiliden),
2336 1059 2391 1106 et
2433 1051 2596 1124 Sigen
2636 1055 2776 1125 apud
2817 1057 3183 1128 Antiphanem
3230 1075 3361 1130 poe-

1785 1149 1895 1196 tam
1949 1142 2184 1198 invenio.
2259 1162 2276 1194 ι
2355 1143 2614 1210 Quaenam
2667 1154 2752 1200 est
2812 1161 2942 1217 ergo
2997 1149 3084 1203 illa
3151 1149 3368 1204 forma?

1792 1251 1810 1284 ι
1851 1232 2036 1304 Logon
2060 1251 2088 1289 e
2113 1233 2238 1307 Sige
2261 1246 2467 1300 ortum,
2495 1239 2843 1308 prosequitur
2872 1239 3104 1295 Dallteus
3127 1241 3194 1308 ",
3220 1243 3363 1313 apud

1786 1334 2040 1380 neutrum
2077 1327 2313 1383 invenio.
2347 1327 2420 1382 Ea
2451 1344 2632 1382 rerum
2663 1329 2953 1399 dispositio
3000 1334 3142 1403 apud
3196 1350 3367 1388 unum

1800 1415 2144 1472 Valentinum
2193 1419 2422 1490 ejusque
2449 1421 2750 1491 discipulos
2773 1432 2968 1478 exstat.
3003 1443 3022 1476 ι

1856 1507 1958 1563 Sed
1985 1508 2214 1566 Dallaeus
2244 1527 2304 1565 ea
2345 1511 2611 1582 profecto,
2635 1528 2756 1583 quae
2787 1515 2950 1583 paulo
2985 1525 3109 1586 post
3138 1517 3372 1586 ipsemet

1789 1604 1994 1668 retulit,
2030 1603 2210 1658 lrenaei
2246 1605 2409 1659 verba
2441 1621 2548 1661 non
2587 1606 2724 1661 satis
2753 1615 2958 1662 attente
3001 1609 3223 1678 legerat.
3261 1609 3372 1664 Ire-

1787 1707 1938 1748 naeus
1965 1695 2163 1748 etenim
2192 1695 2264 1749 ibi
2301 1695 2367 1750 de
2399 1695 2708 1766 Antiphane
2737 1708 2894 1768 poeta
2923 1701 3004 1756 sic
3031 1701 3318 1757 dissnit“
3350 1723 3366 1758 :

1717 1754 1760 1809 Β
1796 1800 1815 1833 ι
1859 1781 2013 1839 Unde
2031 1783 2216 1854 etipsi,
2270 1754 2654 1854 Valentini-ani,
2711 1754 2815 1844 sibi
2848 1754 3373 1848 assitmentes—labu;

1790 1873 2061 1927 lam.......
2113 1875 2462 1929 solummodo
2492 1876 2836 1934 demutantes
2881 1895 3070 1934 eorum
3124 1882 3371 1947 nomina,

1790 1963 2025 2034 idipsum
2075 1974 2256 2020 autem
2302 1967 2685 2022 universorum
2729 1972 3098 2040 generationis
3128 1973 3369 2040 initium,

1785 2062 1841 2108 et
1885 2055 2238 2110 emissionem
2294 2059 2666 2126 ostendentes,
2705 2075 2804 2131 pro
2852 2070 3014 2117 nocte
3055 2074 3109 2117 et
3151 2064 3370 2119 silentio

1783 2147 1977 2204 Bithon
2004 2158 2058 2204 et
2086 2150 2248 2221 Sigen
2285 2153 2847 2210 nominantes.........
2889 2170 2952 2210 ac
2973 2171 3072 2226 pro
3095 2157 3288 2227 primis
3313 2166 3369 2212 et

1785 2241 2042 2296 maximis
2079 2242 2185 2297 diis
2226 2257 2409 2300 aeonas
2460 2242 2855 2313 formaverunt,
2882 2255 2937 2301 et
2976 2263 3076 2317 pro
3105 2249 3364 2303 secundis

1783 2332 1892 2389 diis
1932 2347 2076 2400 eam,
2105 2350 2228 2404 quae
2258 2343 2412 2390 extra
2457 2337 2776 2406 pleromalis
2806 2338 3050 2408 ipsorum
3081 2349 3362 2404 enarrant,

1775 2428 2208 2498 dispositionem.
2251 2447 2270 2480 ι
2313 2427 2452 2495 Quid
2503 2446 2633 2486 vero
2690 2432 2838 2502 quod
2865 2431 3233 2487 Valentiniani
3264 2433 3364 2487 bas

1774 2521 2076 2590 primorum
2138 2521 2364 2576 deorum
2396 2535 2461 2576 ac
2503 2537 2718 2576 aeonum
2762 2524 3162 2594 generationes,
3195 2525 3366 2578 emis-

1774 2612 1961 2669 siones
1987 2621 2044 2668 et
2081 2624 2235 2669 ortus
2267 2629 2375 2668 non
2407 2629 2438 2668 a
2472 2615 2701 2686 paganis
2727 2623 2962 2684 tantum,
2983 2617 3076 2671 sed
3097 2616 3263 2671 etiam
3289 2617 3360 2671 ab

1775 2703 2069 2772 haereticis,
2113 2706 2304 2762 eodem
2350 2709 2556 2763 Irenaeo
2599 2715 2765 2772 teste,
2797 2708 3207 2764 delibaverant?
3243 2711 3364 2781 ipse

1769 2797 1915 2850 enim
1945 2799 2107 2867 paulo
2131 2815 2296 2869 supra
2331 2800 2553 2872 scriptis
2586 2800 2882 2857 tradiderat
2915 2819 2930 2856 :
2967 2820 2986 2853 ι
3020 2800 3147 2858 Haec
3176 2810 3360 2858 autem

1767 2903 1890 2957 quae
1913 2887 2055 2944 dicta
2081 2899 2208 2945 sunt
2239 2891 2304 2946 de
2324 2906 2489 2948 sensu
2527 2892 2864 2957 emissionis,
2903 2892 3155 2949 similiter
3179 2903 3234 2949 et
3260 2895 3359 2950 ad-

1768 2990 1957 3034 versus
1982 2994 2097 3046 eos,
2128 2981 2222 3051 qui
2260 2997 2293 3036 a
2339 2981 2574 3038 Basilide
2608 2992 2769 3051 sunt,
2799 2985 3064 3040 adversus
3106 2985 3351 3055 reliquos

77 3082 210 3143 unde
261 3088 635 3144 concludunt
690 3085 845 3140 mum
898 3086 1090 3158 lgna,“
1125 3095 1366 3157 tempore
1405 3096 1499 3141 aut
1531 3088 1670 3141 ίηιρι.
1696 3103 1738 3160 C
1772 3066 2080 3134 Guosticos,
2121 3085 2152 3124 a
2182 3069 2381 3140 quibus
2403 3072 2457 3125 hi
2481 3071 2632 3128 initia
2673 3073 3032 3129 emissionum
3065 3075 3342 3144 accipien-

74 3181 228 3246 vivos,
259 3191 367 3237 aut
421 3181 637 3235 saltem
671 3179 816 3233 inter
851 3194 1049 3248 pravos
1088 3179 1388 3233 haereseum
1418 3179 1670 3233 doctores

75 3289 166 3327 non
209 3275 481 3344 potuisse
515 3272 900 3326 annumerari.
934 3270 1038 3326 Sed
1082 3272 1136 3325 in
1164 3268 1484 3326 Tertulliani
1519 3271 1672 3326 libris

73 3362 451 3420 describendis
486 3372 750 3418 erratum
783 3362 906 3429 fuit,
935 3363 1017 3418 vel
1045 3360 1164 3433 ipse
1195 3378 1408 3422 errasse
1437 3380 1670 3421 censen-

72 3457 159 3513 dus
213 3467 322 3515 est.
368 3458 634 3512 lrenaeus
690 3457 893 3526 quippe
931 3456 1380 3528 diligentissimus
1419 3474 1669 3522 errorum

71 3546 332 3605 Valentini
389 3549 795 3620 investigator,
843 3548 896 3602 in
943 3565 1066 3616 suo,
1120 3565 1280 3620 quem
1331 3551 1434 3604 sub
1477 3550 1669 3606 eodem

73 3639 379 3697 Eleutherio
423 3656 666 3698 summo
681 3640 939 3709 pontiﬁce
968 3643 1293 3712 composuit,
1321 3644 1484 3709 libro,
1515 3657 1668 3698 asse-

73 3739 208 3782 verat
243 3729 623 3784 Valentinum
659 3730 1039 3784 tantummodo
1073 3747 1244 3802 usque
1281 3734 1346 3789 ad
1374 3723 1669 3789 'Anicetum

71 3830 268 3892 tempus
327 3822 532 3878 Rutilae
572 3836 931 3892 prorogasse,
957 3824 1009 3877 id
1036 3832 1118 3878 est
1176 3840 1284 3880 non
1321 3827 1543 3890 vixisse,
1577 3834 1671 3880 aut

72 3912 132 3964 ibi
167 3931 271 3968 non
305 3914 719 3984 comparuisse
756 3914 1012 3983 amplius.
1044 3910 1182 3969 lluic
1217 3917 1410 3972 lrentei
1445 3927 1668 3973 senten-

72 4003 146 4059 tiae
193 4008 540 4077 subscripsit
610 4003 908 4072 Eusebius,
955 4007 1189 4077 scriptor
1235 4009 1667 4066 oculatissimus.

72 4092 134 4149 Ex
164 4099 370 4166 quibus
404 4108 564 4152 recte
601 4097 956 4151 concluditur
985 4099 1278 4154 obscurum
1315 4117 1458 4168 esse,
1491 4103 1671 4156 omni--

72 4201 232 4258 noque
292 4191 592 4245 incertum
663 4203 796 4242 num
858 4187 1176 4246 Valentinus
1243 4190 1435 4262 lgnatii
1492 4192 1669 4248 nostri

72 4287 300 4350 tempore
330 4297 570 4336 errores
601 4281 822 4349 aliquos
859 4296 964 4334 non
998 4283 1259 4351 sparserit
1290 4284 1344 4338 in
1376 4285 1595 4356 vulgus.

186 4420 214 4492 ς
238 4420 334 4476 IV.
385 4418 810 4492 Valentinianus
834 4418 978 4492 [tunc
1004 4418 1067 4492 de
1097 4416 1218 4489 Sige
1245 4436 1474 4475 errorem
1501 4437 1534 4474 a

602 4487 870 4542 Gnosticis
903 4489 1158 4542 hausisse.

128 4628 228 4685 Fac
251 4641 449 4686 tamen
472 4627 839 4683 Valentinum
865 4625 1070 4696 lgnatio
1092 4627 1262 4683 fuisse
1279 4628 1665 4698 posteriorem,

72 4719 184 4785 quid
235 4722 372 4775 inde
425 4727 635 4774 contra
686 4715 1021 4770 sanctissimi
1065 4719 1323 4788 martyris
1367 4719 1665 4789 epistolas,

1775 3164 1878 3223 tes,
1909 3176 1927 3209 ›
1955 3168 2059 3215 etc.
2088 3160 2253 3230 Atqui
2283 3162 2406 3219 illas
2434 3163 2576 3219 inter
2597 3167 2823 3220 deorum
2846 3181 2912 3222 ac
2938 3182 3153 3221 monum
3179 3169 3350 3224 emis-

1767 3239 1980 3316 siones,
2023 3252 2137 3307 sive
2178 3253 2407 3323 primas,
2441 3256 2556 3312 sive
2592 3259 2895 3324 secundas,
2929 3260 3119 3315 debuit
3165 3263 3360 3332 procul

1772 3341 1939 3398 dubio
1985 3359 2106 3399 esse
2156 3345 2332 3416 Logos
2372 3363 2402 3403 e
2441 3347 2566 3420 Sige
2604 3359 2779 3406 ortus.
2812 3350 3184 3408 Valentiniani
3215 3370 3350 3426 ergo

1774 3435 1928 3489 illum
1977 3434 2156 3506 Logos
2201 3447 2382 3494 ortum
2422 3455 2529 3494 non
2573 3457 2732 3497 secus
2756 3458 2822 3499 ac
2847 3444 3085 3513 reliquas
3129 3445 3358 3500 deorum

1773 3543 2002 3584 suorum
2034 3529 2364 3586 emissiones
2387 3531 2458 3586 ab
2479 3532 2720 3589 ethnicis
2741 3541 2904 3604 atque
2934 3534 3203 3591 haereticis
3235 3551 3361 3592 mu-

1777 3620 1915 3675 tuati
1956 3629 2105 3676 sunt.

1844 3711 2031 3781 Neque
2067 3727 2197 3768 vero
2229 3712 2302 3767 ibi
2333 3714 2479 3770 sistit
2507 3714 2760 3780 Irenaeus,
2794 3718 2888 3773 sed
2921 3718 3036 3789 ipse
3070 3721 3259 3776 eodem
3298 3722 3354 3776 iu

1770 3803 1894 3859 loco
1920 3801 2130 3858 addidit
2157 3821 2172 3858 :
2214 3823 2233 3855 ι
2276 3803 2352 3861 De
2373 3821 2437 3861 ea
2461 3817 2642 3862 autem
2667 3824 2788 3880 quae
2811 3819 2893 3864 est
2920 3827 2986 3865 ex
3009 3812 3093 3867 his
3117 3814 3353 3868 secunda

1770 3895 2067 3951 emissione
2115 3897 2360 3953 hominis
2399 3907 2453 3954 et
2505 3899 2769 3958 Ecclesiae
2801 3904 2905 3974 ipsi
2949 3914 3134 3975 patres
3163 3921 3354 3960 eorum

1771 3989 1912 4047 falso
1958 3980 2331 4060 cognominati
2392 3991 2636 4052 Gnostici
2702 3997 3021 4070 impugnant
3092 4001 3357 4056 adversus

1772 4082 2029 4150 invicem,
2059 4099 2159 4139 sua
2204 4087 2423 4156 propria
2452 4089 2814 4156 vindicantes,
2839 4101 2892 4146 et
2917 4092 3092 4147 malos
3120 4091 3268 4150 fures
3296 4108 3357 4147 se

1770 4192 1895 4234 esse
1943 4179 2352 4235 convincentes.
2386 4200 2404 4232 ι
2451 4179 2590 4247 Quid
2643 4193 2824 4238 autem
2865 4185 2981 4240 haec
3010 4187 3174 4240 verba
3205 4185 3354 4241 aliud

1777 4270 2116 4340 signiﬁcant,
2167 4287 2332 4342 quam
2384 4271 2896 4332 Valentinianorum
2949 4287 3130 4348 patres
3182 4278 3356 4336 fuisse

1776 4359 2094 4427 Guostit-os,
2127 4377 2156 4416 a
2187 4363 2388 4432 quibus
2438 4365 2516 4420 illi
2572 4381 2680 4422 non
2726 4369 2953 4438 primam
3007 4371 3205 4437 solum,
3257 4374 3353 4427 sel

1701 4445 1746 4501 D
1774 4453 1937 4508 etiam
1982 4456 2279 4510 secundam
2336 4473 2549 4513 aconum
2595 4461 2944 4515 emissionem
2997 4464 3354 4531 acceperant?

1767 4545 1902 4602 Eam
1935 4547 2079 4601 enim
2111 4549 2180 4602 ob
2201 4564 2425 4603 causam
2453 4551 2575 4620 puri
2607 4553 2852 4622 merique
2875 4552 3118 4609 Gnostici
3154 4552 3353 4609 Valen-

1767 4637 1946 4691 tinum
1997 4635 2226 4707 ejusque
2257 4649 2576 4707 sectatores,
2615 4655 2680 4696 eo
2710 4643 2854 4712 quod
2886 4643 2940 4696 in
2971 4652 3187 4714 patrum
3220 4660 3353 4701 suo.

1769 4742 1891 4781 rum
1952 4726 2201 4782 doctrina
2256 4736 2311 4782 et
2362 4728 2578 4800 placitis
2634 4731 2870 4801 plurima
2930 4734 3351 4803 immutasseut,

71 4814 108 4864 si
160 4812 508 4869 Valentinus
559 4813 710 4866 hanc
761 4810 829 4863 de
861 4809 1009 4882 Logo
1046 4825 1076 4864 a
1108 4810 1235 4881 Sige
1265 4823 1387 4870 orto
1413 4812 1666 4869 haeresim
1699 4832 1738 4887 ς,
1761 4817 1966 4871 «malos
1985 4816 2126 4872 feres
2140 4821 2718 4878 essetconvincebant.
2753 4823 2960 4880 Contra
2999 4828 3126 4883 verb
3156 4827 3355 4883 Vult-n-

72 4904 130 4956 ab
175 4906 464 4962 haereticis
521 4902 925 4957 vetustioribus
987 4903 1204 4969 hausit,
1258 4920 1424 4974 quam
1476 4906 1531 4960 in
1586 4905 1668 4961 eis

71 4993 280 5052 damnat
333 4995 630 5068 lguatius?
678 4993 939 5048 Concedit
993 5003 1174 5064 autem
1227 4995 1483 5060 Dallaeus,
1517 4997 1593 5051 uti
1637 5011 1668 5052 a

75 5091 214 5144 nobis
239 5106 418 5160 supra
448 5089 812 5144 observatum
836 5095 920 5141 est
940 5088 1040 5151 ",t
1063 5087 1236 5158 ipsam
1252 5105 1437 5145 rerum
1472 5089 1668 5145 silvam

71 5191 216 5251 atque
240 5181 661 5247 materiam,ex
691 5194 800 5248 qua
837 5177 1158 5236 Valentinus
1192 5196 1290 5236 sua
1327 5182 1667 5252 composuit,

69 5271 166 5339 jam
197 5276 349 5345 apud
385 5274 754 5334 vetustiores,
785 5272 981 5340 partim
1023 5271 1315 5328 Gnosticos
1356 5274 1668 5340 haereticos,

73 5367 251 5431 partita
264 5368 437 5422 etiam
456 5375 676 5436 poetas,
695 5374 790 5418 aut
804 5365 1160 5434 philos0phos
1172 5367 1422 5422 ethnicos
1438 5366 1627 5421 fuisse.
1641 5386 1662 5419 ι

71 5453 197 5513 Quid
264 5469 404 5523 ergo
463 5455 598 5508 novi
662 5453 888 5521 protulit
938 5452 1301 5511 Valentinus?
1353 5455 1669 5525 Respondet

75 5538 297 5598 Dallaeus
325 5545 482 5598 illum
509 5544 649 5599 huic
679 5543 830 5598 silvae
858 5559 923 5601 ac
951 5548 1198 5604 materiai
1227 5563 1426 5603 novam
1453 5548 1670 5602 dedisse

1773 4909 1971 4964 tiuiani
2030 4911 2158 4967 illos
2218 4913 2306 4968 sui
2369 4917 2632 4986 temporis
2682 4914 2975 4975 Gnosticos
3033 4924 3353 4978 earumdem

1773 5002 2100 5059 incusabant
2151 5005 2619 5065 immutationum.
2663 5009 2787 5076 Quo
2839 5019 2986 5066 certe
3028 5029 3094 5068 ex
3128 5012 3355 5071 dissidio

1773 5105 1938 5163 atque
1985 5096 2246 5151 conflictu
2295 5109 2480 5168 aperte
2529 5103 2807 5172 colligitur
2856 5113 3119 5175 utrosque
3151 5113 3202 5159 et
3247 5104 3354 5158 Va-

1771 5184 2106 5243 lentinianos
2145 5197 2199 5243 et
2252 5191 2585 5260 posteriores
2618 5193 2908 5252 Gnosticos
2955 5197 3024 5250 ab
3068 5196 3350 5265 antiquio-

1773 5275 1926 5331 ribus
1973 5277 2248 5335 Gizosticis
2282 5295 2389 5334 non
2424 5282 2616 5336 silvam
2651 5284 2918 5339 duntaxat
2949 5293 3003 5339 et
3034 5286 3343 5354 materiam,

1773 5367 1868 5421 sed
1912 5369 2138 5424 deorum
2189 5386 2516 5443 :eonumque
2570 5383 2727 5432 ortus
2786 5375 3041 5433 hausisse
3080 5385 3136 5433 et
3177 5380 3349 5436 emis-

1771 5459 1979 5518 siones.

1847 5551 2157 5623 Respondct
2209 5553 2516 5611 Dallseanus
2560 5556 2817 5615 defensor
2874 5576 2984 5617 non
3027 5560 3348 5634 Gnosticus,

119 5663 159 5693 '°
188 5663 411 5750 limlog.
441 5667 498 5720 in
538 5665 726 5750 lilht'v
781 5665 1158 5750 qdv_.UV.alen_t‘.
1184 5669 1285 5750 ...δι
1314 5668 1409 5723 lib.
1444 5681 1506 5750 tu
1565 5666 1654 5750 agt

1804 5666 1913 5722 (ent
1943 5709 1959 5733 ,
1984 5684 2103 5750 cap.
2132 5670 2184 5725 5.
2229 5671 2274 5704 ⁸³
2306 5687 2428 5743 pag.
2462 5672 2586 5728 503.
2631 5673 2677 5706 ⁸³
2705 5673 2781 5730 lib
2838 5691 2854 5730 l
2914 5677 3040 5734 adv.
3103 5678 3353 5750 Valent...

77 5745 183 5804 cap.
206 5737 263 5791 5.
349 5732 393 5768 ’ἶ
425 5751 558 5808 pag.
589 5735 726 5791 503.
804 5737 850 5770 "
881 5732 1019 5795 Ibid.

1105 5741 1152 5772 ³⁸
1183 5739 1279 5795 lib.
1315 5755 1353 5794 ιι
1418 5737 1539 5797 adv.
1587 5735 1814 5805 Valent,
1847 5753 1966 5810 cap.
2001 5735 2085 5794 19.
