3768 6320
445 330 547 388 519

1515 333 1574 389 S.
1618 332 1973 391 lGNATlUS.
2019 366 2087 376 -—-
2126 334 2663 392 PBOLEGOMENA.

3631 338 3719 396 520

455 455 552 511 sed
606 453 884 511 Valentini
920 456 1221 528 discipulos
1254 458 1355 515 has
1398 458 1777 515 doctrinarum
1809 476 2035 515 suarum
2066 465 2113 522 A
2139 461 2302 517 dictis
2341 481 2353 517 :
2389 482 2408 514 ι
2453 462 2688 519 Verbum
2727 480 2758 519 a
2798 464 3019 521 silentio
3058 462 3443 538 progrediens,
3477 482 3497 515 ι
3526 477 3721 532 prepo-

457 549 562 603 sihi
592 550 823 606 invicem
872 552 1237 621 exprobrasse
1268 562 1322 607 et
1361 553 1635 623 objecisse
1676 555 2032 611 mutationes.

456 639 565 698 Sed
627 644 806 714 ipsum
853 660 1066 711 eorum,
1113 662 1235 716 quae
1282 662 1408 701 cum
1474 645 1673 701 Dallzco
1712 648 1876 717 paulo
1908 658 2036 703 ante

453 735 682 802 dixerat,
714 738 1001 806 oportebat
1055 754 1178 793 esse
1241 754 1563 793 memorem.
1592 737 1726 792 Nam
1786 740 1874 793 ille
1924 754 2034 794 non

452 844 613 886 secus
665 845 731 885 ac
790 830 1025 887 Dalheus
1074 830 1425 887 Valentinum
1488 832 1676 887 Roma:
1736 830 2033 888 Eleutherii

450 921 610 992 Papa:
642 932 907 993 tempore,
942 942 1052 995 quo
1083 928 1324 981 Irenzeus
1357 927 1523 991 hunc,
1560 942 1725 998 quem
1772 927 2029 992 citamus,

449 1018 649 1074 librum
684 1020 874 1083 edidit,
916 1030 1320 1075 commoratum
1374 1020 1546 1077 fuisse
1592 1021 2032 1091 pertinacissime

449 1122 746 1167 asseverat.
801 1113 966 1183 Atqui
1016 1114 1060 1168 si
1109 1116 1349 1168 lrenaeus
1382 1128 1449 1168 eo
1485 1113 1537 1168 in
1571 1113 1710 1169 libro
1753 1118 2031 1170 memoriae

446 1206 685 1275 prodidit
726 1207 1125 1277 discipulorum
1161 1205 1433 1261 Valentini
1467 1215 1650 1277 patres
1687 1207 1856 1264 fuisse
1889 1208 2028 1264 alios

445 1298 689 1368 ejusdem
742 1298 1018 1355 Valentini
1076 1298 1410 1372 discipulos,
1446 1301 1521 1357 ita
1583 1310 1645 1357 ut
1707 1300 2029 1357 Valentinus

447 1402 671 1461 nepotes
706 1403 835 1449 tunc
881 1394 1126 1461 haberet,
1151 1395 1219 1450 de
1252 1396 1420 1451 variis
1453 1396 1714 1453 doctrinae
1743 1413 1877 1463 suae,
1907 1413 2028 1469 quae

445 1486 514 1539 ab
562 1486 642 1541 eis
694 1486 850 1542 facta:
907 1488 1160 1555 fuerant,
1221 1489 1703 1547 immutationibus
1759 1494 2027 1548 acerrime

442 1578 817 1646 disputantes;
854 1579 985 1634 hinc
1030 1581 1253 1649 planum
1309 1580 1772 1653 perspicuumqnc
1803 1581 2025 1638 tletVa-

442 1668 731 1737 lcntinum,
781 1680 843 1725 ut
898 1686 1065 1742 supra
1123 1671 1473 1738 dicebamus,
1540 1674 1662 1743 ipso
1723 1672 2023 1728 Eleutherii

439 1762 756 1829 pontificatu
814 1778 937 1820 esse
987 1764 1144 1835 longe
1205 1765 1594 1836 antiquiorem.
1630 1764 1787 1832 Quod
1823 1783 1947 1821 eum
1990 1782 2021 1820 a

2138 563 2366 622 nuntur,
2395 571 2457 610 ea
2484 572 2611 611 cum
2639 555 3145 613 Valentinianorum
3175 557 3487 621 erroribus,
3513 552 3717 619 fabulis,

2137 654 2191 700 et
2243 646 2569 702 deliratione
2622 650 2848 703 omnino
2905 652 3185 706 cohaerere
3240 648 3599 715 ostenderet;
3647 649 3720 702 ille

2137 746 2319 793 tamen
2348 740 2414 795 de
2431 739 2701 809 prmcipuo
2713 742 2855 812 quod
2873 742 3070 798 ibidem
3094 742 3162 797 ab
3194 742 3417 812 Ignatio
3441 750 3714 801 tractatur,

2136 837 2484 897 argumento,
2541 830 2805 885 nimirum
2856 833 3027 885 vitam
3063 842 3310 887 nostram
3355 852 3374 884 ι
3426 835 3714 887 secundum

2133 915 2477 975 Judaismum
2540 939 2558 973 ι
2610 938 2721 977 non
2782 938 2906 979 esse
2953 924 3386 991 instituendam,
3445 940 3518 980 ne
3564 926 3716 978 ullum

2134 1012 2355 1082 quidem
2402 1013 2629 1070 verbum
2662 1014 2812 1071 fecit.
2850 1014 3007 1073 Unde
3034 1031 3167 1088 ergo
3198 1026 3312 1072 tam
3338 1018 3519 1072 altum
3551 1017 3714 1072 Danai

2133 1104 2597 1178 defensorumque
2644 1109 2765 1179 ejus
2821 1110 2925 1167 hac
2975 1111 3044 1166 de
3105 1127 3163 1167 re
3206 1111 3535 1167 silentium?
3578 1109 3713 1164 Nulla

2131 1210 2279 1255 certe
2308 1202 2411 1256 alia
2463 1203 2610 1258 illius
2653 1219 2819 1260 causa
2863 1204 2997 1273 fuit,
3031 1206 3140 1261 nisi
3185 1207 3317 1276 quia
3349 1204 3713 1261 Valentiniani

2132 1293 2238 1350 hoc
2293 1295 2361 1352 de
2418 1306 2745 1367 argumento
2796 1298 2987 1353 eadem
3036 1314 3100 1353 ac
3126 1300 3404 1370 lgnatius,
3433 1299 3715 1368 exterique

2130 1403 2322 1444 omnes
2376 1390 2672 1446 orthodoxi
2733 1392 3020 1447 sentirent.
3078 1389 3198 1445 Jam
3253 1406 3391 1446 vero
3453 1406 3588 1446 cum
3643 1407 3714 1444 res

2127 1481 2321 1549 procul
2352 1481 2522 1536 dubio
2562 1482 2637 1537 ita
2684 1497 2743 1538 se
2773 1482 2989 1548 habeat,
3018 1482 3087 1536 ah
3112 1481 3456 1537 adversariis
3484 1480 3713 1551 postula-

2129 1590 2274 1640 mus,
2312 1591 2445 1631 num
2490 1577 2655 1633 alicui
2707 1578 2992 1648 probabile
3031 1578 3123 1634 fiet
3154 1578 3437 1650 lgnatium
3465 1578 3538 1633 ad
3573 1575 3714 1631 refel-

2126 1668 2318 1724 lendos
2358 1668 2773 1726 Valentinianos
2824 1671 2897 1725 ibi
2948 1672 3196 1727 animum
3262 1671 3595 1742 appulisse,
3637 1672 3713 1725 ubi

2126 1776 2369 1816 errorem
2402 1762 2470 1816 ab
2497 1762 2690 1818 haeresi
2718 1762 3101 1819 Valentiniana
3128 1766 3361 1821 omnino
3386 1766 3715 1828 alienum,ct

443 1854 725 1910 Dallaeanis
758 1856 1043 1926 praefracte
1091 1867 1337 1929 negetur,
1374 1859 1505 1914 illud
1537 1860 1606 1915 ab
1645 1862 1854 1917 Irenaeo
1887 1861 2026 1917 scri-
2056 1846 2100 1907 Β
2127 1854 2435 1911 rationibus
2467 1854 2534 1909 ad
2563 1869 2682 1909 eam
2718 1855 2869 1910 nullo
2911 1857 3076 1912 modo
3113 1858 3507 1928 spectantibus
3551 1859 3717 1928 impu-

436 1953 589 2014 ptum
633 1962 741 2002 non
775 1946 945 2003 fuisse
978 1950 1082 2019 ipsi
1115 1948 1391 2005 fateantur
1423 1967 1648 2009 necesse
1678 1962 1780 2009 est.

505 2039 1120 2111 At,inquies,qua3nam
1147 2043 1313 2114 igitur
1340 2055 1461 2099 erat
1494 2043 1891 2103 Valentiniante
1930 2064 2022 2104 se-

435 2139 536 2186 ctae
567 2130 744 2187 forma
764 2133 1059 2204 peculiaris
1088 2144 1142 2190 et
1168 2137 1427 2207 propria?
1449 2136 1865 2209 Respondemus
1894 2157 2017 2195 eam

433 2239 576 2289 esse,
609 2240 732 2295 quae
765 2227 957 2282 Irenzei
1000 2227 1206 2296 verbis,
1229 2245 1259 2282 a
1290 2230 1451 2286 nobis
1480 2230 1593 2301 jam
1634 2233 1841 2301 relatis,
1869 2234 2021 2289 desi-

433 2328 632 2388 gnatur
668 2339 681 2373 :
720 2338 740 2371 ι
782 2319 1135 2378 Demutantes
1172 2322 1421 2389 nomina,
1451 2332 1507 2379 et
1558 2340 1659 2395 pro
1720 2326 1914 2395 primis
1963 2337 2019 2382 et

432 2412 690 2467 maximis
721 2412 829 2468 diis
878 2428 1065 2470 arenas
1114 2414 1513 2482 formaverunt,
1545 2427 1600 2472 et
1630 2432 1729 2485 pro
1760 2420 2017 2475 secundis

431 2503 538 2559 diis
565 2520 709 2571 eam,
751 2521 874 2574 quae
903 2516 1057 2561 extra
1104 2508 1424 2576 pleromatis
1457 2507 1703 2578 ipsorum
1732 2520 2013 2576 enarrant,

429 2597 866 2667 dispositionem.
913 2617 932 2650 ›
987 2601 1165 2670 Atque
1210 2600 1278 2655 iis
1323 2600 1644 2656 nominibus
1692 2617 1864 2657 novos
1897 2601 2012 2658 for-

432 2694 573 2748 sitan
617 2694 967 2761 addiderunt,
995 2694 1075 2749 vel
1100 2694 1533 2749 immutaverunt
1563 2695 1924 2751 emissionum
1959 2707 2014 2753 et

431 2796 651 2842 ortuum
710 2788 949 2843 ordines.
982 2786 1253 2842 Caeterum
1285 2788 1353 2842 ad
1379 2802 1577 2842 novam
1624 2787 1765 2842 inter
1798 2789 2013 2844 hmreti-

429 2893 546 2945 eos,
580 2878 823 2934 maxime
856 2894 986 2935 vero
1043 2877 1479 2945 Valentinianos,
1522 2878 1866 2935 condendam
1919 2894 2010 2934 sc-

427 2984 570 3027 ctam
606 2988 718 3027 non
753 2988 950 3043 magna
984 2973 1246 3028 doctrina:
1266 2972 1576 3028 immutatio
1605 2972 2007 3042 requirebatur,

426 3076 488 3119 ut
518 3080 584 3119 ex
616 3065 715 3131 iis,
743 3079 866 3136 qua:
898 3066 967 3121 de
995 3063 1295 3120 Ptolomaeo
1343 3074 1531 3119 narrat
1578 3065 1921 3135 Augustinus
1938 3066 2006 3132 ",

425 3162 605 3230 quivis
642 3159 801 3215 facile
827 3161 1134 3231 intelligat:
1169 3180 1187 3212 ι
1225 3160 1576 3226 Ptolomaeus,
1602 3160 1799 3231 inquit,
1836 3160 2006 3216 disci-

2125 1949 2345 2019 gnabat.
2379 1947 2648 2005 Pmterea
2676 1964 2805 2005 vero
2834 1949 2967 2005 illud
2994 1954 3142 2023 quod
3163 1952 3447 2023 objiciunt
3473 1954 3549 2009 ab
3574 1957 3717 2027 lgna!

2124 2040 2200 2096 tio
2246 2039 2455 2095 dictum
2494 2060 2513 2093 ‹
2550 2040 2789 2098 Verbum
2833 2058 2863 2099 a
2895 2044 3114 2100 silentio
3142 2046 3557 2117 progrediens;
3601 2070 3618 2101 ι
3656 2051 3715 2105 ibi

2122 2134 2288 2189 unius
2342 2135 2607 2190 momenti
2669 2145 2723 2191 et
2774 2140 3301 2208 argumentationis,
3364 2158 3485 2214 qua
3555 2144 3714 2214 legem

2126 2223 2427 2282 Mosaicam
2482 2244 2588 2283 non
2627 2229 2863 2299 amplius
2913 2233 3237 2288 servandam
3287 2250 3421 2291 esse
3480 2239 3716 2309 Ignatius

2119 2317 2334 2387 probat,
2361 2328 2570 2389 partem
2603 2322 2966 2379 constituunt.
3000 2323 3138 2380 Cum
3188 2341 3323 2398 ergo
3361 2337 3487 2384 tota
3520 2329 3617 2385 illa
3640 2346 3715 2384 ar-

2118 2412 2457 2480 gumentatio
2511 2413 2578 2468 ad
2619 2411 3039 2473 Valentinianos
3087 2433 3198 2473 non
3245 2429 3505 2489 spectet;
3547 2439 3714 2493 neque

2118 2520 2285 2561 unam
2361 2507 2483 2577 ejus
2559 2518 2774 2578 partem
2832 2511 2901 2567 ad
2957 2525 3054 2568 eos
3118 2513 3444 2584 respexisse
3508 2528 3713 2573 certum

2114 2599 2351 2655 videtur.

2188 2695 2295 2751 Sed
2329 2711 2449 2766 age,
2482 2711 2597 2750 rem
2628 2697 2802 2766 ipsam
2836 2704 3093 2753 accurate
3127 2696 3531 2768 inspiciamus.
3583 2699 3715 2754 Dicit

2113 2789 2784 2847 DallteusValentiuianos
2812 2791 3066 2847 docuisse
3098 2792 3154 2846 in
3177 2792 3302 2846 ficta
3329 2807 3565 2847 :eonum
3595 2810 3715 2847 suo-

2113 2901 2235 2940 rum
2271 2885 2610 2956 gencalogia,
2645 2902 2662 2935 ι
2702 2900 2769 2939 ex
2800 2882 2925 2954 Sige
2953 2886 3209 2939 eductum
3248 2881 3453 2954 Logon
3485 2886 3582 2940 vel
3619 2887 3713 2939 im-

2111 2977 2368 3044 mediate,
2406 2987 2464 3031 ut
2493 2992 2522 3029 a
2547 2984 2722 3030 matre
2747 2975 2954 3042 filium;
2989 2975 3074 3031 vel
3100 2974 3356 3041 mediate,
3398 2984 3464 3029 ut
3498 2977 3579 3029 ab
3602 2978 3713 3029 aria

2110 3078 2389 3140 nepotem.
2431 3085 2450 3121 ι
2490 3066 2596 3123 Sed
2632 3068 2722 3123 ille
2762 3069 2866 3123 hac
2906 3066 3243 3137 disiunctiva
3280 3067 3715 3138 conjunctione,

2119 3178 2138 3211 ι
2159 3158 2467 3217 immediate
2479 3160 2560 3215 vel
2574 3159 2806 3216 mediate
2827 3173 2847 3211 ›
2868 3174 2976 3215 non
2996 3161 3115 3214 sine
3138 3160 3265 3215 dolo
3295 3161 3484 3215 utitur
3510 3177 3528 3213 :
3565 3174 3629 3215 ut
3656 3178 3713 3214 ea

423 3252 586 3318 pulus
619 3249 895 3305 Valentini
929 3251 1182 3306 haeresim
1235 3266 1436 3307 novam
1480 3252 1720 3308 condere
1753 3253 2002 3321 cupiens,
2033 3227 2075 3284 (ἶ
2110 3253 2373 3308 nimirum
2421 3253 2616 3309 fraude
2663 3252 3079 3307 Valentinianos
3136 3252 3205 3308 ab
3238 3262 3477 3309 auctore
3525 3265 3715 3309 nostra

422 3353 660 3412 quatuor
686 3359 895 3408 aeonas,
928 3354 980 3398 et
1014 3344 1152 3400 alios
1188 3353 1427 3416 quatuor
1453 3360 1703 3400 asserere
1734 3345 1945 3400 maluit.
1984 3364 2001 3397 ›

423 3436 480 3489 Si
532 3435 649 3491 haec
700 3437 813 3492 sola
868 3437 1100 3491 mutatio
1152 3452 1351 3491 novam
1406 3437 1548 3493 inter
1596 3436 2007 3493 Valentinianos

421 3540 624 3586 sectam
657 3534 884 3599 creavit,
912 3533 1113 3588 frustra
1167 3532 1221 3587 in
1257 3532 1586 3602 inquirenda
1637 3547 1779 3586 nova
1809 3531 2008 3587 Valen-

420 3625 643 3680 tiniana:
696 3637 858 3681 secta:
906 3626 1083 3680 forma
1118 3626 1350 3682 desudat
1389 3625 1644 3692 Dallaaus,
1672 3641 1796 3696 qua:
1822 3624 1878 3678 in
1913 3639 2007 3679 su-

419 3720 729 3788 perioribus
752 3720 939 3779 Irenaei
967 3720 1152 3776 verbis
1182 3720 1342 3775 facile
1370 3719 1707 3791 agnoscitur.

487 3813 677 3884 Neque
732 3824 851 3870 erat
900 3814 1046 3886 quod
1090 3815 1233 3869 ultra
1268 3815 1357 3869 ille
1383 3814 1711 3884 objieeret"
1735 3812 2003 3883 scriptum

418 3925 447 3962 a
484 3907 822 3963 Tertulliano
835 3909 881 3940 ⁵⁹
913 3918 1040 3963 ante
1070 3907 1425 3975 Marcionem,
1460 3917 1516 3963 et
1538 3907 1801 3977 Apellem,
1824 3916 1878 3963 et
1906 3922 2006 3962 an-

419 4010 638 4070 tequam
676 4000 1001 4055 Valentinus
1045 4015 1229 4055 monas
1260 4014 1393 4055 suos
1422 3999 1792 4070 praedicasset,
1828 4000 2004 4054 nemi-

419 4107 542 4146 nem
579 4091 836 4147 doeuisse
864 4093 1034 4146 alium
1062 4108 1185 4148 esse
1216 4091 1388 4146 Deum
1422 4099 1745 4147 creatorem.
1781 4091 1861 4147 Ex
1893 4108 2004 4162 quo

419 4185 687 4239 inferebat
721 4184 863 4239 idem
918 4183 1151 4239 Dallaeus
1194 4183 1545 4239 Valentinum
1576 4184 1712 4239 nihil
1745 4185 1815 4240 ab
1860 4186 2004 4241 anti-

418 4278 543 4348 quis
573 4292 696 4333 esse
736 4286 1069 4333 mutuatum.
1102 4274 1239 4331 Nam
1272 4286 1397 4330 ante
1434 4273 1712 4332 Valentini
1758 4286 2001 4347 tempora

415 4370 558 4426 hane
590 4371 925 4441 impietatem
957 4385 987 4423 a
1029 4369 1289 4436 Basilide,
1318 4367 1620 4435 Saturnilo,
1658 4378 1825 4437 atque
1852 4369 2004 4428 Gno:

415 4464 569 4518 sticis
603 4462 1009 4533 antiquioribus
1036 4460 1451 4517 disseminatam
1480 4460 1653 4516 fuisse
1686 4461 1762 4515 ita
1790 4472 1998 4516 certum

413 4567 530 4623 est,
578 4566 638 4612 ut
686 4556 871 4611 Dallzei
920 4554 1177 4610 defensor
1235 4555 1388 4609 illum
1449 4552 1552 4608 hac
1594 4553 1647 4607 in
1682 4568 1743 4608 re
1781 4553 1999 4623 penitus
2030 4578 2074 4633 ι)

414 4653 684 4717 deserere,
735 4663 1091 4718 erroremque
1124 4648 1293 4712 illius,
1347 4661 1511 4717 quem
1542 4645 1720 4700 celare
1760 4645 1999 4715 amplius

415 4757 526 4795 non
582 4749 814 4811 poterat,
848 4741 1145 4810 aliquando
1216 4740 1433 4795 tandem
1476 4736 1721 4793 confiteri
1773 4748 1998 4793 coactus

413 4835 566 4891 sit“.

506 4927 536 5001 ς
565 4925 633 4981 V.
668 4925 943 4998 lgnatium
971 4928 1068 5001 _ad
1114 4926 1522 5001 Valentinianos
1555 4927 1704 4981 nullo
1750 4926 1905 4979 modo

780 4998 1085 5066 respexisse,
1108 4999 1199 5053 sed
1228 4999 1297 5052 ad
1328 4997 1631 5052 Ebionitas.

481 5110 655 5165 Porro
689 5123 1032 5180 quaecunque
1059 5108 1153 5162 illa
1185 5108 1348 5162 fuerit
1380 5118 1543 5164 secta:
1573 5108 1989 5163 Valentiniano-

411 5220 534 5259 rum
566 5203 763 5267 forma,
784 5217 1051 5272 errorque
1075 5200 1370 5271 peculiaris
1404 5210 1458 5256 et
1486 5200 1764 5270 proprius,
1800 5201 1867 5255 ad
1896 5216 1991 5256 eos

412 5297 650 5368 lgnatius
667 5295 986 5351 nullomodo
1008 5294 1341 5362 collineavit,
1365 5295 1645 5364 multoque
1666 5295 1850 5348 minus
1871 5308 1989 5359 eos,

413 5402 473 5446 ut
501 5392 577 5447 ait
602 5392 855 5457 Dallzeus,
897 5411 917 5444 ε
955 5390 1303 5461 apertissime
1345 5389 1523 5444 caedit.
1559 5407 1577 5439 ι
1615 5386 1753 5440 Illud
1802 5395 1985 5440 autem

412 5502 480 5539 ex
513 5500 578 5541 eo
611 5487 757 5541 clare
796 5485 1228 5550 demonstratur,
1270 5482 1417 5554 quod
1449 5480 1703 5552 quamvis
1754 5478 1985 5534 Dallaeus

415 5574 548 5628 nulli
600 5575 905 5644 pepercerit
954 5575 1165 5641 labori,
1200 5584 1261 5629 ut
1303 5572 1489 5629 omnia
1523 5588 1645 5643 quae
1675 5571 1763 5627 his
1795 5569 1989 5641 lgnatii

2109 3342 2459 3415 impugnatos
2495 3345 2730 3400 incautis
2759 3354 2812 3399 et
2846 3343 3278 3413 simplicioribus
3308 3348 3710 3415 persuaderet.

2106 3434 2245 3491 Nam
2270 3436 2639 3491 Valentiniani
2684 3451 2968 3506 nunquam
2999 3450 3065 3490 ex
3121 3434 3245 3507 Sige
3294 3434 3496 3508 Logon
3527 3439 3715 3491 imme-

2106 3532 2252 3584 diate
2307 3531 2564 3585 eductum
2618 3530 2877 3585 docuisse
2929 3528 3309 3600 perhibentur.
3367 3529 3507 3585 Haec
3547 3531 3715 3604 igitur

2106 3624 2491 3694 disjunctionis
2514 3623 2802 3679 Dallzeanze
2822 3638 2950 3694 pars
2971 3622 3296 3690 immediate,
3321 3637 3352 3677 e
3383 3624 3587 3679 medio
3616 3626 3714 3679 tolc

2107 3715 2267 3770 lenda
2290 3725 2393 3771 est.
2416 3715 2656 3770 lrenteus
2686 3714 2989 3779 enimvero,
3021 3711 3424 3778 Tertullianus,
3457 3711 3712 3783 Epipha-

2106 3808 2251 3872 nius,
2285 3806 2651 3878 Augustinus,
2703 3815 2868 3876 atque
2920 3806 3035 3869 alii,
3069 3806 3164 3876 qui
3198 3805 3266 3860 de
3296 3803 3711 3861 Valentiniana

2106 3900 2299 3956 haeresi
2334 3900 2663 3967 disseruere,
2697 3899 2921 3955 tradunt
2945 3900 3089 3954 inter
3137 3900 3295 3955 fictos
3346 3898 3713 3956 Valentinia-

2106 4005 2304 4045 norum
2343 3992 2497 4059 deos,
2549 4000 2605 4048 et
2657 3991 2947 4062 utriusque
3002 4006 3169 4047 sexus
3212 4007 3438 4061 aconas,
3491 3994 3711 4063 primos

2105 4082 2277 4139 fuisse
2306 4083 2503 4139 Bithon
2534 4092 2590 4139 et
2624 4082 2812 4155 Sigen,
2848 4099 2945 4140 seu
2994 4083 3295 4150 silentium,
3326 4092 3385 4139 et
3411 4100 3481 4140 ex
3506 4103 3710 4142 eorum

2105 4175 2363 4248 conjugio
2399 4178 2737 4248 processisse
2788 4176 2913 4233 Nun
2962 4186 3017 4232 et
3046 4176 3341 4232 Veritatem
3364 4218 3383 4243 ,
3432 4187 3616 4250 atque
3647 4197 3708 4234 ex

2104 4269 2226 4327 istis
2259 4272 2456 4327 deinde
2499 4272 2839 4343 processisse
2866 4270 3105 4327 Verbum
3143 4286 3239 4326 seu
3273 4270 3497 4343 Logon,
3534 4285 3597 4329 et
3621 4274 3711 4327 Vi-

2104 4368 2239 4416 tam.
2276 4361 2355 4416 Ex
2386 4364 2588 4433 quibus
2621 4364 2744 4419 luce
2767 4362 3071 4418 meridiana
3091 4362 3295 4418 clarius
3310 4372 3401 4417 est
3429 4379 3538 4420 eos
3572 4366 3710 4420 nihil

2103 4454 2251 4511 aliud
2287 4455 2514 4523 dixisse,
2552 4471 2718 4527 quam
2748 4454 2936 4527 Logon
2963 4456 3303 4526 processisse
3331 4464 3571 4513 tantum
3600 4474 3707 4511 me-

2103 4547 2253 4601 diate
2277 4564 2342 4603 ex
2375 4548 2522 4619 Sige,
2556 4558 2816 4620 tanquam
2852 4549 2921 4604 ab
2948 4548 3071 4602 avia
3106 4549 3302 4604 filium.
3334 4548 3481 4616 Quis
3511 4564 3704 4607 autem

2102 4640 2159 4695 in
2188 4641 2433 4696 animum
2492 4642 2594 4697 sibi
2630 4642 2873 4709 inducat,
2916 4640 3186 4714 lgnatium
3220 4642 3313 4697 ubi
3345 4643 3496 4699 alios
3530 4661 3705 4717 quam

2106 4731 2613 4789 Valentinianorum
2667 4751 2883 4791 errores
2938 4733 3156 4803 refellit,
3206 4735 3276 4789 ad
3325 4749 3431 4790 eos
3482 4744 3705 4801 tamen,

2100 4841 2307 4897 eosque
2354 4828 2506 4884 solos
2555 4831 2889 4899 respexisse,
2930 4845 3056 4885 cum
3094 4846 3108 4881 :
3152 4848 3172 4881 ι
3223 4827 3475 4885 Verbum
3514 4847 3639 4887 non
3675 4848 3704 4886 a

2102 4918 2323 4975 silentio
2361 4921 2750 4992 progrediens,
2788 4943 2808 4977 ι
2845 4938 2948 4978 nec
2968 4924 3125 4993 plura
3146 4922 3212 4978 ad
3244 4938 3341 4978 eos
3383 4926 3703 4992 spectantia

2102 5011 2303 5065 ibidem
2335 5014 2633 5069 scriberet?
2660 5015 2774 5070 Cur
2800 5030 2831 5069 a
2853 5015 2968 5070 filio
2991 5016 3057 5070 ad
3091 5016 3275 5072 aviam
3320 5018 3480 5071 nullo
3510 5019 3703 5074 medio

2100 5103 2393 5159 transivit?
2415 5105 2530 5160 Cur
2561 5123 2661 5163 nec
2704 5108 2774 5163 de
2800 5117 2976 5180 patre,
3006 5123 3110 5165 nec
3134 5111 3204 5166 de
3248 5122 3450 5177 matre,
3491 5129 3609 5170 nec
3638 5115 3703 5170 de

2100 5194 2242 5251 ﬁctis
2277 5196 2511 5252 aliorum
2531 5214 2748 5254 teonum
2781 5200 3075 5272 conjugiis,
3106 5204 3456 5274 parentibus,
3477 5204 3619 5262 ﬁliis
3636 5224 3703 5263 ne

2098 5305 2268 5344 unum
2299 5292 2521 5361 quidem
2557 5292 2750 5347 habuit
2777 5295 3043 5349 verbum?
3068 5294 3229 5351 Ratio
3251 5311 3389 5351 sane
3416 5298 3473 5352 in
3504 5314 3705 5370 prom-

2096 5394 2192 5451 ptu
2230 5393 2334 5450 est,
2385 5392 2440 5438 et
2477 5386 2655 5442 cuivis
2692 5402 2851 5457 aequo
2887 5404 3073 5443 rerum
3123 5390 3454 5445 testimatori
3503 5394 3699 5457 obvia,

2096 5474 2365 5546 lgnatium
2419 5494 2614 5549 nempe
2657 5495 2784 5535 cum
2825 5496 2983 5536 suam
3012 5481 3163 5537 dedit
3195 5484 3517 5554 epistolam,
3555 5486 3699 5542 nihil

2096 5568 2165 5623 de
2191 5566 2585 5625 Valentinianis
2607 5571 2898 5641 cogitasse.

490 5746 534 5777 ⁵⁷
557 5755 648 5808 lib.
684 5772 699 5809 ι
752 5755 825 5810 De
848 5758 1033 5813 turres.
1111 5758 1156 5789 ⁸⁸
1185 5771 1305 5827 cap.
1347 5756 1433 5824 1‘2,
1469 5772 1522 5828 p.
1560 5754 1688 5812 298.
1770 5757 1814 5790 "
1844 5755 2051 5813 'l‘ertul.
2088 5756 2163 5813 De
2195 5762 2518 5831 prcescript.,
2544 5777 2663 5833 cap.
2708 5762 2795 5820 54.
2842 5764 2885 5796 ⁶⁰
2918 5779 3041 5833 pag.
3071 5764 3201 5821 2H.
