3768 6336
94 302 165 358 δε.
1013 293 1076 349 ῐ).
1117 292 1408 351 Νουκιιιι
1448 294 1644 352 mssa

1822 296 1929 353 710.
1964 326 2029 336 -
2071 295 2250 351 PARS
2287 294 2327 350 1.
3201 296 3307 353 5ΞΞ

142 403 196 453 At
218 397 256 452 si
290 394 634 466 pchpicuum
671 402 756 449 est
781 390 1050 464 lgnatium
1098 395 1164 447 ad
1210 392 1618 450 Valentinianus
1648 402 1689 456 Λ
1722 396 1972 461 silentio,
1997 397 2124 464 quia
2154 396 2267 465 ipsa
2294 403 2378 449 est
2428 392 2605 449 Patris
2646 394 2973 464 sempiterna
3020 390 3244 449 locutio.
3284 416 3300 443 ι

89 510 169 549 non
196 489 521 550 collincasse,
552 496 700 540 certe
749 484 1037 538 manifeste
1067 496 1293 554 apparet
1333 470 1620 540 Ebionitas
1795 487 1998 541 Contra
2039 498 2218 541 tamen
2269 486 2499 541 Dallzeus
2529 505 2542 541 :
2576 485 2633 540 Si
2679 487 2793 539 haec
2839 486 3037 550 verba,
3073 505 3091 537 ι
3134 502 3243 541 non
3276 505 3305 540 a

88 586 218 638 abeo
244 578 563 650 impugnari.
614 575 670 630 hl
713 575 952 647 Moynio,
975 576 1169 629 ultimo
1203 576 1296 646 qui
1331 577 1433 631 hac
1464 577 1531 631 de
1564 593 1622 631 re
1725 579 1945 634 silentio
1976 579 2351 649 progrediens,
2385 595 2403 628 ι
2441 588 2722 647 exponunt
2750 576 2983 632 Verbum
3016 587 3307 641 aeternum,

88 676 287 745 scripsit,
311 672 433 726 licet
456 670 790 725 Calviniante
819 678 982 725 secta:
1012 669 1291 734 ministro,
1322 670 1457 724 adeo
1499 684 1621 739 per-
1731 693 1747 721 ι
1768 672 1924 742 plane
1939 669 2342 739 otiosa,inquit,
2366 682 2509 726 esset
2533 670 2722 741 lgnatii
2750 672 2947 738 oratio,
2978 681 3033 726 et
3054 672 3304 727 vitiosam
3372 692 3383 745 r

90 782 278 823 suasum
311 774 456 831 erat,
513 772 572 819 ut
621 763 762 817 hanc
823 762 1004 817 "allati
1042 763 1425 831 objectioncm,
1460 762 1621 817 sicuti
1726 763 1922 828 otiosa,
1955 764 2238 834 quoniam,
2274 782 2293 814 ι
2328 764 2372 819 si
2404 763 2639 819 Vcrbmu
2672 774 2757 819 est
2794 775 3080 832 a‘ternum,
3113 765 3311 835 eoipso

90 875 225 931 supra
264 857 722 917 memorabamus,
759 854 963 909 nullius
993 855 1076 909 vel
1120 854 1329 908 minimi
1358 870 1490 909 sane
1512 869 1627 909 mo-
1727 871 1838 910 non
1888 857 2054 925 crcpit
2090 871 2121 910 a
2167 856 2426 912 silentio:
2467 877 2484 907 ι
2524 858 2751 921 vitiosa,
2782 858 2910 928 quia
2950 876 2968 908 ‹
3005 874 3167 912 nemo
3202 873 3311 911 non
3374 856 3383 899 δῖ

90 954 225 1008 menti
249 967 363 1007 esse
387 951 559 1021 palam
580 949 883 1018 meritoque
912 948 1363 1016 pronuntiaverit.
1389 945 1625 1002 Vcrum-
1730 949 1879 1006 videt
1905 951 2106 1006 rectius
2143 969 2161 1002 ι
2190 950 2506 1019 clariusque
2532 950 2639 1004 dici
2665 948 2906 1004 Verbum
2941 948 3119 1004 Patris
3151 959 3314 1004 aiter-

89 1048 554 1101 cnimvcrvartum
588 1055 671 1097 est
700 1041 967 1112 lgnatium
1000 1050 1191 1095 contra
1218 1054 1315 1095 eos
1360 1053 1623 1112 pugnare,
1732 1058 1861 1096 num
1897 1061 1915 1094 ι
1949 1058 2090 1102 esse.
2123 1059 2291 1113 quam
2322 1043 2376 1097 id
2406 1058 2436 1096 a
2468 1043 2709 1105 silentio,
2748 1052 2843 1096 aut
2874 1053 2995 1112 post
3031 1043 3313 1097 silentium

89 1140 163 1209 qui
204 1138 361 1207 legem
412 1134 707 1190 Mosaicam
750 1132 1073 1189 servandam
1102 1147 1221 1187 esse
1254 1131 1624 1185 aliirmabant.
1729 1135 1981 1205 cmpisse.
2014 1155 2033 1187 ι
2065 1134 2171 1190 Sed
2201 1136 2285 1190 hre
2310 1150 2463 1189 vanae
2516 1145 2645 1190 sunt
2688 1135 2927 1189 hominis
2954 1136 3157 1189 frustra
3205 1136 3315 1189 liti-

90 1231 192 1285 illos
220 1230 353 1285 enim
382 1229 464 1285 his
492 1227 673 1282 verbis
706 1227 1019 1299 aggreditur
1046 1245 1057 1280 :
1099 1246 1117 1277 ι
1156 1223 1274 1279 Non
1299 1225 1494 1279 erretis
1528 1240 1628 1280 ex—
1731 1230 1911 1301 gantis
1943 1230 2186 1299 argutiae.
2222 1229 2280 1283 Si
2312 1229 2457 1285 enim
2486 1229 2668 1285 otiosa
2693 1238 2859 1294 esset,
2890 1228 2972 1283 vel
2998 1228 3191 1284 vitiosa
3215 1230 3319 1282 hu-

92 1325 263 1379 traneis
283 1320 656 1392 opinionibus,
687 1335 865 1391 neque
894 1320 1094 1377 fabulis
1125 1320 1424 1381 veteribus,
1458 1317 1631 1372 inuti-

91 1416 206 1469 libus
232 1412 628 1468 exsistentibus.
658 1410 712 1465 Si
747 1412 892 1466 enim
929 1427 1102 1482 usque
1134 1427 1281 1467 nunc
1324 1410 1629 1466 secundum

90 1506 394 1561 Judaismum
426 1506 685 1571 vivimus,
730 1505 1059 1559 confitemur
1081 1503 1312 1574 gratiam
1344 1519 1449 1558 non
1476 1518 1632 1558 acce-

91 1603 227 1671 pisse.
260 1621 277 1651 ι
297 1601 458 1670 Atqui
485 1599 854 1655 certissimum
877 1606 961 1652 est
991 1598 1137 1652 hunc
1161 1613 1403 1651 errorem
1431 1597 1498 1652 de
1526 1597 1629 1651 vita

90 1694 140 1746 ad
179 1690 433 1746 Judaismi
472 1706 722 1743 normam
778 1690 984 1760 agenda
1035 1689 1104 1742 ab
1141 1687 1409 1742 Ebionitis
1462 1688 1633 1743 fuisse

1727 1321 2033 1393 jusccmodi
2057 1322 2255 1386 oratio,
2279 1322 2579 1376 innumerae
2613 1319 2835 1374 Patrum
2868 1319 3165 1384 orationes,
3191 1323 3317 1390 qui-

1732 1415 1835 1470 bus
1882 1415 2150 1471 obscuras
2192 1414 2479 1470 dictiones
2510 1414 2634 1469 aliis
2685 1412 3011 1467 clarioribus
3040 1413 3318 1482 explicare

1733 1516 2025 1571 conantur,
2062 1506 2254 1562 iisdem
2289 1506 2431 1561 notis
2468 1517 2653 1561 essent
2694 1507 2995 1561 inureudaz.
3044 1507 3316 1562 Caeterum

1734 1610 1859 1669 apte
1888 1600 2116 1653 omnino
2143 1608 2308 1670 atque
2337 1600 2584 1669 apposite
2633 1598 2711 1653 rei
2754 1599 2991 1669 alicujus
3039 1602 3319 1655 aeternitas

1742 1707 1810 1747 co
1833 1693 2167 1757 declaratur,
2200 1693 2343 1762 quod
2367 1708 2488 1746 eam
2520 1692 2653 1746 nihil
2681 1707 2921 1762 unquam
2956 1693 3317 1762 praecesserit.

88 1794 343 1841 assertum.
378 1784 432 1839 ιιι
466 1786 665 1855 quippe
706 1799 769 1837 ex
808 1782 1087 1847 omnibus,
1117 1783 1210 1851 qui
1240 1782 1305 1836 de
1341 1781 1423 1835 his
1447 1781 1621 1835 hrere-
1666 1758 1707 1812 Β
1737 1783 1892 1849 Quod
1924 1785 2145 1854 quidem
2171 1785 2217 1839 si
2244 1784 2327 1838 cui
2360 1784 2436 1839 rei
2463 1784 2775 1850 conveniat,
2810 1784 2940 1838 illml
2982 1796 3130 1841 certe
3154 1787 3320 1841 verbo

91 1877 188 1932 ticis
211 1876 405 1946 aliquid
440 1874 719 1929 memoria:
762 1874 1130 1937 tradiderunt,
1177 1874 1387 1944 liquido
1425 1873 1637 1943 colligi-

90 1986 205 2033 mus,
238 1968 535 2040 prazsertim
561 1983 625 2022 ex
675 1967 881 2022 Irenazo
915 1967 982 2029 ⁶¹,
1026 1965 1334 2037 Augustino
1373 1969 1439 2032 6',
1471 1978 1636 2037 atque

91 2062 382 2132 Epiphanio,
403 2062 562 2128 cujus
586 2060 754 2116 solius
779 2060 942 2114 verba
964 2060 1051 2114 hic
1077 2059 1279 2115 referre.
1308 2059 1548 2115 sufficiat
1568 2061 1633 2114 ‘3:

94 2155 302 2219 tEblOll,
356 2155 556 2226 inquit,
612 2152 927 2207 Judazorum
984 2154 1122 2208 ritus
1174 2168 1240 2207 ac
1279 2156 1636 2209 caeremonias

89 2251 357 2320 amplexus,
411 2249 577 2303 veluti
627 2247 927 2302 Sabhatum
989 2264 1055 2303 ac
1113 2249 1633 2314 circumcisionem,

90 2343 273 2413 aliaque
314 2342 368 2397 id
404 2358 575 2412 genus
610 2342 836 2412 perinde
860 2354 1025 2411 atque
1061 2358 1091 2395 a
1118 2340 1322 2396 Judaeis
1349 2357 1413 2397 ac
1438 2340 1637 2397 Sama-

90 2433 252 2487 ritanis
274 2433 643 2487 observatum.
677 2452 695 2481 ι
720 2432 841 2499 Quo
867 2444 1050 2487 autem
1085 2432 1245 2487 modo
1274 2449 1369 2487 eos
1394 2431 1638 2504 Iguatius

91 2524 285 2589 refellat,
310 2527 587 2596 verbaque
610 2542 639 2580 a
668 2525 954 2580 Dallaeanis
978 2525 1140 2581 nobis
1169 2526 1408 2595 objecta,
1435 2527 1635 2581 ibidem

89 2619 329 2685 adhibeat,
359 2620 686 2673 audiamus:
715 2638 733 2671 ι
762 2618 1095 2673 Divinissimi
1126 2620 1274 2673 enim
1306 2620 1634 2689 proplteue,l

91 2712 154 2765 sic
182 2713 264 2767 ille
292 2714 667 2784 prosequitur,
711 2732 729 2765 ‹
778 2713 1080 2767 secundum
1116 2712 1395 2766 Christum
1449 2710 1635 2766 Jesum

91 2807 328 2861 vixerunt.
357 2806 586 2876 PrOpter
611 2807 715 2861 hoc
740 2818 793 2862 et
823 2805 1257 2877 persecutionem
1304 2806 1452 2875 passi
1488 2815 1638 2869 sunt,
1672 2840 1683 2853 υ

90 2898 305 2968 inspirati
345 2917 378 2955 a
413 2902 585 2971 gratia
610 2901 783 2971 ipsius
809 2900 876 2955 ad
897 2900 1222 2954 certilicare‘
1244 2898 1639 2967 intpersuasos,

90 2995 318 3059 quoniam
356 3010 503 3050 unus
536 2994 680 3050 Deus
706 3005 809 3059 est,
845 2995 936 3063 qui
969 2992 1340 3047 manifestavit
1365 3005 1424 3045 se
1459 2990 1640 3061 ipsum

93 3100 170 3146 per
187 3086 362 3142 .lesum
393 3089 698 3151 Christum,
737 3087 934 3141 Filium
982 3086 1124 3156 ejus,
1169 3086 1261 3156 qui
1294 3094 1377 3141 est
1416 3083 1641 3138 Verbum

92 3192 336 3246 uernum,
366 3200 470 3237 non
503 3199 536 3235 a
558 3183 771 3237 silentio
794 3183 1151 3253 progrediens,
1193 3181 1286 3250 qui
1340 3180 1641 3235 secundum

94 3275 250 3329 omnia
279 3277 417 3332 bene
449 3277 655 3347 placuit
685 3277 920 3331 mittenti
953 3278 1153 3346 ipsum.
1190 3273 1245 3329 Si
1276 3275 1442 3345 igitur
1475 3274 1528 3328 in
1554 3290 1649 3328 ve-

93 3369 271 3425 teribus
298 3371 633 3437 conversati,
656 3372 707 3424 in
737 3369 1035 3424 novitatem
1068 3369 1179 3439 spei
1198 3377 1518 3432 venerunt,»
1537 3377 1642 3422 etc.

94 3458 155 3514 Ex
181 3464 371 3532 quibus
405 3466 550 3519 hanc
587 3463 737 3518 elicit
781 3462 1213 3526 conclusionem,
1248 3477 1357 3515 non
1406 3460 1647 3530 amplius

92 3567 145 3607 cx
170 3553 424 3622 .ludaiczc,
470 3556 564 3612 sed
601 3554 929 3610 Christianae
965 3555 1099 3625 legis
1125 3554 1449 3624 prmscripto
1479 3556 1644 3606 vitam

93 3661 193 3702 esse
215 3648 627 3705 instituendam.
652 3647 826 3703 Porro
851 3648 956 3702 hoc
985 3646 1174 3718 lgnatii
1204 3647 1311 3700 telo
1336 3647 1447 3700 duo
1483 3643 1648 3699 Ebio-

92 3740 299 3796 nuarum
318 3758 535 3797 errores
558 3741 1175 3811 configuntur,quorum
1202 3738 1374 3793 altero
1399 3739 1648 3792 homines

94 3831 204 3901 legis
230 3837 438 3892 veteris
460 3835 845 3891 observatione
901 3833 1159 3887 volebant
1209 3832 1390 3886 adhuc
1434 3830 1644 3895 teneri;

92 3925 237 3981 altero
265 3938 447 3984 autem
472 3926 754 3983 Christum
784 3941 891 3980 non
928 3925 1097 3979 Deum
1116 3967 1130 3985 ,
1162 3924 1255 3979 sed
1276 3938 1510 3978 merum
1552 3924 1650 3977 ho-

94 4019 267 4075 minem
296 4038 418 4078 esse
456 4021 786 4093 garriebant.
824 4018 979 4073 Hunc
1002 4032 1133 4072 vero
1168 4026 1504 4087 postremum
1557 4030 1651 4069 cr-

92 4126 247 4167 rorem
276 4114 521 4185 Ignalius
548 4114 673 4169 inde
697 4111 1040 4177 confutabat,
1078 4111 1221 4179 quod
1260 4109 1538 4180 prophetae
1568 4107 1651 4161 di-

93 4204 196 4257 vina
227 4208 385 4262 alllati
415 4208 612 4279 gratia,
640 4206 942 4260 secundum
967 4203 1169 4258 Christi
1204 4210 1472 4272 prarecpta
1500 4200 1651 4254 vixe-

94 4307 214 4363 rant,
242 4317 403 4369 quem
449 4298 689 4355 Verbum
743 4307 1007 4353 aeternum
1061 4313 1184 4353 esse
1230 4297 1647 4367 prolitebantur.

94 4390 242 4457 Quam
271 4397 495 4465 quidem
526 4393 687 4448 Verbi
710 4392 1069 4447 aeternitatem
1093 4398 1155 4444 ut
1184 4390 1272 4443 ille
1299 4389 1507 4444 clarius
1531 4389 1653 4443 bre-

1738 1892 1802 1931 ac
1827 1878 2065 1933 sermoni
2086 1919 2101 1943 ,
2148 1887 2343 1931 natura
2375 1893 2475 1933 sua
2508 1877 2674 1932 ﬂuido
2700 1889 2753 1932 et
2784 1878 3112 1942 transeunti,
3140 1879 3322 1950 quod-

1739 1986 1847 2042 que
1899 1980 2022 2041 post
2062 1970 2347 2025 silentium
2406 1984 2623 2039 semper
2667 1970 2908 2040 incipere
2960 1969 3320 2034 arbitramur,

1738 2063 2022 2133 aptissime
2045 2063 2317 2134 congruit.
2343 2059 2944 2132 Quapropterlguatius
2976 2076 3075 2117 nec
3104 2062 3323 2117 brevius

1740 2173 1839 2212 nec
1879 2157 2299 2213 convenientius
2346 2165 2560 2226 poterat
2607 2154 2764 2211 Verbi
2793 2155 3177 2222 aeternitatem,
3218 2172 3316 2212 seu

1753 2249 1975 2304 Verbum
1999 2261 2279 2315 aeternum,
2309 2249 2607 2317 explicare,
2655 2262 2822 2318 quam
2850 2262 2976 2304 cum
3005 2248 3139 2303 illud
3169 2249 3323 2303 omini

1740 2342 1959 2397 silentio
2001 2343 2154 2413 prius
2191 2356 2337 2406 esse,
2373 2356 2476 2397 nec
2510 2357 2542 2396 a
2583 2341 2801 2397 silentio
2853 2343 3105 2412 progredi
3170 2357 3328 2399 asse-

1740 2436 1871 2491 ruit.
1898 2434 1961 2489 Et
2004 2449 2132 2488 vero
2182 2444 2457 2497 auctores,
2500 2449 2530 2488 a
2582 2435 2742 2489 nobis
2783 2435 3136 2505 supracitati,
3174 2450 3328 2491 eam-

1738 2529 1862 2581 dem
1890 2524 2049 2581 Verbi
2069 2527 2426 2582 mternitatem
2447 2526 2638 2581 eodem
2669 2527 2923 2597 loquendi
2957 2528 3121 2583 modo
3153 2530 3330 2600 expli-

1741 2634 1976 2673 cuerezr
2008 2617 2265 2685 Verbum,
2306 2620 2583 2689 inquiunt,
2606 2619 2750 2690 quod
2775 2620 3026 2675 dicturus
3054 2632 3181 2676 ante
3217 2638 3325 2676 non

1739 2713 1954 2768 silebat.
2002 2711 2237 2767 Verbum
2259 2712 2405 2783 quod
2435 2713 2585 2768 nullo
2613 2728 2854 2784 unquam
2883 2714 3058 2785 potuit
3086 2714 3330 2770 coerceri

1742 2804 1980 2861 silentio.
2027 2824 2047 2857 ι

1814 2897 1912 2954 llis
1934 2914 2155 2953 rursum
2187 2899 2413 2969 opponit
2444 2898 2675 2953 Dallaaus
2698 2897 2962 2969 lgnatium
2984 2914 3093 2953 non
3122 2898 3333 2954 dixisse

1747 2993 1884 3065 μετὰ
1907 2995 2005 3064 τὴν
2040 2995 2219 3064 σιγήν,
2252 3002 2376 3061 post
2404 2992 2707 3057 silentium,
2748 2992 2841 3045 sed
2878 2991 2987 3044 ἀπὸ
3028 2991 3129 3061 τῆς
3167 2991 3331 3059 σιγῆς

1670 3117 1715 3177 C
1746 3085 2066 3159 προσελθόν,
2108 3104 2125 3136 ι
2160 3101 2188 3138 a
2213 3084 2431 3139 silentio
2462 3083 2837 3153 progrediens.
2878 3102 2896 3133 ι
2928 3081 3108 3148 Quod,
3154 3083 3334 3153 inquit

1748 3178 1859 3244 ille,
1888 3178 2110 3233 denotat
2132 3196 2151 3229 ί
2189 3178 2389 3241 locum,
2414 3190 2663 3241 causam,
2691 3176 2771 3229 vel
2799 3185 2948 3230 certe
2976 3175 3332 3244 principium,

1749 3280 1807 3324 ut
1824 3271 2024 3325 schola:
2050 3270 2371 3339 loquuntur,
2389 3268 2806 3323 eoustitutivum
2833 3266 3004 3322 fuisse
3026 3267 3331 3323 silentium.

1750 3376 1857 3416 non
1887 3362 2208 3431 simpliciter
2238 3361 2531 3415 terminum
2561 3376 2589 3414 a
2613 3375 2724 3429 quo
2742 3359 2968 3429 cmperit
2997 3359 3329 3425 generatio.»

1747 3454 1934 3523 Atqui,
1965 3453 2316 3523 prosequitur
2338 3452 2480 3506 idem
2513 3451 2768 3517 Dallzeus,
2810 3454 2913 3507 hoc
2949 3468 3057 3507 non
3110 3453 3333 3508 silentio

1749 3556 1925 3615 potest
1942 3547 2184 3609 attribui,
2206 3546 2300 3601 sed
2325 3544 2828 3600 Valentinianorum
2846 3544 2992 3616 Sige,
3010 3545 3179 3599 unies
3197 3546 3338 3600 fictis

1749 3653 1941 3692 eorum
1991 3638 2097 3693 diis
2135 3654 2231 3693 seu
2281 3638 2550 3703 aeonibus,
2581 3653 2645 3691 ex
2692 3652 2803 3708 quo
2830 3638 3019 3708 Logon
3050 3656 3069 3690 ι
3101 3639 3338 3693 mediate

1750 3731 1835 3784 vel
1869 3730 2180 3785 immediate
2212 3750 2229 3781 ι
2276 3730 2605 3800 productum
2645 3729 2816 3786 fuisse
2850 3730 3181 3787 delirahant.
3237 3728 3339 3785 Ve-

1752 3838 1874 3877 rutn
1913 3823 2107 3892 puduit
2147 3823 2331 3878 Dalltei
2363 3822 2731 3889 defensorem,
2772 3822 2919 3894 quod
2966 3822 3054 3879 ille
3092 3824 3159 3877 ad
3184 3823 3318 3879 sebo

1752 3917 1855 3980 las,
1885 3932 2024 3985 quas
2082 3917 2283 3986 smpius
2333 3917 2525 3972 irridet
2569 3926 2625 3971 et
2653 3917 2916 3986 cxplodit,
2965 3932 3197 3987 qumque
3233 3917 3341 3971 tria

1753 4025 1936 4064 rerum
1961 4009 2226 4078 principia
2259 4008 2566 4074 materiam,
2596 4009 2854 4073 formam,
2875 4018 2926 4063 et
2955 4009 3340 4078 privationem,

1753 4103 1943 4173 quidni
1982 4113 2035 4158 et
2059 4103 2362 4166 silentium,
2392 4102 2709 4167 admittunt,
2749 4111 2858 4155 tam
2909 4102 3088 4172 inepte
3119 4116 3221 4156 nos
3258 4117 3347 4155 re-

1755 4196 1984 4252 miserit.
2013 4197 2078 4251 Et
2108 4206 2256 4251 certe
2289 4197 2334 4251 si
2368 4195 2436 4250 ad
2476 4196 2964 4267 grammaticorum
2985 4236 3001 4261 ,
3040 4210 3147 4249 non
3183 4209 3345 4249 secus

1755 4305 1819 4345 ac
1843 4290 2295 4359 philosophorum
2322 4290 2542 4345 scholas
2560 4288 2814 4343 rediisset
2837 4286 3093 4349 Dall:ens,
3110 4286 3185 4341 ibi
3211 4303 3341 4355 pro-

1757 4383 1900 4438 fecto
1929 4382 2215 4437 didicisset
2252 4382 2506 4437 eumdem
2564 4383 2766 4450 saepius
2816 4381 3015 4435 horum
3050 4380 3342 4434 verborum

94 4484 298 4556 viusque
322 4495 644 4558 exponeret,
675 4485 814 4539 dixit
848 4484 977 4538 illud
1010 4498 1133 4537 esse
1166 4501 1184 4533 ‹
1230 4480 1469 4535 Verbum
1495 4490 1644 4535 tetet—

1822 4476 1899 4531 ιτὰ
1924 4476 2023 4547 τὴν
2052 4478 2211 4547 σιγήν
2246 4485 2411 4545 atque
2444 4473 2553 4528 ἀπὸ
2584 4474 2683 4544 τῆς
2720 4472 2880 4543 σιγῆς
2927 4487 3049 4527 esse
3095 4488 3343 4535 sensum,

97 4592 225 4641 unm,
250 4596 355 4633 non
382 4597 410 4632 a
445 4579 663 4635 silentio
695 4576 1069 4648 progrediens,
1102 4594 1122 4627 ›
1157 4574 1208 4627 id
1244 4584 1328 4629 est
1356 4573 1501 4644 quod
1534 4587 1660 4627 cum

1756 4571 2117 4640 eamdemque
2159 4567 2664 4640 significationem;
2703 4565 3043 4635 proindeque
3075 4562 3345 4633 lgnatiuut

94 4668 283 4727 silentio
309 4674 585 4743 posterius
612 4687 718 4727 non
747 4669 932 4733 fuerit,
963 4684 1178 4738 semper
1206 4684 1236 4721 a
1265 4666 1425 4721 Patre
1456 4674 1662 4720 aeterno
1736 4664 2005 4734 .potuisse
2029 4674 2263 4732 utroque
2284 4658 2767 4714 indiscriminatim
2782 4658 2861 4711 uti
2882 4656 3141 4727 loquendi
3158 4658 3344 4711 modo.

96 4773 162 4815 cst
185 4767 490 4833 prolatum;
522 4780 587 4819 ac
610 4764 841 4835 proinde
873 4762 1121 4833 ejusdem
1161 4776 1286 4815 cum
1332 4773 1399 4814 eo
1444 4757 1664 4813 mtcrni-

98 4856 202 4911 tatis
245 4858 315 4913 sit
370 4858 600 4913 omnino
635 4871 860 4913 necesse
908 4864 1010 4909 est.
1047 4853 1205 4915 llunc
1249 4868 1414 4922 porro
1468 4848 1661 4921 lguatii

97 4950 359 5006 Verborum
398 4966 591 5005 verum
637 4964 760 5005 esse
791 4963 1015 5004 sensum
1052 4947 1176 5002 inde
1206 4943 1523 4999 confirmari
1557 4958 1658 5013 po—

96 5048 201 5105 test,
228 5044 369 5113 quod
402 5044 473 5097 ad
507 5044 649 5098 idem
697 5039 1121 5112 significandum
1178 5037 1349 5093 simili
1402 5051 1468 5090 ac
1522 5050 1659 5105 pene

99 5134 259 5190 eodem
302 5136 565 5207 loquendi
597 5135 759 5190 modo
791 5143 979 5205 postea
1008 5131 1093 5187 usi
1133 5140 1262 5185 sunt
1305 5138 1498 5183 auctor
1542 5143 1659 5181 ser-

99 5228 252 5285 monis
294 5230 605 5301 Augustino
634 5229 913 5299 quondam
946 5225 1167 5295 ascripti
1205 5224 1251 5254 “*
1284 5239 1297 5273 :
1335 5241 1353 5274 ι
1394 5220 1655 5283 Verbum,

99 5318 272 5389 inquit,
315 5308 753 5394 quoddicturus
795 5327 921 5373 ante
955 5332 1060 5371 non
1094 5315 1308 5379 silebat,
1359 5329 1471 5383 quo
1512 5310 1659 5364 dicto

99 5424 189 5466 non
224 5416 390 5471 srluit.
438 5414 598 5483 Quod
658 5420 744 5469 est
782 5412 1009 5466 verbum
1063 5408 1183 5465 sine
1226 5417 1489 5476 tempore.
1530 5422 1549 5455 ι
1593 5400 1662 5456 Et

101 5500 394 5579 Fuigentius
408 5510 482 5577 ⁶⁵;
500 5527 519 5561 ι
543 5504 784 5562 Verbum
799 5503 950 5561 nullo
968 5516 1209 5573 unquam
1229 5500 1405 5571 potuit
1417 5494 1657 5553 coerceri

177 5719 331 5774 "ho.
362 5736 378 5773 ι
451 5718 653 5775 advers.
680 5715 893 5781 harem,
934 5729 1053 5780 cap.
1088 5709 1178 5763 26.

1256 5708 1301 5741 ⁸⁸
1332 5705 1426 5759 lib.
1464 5702 1536 5757 De
1568 5702 1782 5766 harem,
1814 5714 1934 5769 cap.
1998 5698 2052 5752 6.

1759 4756 2034 4810 Caeterum
2084 4752 2328 4824 Iguatius
2364 4752 2417 4805 in
2451 4751 2538 4804 his
2568 4749 2816 4820 epistolis
2854 4749 2995 4803 clam
3028 4748 3350 4818 cursimque

1762 4862 1792 4901 a
1818 4861 1875 4900 se
1903 4843 2231 4913 conscriptis
2262 4857 2373 4896 non
2407 4840 2589 4894 verbis
2608 4848 2725 4893 arte
2774 4838 3206 4909 scholarumque
3234 4854 3351 4891 me-

1762 4938 1927 4994 thodo
1954 4936 2278 5007 compositis
2325 4942 2491 5004 atque
2530 4932 2753 5003 aptatis,
2805 4932 2899 4988 sed
2945 4931 3013 4988 iis
3045 4946 3169 5002 quae
3194 4946 3347 4984 amor

1758 5044 1887 5083 vere
1928 5027 2150 5082 divinus
2190 5035 2246 5082 et
2285 5025 2631 5081 incredibilis
2668 5025 2918 5096 martyrii
2953 5025 3119 5079 ardor
3154 5037 3352 5092 sugge-

1759 5119 1935 5182 rebat,
1972 5134 2106 5174 usus
2134 5127 2239 5173 est.

1831 5211 2003 5265 Instat
2032 5211 2269 5282 denique
2321 5210 2508 5265 Dallari
2557 5200 2818 5266 defensor
2874 5208 3165 5263 haereticos
3211 5220 3353 5276 quos

1767 5303 2012 5375 lgnatius
2044 5306 2212 5359 haece
2243 5305 2297 5358 in
2343 5304 2575 5374 epistola
2611 5303 2882 5368 confutat,
2925 5316 3023 5354 eos
3046 5314 3170 5354 esse
3202 5316 3231 5373 «ν
3258 5299 3350 5369 qui

1766 5397 1973 5453 Christi
2004 5407 2235 5453 mortem
2269 5398 2558 5469 negabant,
2584 5404 2638 5449 et
2664 5393 2854 5450 Jesum
2882 5410 2909 5445 :I
2939 5391 3160 5446 Christo
3190 5405 3350 5459 sepa-

1769 5491 1985 5558 rabant,
2021 5499 2073 5545 et
2098 5498 2396 5559 utrumque
2444 5505 2476 5544 a
2528 5485 2710 5543 Verbo
2760 5484 3096 5550 dividebant,
3120 5483 3267 5553 quod
3296 5483 3350 5537 in

2132 5696 2179 5729 ”
2208 5696 2405 5751 haeres.
2432 5693 2523 5759 30,
2561 5691 2590 5765 ᾗ
2622 5691 2679 5745 9..
2742 5687 3355 5763 “ApudAugustinum,

106 5766 416 5856 κτῆμ’-369,
443 5766 1211 5844 Ναιιυὶι.
1282 5778 1334 5865 Ὶ⁸⁵
1368 5776 1462 5831 lib.
1495 5790 1511 5829 I
1568 5774 1635 5827 ad

1822 5766 2044 5835 imiturL,
2074 5783 2197 5839 cap.
2226 5766 2318 5822 18,

366 5887 640 5947 Ριτιιοι.
699 5884 818 5945 Gn.
859 5884 934 5943 V.

3004 5857 3077 5916 l7
