3800 6208
1427 249 1486 303 S.
1529 241 1803 301 IGNATIU
1816 240 1873 293 S.

366 271 471 328 525

366 392 650 473 Ebionteos
680 386 875 443 cadere
923 397 1032 437 non
1074 387 1274 449 potest.
1313 395 1330 426 ι
1367 372 1564 426 Futilis
1605 366 1849 438 profecto
1879 372 1932 417 et
1964 365 2005 421 Α

367 466 502 539 vana
526 456 612 549 esi
640 468 753 535 haec
780 476 962 531 Dallaei
996 471 1266 529 defensio.
1304 465 1489 535 Neque
1518 463 1661 517 enim
1698 456 1937 529 lgnatius

368 577 469 628 hos
496 562 709 626 errores
745 583 807 621 ea
836 567 889 619 in
909 563 1140 633 epistola
1156 557 1473 614 confulasse
1496 551 1712 621 legitur.
1737 543 1940 599 Deinde

368 660 554 719 nullus
586 659 864 731 negaverit
902 657 1088 725 plures
1128 653 1182 706 in
1229 650 1421 704 eadem
1466 642 1696 714 epistola
1725 651 1941 694 errores

367 759 616 829 potuisse
663 728 733 808 ab
764 750 972 821 lgnatio
1009 745 1203 801 refelli.
1238 742 1511 795 Dalizeano
1548 734 1711 806 igitur
1754 728 1942 785 defen-

370 853 482 907 sori
508 847 850 922 probandum
879 838 1296 897 eratlttereticos
1314 834 1367 887 in
1395 832 1507 892 illo,
1535 843 1692 897 quem
1713 824 1946 878 Dallazns

371 921 592 1013 objeeit,
623 942 746 993 loco
775 936 843 990 ab
871 933 1081 1003 lgnatio
1113 938 1306 984 nostro
1344 921 1676 979 confutatos.
1702 932 1797 972 eos
1829 928 1949 969 esse

373 1038 488 1107 qui,
541 1048 682 1104 quos
732 1031 847 1099 ipse
902 1027 1201 1087 recensuit,
1248 1034 1463 1075 errores
1502 1010 1943 1085 propugnabant.

372 1129 531 1195 Quod
562 1134 706 1180 certe
732 1136 833 1176 nec
858 1119 946 1173 ille
970 1132 1070 1172 nec
1098 1115 1238 1169 alius
1267 1111 1556 1182 quisquam
1581 1106 1953 1161 demonstrare

374 1235 616 1290 unquam
642 1212 860 1286 poterit.

446 1282 714 1361 Cancrum
741 1304 787 1358 si
817 1300 942 1371 quis
966 1296 1103 1351 alios
1132 1295 1201 1349 ab
1245 1290 1514 1346 Ebionitis
1544 1286 1831 1342 haereticos
1856 1282 1955 1337 ob-

372 1401 532 1470 jectis
559 1397 754 1469 lgnatii
799 1394 980 1449 verbis
1008 1389 1182 1446 refelli
1231 1387 1433 1441 invicte
1461 1379 1796 1453 probaverit,
1829 1375 1959 1431 huic

379 1493 598 1562 penitus
627 1504 733 1543 non
760 1484 1212 1557 repugnabimus,
1247 1477 1409 1533 modo
1439 1474 1506 1528 iis
1545 1470 1956 1528 sanctissimum

382 1585 534 1637 illum
562 1590 857 1651 martyrem
884 1578 951 1632 ad
991 1562 1406 1629 Valentinianos
1449 1570 1568 1637 ipso
1610 1565 1963 1636 posteriores,

318 1720 325 1727 .
382 1690 489 1728 non
522 1672 828 1743 respexisse
858 1668 1112 1722 fateatur.

420 1786 450 1858 ᾗ
480 1784 567 1839 VI.
594 1784 719 1837 Alia
749 1782 1031 1851 explicatio
1061 1778 1333 1833 verborum
1355 1773 1557 1844 lgnatii
1592 1770 1919 1840 proponitur.

459 1898 553 1954 liis
576 1898 834 1952 omnibus
864 1894 930 1949 ad
963 1893 1139 1948 varias
1175 1888 1614 1945 adversariorum
1642 1893 1957 1938 nostrorum

388 1990 891 2061 argumentationes
924 1993 980 2040 et
1010 1984 1348 2054 sophismata
1378 1978 1679 2048 responsis,
1718 1975 1846 2029 illud
1877 1973 1963 2026 in-

388 2098 553 2152 super
580 2096 875 2151 possumus
906 2078 1167 2147 adjicere,
1193 2076 1335 2128 hanc
1359 2070 1549 2139 lgnatii
1590 2067 1915 2123 sententiam
1946 2079 1961 2117 :

395 2197 413 2229 ι
452 2176 689 2231 Verbum
733 2184 996 2228 aeternum
1046 2186 1153 2225 non
1188 2185 1219 2223 a
1269 2166 1486 2222 silentio
1533 2160 1907 2233 progrediens,
1942 2176 1961 2209 ι

392 2269 596 2324 idcirco
633 2270 702 2322 ab
738 2283 803 2322 eo
833 2267 935 2320 hac
959 2265 1013 2318 in
1044 2262 1274 2332 epistola
1301 2259 1560 2327 scriptam
1590 2253 1793 2318 videri,
1835 2250 1975 2320 quia

392 2360 468 2415 ibi
493 2361 603 2413 duo
621 2357 822 2413 Christi
852 2354 1109 2426 mysteria
1137 2351 1304 2405 fuisse
1328 2346 1579 2409 docebat,
1614 2344 1717 2397 alia
1749 2342 1968 2411 quidem

394 2450 649 2510 obseura,
680 2448 733 2499 in
769 2445 1009 2499 tenebris
1040 2457 1103 2496 ac
1129 2439 1348 2495 silentio
1378 2437 1446 2490 ab
1467 2449 1531 2489 eo
1563 2442 1805 2502 patrata;
1829 2430 1974 2485 unde

399 2543 515 2610 ipse
544 2558 557 2591 :
590 2557 608 2589 ι
639 2537 703 2589 Et
722 2535 879 2590 latuit
908 2535 1212 2603 principem
1245 2528 1426 2584 saeculi
1456 2526 1639 2595 hujus,
1668 2521 1972 2592 inquiebat,

400 2631 688 2701 virginitas
720 2627 921 2689 Mariae,
954 2636 1007 2679 et
1038 2634 1226 2693 partus
1252 2620 1444 2690 ipsius,
1474 2628 1528 2672 et
1558 2631 1710 2671 mors
1736 2610 1973 2679 Domini,

402 2725 505 2779 tria
538 2721 794 2793 mysteria
823 2718 1102 2779 clamoris,
1141 2729 1262 2784 quae
1286 2713 1338 2766 in
1362 2710 1580 2766 silentio
1608 2716 1829 2778 operata
1876 2720 1974 2761 seu

405 2822 617 2887 patrata
649 2821 795 2868 sunt.
836 2832 853 2861 ι
886 2810 1005 2863 Alia
1042 2824 1170 2862 vero
1203 2806 1495 2867 luminosa,
1528 2802 1651 2856 luce
1680 2815 1745 2853 ac
1789 2798 1974 2869 splen~

402 2909 535 2963 dore
561 2922 663 2961 suo
682 2903 941 2975 fulgentia
965 2912 1018 2956 et
1047 2898 1323 2955 micantia.
1358 2896 1488 2950 Tale
1517 2904 1633 2948 erat
1656 2891 1974 2963 mysterium

404 2999 775 3072 generationis
799 2997 919 3065 ejus
947 3005 1184 3053 aeternae,
1227 2990 1295 3044 ab
1330 2988 1573 3055 antiquis
1618 2984 1877 3038 Patribus
1923 2991 1978 3036 et

404 3091 683 3164 pr0phetis
709 3089 950 3159 agnitum
974 3095 1135 3154 atque
1163 3081 1566 3141 annuntiatum,
1598 3078 1664 3131 de
1688 3090 1797 3145 quo
1825 3072 1977 3128 Psal-

405 3185 565 3239 mista
596 3182 793 3237 cecinit
824 3197 837 3231 :
886 3177 951 3231 In
982 3173 1343 3245 splendoribus
1370 3182 1674 3223 sanctorum
1718 3183 1781 3220 ea:
1808 3175 1955 3219 utero

405 3287 528 3330 ante
571 3273 856 3342 luciferum
895 3268 1048 3339 genui
1087 3277 1135 3319 te
1167 3266 1231 3318 ⁸⁸.
1277 3263 1461 3317 Potuit
1494 3262 1677 3329 itaque
1712 3257 1976 3328 lgnatius,

406 3384 532 3425 eum
562 3382 716 3421 suam
734 3360 1212 3431 daretepistolam,
1237 3358 1305 3412 ad
1335 3358 1449 3411 haec
1481 3354 1784 3409 Psalmista:
1812 3351 1980 3405 verba

406 3457 1000 3524 attendens,scribere:
1025 3472 1043 3503 ‹
1068 3451 1306 3506 Verbum
1324 3458 1588 3503 aeternum
1620 3460 1729 3498 non
1757 3460 1787 3498 a
1812 3444 1979 3498 silen-

410 3553 485 3607 tio
523 3548 893 3620 progrediens.
928 3563 947 3596 ι
976 3543 1028 3596 id
1064 3553 1149 3598 est
1174 3539 1413 3595 Verbum
1450 3548 1713 3592 a’ternum
1742 3550 1772 3589 e
1798 3535 1983 3590 divino

408 3642 593 3696 aeterni
618 3640 795 3694 Patris
822 3638 946 3692 sinu
980 3650 1087 3688 non
1122 3634 1176 3687 in
1208 3631 1443 3693 silentio,
1479 3630 1559 3683 vel
1596 3628 1701 3681 ulla
1736 3628 1985 3682 tenebra-

415 3748 536 3786 rum
588 3730 925 3785 obscuritate
983 3735 1037 3779 et
1097 3724 1330 3794 caligine
1387 3719 1759 3791 progrediens,
1799 3718 1893 3772 sed
1929 3717 1985 3770 in

412 3822 798 3894 spiendoribus
828 3827 1148 3881 sanctorum
1175 3832 1241 3869 ex
1262 3815 1378 3883 ejus
1400 3820 1553 3866 utero
1575 3809 1986 3892 gettitum..Quo

412 3915 635 3985 quidem
670 3910 927 3981 loquendi
967 3908 1129 3962 modo
1158 3908 1272 3975 ipse
1306 3920 1371 3958 eo
1413 3903 1689 3957 lubentius
1723 3917 1859 3957 usus
1875 3910 1980 3963 est.

413 4003 563 4075 quod
606 4002 729 4055 inde
769 4016 877 4053 non
926 3998 1103 4053 solum
1140 3996 1386 4049 divinum
1417 3990 1581 4046 Verbi
1621 3991 1984 4060 splendorem,

414 4095 511 4151 sed
544 4093 691 4148 illius
725 4093 889 4145 etiam
920 4088 1300 4151 aeternitatem,
1358 4102 1522 4156 quam
1573 4084 1711 4139 nihil
1760 4085 2001 4149 omnino,

414 4185 814 4257 przecessisset,
863 4181 1169 4236 evidentius
1202 4176 1636 4233 demonstrabat.
1683 4173 1829 4229 Nihil
1859 4191 1989 4246 ergo

416 4281 471 4333 in
506 4279 607 4331 hac
639 4276 913 4331 locutione
941 4273 1202 4333 occurrit,
1236 4271 1379 4341 quod
1427 4284 1533 4323 non
1583 4269 1653 4323 sit
1684 4282 1809 4322 vere
1835 4266 1992 4337 lgna-

415 4372 650 4434 tianum,
678 4377 733 4422 et
762 4384 791 4419 a
824 4375 979 4435 tanto
1005 4373 1241 4434 martyre
1274 4363 1330 4417 in
1363 4361 1611 4431 epistola,
1638 4375 1803 4429 quam
1843 4359 1988 4428 ipse-

418 4471 530 4517 met
560 4460 804 4530 scripsit,
838 4468 984 4513 recte
1016 4466 1249 4526 apteque
1273 4462 1557 4508 exaratum
1583 4462 1637 4505 et
1670 4451 1951 4505 traditum.

1010 4567 1239 4624 CAPUT
1280 4567 1415 4622 XIII.

414 4680 590 4724 κυιιλ
614 4680 739 4719 ESSE
771 4680 821 4717 IN
856 4678 940 4716 HIS
967 4676 1242 4714 EPISTOLIS
1265 4672 1490 4711 Ριικετεῐι
1519 4669 1805 4709 ΤΕΜΡΟΙΠΙΙΙ
1830 4667 1992 4707 FIDE!

945 4747 1219 4784 PERPERAM
1259 4745 1435 4783 FICTA.

421 4830 450 4902 ᾗ
471 4826 511 4881 I.
529 4827 700 4891 Quam
722 4824 1105 4902 inconsiderate
1121 4820 1355 4902 Ualltens
1380 4817 1693 4902 objectiones
1710 4830 1835 4867 suas
1858 4812 1997 4866 mul-

702 4893 1013 4963 tiplicaverit
1028 4909 1045 4946 :
1062 4900 1111 4945 et
1144 4892 1327 4961 prima:
1343 4887 1703 4957 respondetur.

494 5012 570 5067 De
600 5008 900 5067 haeresibus
928 5018 1091 5077 atque
1110 5005 1401 5070 hatreticis,
1432 5017 1572 5073 quos
1599 5002 1653 5055 in
1677 4998 1868 5069 lgnatii
1890 4998 2001 5067 epi-

418 5106 579 5165 stolis
616 5103 790 5160 nostri
820 5112 1043 5158 notatos
1073 5114 1195 5154 esse
1244 5104 1420 5167 putat,
1458 5094 1574 5148 haec
1608 5091 1843 5145 Dallreus
1869 5103 1995 5143 cum

416 5200 669 5264 dixisset,
701 5198 770 5252 ad
801 5197 907 5251 alia
931 5192 1301 5264 progreditur,
1327 5187 1714 5255 contenditque
1732 5184 1784 5235 in
1806 5181 1996 5236 iisdem

420 5290 616 5348 litteris
642 5290 810 5344 multa
835 5302 957 5343 esse
986 5285 1091 5339 alia
1124 5291 1323 5353 praeter
1348 5292 1657 5349 temporum
1689 5274 1848 5329 tidem
1874 5289 1999 5342 per-

419 5399 609 5457 peram
640 5383 762 5437 ﬁeta
787 5382 854 5435 "'.
878 5378 1088 5433 Horum
1118 5384 1296 5429 autem
1331 5375 1412 5427 sic
1434 5383 1719 5441 perperam
1754 5366 1999 5420 lictorum

1918 270 1985 277 -ρ-
2022 223 2556 288 PROLEGOMENA.

3517 197 3627 253 526

2037 373 2145 411 non
2181 356 2361 408 minus
2386 364 2548 421 quam
2586 341 2839 400 undecim
2877 340 2931 393 in
2963 350 3074 390 uno
3107 332 3416 399 eodemque
3447 323 3631 393 capite

2041 448 2245 517 profert
2271 419 2536 511 exempla.
2572 437 2679 492 Sed
2700 451 2764 489 ex
2802 432 2885 486 his
2912 427 3164 484 undecim
3192 419 3466 489 exemplis
3496 432 3630 487 qua-

2044 552 2167 595 tuor
2199 546 2409 592 tantum
2454 534 2519 588 ad
2560 544 2686 593 eas,
2730 527 2798 581 de
2836 524 3039 595 quibus
3070 519 3310 590 agimus,
3346 510 3628 583 pertinent

2042 630 2341 702 epistolas:
2400 636 2593 681 etetera
2645 620 2814 675 falsas
2872 612 3297 684 suppositasque
3350 607 3629 673 spectant,

2046 725 2128 779 vel
2152 722 2514 794 genuinarum
2545 709 3015 781 interpolationes.
3046 702 3124 755 Ex
3158 701 3243 754 his
3285 707 3475 751 autem
3496 705 3633 761 qua—

2049 829 2169 873 tuor
2200 813 2462 883 exemplis
2486 822 2608 879 qua:
2637 806 2702 859 ad
2730 799 2998 874 genuinas
3022 793 3284 865 epistolas
3312 786 3631 859 pertinent,

2050 910 2282 965 Dallznus
2308 906 2361 959 in
2392 904 2617 964 tribusa
2651 911 2752 953 suo
2776 892 3065 949 defensore
3088 886 3309 957 penitus
3334 878 3635 937 deseritur,

2051 1002 2143 1072 qui
2176 1014 2287 1054 uno
2320 1006 2533 1051 tantum
2565 992 2619 1046 in
2649 985 2880 1042 articulo
2911 982 3063 1036 illum
3092 978 3233 1034 tueri
3267 981 3507 1030 conatus
3532 976 3634 1022 est.

2057 1066 2315 1147 balneum
2338 1098 2519 1143 tamen
2570 1085 2638 1138 de
2674 1082 2762 1136 his
2786 1087 3046 1150 quatuor,
3095 1087 3164 1126 ne
3204 1066 3339 1139 quid
3367 1066 3636 1119 intactum
3704 1099 3713 1107 .

2057 1185 2342 1255 reliquisse
2362 1191 2708 1239 accusemur,
2738 1172 3104 1241 disputantem
3138 1162 3460 1218 audiamus.

2128 1242 2371 1330 Primum
2401 1272 2582 1339 itaque
2612 1261 2793 1319 Dallzei
2827 1266 3206 1332 argumentum
3231 1268 3299 1308 ex
3334 1250 3423 1304 his
3458 1242 3639 1301 verbis

2061 1371 2265 1442 petitur
2299 1386 2312 1421 :
2353 1385 2371 1417 ε
2409 1364 2474 1418 Et
2510 1356 2948 1432 superemlestia,
2985 1362 3039 1408 et
3069 1348 3239 1421 gloria
3282 1342 3640 1413 angelorum,

2062 1474 2118 1519 et
2164 1460 2436 1534 principes
2468 1431 2711 1510 visibiles
2740 1451 2817 1516 ⁸⁸,
2854 1468 2871 1499 ι
2906 1456 3037 1509 etc.,
3077 1441 3221 1497 unde
3270 1438 3354 1492 sic
3417 1431 3639 1503 arguit:

2072 1579 2090 1610 ι
2123 1526 2276 1624 Quod
2312 1526 2403 1608 hic
2433 1552 2499 1605 de
2532 1546 2872 1620 principibus
2904 1538 3214 1595 visibilibus
3253 1530 3496 1599 scriptor
3524 1526 3646 1579 ideo

2070 1647 2301 1703 fortasse
2330 1644 2561 1704 dixerat,
2588 1638 2733 1709 quod
2759 1635 2878 1704 ejus
2914 1647 3028 1687 :evo
3064 1629 3245 1697 aliqua
3280 1624 3396 1693 jam
3434 1626 3556 1675 erat
3578 1616 3647 1670 de

1993 1705 2034 1759 Β
2064 1739 2393 1802 Constantii,
2421 1736 2507 1788 vel
2534 1705 2884 1787 Constantini
2922 1724 3042 1794 ejus
3088 1719 3207 1784 lilii,
3256 1716 3345 1770 vel
3374 1710 3649 1767 Christia-

2063 1833 2244 1886 nismo
2282 1830 2366 1883 vel
2410 1827 2475 1881 ad
2511 1822 2990 1879 Christianismum
3041 1809 3416 1884 propensioue
3456 1818 3646 1874 sparsa

2068 1927 2231 1981 fama.
2274 1942 2291 1975 ι
2333 1922 2409 1975 De
2454 1922 2557 1973 hoc
2597 1916 2779 1970 Dailmi
2821 1913 3147 1981 argumento
3192 1903 3273 1958 sic
3322 1897 3649 1970 pronuntiat

2065 2019 2185 2088 ejus
2216 2014 2470 2070 defensor
2495 2010 2538 2040 δ’
2574 2025 2585 2059 :
2628 2025 2647 2058 ι
2686 2005 2792 2059 Sed
2842 2004 2988 2055 hunc
3031 2000 3215 2052 locum
3249 1994 3429 2048 obiter
3477 1987 3651 2056 tangit

2068 2109 2329 2171 Dallwus;
2358 2104 2507 2157 illum
2534 2096 2776 2169 proferre
2804 2100 3111 2153 contentus,
3158 2096 3509 2155 nequaquam
3551 2094 3651 2132 ur-

2070 2211 2175 2273 get.
2215 2221 2231 2251 ι
2264 2198 2331 2251 At
2349 2210 2479 2251 sane
2507 2193 2657 2247 illum
2692 2202 2801 2241 non
2834 2185 3011 2241 solum
3038 2197 3146 2235 non
3172 2192 3395 2248 urgere,
3429 2174 3526 2230 sed
3549 2187 3652 2226 nec

2072 2291 2313 2362 proferre
2333 2301 2571 2355 unquam
2593 2274 3023 2337 debuisset.Non
3045 2272 3188 2328 enim
3210 2269 3443 2324 verbum
3459 2267 3654 2337 ἄρχον-

2072 2404 2181 2448 τες,
2214 2382 2358 2454 quod
2389 2377 2744 2447 magistratus
2776 2371 3051 2444 quoslibet
3075 2382 3137 2420 ac
3161 2362 3444 2435 principes
3478 2357 3653 2429 signi-

2075 2478 2220 2538 ficat,
2270 2473 2343 2527 ibi
2378 2470 2763 2526 Constantium
2822 2463 2904 2519 vel
2953 2457 3381 2515 Constantinum
3431 2461 3653 2522 potius,

2074 2584 2237 2638 quam
2268 2565 2493 2633 quosvis
2519 2562 2656 2616 alios
2682 2556 2957 2629 principes
2979 2552 3267 2621 designare
3300 2546 3505 2616 potuit.

2172 2681 2200 2753 §
2226 2679 2287 2733 II.
2324 2674 2578 2733 Secundae
2607 2684 2656 2726 et
2687 2671 2853 2725 tertia:
2879 2665 3161 2737 objectioni
3193 2660 3566 2730 respondetur.

2150 2790 2461 2849 Secundum
2504 2786 2687 2841 Dallaai
2716 2790 3098 2854 argumentum
3125 2794 3192 2833 ex
3227 2778 3316 2831 his
3343 2744 3660 2831 desumitnr

2078 2889 2297 2947 verbis:
2344 2906 2361 2937 ι
2404 2884 2633 2937 Vinctus
2680 2880 2864 2932 decem
2909 2871 3181 2941 leOpardis
3210 2869 3293 2935 ";
3341 2887 3359 2919 ι
3403 2882 3517 2937 quo
3545 2866 3659 2929 ιςο-

2079 2979 2372 3051 pardorum
2402 2971 2624 3027 nomine
2669 2963 2959 3036 quemdam
3002 2958 3382 3013 Romanorum
3416 2952 3658 3006 militum

2004 3043 2045 3096 ς
2083 3072 2352 3133 ordinem,
2393 3065 2485 3135 qui
2531 3060 2771 3117 auctoris
2804 3055 2974 3111 nostri
3020 3063 3262 3119 tempore
3303 3048 3356 3100 in
3404 3060 3512 3098 usu
3544 3057 3667 3107 esse

2084 3130 2348 3221 desierat,
2392 3130 2638 3210 denotari
2684 3148 2980 3202 arbitratus
3015 3149 3145 3196 est:
3185 3156 3203 3189 ι
3245 3134 3352 3189 Sed
3407 3130 3667 3203 quando,

2087 3251 2261 3322 inquit
2288 3249 2408 3318 ejus
2437 3240 2769 3301 defensor“,
2803 3238 2887 3292 his
2910 3235 3042 3290 solis
3058 3230 3238 3285 verbis
3263 3227 3463 3281 nititur
3481 3220 3667 3277 Dallmi

2086 3318 2491 3414 argumentum,
2522 3334 2795 3402 nullisque
2821 3327 3018 3382 veteris
3042 3321 3326 3392 scriptoris
3354 3318 3553 3373 fultum
3583 3323 3671 3370 est

2088 3431 2420 3494 testimonio,
2464 3442 2573 3481 non
2622 3432 3013 3492 usquequaque.
3053 3414 3291 3471 solidum
3344 3410 3482 3465 mihi
3516 3408 3671 3462 vide-

2090 3537 2195 3579 tur.
2229 3543 2246 3575 ι
2288 3521 2590 3576 Boehartus
2617 3526 2795 3569 autem
2830 3511 2953 3565 inde
2981 3516 3362 3576 argumentum
3396 3503 3673 3555 Dallreano

2088 3619 2132 3648 ⁷²
2158 3616 2315 3686 plane
2339 3611 2648 3681 oppositum
2677 3604 2822 3660 elicit
2849 3619 2861 3654 :
2899 3621 2915 3653 ι
2942 3599 3206 3669 Leopardi
3236 3613 3362 3661 vox,
3394 3594 3575 3664 inquit
3598 3593 3670 3657 ⁷³,

2090 3724 2265 3765 serius
2310 3702 2562 3774 usurpari
2615 3698 2778 3768 empit
2822 3692 3169 3751 Constantini
3225 3704 3367 3744 aevo.
3431 3684 3673 3740 Proinde

2090 3801 2278 3873 lgnatii
2305 3796 2589 3867 epistolam
2632 3792 2696 3846 ad
2728 3789 3027 3850 Romanos,
3059 3799 3223 3853 quam
3246 3778 3678 3841 circumferunt,

2090 3908 2155 3947 eo
2185 3894 2402 3946 demum
2437 3884 2636 3941 smculo
2662 3881 2833 3935 fuisse
2862 3878 3117 3945 scriptam
3148 3874 3232 3926 vel
3260 3887 3324 3926 ex
3367 3872 3472 3924 hoc
3504 3884 3674 3937 πίων

2092 3992 2276 4038 mento
2318 3979 2567 4047 colligas.
2604 3993 2622 4025 ι
2664 3971 2769 4026 Sed
2812 3972 2926 4023 haec
2952 3965 3209 4022 Boeharti
3259 3959 3674 4031 argumentatio

2094 4075 2363 4128 Dallaeana
2412 4068 2643 4123 validior
2680 4079 2785 4118 non
2834 4072 2935 4116 est.
2969 4057 3237 4112 Eusebius
3284 4052 3560 4123 siquidem
3608 4067 3675 4106 ex

2094 4168 2197 4221 hac
2220 4164 2409 4219 eadem
2439 4158 2693 4229 epistola.
2726 4169 2889 4224 quam
2923 4149 3127 4221 lgnatio
3154 4146 3537 4201 indubitanter
3572 4143 3674 4196 tri-

2094 4258 2233 4319 buit,
2292 4252 2422 4307 illud
2481 4248 2719 4318 leopardi
2761 4244 2947 4299 retulit
2994 4255 3214 4301 nomen,
3261 4236 3413 4306 quod
3446 4234 3679 4305 proinde

2093 4342 2440 4400 Constantini
2472 4334 2873 4406 tevojudieavit
2905 4345 3027 4386 esse
3047 4326 3350 4395 antiquius.
3382 4322 3452 4376 Et
3483 4337 3542 4377 re
3563 4323 3682 4390 qu;-

2024 4424 2068 4477 Ῑ)
2099 4439 2221 4491 dem
2262 4435 2380 4504 ipsa
2414 4447 2520 4486 vox
2560 4430 2649 4483 illa
2682 4427 2735 4481 in
2767 4426 2920 4479 Actis
2953 4428 3267 4477 sanctarum
3305 4415 3597 4483 Perpetua:
3628 4422 3681 4465 et

2099 4526 2422 4589 Felicitatis,
2464 4538 2565 4577 nec
2598 4536 2705 4573 non
2748 4516 2890 4587 apud
2937 4512 3288 4584 Spartianum
3322 4517 3377 4563 et
3420 4506 3680 4568 Festum,

2100 4636 2164 4674 ac
2190 4619 2406 4675 tandem
2440 4614 2581 4685 apud
2611 4609 2971 4665 Athanasium
3003 4606 3056 4659 in
3085 4602 3209 4657 Vita
3240 4600 3419 4656 sancti
3456 4596 3681 4652 Antonii

2098 4713 2314 4783 legitur.

2174 4804 2415 4859 Tertium
2467 4797 2650 4852 Dallaei
2691 4801 3073 4866 argumentum
3101 4790 3149 4822 ⁷⁸
3184 4788 3311 4842 inde
3356 4785 3681 4851 conficitur,

2107 4884 2249 4966 quod
2285 4893 2528 4965 Ignatius
2556 4912 2573 4943 ι
2594 4888 2804 4962 publice
2818 4886 3139 4956 pmnitenles
3188 4880 3442 4933 absolvat
3462 4918 3478 4939 ,
3512 4886 3566 4932 et
3598 4893 3687 4931 re-

2090 4987 2355 5041 conciliet
2397 4981 2675 5038 Ecclesia’.
2724 4999 2742 5033 ι
2769 4980 2964 5035 Verum
2989 4976 3106 5045 ejus
3134 4970 3425 5037 defensor,
3464 4990 3483 5023 ‹
3515 4970 3687 5024 falsus

2100 5090 2218 5145 est,
2269 5078 2377 5143 ait,
2427 5091 2525 5131 sua
2573 5072 2830 5143 opinione
2876 5064 3364 5139 praastantissimus
3415 5062 3688 5123 Dallxus,

2102 5187 2332 5241 eamque
2380 5178 2669 5240 propterea
2714 5164 3103 5218 emendaturus
3130 5167 3309 5223 esset,
3353 5157 3400 5211 si
3436 5155 3689 5218 vixisset,

2103 5276 2164 5319 ut
2187 5262 2369 5318 amico
2398 5258 2704 5327 rescripsit,
2735 5256 2896 5326 eique
2934 5254 3051 5309 loca
3081 5267 3180 5322 pro
3220 5250 3541 5319 receptione
3568 5260 3692 5315 pm-

2106 5357 2395 5413 nitentium
2437 5353 2578 5425 apud
2625 5348 3030 5405 vetustissimos
3076 5344 3338 5400 Ecclesia:
3387 5344 3694 5413 scriptores

530 5545 575 5576 ⁸⁸
600 5546 745 5600 Psal.
788 5559 896 5605 etx,
946 5544 1001 5597 5.
1079 5542 1122 5572 ⁸⁷
1150 5555 1268 5609 eap.
1294 5541 1377 5602 l3,
1404 5552 1528 5607 pag.
1554 5534 1743 5609 509.___
1768 5532 1811 5561 ⁶⁸
1839 5529 2009 5598 Epist.
2036 5526 2343 5609 adnSmprn.
2426 5522 2633 5609 “:pag.
2659 5488 2787 5571 972.
2870 5517 2916 5548 ⁷⁸
2952 5514 3124 5585 Epist.
3156 5511 3225 5566 ad
3254 5509 3412 5565 Rom.
3493 5509 3534 5541 "
3562 5520 3691 5577 pag.
3756 5476 3765 5493 ἦ

421 5616 551 5675 ὖίῦ.
601 5590 1001 5686 '7‘3'p'agfé'7evf
1056 5613 1100 5644 ⁷³
1132 5590 1644 5676 ιίῖὦέοὶἓᾷἶρὲνιά,
1694 5602 1785 5655 lib.
1818 5590 1900 5664 ut,
1951 5615 1968 5652 (

2104 5595 2149 5647 Β.
2220 5590 2264 5624 ίδ
2297 5608 2419 5661 pag.
2450 5590 2578 5644 273.
