3800 6208
439 346 538 399 52⁸7

1509 338 1564 391 S.
1609 329 1959 391 IGNATIUS.
2002 362 2067 369 —
2105 321 2633 383 PROLEGOMENA.

3589 314 3688 366 5‘28

438 479 569 519 sane
603 461 775 517 Verba
813 462 884 515 ab
927 469 1151 515 auctore
1183 468 1374 513 nostra
1409 474 1515 513 non
1566 456 1788 513 aliunde
1808 498 1823 522 ,
1852 471 2015 525 quam
2046 457 2093 513 Α
2120 450 2334 521 dignas.
2366 462 2529 517 quam
2558 461 2643 506 ea,
2672 458 2795 514 qua:
2822 440 2944 495 vitae
2973 454 3086 495 suae
3106 446 3362 509 pertaesa,
3387 436 3689 505 lucemque.

437 571 501 609 ex
555 553 870 625 apocrypha
906 552 1291 607 Nazaraiorum
1340 551 1637 621 Evangelia
1682 552 2013 621 transcripta

438 645 610 701 fuisse
636 647 781 700 haud
819 646 1135 700 dubitanter
1160 644 1412 699 allirinat.
1439 645 1525 707 At,
1560 644 1755 713 inquit,
1781 643 1826 697 is
1854 642 2011 712 Igna-

439 739 546 794 tius
594 748 801 809 martyr
840 753 964 793 esse
1014 754 1122 792 non
1157 737 1484 807 potest,qui
1544 736 1787 790 veritatis
1838 734 2012 788 fontes

438 831 725 887 fastidiens
754 874 769 897 ,
821 832 1006 901 potius
1062 829 1196 884 fa’lSa
1249 828 1457 883 Christi
1490 828 1651 881 verba
1680 844 1745 881 ex
1784 828 2013 895 impuris

438 926 873 995 apocryphnrum
908 923 1153 985 lacunis,
1177 909 1339 990 quam
1372 937 1497 974 vera
1525 937 1591 974 ex
1626 920 1787 975 certis
1817 919 2015 974 divinae

440 1015 740 1086 Scriptura:
781 1016 934 1070 libris
961 1030 1211 1084 promere
1260 1015 1530 1068 maluerit.
1580 1012 1763 1081 Neque
1805 1012 2012 1065 dixeris

440 1109 747 1179 apocrypha
784 1124 890 1162 non
923 1107 1086 1161 semel
1118 1106 1185 1159 ab
1230 1106 1467 1174 antiquis
1513 1104 1762 1158 Patribus
1810 1104 2006 1167 citari;

442 1201 585 1255 illico
643 1201 788 1254 enim
844 1198 1155 1253 Dallteanus
1214 1196 1469 1252 defensor
1521 1198 1685 1252 altius
1732 1198 2008 1267 insurgit,

440 1303 705 1362 urgetque
760 1305 1035 1347 auctorem
1085 1301 1337 1345 nostrum
1384 1307 1492 1345 non
1524 1291 1644 1346 ideo
1675 1292 1827 1362 argui
1863 1292 2011 1360 quod

441 1386 753 1455 apocrypha
785 1384 1118 1449 laudaverit;
1150 1385 1241 1439 sed
1270 1384 1412 1453 quod
1448 1384 1733 1438 historiam
1768 1384 1911 1437 illam
1946 1400 2009 1436 ex

443 1478 592 1533 falsis
618 1494 723 1532 non
756 1493 820 1531 ex
854 1478 1018 1539 veris,
1051 1477 1139 1530 ubi
1175 1484 1355 1530 exstat
1384 1476 1601 1546 gravius
1642 1486 1805 1545 atque
1846 1477 2005 1529 lucu-

442 1571 642 1626 lentius
670 1569 1381 1639 exposita,Evangelioruzn
1405 1568 1577 1633 libris,
1600 1569 1673 1621 sit
1703 1577 2006 1621 mutuatus.

517 1664 621 1718 Sed
654 1680 681 1717 a
713 1663 985 1716 Dallteano
1020 1661 1309 1716 defensore
1341 1662 1639 1730 qumrimus
1671 1662 1811 1714 unde
1858 1660 2013 1729 lgna-

443 1756 578 1809 tium
609 1755 769 1807 verba
819 1755 929 1816 illa,
958 1769 1080 1822 quae
1110 1753 1314 1821 objicit,
1363 1754 1431 1806 ab
1472 1753 1785 1821 apocrypha
1830 1750 2007 1805 Naza-

445 1861 680 1900 raeorum
718 1844 1015 1916 Evangelia
1048 1843 1297 1899 haiisisse
1330 1844 1616 1898 didicerit?
1650 1842 1767 1897 Non
1801 1859 1865 1897 ex
1898 1842 2011 1895 Eu-

443 1939 595 1993 sebio
622 1938 864 2006 quidem,
907 1938 1000 2005 qui
1057 1954 1113 1992 se
1168 1938 1217 1990 id
1258 1938 1538 2007 ignorasse
1590 1936 1767 2005 palam
1799 1936 2016 2005 prolite-

446 2039 533 2083 tur
553 2030 593 2061 θ’
625 2049 635 2082 :
671 2048 688 2080 ι
715 2029 868 2095 Quae,
896 2030 1093 2099 inquit,
1125 2028 1266 2083 unde
1297 2029 1586 2098 acceperit,
1614 2029 1827 2097 ignoro.
1856 2047 1872 2077 ι
1904 2026 2017 2081 Soli

444 2122 628 2190 itaque
655 2121 985 2191 llieronymo
1011 2165 1024 2186 ,
1060 2133 1119 2173 ut
1150 2122 1267 2190 ipse
1297 2119 1520 2185 fatetur,
1572 2119 1705 2173 illud
1734 2127 2014 2187 acceptum

446 2211 650 2267 referri'
677 2215 854 2269 debet.
890 2212 936 2267 ls
973 2214 1172 2282 quippe
1204 2221 1517 2266 constanter
1548 2220 1827 2266 asseverat
1862 2214 2021 2281 lgna-

446 2305 581 2358 tium
612 2306 726 2359 haec
759 2304 1055 2359 deﬂorasse
1104 2322 1166 2358 ex
1213 2303 1524 2373 Evangelia,
1554 2322 1572 2355 ι
1601 2304 1747 2369 quod
1798 2318 1966 2372 nuper
1988 2319 2020 2359 a

450 2411 555 2458 me,
576 2414 591 2443 ι
612 2398 684 2449 ut3
704 2394 1315 2455 ait”,«translatumest.
1330 2394 1459 2450 rSed
1478 2392 1525 2445 si
1545 2390 1794 2447 Dallazani
1812 2394 1936 2449 illud
1953 2396 2022 2451 ab

451 2482 781 2551 Hieronymo
809 2481 1137 2543 didicerunt,
1163 2497 1260 2535 cur
1293 2489 1401 2536 tam
1434 2497 1620 2536 severe
1651 2481 1919 2551 lgnatium
1951 2484 2020 2537 ab

450 2574 502 2627 id
568 2574 970 2637 condemnant,
1014 2574 1158 2641 quod
1218 2574 1454 2629 eximius
1505 2576 1594 2629 ille
1633 2576 1822 2629 doctor
1867 2584 2020 2631 tanta

450 2672 692 2732 martyre
722 2665 882 2730 plane
917 2664 1141 2733 dignum
1169 2667 1418 2718 credidit.

522 2755 727 2809 Deinde
759 2762 1025 2810 incertum
1058 2768 1142 2811 est
1186 2774 1312 2810 num
1355 2767 1595 2826 tempore
1631 2756 1820 2828 lgnatii
1848 2774 2021 2812 evan-

451 2850 653 2918 gelium
706 2848 1086 2902 Nazaraiorum
1138 2850 1279 2903 inter
1325 2833 1632 2920 apocrypha
1666 2851 2020 2906 amandatum

380 3008 385 3012 l
450 2940 662 2995 fuisset.
696 2941 832 2993 Cum
869 2942 1047 3005 enim,
1080 2949 1214 2995 teste
1261 2942 1446 2997 lsaaco
1489 2942 1816 2997 Casaubano
1838 2985 1852 3009 ,
1886 2953 2023 2998 tem-

448 3048 581 3102 pore
618 3048 758 3102 opus
792 3032 989 3097 fuerit,
1038 3044 1095 3086 ut
1124 3036 1423 3106 apocryphi
1477 3036 1852 3106 hujuscemodi
1896 3039 2021 3093 libri

2120 540 2265 612 quod
2290 548 2448 608 poeta
2472 535 2639 599 canit,
2660 548 2874 604 perosa,
2902 532 2953 585 in
2978 545 3206 585 mortem
3230 543 3475 598 praeceps
3505 528 3640 582 ruit!
3666 546 3686 580 ι

2114 630 2227 685 Sed
2281 628 2497 697 dignior
2551 635 2634 681 est
2682 623 2904 678 etlmico
2951 631 3147 690 poeta,
3193 636 3361 689 quam
3429 618 3691 687 scriptore

2116 718 2434 773 Christiano
2493 716 2608 769 haec
2656 713 2998 768 exclamatio.
3058 711 3242 781 Longe
3287 711 3449 765 aliter
3494 710 3693 764 sentie-

2120 809 2252 861 bant
2282 806 2550 861 Eusebius
2580 813 2634 858 et
2665 802 3033 874 Hieronymus
3059 843 3073 868 ,
3106 803 3201 872 qui
3236 801 3463 870 praefata
3506 800 3691 870 lgnatii

2118 901 2307 964 verba,
2341 913 2558 953 summa
2581 897 2780 966 pietate
2818 895 2937 964 ejus
2966 904 3021 948 et
3059 894 3292 948 mirabili
3337 906 3568 963 prorsus
3596 906 3691 960 pra

2116 993 2340 1047 Christo
2372 988 2643 1044 moriendi
2677 989 2859 1043 studio
2891 996 3000 1041 tam
3037 987 3196 1056 digna
3240 993 3611 1055 putaverunt,
3642 994 3695 1037 ut

2116 1100 2180 1139 ex
2212 1084 2422 1139 czeteris
2460 1082 2718 1135 omnibus
2750 1078 3086 1135 sanctissimi
3121 1078 3378 1148 martyris
3421 1077 3603 1140 dictis,
3634 1091 3694 1127 ea

2118 1177 2465 1246 potissimum
2521 1173 2635 1228 suis
2671 1173 2906 1226 inlibris
2953 1170 3393 1234 transcribenda,
3424 1170 3695 1223 omnium-

2116 1286 2223 1340 que
2252 1269 2691 1323 Christianorum
2744 1264 2993 1335 religioni
3028 1274 3081 1318 et
3112 1262 3467 1317 admirationi
3501 1277 3696 1331 prope.

2118 1361 2291 1415 nenda
2324 1360 2635 1428 selegerint.
2662 1357 2799 1423 Quid
2826 1357 2969 1427 quod
3000 1373 3109 1409 non
3140 1356 3317 1409 solum
3352 1353 3567 1419 Patres,
3601 1354 3691 1409 sed

2117 1462 2170 1506 et
2204 1450 2459 1505 Vcdelius
2508 1452 2620 1521 ipse
2651 1449 3001 1513 Calvinianie,
3041 1448 3203 1503 sicuti
3242 1446 3506 1509 Dallzeus,
3539 1455 3695 1500 sectae

2117 1545 2386 1608 addictus,
2413 1544 2598 1598 eadem
2626 1542 2815 1613 lgnatii
2843 1542 3003 1595 verba
3035 1541 3101 1596 ad
3132 1541 3338 1609 sopitos
3372 1539 3693 1609 tepidiorum

2118 1639 2556 1695 Christianorum
2602 1639 2752 1709 ignes
2800 1638 3147 1692 suscitandas
3205 1637 3352 1691 ultro
3399 1634 3693 1706 proponit:

2124 1752 2139 1783 ι
2176 1731 2348 1799 Quem
2389 1733 2581 1787 martis
2610 1742 2663 1786 et
2692 1732 3085 1801 suppliciorum
3132 1740 3342 1785 terrore
3378 1740 3698 1786 consterna-

2119 1835 2230 1880 tum
2256 1834 2481 1880 sanctus
2506 1833 2710 1894 martyr
2733 1838 2840 1877 non
2867 1823 3135 1889 restituat,
3156 1821 3250 1893 qui
3270 1822 3338 1876 ad
3358 1822 3564 1875 bestias
3582 1828 3698 1875 teu-

2119 1918 2275 1982 dens,
2303 1916 2491 1971 dentes
2522 1930 2712 1969 earum
2742 1914 3271 1983 dilacerationesque
3294 1913 3696 1991 subiturus..."

2120 2008 2375 2063 Gratulor
2399 2008 2529 2061 mihi
2551 2007 2846 2065 debestiis.
2865 2022 2986 2075 quae
3015 2006 3306 2061 adversum
3340 2020 3428 2059 me
3443 2006 3511 2073 ⁸⁸,
3545 2023 3562 2056 ι
3589 2014 3693 2059 etc.

2192 2120 2358 2191 Urget
2387 2130 2565 2175 tamen
2600 2119 2831 2174 Dallmus
2853 2119 2929 2171 87;
2965 2137 2983 2169 ι
3018 2116 3225 2173 Christi
3260 2126 3534 2186 martyres
3559 2132 3701 2170 mor-

2122 2224 2228 2267 tem
2254 2222 2593 2282 exspectant,
2630 2226 2737 2265 non
2770 2218 3095 2276 accersunt;
3139 2211 3205 2265 ad
3240 2219 3448 2263 metam
3482 2224 3704 2278 compo-

2125 2305 2231 2359 sita
2259 2345 2274 2370 ,
2325 2320 2434 2359 non
2479 2304 2738 2373 praecipiti
2790 2304 2957 2372 gradu
3012 2301 3282 2356 feruntur.
3319 2322 3336 2353 ι
3365 2300 3511 2368 Quid
3538 2301 3703 2372 ergo?

2123 2399 2226 2455 Tot
2250 2406 2543 2469 martyres,
2568 2398 2663 2467 qui
2706 2397 3024 2451 occasiones
3056 2410 3154 2465 pro
3199 2395 3427 2449 Christo
3461 2394 3701 2464 patiendi

2123 2498 2276 2545 tanta
2305 2490 2500 2543 ardore
2525 2489 2882 2561 quaesierunt,
2909 2488 3003 2556 qui
3033 2488 3098 2540 ad
3123 2495 3353 2541 mortem
3387 2494 3583 2555 sponte
3604 2500 3705 2540 sua

2124 2590 2510 2643 cucurrerunt,
2541 2580 2635 2652 qui
2660 2581 2713 2633 in
2740 2581 2891 2650 ignes
2922 2588 2977 2633 et
2999 2578 3249 2634 ﬂammas
3274 2620 3291 2644 ,
3323 2578 3419 2647 qui
3451 2577 3506 2631 in
3531 2590 3704 2646 aquas

2122 2681 2176 2726 et
2215 2671 2437 2725 ﬂumina
2474 2671 2779 2741 praecipites
2817 2686 2874 2726 se
2903 2669 3189 2736 dederunt,
3238 2668 3273 2722 ii
3315 2669 3615 2738 impietatis
3642 2683 3706 2722 ac

2124 2761 2481 2816 immodestiae
2516 2762 2807 2816 accusandi
2855 2760 3017 2814 sunt?
3056 2760 3166 2813 Cur
3212 2774 3344 2830 ergo
3388 2758 3577 2813 Patres
3630 2766 3707 2812 tot

2124 2850 2379 2906 laudibus
2412 2867 2507 2906 eos
2553 2849 3066 2906 celebraverunt“?
3106 2847 3219 2902 Cur
3251 2847 3499 2903 Ecclesia
3537 2847 3708 2901 tantis

2126 2943 2424 2998 honoribus
2454 2958 2549 2998 eos
2578 2942 2971 3013 prosequitur?
2993 2940 3263 2995 Praeterea
3294 2940 3538 3011 lgnatius
3559 2955 3703 2993 mar-

2126 3035 2249 3106 tyrii
2291 3036 2374 3089 sui
2401 3045 2647 3104 tempora
2682 3050 2790 3089 non
2831 3031 3155 3097 antevertit;
3197 3033 3291 3088 sed
3316 3034 3612 3086 damnatus
3641 3029 3709 3084 ad

450 3126 776 3180 auctoritate
831 3124 1089 3181 Ecclesia:
1142 3129 1633 3196 proscriberentur,
1692 3145 1786 3199 per
1837 3132 2017 3201 priora
2048 3143 2089 3201 (ς
2126 3129 2365 3189 bestias,
2419 3129 2596 3197 iisque
2651 3126 2873 3201 jamjam
2948 3125 3336 3196 objiciendus,
3390 3125 3552 3179 citius
3598 3122 3710 3177 frui

450 3218 647 3272 sarcula
690 3218 910 3272 fuerunt
941 3219 1126 3282 dubii,
1164 3229 1218 3273 et
1269 3221 1613 3275 auctoritatis
1651 3222 1841 3276 saltem
1871 3224 2023 3278 anci-

450 3311 599 3379 pitis.
656 3310 773 3367 lluc
823 3311 1031 3366 accedit
1058 3312 1204 3380 quod
1251 3314 1501 3383 plurimi,
1556 3324 1614 3370 ut
1660 3314 2023 3388 Hieronymus

450 3404 567 3473 ipse
592 3406 794 3472 tradit,
827 3403 1176 3475 Evangelium
1225 3396 1356 3461 illud
1393 3424 1421 3461 a
1458 3407 1711 3463 Matthaeo
1757 3410 2020 3481 scrigtum

450 3511 572 3550 esse
597 3497 1009 3552 existimabant.

524 3586 770 3656 Denique
824 3588 964 3642 idem
1004 3587 1364 3645 Casaubonus
1408 3607 1515 3646 non
1547 3592 1785 3649 absurde
1814 3593 2025 3650 addidit

452 3677 724 3749 lgnatium
757 3694 865 3733 non
900 3680 1134 3750 alicujus
1170 3680 1447 3751 Evangelii
1480 3686 1645 3739 verba
1670 3727 1685 3753 ,
1731 3688 1823 3742 sed
1855 3690 2025 3743 tradi~

455 3772 660 3826 tionem
680 3773 949 3842 allegasse
979 3789 1087 3827 non
1121 3774 1406 3843 scriptam,
1430 3791 1552 3844 qua:
1582 3787 1770 3847 postea
1801 3779 1854 3833 in
1884 3780 2027 3833 litte-

456 3878 548 3917 ras
598 3863 763 3919 fuerit
819 3864 1027 3928 relata,
1078 3874 1132 3921 et
1188 3865 1458 3921 Hebraico
1504 3866 1837 3939 Evangelia,
1883 3871 2027 3939 quod

454 3952 710 4007 )lattbteo
755 3954 1097 4020 tribuebant,
1150 3955 1377 4011 inserta.
1425 3954 1535 4011 Nec
1580 3960 1721 4014 male
1785 3961 2023 4029 quidem.

457 4039 595 4095 Nam
634 4041 876 4112 lgnatius
926 4044 1019 4112 qui
1073 4044 1282 4100 litteras
1334 4062 1464 4102 suas
1493 4046 1730 4116 vinctus,
1762 4059 1815 4104 et
1856 4050 1909 4103 in
1942 4050 2031 4105 iti-

460 4148 624 4198 nere,
678 4149 742 4187 ac
774 4144 986 4189 secreto
1036 4139 1315 4204 exaravit,
1367 4139 1533 4193 verba
1585 4139 1675 4193 illa
1713 4157 1833 4210 quae
1870 4142 2029 4198 nobis

461 4226 820 4297 objiciuntur,
850 4244 915 4283 ex
965 4230 1266 4295 memoria,
1317 4247 1382 4287 ac
1428 4243 1589 4303 prout
1636 4234 1800 4290 menti
1857 4235 2030 4305 ipsius

459 4331 857 4386 occurrerunt,
896 4338 997 4377 nec
1051 4324 1257 4393 aliquid
1304 4326 1370 4381 de
1424 4327 1640 4395 scriptis
1688 4326 2030 4401 Evangelicis

459 4413 544 4467 vel
590 4413 857 4484 legendo,
908 4416 993 4470 vel
1049 4416 1187 4470 forte
1238 4417 1403 4471 etiam
1452 4418 1741 4489 cogitando
1788 4421 2033 4491 epistolae

461 4518 694 4562 ιιιδθῐιιιι
718 4524 849 4561 suae.

746 4599 772 4669 ἓ
826 4598 911 4653 lll.
955 4599 1161 4665 Quarta
1207 4599 1427 4668 objectio
1466 4602 1748 4671 refutatur.

532 4685 613 4741 Ex
668 4692 924 4743 omnibus
976 4708 1133 4759 ιηιηύ
1182 4690 1364 4747 Βειιιιυὶ
1432 4698 1767 4766 argumentis
1822 4699 2031 4753 nullum

466 4795 599 4835 sane
638 4781 733 4835 illo
788 4783 1097 4838 mirabilius
1128 4793 1246 4849 cst,
1299 4786 1444 4854 quod
1497 4788 1586 4841 ille
1636 4788 1789 4844 ducit
1835 4806 1900 4844 ex
1948 4792 2035 4846 bis

466 4872 799 4927 sanctissimi
842 4875 1101 4944 martyris
1131 4878 1302 4931 nostri
1321 4879 1553 4933 verbis”
1573 4897 1584 4933 :
1606 4878 1853 4936 «Utinam
1885 4882 2038 4938 fruar

463 4968 674 5030 bestiis,
707 4982 845 5037 quas
876 4976 929 5021 et
962 4967 1238 5024 blanditiis
1285 4972 1626 5039 deinulcebo,
1652 4984 1711 5029 ut
1736 4976 1897 5030 citius
1947 4993 2033 5031 me

462 5058 762 5127 devorent;
804 5059 899 5115 sed
933 5070 987 5116 et
1022 5062 1065 5117 si
1102 5063 1231 5133 ipsa:
1254 5065 1526 5118 volentem
1581 5068 1793 5134 nolint,
1842 5084 1943 5138 ego
1982 5069 2033 5122 vi

461 5150 673 5219 adigam
692 5153 759 5207 ⁸⁸⁵.
789 5173 806 5206 ι
842 5152 966 5209 Haae
997 5154 1141 5209 enim
1172 5156 1356 5220 verba,
1391 5172 1513 5225 quae
1545 5157 1757 5226 piorum
1786 5162 2033 5215 omnium

463 5241 652 5299 laudes
689 5245 1221 5315 admirationcmque
1268 5262 1538 5314 meruere,
1575 5247 1775 5304 Dallzeo
1816 5268 1845 5305 a
1890 5268 2037 5306 mar-

464 5334 597 5402 tyris
624 5337 820 5404 pietate
853 5352 917 5390 ac
969 5337 1241 5392 modestia
1287 5338 1465 5392 aliena
1497 5340 1722 5395 omnino
1754 5342 2029 5397 videntur.

464 5423 619 5481 Unde
668 5428 722 5481 in
781 5429 921 5483 hanc
970 5429 1059 5484 ille
1108 5432 1416 5501 prorumpit
1474 5433 1925 5488 exclamationem
1950 5436 2031 5486 3':

469 5532 488 5564 ι
529 5514 573 5567 0
615 5517 764 5572 diras
812 5529 864 5572 et
919 5522 1256 5575 truculentas
1288 5537 1484 5588 vaces,
1537 5539 1644 5577 non
1695 5526 1800 5579 alia
1852 5527 2035 5581 anima

2128 3228 2299 3288 optat.
2320 3219 2604 3275 Romanos
2630 3235 2697 3273 ne
2729 3219 2780 3272 id
2808 3217 3101 3287 impediant
3126 3216 3402 3280 obsecrat,
3426 3224 3479 3269 et
3503 3214 3713 3269 bestias

2127 3313 2172 3368 si
2208 3312 2311 3366 sibi
2338 3312 2714 3383 pepercerint,
2745 3324 2805 3366 ut
2837 3311 2905 3365 ab
2933 3310 3066 3381 ipsis
3111 3309 3363 3365 celeriter
3394 3309 3712 3371 devoretur,

2129 3416 2315 3475 aperta
2344 3404 2398 3457 vi
2430 3420 2488 3458 se
2523 3403 2843 3457 adacturum
2875 3411 3122 3457 testatur.
3154 3401 3258 3456 Sed
3290 3401 3378 3456 bis
3405 3418 3473 3456 ex
3512 3400 3717 3455 arden-

2127 3495 2449 3550 dentissimo
2495 3510 2591 3564 pro
2634 3494 2860 3550 Christo
2900 3493 3169 3548 moriendi
3210 3509 3401 3548 amore
3444 3493 3716 3564 profectis

2130 3586 2375 3650 vocibus,
2403 3586 2522 3638 illas
2554 3586 2830 3641 modestiae
2864 3601 2977 3639 sua:
3007 3594 3169 3639 testes
3200 3587 3546 3639 continenter
3577 3584 3718 3638 sub-

2124 3678 2343 3749 jungit:
2387 3696 2404 3728 ι
2439 3677 2701 3748 Ignoscite
2753 3676 2909 3731 mihi.
2936 3674 3078 3741 Quid
3128 3675 3261 3728 mibi
3306 3676 3441 3730 utile
3476 3675 3571 3739 sit,
3611 3690 3717 3745 ego

2129 3772 2279 3827 navi.
2308 3791 2326 3823 ι
2361 3770 2518 3838 Quod
2553 3787 2685 3826 sane
2723 3778 2775 3824 et
2824 3768 3155 3823 sanctissimi
3200 3768 3463 3839 martyris
3486 3768 3716 3837 pietate,

2130 3874 2183 3918 et
2205 3864 2492 3929 modestia,
2523 3872 2577 3917 et
2613 3864 2827 3932 piorum
2872 3862 3116 3915 omnium
3147 3861 3409 3915 laudibus
3440 3871 3493 3916 et
3533 3860 3719 3915 admi-

2132 3955 2345 4010 ratione
2371 3953 2750 4023 diguissimum
2780 3966 2900 4007 esse
2924 3966 3087 4006 nemo
3108 3952 3360 4009 sincerus
3380 3951 3717 4008 Christiana:

2133 4046 2415 4117 religionis
2450 4044 2626 4099 cultor
2662 4058 2900 4113 unquam
2931 4042 3267 4099 diﬂitebitur.

2726 4182 2953 4239 CAPUT
2988 4183 3105 4237 XV.

2195 4314 2339 4353 NIHIL
2369 4312 2531 4352 FALSO
2558 4313 2627 4351 ET
2671 4312 2883 4350 TEMERE
2918 4312 2969 4349 IN
3000 4312 3085 4351 HIS
3114 4311 3395 4352 EPISTOLIS
3425 4313 3649 4352 DICTUI.

2142 4389 2169 4461 ς
2208 4392 2255 4461 ιι
2293 4388 2413 4461 Non
2444 4390 2499 4442 id
2531 4388 2725 4461 falsum
2754 4404 2884 4448 esse,
2920 4388 3056 4461 quod
3083 4382 3147 4440 de
3178 4388 3406 4461 epistola
3445 4390 3610 4442 Pauli
3645 4390 3722 4441 ad

2210 4460 2463 4529 Ephesios
2494 4459 2760 4520 scribitur,
2785 4468 2833 4511 et
2866 4457 3004 4528 quod
3032 4457 3280 4527 lgnatius
3314 4459 3487 4527 fertur
3510 4461 3722 4513 dixisse

2206 4548 2260 4584 se
2287 4530 2477 4583 vidisse
2509 4530 2799 4583 Christum.

2208 4620 2408 4690 Objicit
2446 4628 2636 4690 postea
2674 4618 2905 4673 Dallaeus
2958 4617 3088 4672 illud
3132 4616 3332 4673 falsum
3379 4635 3531 4684 esse,
3566 4620 3723 4691 quod

2138 4723 2333 4770 auctor
2382 4722 2566 4767 noster
2605 4710 2822 4781 scripsit
2864 4709 2932 4764 ad
2976 4709 3246 4781 Ephesios
3285 4731 3299 4766 :
3341 4730 3360 4763 ι
3391 4711 3725 4767 Paulus.....

2139 4805 2235 4877 qui
2266 4806 2320 4859 in
2345 4805 2489 4859 omni
2511 4800 2753 4872 Epistola
2782 4805 3103 4857 memoriam
3133 4801 3267 4859 facit
3293 4807 3463 4859 vestri
3498 4806 3552 4859 in
3586 4804 3727 4859 Jesu

2139 4895 2357 4952 Christo
2372 4896 2438 4947 ⁸9.
2474 4913 2493 4945 ι
2532 4892 2637 4949 Sed
2665 4895 2780 4949 haec
2824 4911 2935 4951 non
2977 4905 3135 4966 urget
3172 4896 3294 4966 ejus
3341 4896 3631 4963 defensor,
3668 4908 3732 4951 ct

2142 4997 2291 5044 recte
2321 4986 2563 5058 quidem.
2591 4986 2727 5053 Quis
2763 4987 2909 5041 enim
2940 4989 3149 5043 nesciat
3180 4986 3417 5043 Paulum
3455 5004 3619 5042 unam
3652 4991 3734 5042 ad

2142 5078 2409 5147 Ephesios
2428 5078 2723 5147 Epistolam
2749 5081 2983 5145 dedisse,
3014 5096 3078 5135 ac
3107 5081 3160 5135 in
3199 5081 3355 5134 omni
3395 5096 3460 5136 ea
3477 5081 3734 5150 Epistula

2140 5168 2500 5240 Ephesiorum
2552 5167 2749 5226 fecisse
2812 5172 3155 5226 memoriam.
3195 5170 3323 5226 Haec
3366 5181 3546 5227 autem
3600 5171 3739 5227 ideo

2139 5260 2396 5314 observat
2426 5258 2687 5329 lgnatius,
2713 5262 2973 5332 quoniam
3010 5262 3063 5316 in
3091 5279 3150 5317 ea
3182 5260 3393 5318 Paulus
3424 5264 3738 5335 gloriosam

2143 5350 2361 5405 illarum
2396 5352 2601 5421 ubique
2628 5353 2758 5409 facit
2787 5356 3140 5419 mentionem,
3174 5366 3342 5426 atque
3372 5372 3467 5411 eos
3503 5356 3570 5409 ad
3603 5358 3742 5424 pie-

2143 5449 2307 5493 tatem
2333 5440 2701 5504 informando,
2729 5444 2970 5513 ipsorum
3000 5446 3225 5500 virtutes
3253 5462 3471 5517 semper
3490 5446 3741 5512 extollit,

2142 5541 2195 5585 et
2220 5533 2515 5601 praedicat:
2550 5536 2741 5589 nullibi
2770 5553 2919 5603 vero,
2956 5538 3117 5592 sicuti
3150 5538 3205 5591 in
3239 5540 3366 5594 aliis
3392 5537 3743 5610 quibusdam

604 5635 645 5728 :1
682 5635 873 5728 quseh.
897 5640 1112 5728 Hirtii".
1148 5640 1319 5728 ﬁniat...
1353 5658 1473 5728 cap:
1508 5643 1596 5728 56Ἰ
1674 5646 1732 5725 θ’.
1754 5646 1826 5728 De
1860 5649 2021 5728 sgip.
2046 5651 2229 5728 ecglca.
2273 5652 2518 5728 8{Epist
2549 5656 2618 5715 ad
2639 5656 2796 5711 Rom.
2839 5655 3154 5728 “iDallteus
3197 5672 3340 5728 cap.
3391 5658 3477 5721 18,
3508 5672 3560 5726 p.
3594 5656 3747 5711 342.

465 5709 508 5731 δ’
542 5718 662 5773 pag.
696 5707 819 5784 Siti.
896 5710 937 5738 ⁸⁸
972 5709 1137 5790 Epist.
1166 5713 1340 5765 dedic.
1370 5707 1621 5794 iln‘lgnat.
1649 5716 1809 5783 epist.
1884 5719 1927 5747 ⁸⁷
1951 5707 2072 5817 pag.

465 5782 517 5825 et
554 5772 693 5843 Aug.
724 5777 859 5833 lib.i
932 5776 1009 5830 De
1036 5794 1159 5843 cun,
1190 5797 1308 5843 cap.
1350 5783 1440 5836 2‘2.
1513 5784 1555 5817 ⁸⁹
1596 5800 1716 5843 cap.
1753 5786 1839 5843 l9.
1876 5802 1927 5843 ι).
1968 5788 2069 5843 5ο1

2005 5810 2095 5845 υι.

465 5782 517 5825 et
554 5772 693 5845 Aug.
724 5775 859 5833 lib.t
932 5772 1159 5848 De'civq
1190 5797 1308 5851 cap.
1350 5783 1440 5836 ἓξ.
1474 5772 1555 5817 ν⁸⁹
1596 5772 1716 5855 cap.
1753 5786 1839 5851 l9,
1875 5802 1927 5856 p.
1951 5772 2001 5842 ’5

2100 5721 2224 5775 546.
2297 5723 2341 5755 ⁸⁸
2365 5721 2619 5779 Ambros.
2652 5728 2745 5781 lib.
2782 5744 2841 5782 ιιι
2892 5727 2967 5781 De
3000 5726 3145 5797 Virg.
3177 5721 3302 5801 cap.
3331 5727 3382 5798 7,
3417 5721 3569 5785 nova
3589 5727 3741 5781 ediL
