3800 6208
136 288 221 343 529
1066 289 1128 345 ι).
1170 288 1464 347 NOUHRH
1503 289 1664 347 ωδε]

1777 289 1979 346 ΓΑΤΙΟ.
2020 320 2087 329 -
2125 290 2305 346 PARS
2342 289 2381 345 1.

3256 295 3359 351 550

127 408 367 476 Epistolis,
393 411 458 465 ad
487 411 631 469 alios
668 413 927 481 exaratis,
966 412 1090 470 illos
1120 415 1371 486 arguisse
1407 425 1502 471 aut
1530 418 1677 471 vitu-
1706 425 1752 476 Α
1781 414 1912 467 ridi.
1946 412 2050 468 Sed
2082 423 2239 468 vetus
2270 415 2359 468 ille
2393 414 2683 483 interpres,
2716 423 2778 469 ut
2824 430 2889 469 ex
2937 415 3058 482 ejus
3107 415 3359 469 versione

135 516 323 569 perasse
350 502 572 573 legitur.

189 592 297 647 Hazc
319 609 441 647 cum
470 594 650 650 levius
675 597 943 667 attigisset
982 596 1235 663 Dallteus,
1274 598 1450 653 multo
1496 600 1683 654 acrius

133 683 187 736 de
204 698 263 736 eo
288 683 549 753 disputat,
605 688 754 755 quod
786 686 1022 758 lgnatius
1066 688 1347 744 Christum
1392 704 1451 744 se
1478 690 1683 745 vidisse

130 776 325 830 asserit:
361 793 380 827 σ
417 774 533 846 Ego
560 778 714 831 enim
750 786 805 833 et
831 787 953 848 post
990 782 1448 835 resurrectionem
1497 779 1679 849 ipsum

130 864 237 929 vidi,
262 873 313 918 et
331 866 494 920 credo
512 868 877 923 exsistentem
905 870 973 924 ".
1009 888 1028 921 ι
1066 870 1155 935 Αι,
1189 870 1370 940 inquit
1402 870 1639 926 Dallazus
1662 913 1678 938 ,

128 958 523 1027 Chrysostomns
576 961 832 1016 oratione
888 963 1211 1033 panegyrica
1272 962 1329 1016 in
1384 962 1678 1033 lgnatium,

128 1063 361 1118 nusquam
394 1051 551 1104 illum
582 1071 601 1103 ‹
626 1052 834 1107 Christi
872 1062 1091 1122 aspectu
1131 1062 1183 1107 et
1210 1054 1629 1119 consuetudine,
1655 1074 1673 1107 ι

125 1142 245 1209 quod
267 1142 317 1196 in
340 1158 690 1199 eosermone
730 1159 837 1199 non
865 1154 981 1200 erat
1008 1147 1498 1214 praetermissurus,
1538 1165 1556 1197 ι
1586 1162 1681 1217 ga-

125 1234 410 1290 visnnresse
436 1247 736 1292 memorat.
762 1258 781 1290 ι
803 1237 965 1309 Ergo,
990 1236 1153 1292 infert
1183 1238 1324 1293 idem
1346 1237 1610 1294 Dallatus:
1632 1240 1679 1270 ⁹ί

126 1342 142 1374 ι
172 1324 427 1381 Manifesti
456 1330 743 1385 mendacii
777 1331 1121 1387 convincitur
1155 1331 1515 1401 epistolarum
1538 1334 1679 1387 scri-

122 1426 243 1483 ptor.
272 1436 289 1468 ι
342 1417 438 1474 His
498 1422 911 1490 respondemus
964 1423 1023 1477 in
1079 1423 1269 1479 Graeco
1318 1425 1677 1495 epistolarum

121 1508 280 1577 lgnatii
320 1509 543 1566 sincero
574 1523 633 1566 et
682 1513 893 1584 integro
920 1515 1109 1570 codice
1131 1555 1146 1580 ,
1178 1531 1280 1571 nec
1310 1532 1418 1571 non
1448 1516 1675 1571 Eusebii

120 1607 162 1651 ct
204 1598 522 1657 Theodoreti
590 1604 815 1673 scriptis
850 1621 959 1659 non
1016 1606 1121 1676 legi
1160 1602 1300 1659 εἶδον
1337 1606 1467 1669 vidi,
1500 1607 1595 1662 sed
1619 1611 1678 1661 ἐν

120 1690 255 1762 σαρκὶ
286 1692 447 1747 αὑτὸν
480 1691 631 1757 οἴδα,
669 1697 765 1750 καὶ
798 1697 1038 1751 πιστεύω
1066 1698 1212 1751 ὄντα.
1248 1697 1419 1753 Porro
1447 1699 1675 1753 verbum

1785 505 1947 560 facile
2001 505 2343 575 intelligitur,
2398 521 2505 559 non
2543 506 2617 560 ita
2675 504 2862 560 Graece
2888 506 3081 561 doctus
3112 511 3261 571 erat,
3299 516 3358 560 ut

1783 597 2007 651 verbum
2044 592 2160 648 οἶδα
2184 611 2279 665 per
2302 595 2554 650 Latinum
2578 596 2705 662 ridi,
2737 612 2859 650 eum
2886 596 2993 650 scio
3021 596 3103 649 vel
3134 596 3251 649 novi
3276 595 3356 649 di-

1783 702 1904 742 cere
1920 686 2218 752 debuisset,
2242 695 2387 742 recte
2410 688 2709 742 reddidisse
2728 688 2964 743 dicatur.
2992 685 3357 759 Hieronymus

1781 793 1932 842 vero,
1986 778 2081 847 qui
2137 777 2417 832 versiones
2451 792 2582 832 suas
2616 777 2880 834 citissime
2908 778 3069 833 edere
3115 776 3352 840 solebat,

1785 870 2014 924 humani
2040 870 2203 924 etiam
2237 869 2441 938 aliquid
2482 867 2710 924 forsitan
2763 884 2960 939 passus
2998 877 3111 935 cst;
3136 867 3241 922 nisi
3285 868 3354 920 ab

1782 962 1968 1031 aliquo
2012 960 2263 1030 imperito
2294 962 2586 1029 interprete
2639 958 2835 1015 Latino
2862 959 3028 1015 fuerit
3072 959 3351 1029 deceptus.

1784 1052 1985 1108 Verum
2031 1052 2420 1123 quoquomodo
2471 1069 2559 1108 res
2610 1068 2668 1108 se
2700 1053 2928 1119 habeat,
2962 1064 3107 1108 certe
3149 1052 3355 1107 Graecis

1782 1159 1907 1200 cum
1931 1144 2287 1213 epistularum
2314 1142 2526 1214 lgnatii,
2559 1152 2676 1198 tum
2700 1143 2921 1200 Eusebii
2951 1143 3207 1200 Historiae
3232 1159 3351 1197 ma-

1782 1237 2080 1307 nuscriptis
2124 1235 2408 1293 codicibus
2462 1237 2637 1307 maior
2680 1237 2841 1292 debet
2868 1252 2989 1292 esse
3030 1236 3350 1301 auctoritas,

1780 1329 2103 1398 exterisque
2129 1329 2387 1383 omnibus
2419 1328 2796 1397 anteponenda
2834 1338 2937 1382 est.
2962 1327 3027 1381 Et
3056 1328 3108 1382 id
3133 1328 3352 1398 quidem

1779 1439 1849 1479 ex
1876 1438 1942 1479 eo
1967 1422 2291 1479 conﬁrmari
2326 1431 2527 1491 potest,
2560 1423 2704 1491 quod
2729 1422 2844 1491 ipse
2860 1420 3126 1493 lgnatiani
3144 1436 3351 1476 sermo-

1780 1518 1866 1571 nis
1915 1530 2132 1579 sensus,
2185 1514 2413 1584 ejusque
2469 1523 2811 1583 argumenta,
2843 1514 3066 1569 verbum
3108 1508 3353 1569 olbaibi-

1780 1608 1904 1662 dem
1937 1606 2167 1661 omnino
2204 1606 2499 1675 postulent.
2548 1605 2791 1677 lgnatius
2834 1605 3103 1675 siquidem
3140 1605 3353 1660 duabus

1781 1709 1969 1754 contra
2017 1698 2305 1752 haereticos
2356 1698 2538 1767 petitis
2578 1713 2647 1753 ex
2700 1696 2997 1768 Evangelia
3046 1696 3354 1752 rationibus

117 1778 231 1846 alia,
262 1782 466 1840 fatente
499 1786 733 1849 Dallaeo,
758 1788 1045 1858 signiﬁcat,
1070 1790 1201 1855 scio,
1236 1791 1373 1855 novi,
1396 1805 1671 1859 cognosco.
1706 1771 1748 1826 Β
1776 1791 2055 1846 Christum
2104 1804 2214 1844 non
2263 1788 2448 1844 fictum
2502 1798 2599 1844 aut
2651 1790 2992 1857 simulatum,
3029 1789 3124 1845 sed
3164 1805 3350 1845 verum

120 1871 248 1930 Unde
270 1878 432 1932 etiam
467 1877 714 1935 Ruﬁnus
740 1880 796 1934 in
818 1897 917 1937 sua
936 1881 1259 1956 Epsebianae
1283 1882 1535 1938 Historiae
1552 1898 1674 1938 ver—

116 1968 262 2033 sione,
291 1969 423 2024 illud
455 1971 657 2039 priore
686 1973 873 2040 verbo,
904 1975 1013 2027 scio
1034 2016 1049 2041 ,
1079 1972 1270 2029 Latine
1310 1975 1565 2030 reddidit.

172 2058 321 2116 Instat
374 2060 625 2119 Dallaeus
690 2065 1081 2136 manuscriptis
1108 2065 1334 2133 Graecis,
1359 2067 1450 2137 qui
1478 2075 1556 2121 tot
1584 2067 1672 2121 in-

118 2152 547 2219 terpolationihus
579 2154 730 2211 finde
765 2157 1007 2228 corrupti
1052 2166 1199 2225 sunt,
1232 2158 1436 2212 nullam
1481 2158 1670 2212 haberi

116 2256 247 2309 posse
278 2244 440 2299 ﬁdem
475 2264 489 2300 :
519 2246 661 2301 item
707 2245 998 2313 Ruﬁnum,
1053 2248 1302 2319 aliosque
1351 2248 1671 2304 Eusebianze

114 2332 331 2391 Historia:
348 2338 621 2393 librarios
634 2354 1002 2396 amanuenses
1017 2354 1117 2410 pro
1148 2340 1317 2397 verbo
1344 2337 1503 2407 εἶδον,
1524 2342 1669 2411 quod

113 2425 165 2479 de
197 2427 392 2497 lgnatio
438 2444 804 2500 nequaquam
850 2431 957 2487 dici
990 2447 1153 2503 posse
1187 2442 1484 2497 noverant,
1526 2434 1665 2488 scri-

112 2520 260 2587 psisse
284 2517 399 2574 οἷδα
427 2540 442 2576 :
468 2522 722 2592 denique
747 2521 1095 2591 Hieronymo,
1135 2533 1190 2580 et
1218 2525 1445 2594 antiquo
1472 2526 1667 2579 harum

110 2611 434 2679 epistularum
472 2615 793 2683 interpreti,
822 2617 914 2685 qui
937 2617 1160 2671 verbum
1187 2611 1327 2669 εἶδον
1364 2632 1667 2686 reprmsen-

111 2712 222 2767 tant,
249 2710 478 2760 omnino
503 2722 636 2761 esse
673 2708 1029 2762 credendum.

166 2795 347 2851 Verum
392 2800 514 2853 haec
560 2800 751 2854 Dallazi
809 2802 916 2855 tela
948 2801 1108 2857 facile
1144 2803 1526 2858 retunduntur.
1560 2801 1670 2857 Nos

109 2888 227 2940 enim
260 2906 367 2945 non
399 2893 470 2947 de
510 2892 929 2961 manuscriptis.
958 2894 1313 2963 epistolarum
1352 2892 1540 2965 lgnatii
1582 2895 1669 2947 iii--

109 2980 349 3047 terpolatis
377 2983 683 3039 codicibus
704 3025 720 3051 ,
754 2984 848 3039 sed
886 2985 953 3039 de
992 2986 1210 3041 sincero
1240 2997 1293 3040 et
1323 2986 1534 3054 integro
1557 3001 1651 3039 co-

107 3072 219 3139 dice,
244 3092 403 3144 quem
432 3075 681 3132 Vossius
704 3079 941 3146 nemine,
961 3080 1036 3134 uti
1058 3080 1317 3146 diximus,
1340 3080 1668 3153 refragante,

108 3165 187 3219 ﬁde
218 3170 416 3236 optima
461 3169 671 3233 edidit,
709 3170 1074 3241 disputamus.
1157 3172 1313 3239 Quod
1366 3183 1547 3230 autem
1599 3178 1666 3232 ad

106 3258 292 3315 Eusebii
328 3261 647 3318 Historiam
696 3262 910 3324 attinet,
954 3264 1136 3319 nullus
1190 3281 1385 3337 magna
1437 3268 1557 3322 sine
1587 3278 1667 3322 tc-

104 3350 316 3406 meritate
373 3369 501 3407 eam
529 3355 610 3408 ibi
641 3363 953 3423 corruptam
978 3371 1099 3411 esse
1120 3358 1337 3412 dixerit.
1375 3360 1469 3415 illa
1499 3364 1664 3430 quip-

103 3457 154 3509 pc
182 3458 386 3500 centum
435 3447 558 3503 lere
597 3447 765 3502 annis
798 3457 923 3502 ante
956 3447 1202 3505 Latinam
1237 3450 1417 3506 Ruﬁni
1458 3455 1666 3509 versio-

103 3550 199 3587 nem
228 3539 534 3605 publicata,
589 3539 649 3591 in
687 3538 933 3592 omnium
986 3548 1208 3594 venerat
1260 3557 1478 3606 manus,
1518 3552 1570 3596 et
1608 3542 1663 3595 in

99 3631 491 3701 quamplurimis
512 3630 877 3686 Bibliothecis
905 3642 1022 3685 erat
1042 3642 1344 3688 asservata.
1363 3633 1509 3689 Nihil
1532 3649 1664 3704 ergo

100 3731 252 3785 postea
282 3726 362 3779 vel
390 3726 446 3778 in
483 3724 690 3781 Graeco
710 3723 829 3792 ejus
852 3733 999 3779 textu
1024 3726 1320 3795 scriptores
1342 3727 1661 3798 antiquarii,

100 3814 162 3867 vel
191 3816 235 3869 in
258 3819 520 3872 versione
576 3832 684 3871 sua
731 3814 960 3871 Ruﬁnus
998 3817 1292 3872 immutare
1320 3827 1660 3888 potuerunt;

98 3909 202 3973 quin
224 3927 287 3963 ex
317 3912 645 3965 innumeris
688 3909 931 3979 ejusdem
965 3910 1216 3965 Historia:
1256 3911 1543 3966 codicibus
1573 3911 1663 3965 hic

97 3998 149 4051 ab
167 4000 493 4057 adversariis
518 4003 666 4061 suis,
693 4001 767 4055 illi
791 4003 858 4055 ab
879 4001 1093 4058 Eusebii
1119 4003 1427 4058 fautoribus
1450 4003 1663 4057 adulte—

98 4090 296 4146 rationis
368 4103 427 4148 et
503 4094 889 4163 corruptionis
938 4096 1119 4149 statim
1176 4095 1657 4150 convincerentur.

99 4177 271 4237 Deinde
293 4185 423 4254 quis
450 4184 566 4240 sibi
593 4184 921 4252 persuadeat
953 4184 1234 4251 Ruﬁnum,
1284 4197 1337 4241 et
1361 4202 1662 4243 amanuen-

96 4289 165 4328 ses
186 4273 507 4331 Eusebiana:
557 4275 822 4329 Historia:
864 4278 1161 4347 scriptores
1208 4279 1275 4333 ad
1303 4295 1660 4350 corrumpen-

95 4365 176 4422 dos
228 4386 420 4427 omnes
469 4371 740 4425 Historia:
776 4370 922 4426 illius
955 4372 1172 4427 codices
1204 4373 1369 4427 simul
1415 4374 1485 4428 ita
1521 4389 1655 4429 con-

1775 1884 2051 1939 hominem
2078 1882 2248 1938 fuisse
2292 1883 2653 1939 demonstrat.
2684 1883 2755 1938 At
2797 1884 2844 1937 si
2892 1884 3171 1939 Christum
3209 1883 3354 1937 suis-

1775 1986 1884 2031 met
1934 1977 2110 2032 oculis
2145 1978 2197 2032 in
2234 1992 2401 2033 carne
2423 1977 2542 2046 ipse
2590 1976 2837 2043 vidisset,
2896 1975 3034 2029 nihil
3075 1973 3350 2029 efficacius

1773 2078 1962 2125 contra
2007 2084 2103 2124 eos
2155 2070 2402 2139 proferre
2432 2077 2688 2138 poterat,
2719 2084 2883 2139 quam
2916 2084 2974 2123 se
3007 2068 3123 2123 suis
3147 2068 3349 2131 oculis,

1774 2164 1859 2219 his
1881 2174 1934 2219 et
1965 2164 2051 2220 his
2084 2166 2137 2219 in
2160 2165 2316 2227 locis,
2348 2179 2474 2220 cum
2504 2163 2591 2217 his
2622 2172 2675 2216 et
2710 2161 2819 2215 illis
2851 2159 3015 2215 sociis
3039 2168 3095 2215 et
3116 2158 3349 2214 testibus

1775 2257 1926 2312 omni
1958 2258 2283 2329 exceptione
2312 2255 2638 2327 majoribus,
2669 2254 2933 2323 apostolis
2967 2253 3236 2320 videlicet,
3256 2260 3350 2307 aut

1771 2349 1977 2405 Christi
2010 2350 2318 2421 discipulis,
2346 2348 2636 2405 Dominum
2672 2350 2849 2419 ipsum
2876 2346 3110 2413 vidisse,
3136 2360 3203 2400 ac
3223 2359 3347 2399 cum

1774 2442 1867 2497 illo
1898 2442 2070 2498 fuisse
2092 2450 2504 2498 conversatum.

1775 2553 1801 2626 ς
1839 2552 1904 2609 ll.
1936 2553 2092 2608 Nihil
2108 2564 2297 2609 temere
2324 2555 2526 2610 dictum
2550 2566 2627 2609 est
2650 2556 2715 2609 de
2746 2555 2935 2617 stella,
2965 2570 3105 2626 qum,
3138 2552 3350 2607 Christo

1843 2635 2112 2689 nascente,
2157 2627 2427 2696 apparuit,
2460 2626 2539 2680 rel
2589 2626 2653 2680 de
2700 2641 2760 2680 eo
2780 2627 2918 2696 quod
2950 2625 3194 2679 Christus
3234 2632 3350 2690 post

1842 2706 2062 2750 mortem
2079 2694 2271 2751 bibisse
2296 2696 2618 2765 perhibetur.

1843 2806 2077 2864 Dallzeus
2133 2817 2196 2867 ut
2250 2819 2530 2865 auctorem
2583 2818 2832 2865 nostrum
2882 2807 3127 2865 omnium
3164 2806 3350 2862 erimi-

1772 2913 1906 2953 num
1930 2915 2085 2954 reum
2120 2899 2302 2967 faciat,
2332 2900 2483 2955 illum
2519 2900 2843 2956 temeritatis
2868 2900 2923 2954 in
2951 2915 3018 2953 eo
3045 2897 3243 2953 deinde
3263 2913 3351 2950 ar-

1772 2991 1911 3060 guit,
1938 2991 2083 3061 quod
2113 2992 2180 3047 de
2204 2993 2359 3047 stella
2380 3034 2395 3059 ,
2430 3008 2574 3064 quae,
2601 2993 2823 3048 Christo
2853 3000 3110 3047 nascente
3128 3031 3143 3055 ,
3181 3006 3349 3061 appa-

1774 3092 1980 3147 ruerat,
2017 3084 2298 3153 scripserit
2328 3085 2372 3117 "
2406 3104 2418 3139 :
2450 3103 2469 3136 ι
2508 3083 2673 3140 Stella
2705 3088 2758 3139 in
2798 3085 2939 3140 caelo
2964 3083 3141 3145 fulsit,
3172 3083 3349 3153 splen-

1770 3174 1905 3230 dore
1954 3190 2291 3246 exsuperans
2325 3192 2516 3231 omnes
2573 3178 2779 3238 stellas,
2813 3186 2868 3231 et
2896 3179 2988 3230 lux
3023 3176 3170 3230 illius
3208 3174 3347 3229 inefo

1769 3265 1953 3323 labilis
1967 3277 2103 3331 erat,
2128 3288 2146 3319 ι
2174 3277 2278 3323 etc.
2309 3288 2326 3320 ι
2349 3267 2567 3333 Omnia,
2605 3269 2779 3338 inquit
2806 3267 3120 3333 Dallaaus,”
3145 3281 3209 3320 ex
3235 3280 3348 3320 uno

1768 3360 1929 3415 istius
1959 3360 2183 3415 cerebro
2213 3361 2485 3430 prodiere.
2514 3376 2543 3414 a
2583 3360 2864 3430 Scriptura
2893 3360 3070 3413 aliena
3092 3398 3105 3421 ,
3131 3358 3201 3412 ab
3228 3358 3347 3426 ipso

1767 3451 1934 3522 hujus
1979 3451 2147 3505 stella:
2190 3468 2295 3507 usu
2344 3452 2695 3507 abhorrentia
2728 3493 2742 3516 ,
2775 3453 2841 3505 ad
2877 3452 3100 3506 domum
3136 3450 3345 3505 scilicet

1766 3543 2105 3599 Bethlebemi
2152 3545 2520 3599 indicandam.
2566 3563 2584 3596 ι
2622 3544 2777 3611 Quod
2825 3542 3045 3612 quidem
3080 3542 3184 3596 hac
3219 3557 3344 3609 pro-

1770 3636 1867 3690 bat
1937 3636 2195 3690 ratione:
2242 3655 2260 3687 ‹
2295 3635 2620 3691 Absurditas
2680 3636 2806 3690 inde
2869 3644 3033 3705 patet,
3070 3633 3214 3705 quod
3279 3648 3342 3688 ea

1764 3730 2210 3785 Christianorum
2274 3728 2633 3798 interpretum
2690 3742 2873 3789 nemo,
2918 3726 3065 3796 quod
3119 3722 3339 3794 quidem

1765 3823 1963 3887 sciam,
1991 3830 2244 3885 secutus,
2296 3820 2388 3890 qui
2412 3828 2521 3873 tam
2556 3820 2711 3874 multi
2736 3820 2805 3874 de
2832 3820 2922 3878 illa
2955 3818 3111 3873 stella
3133 3818 3339 3887 aliquid

1766 3913 2121 3969 commentati
2148 3923 2297 3969 sunt.
2330 3930 2349 3963 ι
2380 3910 2515 3978 Quis
2548 3928 2654 3965 non
2679 3912 2911 3965 miretur
2936 3909 3197 3964 Dallaaum
3225 3923 3343 3962 om-

1767 4004 1979 4074 nigenae
2002 4003 2270 4069 lectionis,
2298 4011 2357 4057 ut
2384 4002 2489 4058 sibi
2518 4001 2736 4071 quidem
2776 4002 3011 4067 videtur,
3042 3993 3340 4062 hominem,

1766 4097 2009 4151 nescisse
2043 4093 2187 4164 apud
2218 4093 2552 4149 Clementem
2571 4091 2999 4147 Alexandrinum
3028 4106 3125 4146 seu
3154 4098 3343 4145 aucto-

1764 4203 1879 4242 rem
1914 4187 2188 4256 Excerpt.,
2219 4186 2456 4243 Leonem
2490 4185 2745 4255 Magnum
2790 4199 2958 4239 serm.
2992 4183 3016 4236 1
3051 4181 3128 4237 De
3152 4182 3341 4246 natio.,

1766 4279 2062 4334 Maximum
2098 4295 2264 4334 serm.
2293 4280 2348 4345 5,
2376 4293 2478 4333 nec
2512 4293 2620 4333 non
2647 4276 3101 4347 Chrysostomum
3149 4274 3337 4328 homil.

1766 4373 1800 4426 6
1832 4374 1888 4426 in
1921 4372 2140 4437 Matt/2.,
2164 4374 2354 4427 eadem
2387 4371 2474 4425 vel
2504 4371 2657 4439 plura
2680 4369 2884 4424 similia
2912 4369 2978 4422 de
3013 4366 3179 4435 hujus
3215 4366 3340 4420 stel-

95 4459 301 4525 spirasse
323 4503 340 4529 ,
376 4473 440 4517 ut
461 4477 590 4528 eos,
628 4461 780 4515 nullo
813 4462 1034 4517 homine
1059 4463 1393 4517 reclamante
1416 4503 1431 4528 ,
1461 4464 1655 4534 depra—
1689 4464 1732 4517 D
1762 4465 1829 4520 la:
1869 4465 2211 4536 apparitione
2243 4478 2353 4518 non
2401 4479 2561 4519 secus
2590 4472 2755 4532 atque
2779 4459 2922 4531 apud
2951 4458 3215 4528 lgnatium
3250 4474 3335 4511 re-

95 4554 311 4608 merint
369 4565 549 4625 atque
617 4553 1021 4609 adulterarint?
1088 4554 1332 4625 Denique
1383 4558 1660 4626 quomodo

96 4641 315 4711 Ruﬁnus,
372 4658 429 4703 et
460 4661 839 4702 amanuenses
885 4647 1091 4702 librarii
1121 4646 1357 4702 Eusebio
1394 4648 1663 4705 oculatio—

94 4750 162 4791 res
185 4750 234 4794 et
261 4742 554 4795 doctiores
586 4740 662 4792 ita
689 4738 944 4807 fuerunt;
978 4750 1035 4795 ut
1064 4742 1208 4811 quod
1242 4741 1333 4795 ille
1362 4744 1658 4808 nescierit,

94 4828 151 4882 illi
198 4834 512 4888 certissime
559 4832 906 4901 agnoverint,
946 4847 1133 4886 vocem
1160 4828 1301 4885 εἶδον
1336 4833 1405 4887 de
1448 4831 1658 4903 lgnatio

94 4925 277 4988 penitus
328 4926 510 4982 scribi
575 4938 688 4977 non
730 4923 990 4991 potuisse.
1015 4921 1133 4978 Huc
1167 4924 1307 4978 adde
1344 4925 1657 4983 eruditissi-

94 5028 214 5070 tuum
239 5017 666 5073 Theodoretum
700 5014 752 5067 in
785 5014 969 5070 Graeca
993 5014 1213 5071 Eusebii
1249 5015 1485 5071 Historia
1517 5033 1650 5071 con-

96 5116 270 5163 stanter
323 5111 536 5180 legisse
596 5101 738 5171 οἴδα,
775 5116 829 5161 et
856 5107 1211 5176 pervolutatis
1251 5107 1444 5178 lgnatii
1480 5110 1653 5164 nostri

98 5203 323 5269 epistolis,
372 5202 521 5256 nihil
566 5200 624 5254 in
666 5198 882 5254 Eusebii
934 5208 1084 5255 textu
1113 5201 1540 5271 deprehendisse
1569 5202 1656 5256 vel

99 5290 283 5347 ninima
315 5293 693 5363 corruptione
722 5292 1007 5349 ftedatum.

143 5385 214 5439 Ad
268 5386 707 5458 Hieronymum,
739 5394 1087 5457 veteremque
1136 5386 1328 5459 lgnatii
1384 5387 1652 5459 interpre-

90 5480 178 5529 tem
202 5480 343 5549 quod
372 5488 617 5550 spectat,
649 5477 793 5549 apud
812 5494 907 5533 eos
925 5480 1164 5536 occurrit
1183 5482 1401 5551 quidem
1424 5481 1648 5537 verbum

142 5717 180 5747 ’°
216 5720 361 5778 Orat.
390 5723 452 5777 tu
484 5718 671 5792 Igttat.
747 5720 790 5752 "
825 5734 943 5794 pag.
970 5719 1095 5776 36L
1172 5723 1219 5755 ³³
1252 5718 1421 5791 Epist.
1454 5726 1522 5773 ad
1558 5718 1745 5789 Eii/tes.
1823 5721 1865 5752 “
1899 5734 2017 5790 cap.
2047 5717 2136 5785 ‘3],
2162 5733 2213 5786 p.
2259 5719 2386 5776 565.

1766 4558 1951 4626 periri.
1981 4556 2136 4623 Quod
2159 4566 2305 4611 certe
2328 4571 2395 4610 ex
2416 4557 2531 4611 sola
2554 4554 2821 4617 locorum,
2854 4565 2977 4621 quae
3005 4549 3334 4609 indicamus.

1765 4646 1907 4701 facta
1942 4648 2081 4701 inter
2111 4662 2169 4701 se
2195 4646 2591 4715 compositione
2608 4640 3195 4712 euilibetquantumvis
3214 4654 3337 4710 per-

1762 4738 1936 4792 vicaci
1958 4738 2180 4808 planum
2215 4737 2324 4791 ﬁet.
2776 4738 2779 4739 ⁷

1832 4828 1986 4901 Piget
2028 4844 2162 4883 sane
2188 4829 2461 4898 pudetque
2483 4842 2549 4883 ea
2590 4825 2835 4883 refutare
2860 4826 2947 4881 vel
2968 4827 3131 4882 etiam
3164 4824 3339 4881 refer-

1763 4936 1842 4987 re,
1876 4936 1999 4992 quae
2020 4921 2204 4975 subdit
2238 4919 2469 4975 Dallaaus
2492 4920 2540 4952 “
2570 4938 2583 4974 τ
2608 4938 2626 4971 ι
2657 4918 2857 4975 Levius
2883 4930 2987 4987 est,
3020 4917 3217 4984 fateor,
3241 4918 3334 4972 sed

1763 5010 1972 5081 lgnatio
2017 5029 2125 5068 non
2176 5013 2311 5067 satis
2344 5012 2593 5083 dignum,
2652 5011 2800 5081 quod
2836 5010 2973 5081 ipse,
3015 5010 3165 5063 nullo
3186 5016 3336 5062 certe

1763 5114 2007 5169 auctore,
2045 5114 2321 5161 asseverat
2367 5104 2649 5159 Christum
2700 5111 2825 5172 post
2875 5098 3359 5157 resurrectionem‘

1762 5195 1991 5252 bibisse.
2029 5216 2047 5249 ι
2090 5196 2225 5251 l;lud
2268 5206 2447 5251 autem
2489 5195 2597 5250 hoc
2628 5192 2989 5249 subtilissimo
3014 5190 3209 5261 probat
3241 5205 3333 5241 ar-

1760 5299 2021 5361 gumento
2050 5309 2063 5345 :
2096 5309 2115 5341 ‹
2152 5290 2330 5345 Lucas
2378 5290 2598 5361 quidem
2622 5330 2636 5353 ,
2673 5290 2752 5343 uti
2785 5290 2861 5343 ait
2904 5286 2993 5340 ille
3018 5324 3034 5351 ,
3069 5282 3262 5337 scribit
3287 5282 3333 5313 ”

1760 5383 2063 5453 apostolos,
2096 5392 2387 5453 postquam
2422 5381 2812 5436 resurrexisset
2841 5394 2871 5433 a
2900 5374 3153 5440 mortuis,
3178 5390 3335 5427 man-

1759 5476 2050 5533 ducavisse
2073 5486 2125 5531 et
2147 5475 2353 5532 bibisse
2376 5493 2390 5542 ;
2423 5475 2598 5539 ipsum
2620 5489 2745 5529 cum
2769 5473 2848 5528 eis
2864 5468 3140 5528 Christum
3166 5467 3332 5539 (quod

2490 5719 2535 5750 ἐ
2577 5734 2698 5789 pag.
2729 5718 2852 5775 εδδ.
2926 5721 2970 5753 ι·
2998 5716 3119 5775 Act.
3159 5736 3207 5775 κ.
3235 5724 3331 5779 ti.
