3768 6314
446 297 540 351 53!
1467 288 1472 292 ’
1516 288 1573 344 S.
1620 287 1968 343 IGNATIIJS.
2009 319 2076 326 -—
2117 286 2642 344 I’IiOLEGOMENA.
3599 289 3688 344 533

443 419 546 472 iste
579 425 773 470 auctor
802 415 898 486 ait)
955 415 1372 471 manducavisse
1406 421 1460 466 ct
1503 413 1710 467 bibisse
1746 413 2095 481 nusquant-A
2127 411 2362 475 scribit,
2399 428 2562 466 manu
2613 428 2680 468 ac
2713 422 2982 483 potestate
3014 413 3188 469 fuisse
3218 413 3396 485 ipsum
3429 411 3690 484 supplicio

441 511 605 575 dicit,
648 529 666 562 ι
702 511 794 566 sed
848 518 1058 566 tantum
1116 507 1500 563 comedisse“;
1527 507 1573 563 Ο
1609 509 1775 565 miras
1810 509 2018 575 Dalltei,

440 603 544 656 viri
581 603 884 658 acutissimi
917 643 931 664 ,
969 602 1212 672 argutias
1249 611 1304 656 et
1335 600 1693 656 subtilitates!
1739 601 2018 670 Apostoli,

442 695 660 763 inquit,
702 695 961 748 dicuntur
1008 708 1132 747 cum
1169 691 1391 747 Christo
1435 693 1802 748 manducasse
1831 702 1885 747 et
1933 693 2022 747 bi-

441 785 632 852 bisse,
665 783 920 838 Christus
981 799 1112 838 vero
1169 783 1370 838 dicitur
1418 793 1628 838 tantum
1692 785 2019 843 comedisse.

441 876 584 947 Ergo
619 877 750 931 illud
780 876 1062 945 indignum
1093 886 1178 930 est
1205 876 1439 947 Ignatio,
1473 876 1619 945 quod
1658 876 1937 932 Christum
1968 886 2022 931 et

442 967 805 1021 manducasse
857 975 912 1020 et
958 966 1163 1022 bibisse
1225 966 1442 1020 dixerit.
1504 966 1672 1032 Quasi
1717 984 1847 1022 vero
1893 984 2019 1024 cum

441 1059 699 1114 Christus
727 1059 830 1112 hoc
866 1060 1028 1113 modo
1052 1058 1416 1114 manducasse
1449 1061 1728 1125 scribitur,
1754 1072 1808 1116 et
1842 1063 2017 1132 ipsum

441 1164 662 1218 quoque
696 1149 897 1204 bibisse
931 1165 1039 1202 non
1062 1150 1237 1218 possit
1269 1151 1466 1205 merito
1491 1152 1618 1221 jure
1649 1154 2022 1222 subintelligi?

445 1237 503 1292 Si
531 1239 762 1294 Dallatus
787 1256 909 1296 cum
945 1240 1136 1295 amicis
1163 1242 1300 1307 suis,
1327 1244 1421 1312 qui
1457 1260 1582 1299 cum
1618 1259 1684 1299 eo
1718 1246 2020 1300 manduca-

441 1341 641 1386 verunt
663 1343 717 1387 et
737 1333 1012 1401 biberunt,
1040 1337 1400 1392 manducasse
1425 1337 1658 1398 dicatur,
1696 1353 1877 1392 nonne
1899 1339 2024 1393 inde

440 1433 496 1477 et
525 1437 649 1478 eum
686 1439 796 1478 non
836 1426 1013 1480 solum
1056 1428 1454 1496 manducasse,
1485 1429 1580 1484 sed
1621 1429 1783 1484 etiam
1819 1430 2024 1486 bibisse

441 1524 590 1570 recte
633 1517 1026 1573 concludetur?
1098 1513 1107 1523 ’

446 1606 474 1678 ς
505 1607 590 1664 Ill.
630 1608 784 1664 Nihil
810 1611 1009 1680 falsum
1039 1614 1147 1668 dici
1191 1617 1253 1669 de
1279 1615 1540 1670 Ita’retiris
1561 1658 1575 1682 ,
1614 1617 1704 1686 qui
1731 1616 1795 1669 ab
1833 1617 2024 1670 eucha-

975 1686 1132 1739 ristia
1160 1687 1489 1740 recedebant.

517 1772 716 1843 Objicit
763 1785 951 1846 postea
1012 1777 1243 1834 Dallzeus
1295 1781 1590 1836 nonnullos
1636 1779 1704 1835 ab
1765 1790 2018 1844 auctore,

447 1875 637 1920 nostro
699 1868 962 1938 exagitari
1012 1868 1295 1926 haereticos
1329 1889 1342 1924 :
1375 1889 1392 1920 ‹
1429 1871 1534 1937 Qui
1589 1873 1658 1926 ab
1689 1869 2020 1926 eucharistia

445 1966 500 2011 et
521 1955 770 2012 oratione
808 1957 1106 2025 recedunt,
1139 1968 1361 2028 propter
1395 1975 1505 2013 non
1538 1960 1784 2015 contitcri
1820 1960 2023 2015 eucha-

445 2050 658 2105 ristiam
683 2064 903 2104 carnem
936 2065 1059 2106 esse
1090 2048 1413 2105 Salvatoris.
1443 2052 1486 2082 ⁸⁷
1523 2069 1541 2102 ›
1570 2051 1666 2118 Αι,
1685 2051 1878 2122 inquit
1900 2051 2025 2107 Dal-

446 2142 602 2207 latus,
636 2143 730 2212 qui
764 2143 1136 2198 accuratiores
1189 2143 1568 2198 haereticorum
1614 2143 1834 2199 edidere
1880 2153 2025 2198 cata—
2059 2154 2068 2162 ‘

446 2237 619 2305 logos,
654 2235 846 2290 nullibi
894 2235 1034 2291 ullos
1092 2235 1472 2306 hujuscemodi
1511 2237 1799 2292 haereticos
1824 2235 2020 2306 Ignatii

446 2338 691 2398 tempore
742 2329 1022 2384 exstitisse
1070 2329 1377 2399 perhibent.
1427 2327 1795 2394 Quamobrem
1836 2328 2022 2382 Dallaei

445 2421 701 2476 defensor
741 2437 942 2476 novum
976 2423 1025 2476 ei
1061 2423 1370 2476 subsidium
1404 2423 1618 2477 laturus
1653 2441 1666 2476 :
1707 2441 1724 2473 ι
1773 2421 2020 2487 Siccine,

445 2514 542 2575 ait,
601 2511 762 2568 oIIicii
817 2514 903 2568 sui
959 2522 1069 2567 tam
1129 2515 1466 2585 negligentes
1500 2514 1653 2570 fuere
1702 2523 1913 2570 veteres
1946 2515 2024 2569 illi

446 2603 740 2672 scriptores
763 2643 780 2669 ,
814 2614 873 2658 ut
923 2619 1041 2658 rem
1097 2604 1236 2659 adeo
1272 2604 1680 2660 memorabilem
1704 2645 1720 2671 ,
1765 2613 1818 2659 et
1857 2619 2022 2674 quam

446 2695 587 2750 scire
621 2695 908 2763 intererat,
941 2696 1157 2752 silentio
1193 2698 1632 2767 praeterierint...
1667 2697 1913 2767 profecto
1933 2699 2023 2752 vix

445 2794 530 2840 est
558 2788 832 2843 credibile.
856 2809 874 2840 ι
913 2787 1018 2843 Sed
1052 2788 1194 2844 unde
1247 2788 1479 2846 Dallazus
1511 2789 1740 2860 ejusque
1771 2789 2024 2844 defensor

448 2889 782 2948 acceperunt
804 2888 1014 2936 veteres
1046 2879 1169 2935 illos
1191 2882 1489 2951 scriptores
1505 2881 1884 2936 haereticorum
1914 2881 2024 2936 bae-

447 2987 774 3041 rescumque
811 2973 1056 3028 omnium
1099 2975 1215 3030 suis
1257 2976 1309 3028 in
1338 2976 1604 3046 catalogis
1639 2975 1835 3030 fecisse
1864 2991 2015 3031 meu-

444 3065 707 3119 tionem?‘
733 3064 866 3120 Rem
914 3065 1072 3120 aliter
1105 3082 1163 3122 se
1193 3066 1395 3120 habere
1439 3083 1506 3120 cx
1541 3067 1778 3136 ipsomet
1817 3064 2022 3122 Dallaao

445 3159 725 3214 evidenter
777 3159 1203 3215 demonstratur.
1277 3158 1573 3214 Enimvero
1646 3159 2024 3217 'I‘hcodoretus

445 3251 562 3318 qui,
589 3249 793 3304 fatente
825 3249 1047 3316 Dallaeo,
1075 3249 1175 3304 has
1199 3249 1458 3319 epistolas
1488 3251 1554 3305 ab
1594 3249 1802 3320 Ignatio
1835 3262 2026 3309 nostro

449 3340 686 3410 scriptas
735 3340 907 3396 fuisse
963 3342 1197 3410 putavit,
1231 3341 1436 3411 quique
1465 3359 1529 3397 ca
1563 3359 1684 3412 quae
1725 3343 1866 3398 idem
1894 3344 2023 3398 Dal-

447 3432 581 3488 Iasus
614 3432 806 3503 objicit
837 3433 1022 3498 verba.
1061 3442 1120 3487 ut
1163 3449 1288 3488 vere
1322 3433 1603 3507 Ignatiana
1644 3437 2020 3505 transcripsit,

447 3526 502 3580 in
539 3525 654 3581 suis
689 3526 1066 3581 haereticorum
1109 3528 1374 3597 catalogis
1401 3569 1415 3592 ,
1454 3529 1580 3582 licet
1621 3544 1835 3584 sunnna
1892 3545 2022 3583 cura

445 3617 626 3682 editis,
664 3618 890 3684 nullibi,
922 3628 979 3673 ut
1021 3620 1301 3674 contendit
1341 3617 1602 3686 Dalla3us,
1642 3636 1834 3674 eorum
1884 3638 2024 3691 quos

446 3709 690 3778 Ignatius
760 3711 1094 3766 eucharistia
1163 3713 1498 3767 abstinuisse
1560 3723 1869 3780 asseverat,
1909 3730 2023 3769 tne-

449 3802 680 3856 minisse
713 3803 930 3870 legitur.
966 3803 1112 3857 Idem
1141 3803 1208 3858 de
1250 3803 1491 3858 Eusebio
1530 3805 1792 3876 aliisque,
1830 3807 1922 3876 qui
1957 3809 2024 3862 de

448 3891 749 3947 Itaeresihus
798 3893 1066 3961 scripsere
1089 3933 1104 3957 ,
1140 3894 1348 3963 hasque
1385 3893 1592 3964 lgnatio
1627 3906 1815 3951 nostro
1849 3899 2010 3968 adju-

449 3983 707 4038 dicarunt
748 3985 1036 4055 epistolas,
1084 3986 1278 4042 confici
1323 3998 1500 4055 potest
1531 3989 1794 4044 invictum
1829 4002 2021 4047 contra

448 4077 759 4136 Dallaaanos
798 4090 1208 4152 argumentum.
1265 4080 1453 4152 Neque
1497 4099 1660 4152 porro
1694 4084 1744 4138 id
1791 4085 1886 4139 ulli
1921 4085 2024 4138 tni-

449 4187 574 4226 rum
606 4187 729 4227 esse
757 4173 936 4238 debet,
973 4190 1096 4230 eum
1134 4175 1168 4228 ii
1202 4175 1270 4230 de
1297 4175 1574 4246 praacipuo
1605 4177 2022 4244 haereticorum,

448 4264 520 4318 ab
554 4263 758 4334 Ignatio
792 4265 1196 4321 confutatornm
1231 4283 1438 4334 errore,
1471 4284 1583 4338 quo
1619 4269 1899 4325 Christum
1934 4285 2024 4325 ve—

448 4371 565 4409 ram
602 4371 820 4410 carnem
875 4351 1178 4423 s‘umpsisse
1226 4359 1516 4428 negabant,
1553 4361 1770 4430 scriptis
1818 4361 2024 4431 aliquid

450 4447 665 4501 tradere
695 4449 935 4502 contenti
971 4449 1208 4514 fuerint,
1236 4464 1335 4504 nec
1357 4451 1424 4505 de
1454 4451 1560 4505 alio
1593 4453 1686 4522 qui
1722 4453 1847 4507 inde
1878 4453 2022 4507 circa

446 4537 836 4593 eucharistiam
891 4540 1203 4595 necessaria
1265 4543 1650 4598 consecutione
1723 4543 2023 4608 Oriebatur,

448 4631 607 4699 plura
648 4632 890 4688 scribere
941 4636 1252 4703 putaverint
1302 4652 1425 4692 esse
1459 4638 1852 4694 necessarium.
1904 4637 2024 4694 Non

447 4723 595 4778 enim
645 4739 833 4779 omnes
869 4726 1186 4796 singillatim
1226 4729 1598 4798 quorumlibet
1636 4730 2022 4786 haereticorum

447 4828 667 4878 errores
681 4819 1039 4873 enumerandi
1059 4835 1249 4874 curam
1271 4820 1339 4876 ab
1369 4821 1476 4876 illis
1511 4820 1682 4878 fuisse
1707 4833 2018 4894 susceptam

447 4905 586 4960 nulli
623 4908 852 4964 dubium
873 4925 994 4964 esse
1017 4920 1214 4979 potest.

519 4996 609 5052 IV.
650 4997 1084 5075 Neque__falsum
1125 5003 1232 5055 dici
1259 5019 1426 5070 posse,
1477 5007 1616 5075 quod
1659 5008 1931 5073 scribitur,
1971 5011 2024 5062 in

517 5079 778 5191 ingestum
830 5069 1189 5124 Romanorum
1241 5069 1402 5140 fuisse
1457 5069 1730 5146 I'gnatiunt
1783 5097 1815 5132 a
1861 5069 2025 5132 morte

550 5156 565 5191 ι
601 5156 771 5192 crare.

519 5229 658 5305 Quia
689 5229 932 5303 Ignatius
968 5233 1267 5301 Romanos,
1289 5253 1354 5291 ne
1379 5239 1539 5292 morti
1575 5239 1848 5295 obsistant
1875 5257 2021 5306 suae,

448 5323 755 5382 obtestatus
787 5343 801 5380 :
839 5345 856 5378 ι
890 5326 1078 5393 Vobis,
1116 5330 1212 5395 ait,
1252 5328 1409 5383 facile
1447 5339 1530 5384 cst
1560 5332 1705 5404 quod
1754 5333 1918 5387 vultis
1946 5333 2025 5386 fa-

448 5430 637 5470 cere...
676 5416 877 5475 Volens
907 5437 1004 5489 pro
1018 5421 1128 5476 Deo
1146 5423 1370 5489 moriar,
1397 5423 1572 5477 sinon
1606 5424 1970 5494 prohibeatis;
2001 5445 2018 5476 ι

448 5503 576 5558 hinc
602 5505 834 5564 Dallaeus
857 5510 928 5566 ⁹⁸;
950 5532 967 5564 ι
992 5509 1084 5566 Vel
1104 5513 1236 5566 niltil
1273 5514 1540 5584 intelligo,
1583 5515 1782 5585 inquit,
1815 5515 1895 5569 vel
1923 5515 2025 5570 iste

448 5598 695 5665 profecto
758 5604 1013 5676 intelligit
1073 5607 1126 5661 in
1199 5623 1388 5662 eorum
1449 5607 1730 5672 fidelium,
1770 5610 1838 5662 ad
1885 5624 2024 5677 quos

517 5719 566 5750 ’δ
594 5719 724 5774 Luc.
754 5740 900 5788 xxiv,
935 5727 1019 5779 45.

449 5805 503 5863 ι).
537 5790 659 5846 571.
741 5797 758 5822 ν
790 5793 960 5863 Epist.
994 5799 1060 5849 ad
1101 5790 1291 5866 ιῖνιιρὲ.
1361 5790 1620 5869 rem
1662 5790 1869 5870 piare.

1100 5730 1143 5761 ⁰⁷
1175 5745 1293 5797 cap.
1312 5730 1404 5792 2‘2,
1431 5747 1482 5798 β.
1512 5730 1635 5784 566.
1672 5729 1842 5797 Epist.
1871 5730 1932 5782 ad
1966 5729 2175 5800 Smyrn.
2277 5731 2320 5763 9”
2346 5744 2463 5798 cap.

1101 5796 1291 5856 [ip/ws.
1361 5801 1380 5830 ³
1409 5817 1526 5856 can.
1553 5801 1620 5854 ﬁt
1665 5817 1714 5856 ο.
1747 5800 1869 5854 972.
1952 5802 1970 5832 ³
1996 5800 2036 5854 Il
2065 5804 2188 5856 Cor.
2221 5817 2318 5856 ιιι.
2361 5805 2378 5855 l
2414 5810 2468 5856 et

2108 5819 2188 5857 cr.
2221 5817 2318 5869 ιιι,
2361 5815 2378 5855 ι
2414 5815 2468 5856 et
2500 5815 2650 5869 seqq.

2125 503 2376 558 liberare.
2423 524 2440 555 ι
2513 503 2567 558 Si
2635 505 2772 560 bene
2818 506 2906 560 ille
2965 507 3207 563 auctoris
3264 521 3484 562 sensum
3543 506 3689 559 intel-

2123 596 2276 661 lexit,
2309 612 2372 650 ex
2409 612 2474 651 eo
2507 607 2651 652 certe
2681 612 2788 651 non
2815 599 2953 652 bene
2988 607 3403 668 argumentatus
3433 608 3542 664 est,
3575 613 3687 652 cum

2122 687 2331 741 addidit
2360 688 2439 741 '9:
2471 707 2488 738 ι
2520 689 2674 754 Quod
2710 689 2755 744 si
2783 690 2858 742 ita
2893 699 2996 754 est,
3036 688 3317 743 fatendum
3337 699 3422 744 est
3440 689 3568 746 illos
3592 687 3686 742 Bo—

2125 794 2319 833 manos
2339 779 2662 848 gravissime
2695 796 2974 850 peccasse,
3011 794 3063 835 et
3097 780 3380 851 parricidii
3409 779 3685 849 cujusdam

2122 887 2244 925 reos
2281 871 2518 928 fuisse...
2554 872 2647 943 qui
2681 888 2804 928 eum
2833 873 2974 928 mori
3007 890 3114 927 non
3151 873 3579 943 prohibuerunt.
3610 874 3690 925 At-

2121 965 2217 1034 qui
2267 979 2375 1019 non
2432 980 2690 1035 peccasse
2730 981 2827 1022 eos
2871 975 3089 1021 constat
3116 1005 3157 1021 ..
3204 965 3408 1021 falsum
3454 974 3546 1020 est
3575 981 3688 1035 ergo

2121 1059 2266 1128 quod
2303 1059 2393 1113 ille
2423 1061 2586 1114 toties
2617 1058 2876 1114 afﬁrmat.
2921 1079 2940 1112 a
2981 1059 3169 1129 Inepta
3204 1061 3363 1129 plane
3397 1068 3455 1114 et
3492 1059 3687 1114 insulsa

2123 1161 2207 1206 est
2238 1152 2616 1222 hujuscemodi
2650 1153 3074 1222 argumentatio.
3104 1153 3344 1222 Ignatius
3374 1153 3580 1221 quippe
3603 1149 3689 1203 Bo-

2124 1260 2318 1302 mauos
2354 1246 2454 1300 hac
2481 1247 2534 1300 in
2568 1259 2627 1300 re
2673 1245 2818 1315 apud
2845 1244 3036 1311 Deum,
3071 1246 3152 1300 vel
3176 1243 3476 1308 Caesarem,
3506 1245 3689 1311 autju-

2122 1335 2300 1402 dices,
2348 1340 2429 1394 vcl
2501 1348 2754 1395 senatum
2809 1340 3166 1409 potentiores,
3224 1354 3392 1409 quam
3459 1354 3520 1393 re
3581 1353 3689 1392 vera

2122 1441 2299 1500 erant,
2335 1433 2558 1489 credere
2592 1434 2788 1503 potuit.
2827 1432 3032 1488 Deinde
3070 1434 3286 1489 etiamsi
3331 1434 3472 1488 illud
3510 1436 3566 1489 in
3601 1432 3691 1486 Ro-

2124 1543 2413 1583 manorum
2469 1536 2738 1598 potestate
2790 1528 2988 1584 fuisset
3015 1528 3290 1598 positum,
3315 1544 3431 1582 non
3469 1527 3596 1582 inde
3621 1537 3688 1580 ta-

2125 1635 2249 1674 men
2293 1619 2829 1690 gravissimipeccati
2863 1620 3207 1690 etparricidii
3239 1620 3534 1674 incusandi
3558 1629 3688 1681 sunt,

2126 1713 2271 1781 qttod
2311 1729 2430 1767 eam
2466 1722 2696 1768 mortem
2749 1729 2855 1768 non
2892 1713 3293 1783 prohibuerint,
3329 1728 3504 1781 quam
3543 1713 3690 1766 totius

2126 1799 2382 1854 Ecclesiae
2411 1800 2633 1855 utilitati
2668 1801 3034 1870 profuturam,
3073 1817 3237 1872 quam
3275 1817 3388 1856 non
3416 1802 3541 1856 sine
3561 1812 3691 1857 certo

2124 1891 2364 1961 plurium
2387 1893 2826 1963 Christianorum
2855 1894 3097 1964 periculo
3134 1893 3518 1959 avertendam,
3542 1909 3687 1963 quam

2127 1984 2365 2055 denique
2417 1986 2602 2041 divina
2653 1987 2938 2041 voluntate
2994 1988 3063 2041 ab
3108 1985 3319 2058 Ignatio
3362 1986 3689 2042 subeundam

2125 2092 2245 2134 esse
2275 2094 2602 2148 persuasum
2640 2078 2937 2135 habebant.

2707 2238 2936 2296 CAPUT
2975 2238 3096 2293 XVI

2128 2370 2179 2409 IN
2211 2371 2297 2410 HIS
2322 2369 2602 2410 EPISTOLIS
2632 2369 2734 2409 NON
2765 2370 2950 2409 ΜΒΝ
2985 2369 3110 2408 ESSE
3144 2367 3352 2407 IGNATII
3391 2367 3690 2408 SAPIESTIAI

2702 2442 2769 2479 ET
2805 2440 3134 2480 MODISTIAH.

2127 2541 2154 2612 §
2186 2541 2226 2597 I.
2250 2540 2371 2594 Non
2402 2542 2580 2595 lassam
2603 2556 2713 2594 esse
2737 2539 2938 2612 lgnatii
2971 2536 3304 2612 sapientiam,
3329 2553 3500 2612 neque
3521 2535 3694 2588 modes-

2409 2615 2534 2666 tiam
2565 2612 2620 2663 in
2637 2612 2724 2676 iis,
2741 2608 2855 2680 quw
2872 2611 2934 2662 de
2952 2625 3004 2662 se
3021 2609 3132 2676 ipso
3161 2608 3404 2678 scripsit.

2199 2743 2316 2799 Non
2348 2744 2574 2814 majoris
2601 2742 2865 2798 momenti
2889 2742 3018 2796 illud
3044 2750 3146 2804 est,
3177 2741 3323 2810 quod
3350 2741 3690 2811 postmodum

2131 2837 2363 2892 Dallaaus
2437 2836 2656 2905 objicit,
2709 2836 2772 2889 ab
2817 2834 3023 2905 Ignatii
3067 2834 3275 2903 judicio
3335 2844 3386 2887 et
3445 2835 3693 2903 sapientia

2128 2929 2368 2984 nonnihil
2395 2929 2673 3001 abhorrere
2702 2928 2867 2980 rideri
2900 2929 2940 2994 ¹;
2977 2928 3122 2996 quod
3146 2926 3235 2980 ille
3266 2925 3432 2979 morti
3464 2925 3693 2979 certissi-

2131 3038 2232 3077 ma:
2259 3021 2483 3093 jamjam
2530 3019 2834 3086 dedendus,
2887 3019 3190 3074 secundum
3255 3016 3519 3086 Ephesiis
3561 3017 3694 3069 libet-

2053 3105 2093 3163 C
2131 3117 2241 3170 lum
2279 3130 2400 3170 sese
2435 3113 2767 3184 scripturum
2824 3113 3185 3183 polliceatur:
3219 3131 3236 3162 ι
3280 3111 3338 3165 Si
3372 3127 3460 3165 me
3487 3111 3691 3181 digniﬁ-

2130 3212 2215 3257 cet
2246 3201 2406 3258 Jesus
2447 3203 2702 3258 Christus
2745 3203 2796 3255 in
2837 3203 3084 3257 oratione
3112 3210 3293 3257 vestra
3315 3244 3330 3268 ,
3361 3211 3417 3256 et
3451 3203 3692 3256 voluntas

2130 3294 2222 3358 sit,
2278 3293 2331 3347 in
2391 3295 2633 3350 secundo
2684 3294 2870 3351 libello
2928 3309 3088 3364 quem
3124 3294 3436 3362 scripturus
3456 3309 3582 3348 sum
3615 3307 3691 3344 vu-

2129 3389 2213 3443 bis
2240 3391 2283 3452 ²,
2317 3407 2334 3440 ι
2396 3398 2501 3443 etc.
2540 3387 2642 3443 Sed
2674 3389 2788 3445 haic
2828 3389 3064 3459 objectio
3097 3403 3130 3442 a
3175 3386 3361 3440 Dalliri
3402 3385 3611 3456 judicio
3650 3394 3691 3436 et

2129 3483 2396 3551 sapientia
2453 3483 2709 3536 abhorret
2759 3480 3251 3551 quamplurimum.
3329 3479 3443 3532 Illis
3511 3477 3690 3547 quippe

2128 3574 2333 3641 verbis,
2366 3577 2424 3627 ἐν
2457 3575 2534 3645 τῷ
2563 3575 2798 3647 δευτέρῳ
2834 3573 3077 3645 βιϐλιδξῳ
3112 3614 3128 3640 ,
3165 3589 3276 3626 non
3306 3572 3591 3636 libellum,
3613 3570 3692 3623 sed

2129 3669 2428 3722 secundum
2464 3666 2702 3739 Ignatius
2737 3668 3005 3737 promittit
3047 3667 3336 3736 epistolam
3359 3707 3375 3731 ,
3403 3665 3490 3720 his
3529 3675 3691 3718 tamen

2129 3758 2463 3828 aequissimis
2503 3758 2954 3813 conditionibus:
2995 3777 3012 3808 ι
3050 3755 3106 3810 Si
3142 3773 3236 3810 me
3253 3753 3692 3827 digniﬁcetJesus

2129 3850 2383 3907 Christus
2413 3851 2466 3904 in
2497 3850 2746 3905 oratione
2775 3858 2958 3904 vestra
3000 3868 3013 3903 :
3050 3850 3096 3905 si
3137 3849 3395 3904 voluntas
3432 3849 3508 3904 sit
3544 3866 3558 3902 :
3592 3861 3692 3900 nu-

2130 3942 2276 3996 xime
2299 3941 2345 3996 si
2381 3940 2646 3995 Dominus
2675 3941 2877 3995 revelet
2905 3941 3061 3995 mihi.
3106 3960 3125 3992 ι
3167 3939 3326 4006 Quod
3359 3955 3496 3995 sane
3521 3936 3688 4007 Ignatii

2126 4035 2334 4107 judicio
2369 4045 2423 4089 et
2479 4034 2762 4104 sapientiae
2801 4033 3384 4090 convenientissimum
3433 4047 3561 4088 esse
3584 4032 3691 4102 quis

2129 4143 2237 4182 non
2268 4127 2487 4182 videat?

2203 4220 2411 4275 Laasam
2456 4235 2618 4289 porro
2650 4218 2846 4289 Ignatii
2879 4219 3203 4274 modestiam
3243 4218 3375 4273 alibi
3400 4217 3692 4289 expostulat

2135 4312 2391 4378 Dallatus,
2416 4313 2510 4367 ubi
2547 4313 2806 4366 nitnirnm
2841 4312 2980 4366 idem
3006 4321 3201 4366 auctor
3239 4324 3430 4366 noster
3462 4313 3531 4365 ad
3558 4309 3692 4364 Tral-

2133 4407 2314 4461 lcnscs
2340 4405 2407 4459 de
2433 4420 2492 4459 se
2512 4406 2629 4474 ipso
2663 4405 2742 4458 sic
2770 4403 2958 4458 scribit
2983 4403 3003 4435 ³
3032 4422 3047 4457 :
3082 4422 3100 4454 ι
3127 4402 3295 4458 Multa
3320 4403 3478 4473 sapio
3502 4404 3554 4457 in
3579 4401 3688 4462 Deo,

2133 4499 2226 4556 sed
2259 4514 2346 4553 me
2389 4479 2564 4568 ipsum
2601 4513 2880 4560 mensuro,
2914 4507 2972 4551 ut
3004 4512 3113 4552 non
3159 4498 3211 4550 in
3243 4497 3574 4566 gloriatione
3595 4509 3693 4563 per-

2133 4595 2301 4649 dar...
2339 4591 2475 4646 Nam
2521 4607 2746 4662 possum
2795 4592 2950 4647 vobis
2993 4590 3407 4660 supercmlcstia
3454 4591 3688 4645 scribere.

2134 4684 2240 4740 Sed
2271 4685 2437 4738 timeo
2463 4699 2531 4738 ne
2556 4683 2816 4754 periculis
2837 4683 3254 4744 exsistentibus,
3275 4683 3436 4736 vobis
3452 4683 3688 4736 damnum

2133 4794 2476 4849 apponam...
2515 4786 2708 4847 potens
2777 4777 2918 4832 scire
2981 4775 3254 4842 cmlestia,
3317 4786 3372 4830 et
3420 4776 3524 4830 loci
3561 4773 3688 4844 posi-

2137 4871 2315 4926 tiones
2350 4871 2694 4940 angelorum,
2739 4889 2757 4920 ι
2806 4878 2911 4924 etc.
2938 4867 3079 4934 Quid
3143 4868 3218 4921 ibi
3277 4877 3469 4922 contra
3521 4865 3688 4937 lgnatii

2137 4962 2499 5018 modestiam?
2524 4980 2543 5013 c
2588 4960 2725 5025 Sibi,
2762 4961 3057 5030 respondet
3080 4957 3354 5025 Dallaeus,
3390 4975 3454 5013 ea
3487 4959 3687 5013 tribuit.

2133 5078 2257 5131 qua!
2315 5059 2519 5114 nemini
2570 5057 2782 5112 mortali
2839 5072 3099 5111 concessa
3123 5063 3272 5110 sunt.
3316 5073 3334 5106 ι
3365 5053 3505 5120 Quid
3549 5057 3690 5119 ergo?

2133 5150 2322 5206 Nonne
2354 5159 2407 5205 et
2437 5148 2638 5202 Paulus
2673 5142 2866 5201 eadem
2890 5187 2903 5210 ,
2942 5146 3052 5198 imo
3083 5155 3137 5198 et
3170 5144 3378 5213 majora
3429 5143 3530 5197 sibi
3572 5158 3688 5194 enn-

2133 5258 2290 5298 cessa
2315 5241 2487 5296 fuisse
2516 5249 2702 5294 narrat
2732 5238 2776 5304 ",
2805 5238 2898 5308 qui
2923 5247 2998 5291 tot
3017 5236 3327 5292 visionibus
3344 5245 3399 5289 et
3427 5233 3667 5289 revelatio

2136 5337 2298 5389 nibus
2331 5351 2390 5390 se
2418 5335 2707 5399 donatum,
2742 5331 2833 5400 qui
2875 5346 3072 5384 arcana
3097 5329 3270 5397 verba,
3307 5344 3428 5397 quc
3465 5343 3564 5380 non
3583 5325 3684 5376 licet

2133 5428 2335 5480 homini
2359 5426 2526 5496 loqui,
2546 5440 2604 5478 se
2637 5422 2915 5477 audivisse
2963 5421 3228 5475 testatur?
3267 5418 3430 5474 Certe
3474 5418 3682 5472 Datianus

2133 5521 2249 5589 ipse
2280 5518 2331 5572 id
2366 5517 2544 5582 fateri,
2568 5531 2633 5569 ac
2664 5530 2848 5570 secum
2875 5515 3039 5583 paqu
3068 5521 3190 5583 post
3209 5526 3452 5582 pugnare
3471 5511 3680 5582 cogitur,

2135 5609 2225 5664 ubi
2261 5609 2377 5662 Iure
2402 5605 2627 5662 totidem
2659 5605 2839 5661 verbis
2864 5604 3091 5659 tradidit
3111 5606 3132 5636 ⁵
3165 5622 3178 5657 :
3207 5625 3225 5656 ι
3255 5602 3377 5658 Iam
3413 5619 3534 5658 cum
3562 5599 3679 5653 Pau-

2277 5731 2320 5763 οε
2346 5744 2463 5798 cap.
2503 5729 2594 5784 ἑτι.
2629 5745 2749 5797 pag.
2779 5725 2904 5780 369.
2927 5797 2936 5798 ί
2962 5726 3025 5798 θ’
3056 5741 3180 5798 pag.
3212 5724 3338 5798 302.
3383 5789 3400 5797 ο
3423 5725 3439 5755 ¹
3463 5737 3575 5794 cap.
3600 5717 3661 5773 9.3

2725 5801 2743 5831 δ
2773 5813 2891 5868 cap.
2919 5795 3087 5867 99,1).
3126 5795 3250 5850 M4.
