3800 6208
140 278 232 334 δεῖ»

1121 272 1184 327 Ι).
1211 270 1514 334 NOURRII
1551 271 2030 328 DISSERTATIO.
2081 298 2150 310 —
2185 264 2366 320 PARS
2403 265 2445 319 Ι.

3304 256 3406 310 534

137 400 215 456 lus
233 399 298 454 ad
322 397 673 455 Corinthios
711 399 957 456 scribens
988 397 1218 454 dixisset
1254 412 1314 452 se
1342 411 1543 451 arcana
1576 410 1726 464 quae-
1753 405 1798 458 Α
1827 391 2087 446 nimirum
2121 388 2453 459 Polycarpus
2488 386 2632 442 haud
2664 386 2827 450 dubie
2851 384 2919 441 ab
2947 398 3014 439 eo
3043 381 3258 453 magnis
3285 397 3408 452 pre-

138 490 251 547 dam
281 490 578 546 audivisse
607 490 803 555 verba,
829 503 949 558 quae
977 488 1182 543 nemini
1203 487 1352 555 loqui
1383 486 1590 552 liceret,
1617 486 1723 540 hoc

141 598 347 653 quoque
401 583 637 653 putavit
703 581 934 650 scriptor
995 579 1084 634 ille
1137 588 1328 634 noster
1372 592 1474 632 suo
1513 575 1724 647 lgnatio

143 674 461 730 imitandum
494 689 656 730 esse.
687 671 877 742 Itaque
907 687 1030 726 eum
1055 685 1276 741 quoque
1314 668 1448 724 facit
1481 668 1550 723 ad
1577 667 1725 721 Tral-

141 766 308 821 lenses
338 764 703 820 scribentem
723 763 1086 836 quorumdam
1109 777 1442 816 arcanorum
1470 761 1722 816 notitiam

141 857 234 910 sibi
264 855 820 912 assumere..Nonne
854 869 1080 925 possum
1112 853 1267 909 vobis
1311 852 1722 922 supercoelestia

140 948 387 1015 scribere,
427 967 449 1000 ι
503 957 622 1004 etc.
699 948 758 1003 Si
800 957 989 1004 auctor
1041 955 1230 1001 noster
1263 945 1523 1009 Paulum,
1558 953 1619 1000 ut
1645 945 1723 1000 ait

140 1037 377 1105 Dallazus,
407 1040 487 1095 ibi
521 1041 783 1096 imitatus
809 1050 912 1108 est,
949 1040 1089 1096 idem
1133 1040 1367 1095 Dallaeus
1398 1039 1536 1094 falso
1561 1039 1722 1109 plane

137 1130 338 1196 asserit,
374 1131 536 1201 quod
566 1133 666 1188 ille
700 1132 806 1187 sibi
830 1147 893 1188 ea
929 1133 1153 1196 tribuat,
1182 1148 1304 1202 quae
1339 1131 1546 1186 nemini
1570 1146 1720 1186 mor-

137 1224 222 1277 tali
243 1239 517 1280 concessa
544 1237 704 1280 sunt.

197 1313 363 1370 instat
393 1315 650 1372 Dallzeus
674 1327 954 1373 auctorem
990 1325 1243 1372 nostrum
1270 1331 1333 1372 ea
1365 1315 1478 1373 sibi.
1499 1315 1723 1371 tribuis-

135 1423 188 1461 se
210 1423 274 1463 eo
305 1407 434 1462 loco
466 1425 538 1464 ac
567 1418 819 1478 tempore
841 1423 950 1478 quo
981 1409 1148 1463 etiam
1180 1423 1308 1464 vere
1339 1408 1384 1463 si
1413 1407 1717 1472 habuisset,

135 1500 258 1554 nihil
286 1515 529 1555 necesse
561 1509 688 1556 erat
728 1502 987 1572 explicari
1030 1510 1087 1556 et
1133 1500 1399 1558 ostentari
1426 1501 1467 1553 ⁸.
1515 1497 1622 1555 Sed
1656 1514 1719 1554 ea

135 1596 234 1640 tum
262 1589 368 1642 sibi
403 1590 610 1644 tribuit
659 1589 900 1662 lgnatius
925 1631 941 1657 ,
988 1606 1117 1646 cum
1147 1590 1532 1645 auctoritatem
1574 1590 1718 1660 apud

135 1677 437 1737 Trallenses
475 1683 753 1754 majorem
777 1685 887 1739 sibi
929 1685 1224 1740 conciliare
1250 1684 1458 1751 voluit,
1500 1699 1606 1754 qua
1639 1685 1718 1739 eis

1829 482 1984 538 cibus
2019 480 2421 549 cili-agitaverat.
2456 478 2526 532 At
2572 477 2808 548 lgnatius
2843 479 2957 532 hare
3001 476 3057 530 in
3092 475 3280 530 eadem
3314 475 3405 529 illa

1823 573 2054 643 epistola
2086 571 2188 640 ipsi
2223 571 2420 636 tradit,
2452 587 2562 624 non
2603 580 2664 624 ut
2709 569 2978 624 tironibus
3007 567 3274 638 magistri,
3309 566 3403 620 sed

1825 673 1884 719 ut
1915 663 2126 718 amicus
2167 663 2365 729 amico,
2393 671 2451 716 ut
2481 662 2665 716 senior
2689 665 2952 730 martyrio
2979 659 3251 728 mortique
3279 671 3405 726 pro—

1826 755 2007 808 ximus
2035 752 2191 806 alteri
2235 751 2397 820 longe
2424 751 2630 821 juniori
2664 751 2813 820 loqui
2860 751 2996 804 solet
3042 756 3098 803 et
3138 747 3398 803 scribere.

1825 844 2100 912 Quantum
2124 851 2304 896 autem
2332 841 2572 912 lgnatius
2589 841 2892 912 Polycarpo
2919 848 3074 895 astate
3095 837 3400 908 provectior

1823 938 2007 1004 fuerit,
2065 937 2190 991 inde
2236 943 2553 1004 computent
2585 932 2881 995 'Dallaaani,
2921 931 3067 1002 quod
3113 931 3202 985 ille
3253 943 3399 983 anno

1824 1031 1927 1086 108
1958 1030 2040 1083 vel
2089 1027 2215 1091 109,
2262 1027 2353 1082 hic
2389 1041 2535 1081 anno
2581 1035 2790 1082 tantum
2825 1024 2928 1078 166
2970 1034 3062 1078 aut
3094 1024 3215 1089 169,
3249 1038 3396 1077 mar-

1822 1136 1966 1197 tyres
1997 1123 2320 1180 occubuisse
2341 1122 2609 1177 dicantur.

2387 1233 2619 1292 CAPUT
2665 1233 2830 1287 XVII.

1821 1372 2001 1412 HARUII
2033 1372 2406 1414 EPISTOLABUM
2435 1367 2644 1408 STYLL‘M
2675 1367 2797 1405 ESSE
2828 1365 3024 1404 OMNINO
3050 1359 3392 1402 IGNATIANUBI.

1987 1476 2015 1549 §
2050 1478 2092 1532 Ι.
2131 1476 2342 1547 Stylum
2367 1475 2713 1544 epistolarum
2733 1489 2843 1527 esse
2873 1471 3234 1541 Ignatianum.

1889 1592 2096 1646 Cetera
2142 1591 2326 1646 Dallzei
2382 1601 2573 1646 contra
2626 1592 2727 1644 has
2765 1587 3020 1658 epistolas
3052 1593 3390 1655 argumenta,

1819 1699 1884 1738 ex
1933 1699 2121 1738 earum
2157 1684 2406 1738 oratione
2453 1694 2506 1737 et
2551 1682 2731 1736 verbis
2765 1681 3040 1734 ducuntur
3068 1678 3108 1730 ⁸.
3148 1675 3391 1729 Primum

133 1772 324 1827 scilicet
352 1773 662 1846 Polybium
688 1776 936 1846 ipsorum
962 1777 1301 1846 episcopum,
1325 1792 1486 1848 quem
1519 1791 1626 1830 non
1650 1791 1713 1830 ea
1744 1796 1789 1856 Β
1819 1784 1998 1830 autem
2055 1775 2187 1830 illud
2236 1775 2432 1844 arguit,
2485 1774 2632 1844 quod
2673 1785 2768 1826 eas
2793 1787 2811 1822 t
2838 1770 2953 1840 ipsa
2991 1767 3178 1822 statim
3217 1764 3393 1818 oratio

133 1865 364 1929 omnino,
391 1883 512 1936 qua
538 1883 644 1938 par
672 1878 826 1936 erat,
861 1870 1210 1926 veneratione
1250 1870 1538 1938 complecti
1569 1868 1717 1924 vide-

133 1956 339 2024 bantur,
365 1961 553 2030 magis
577 1963 1012 2029 commendaret,
1035 1971 1199 2032 atque
1219 1977 1316 2019 eos
1334 1963 1598 2017 adversus
1616 1963 1720 2017 hae-

134 2048 315 2105 reticos
344 2053 616 2109 redderet
659 2059 934 2110 cautiores
968 2071 1032 2111 ac
1067 2054 1346 2111 fortiores.
1383 2055 1536 2111 lianc
1565 2067 1716 2112 certe

132 2143 193 2196 ob
223 2159 453 2199 causam
515 2147 586 2202 de
622 2151 905 2205 concessis
950 2151 1055 2206 sibi
1090 2168 1118 2205 a
1155 2150 1267 2206 Deo
1310 2151 1715 2221 cognitionibus

133 2251 401 2297 sermones
438 2242 678 2306 miscet;
714 2241 808 2296 sed
845 2242 970 2297 illos
997 2244 1261 2299 continuo
1308 2259 1437 2299 vere
1479 2243 1716 2314 lgnatia-

135 2346 214 2394 na,
246 2332 300 2387 id
325 2345 438 2400 est,
475 2350 702 2388 summa
733 2335 1040 2392 humilitate
1067 2345 1333 2407 temperat
1363 2354 1376 2390 :
1410 2357 1427 2388 ε
1465 2339 1570 2394 Sed
1604 2355 1712 2394 non

134 2428 265 2493 novi,
301 2429 532 2500 inquit,
566 2431 616 2487 si
663 2431 862 2501 dignus
904 2446 1096 2487 sum...
1134 2431 1338 2487 Praeter
1372 2433 1478 2488 hoc
1502 2432 1614 2503 jam
1659 2443 1714 2489 et

133 2519 431 2592 discipulus
465 2540 616 2580 sum.
654 2545 672 2576 ι

136 2651 158 2724 ς
194 2651 476 2740 "aliisque
517 2659 574 2711 in
622 2674 682 2711 eo
715 2659 856 2740 quod
891 2659 1190 2740 Tangeris“
1233 2678 1422 2740 pueros
1458 2664 1711 2733 appellat,

191 2738 277 2803 qut
309 2731 474 2803 inii:
497 2743 620 2803 qua:
650 2731 866 2798 scripsit
894 2733 967 2784 ad
992 2731 1369 2803 Polycarpum,
1400 2731 1584 2788 (ws-am
1602 2752 1715 2790 esse

194 2794 396 2865 Ignatii
424 2794 766 2853 modestiam.

196 2901 436 2959 Rursum
475 2905 718 2962 Dallaeus
767 2907 992 2978 opponit
1042 2924 1234 2978 parum
1278 2921 1708 2968 consentaneum

135 2992 287 3049 videri
315 2995 642 3053 Trallenses
674 2997 902 3066 νηπίους
935 3015 1145 3068 pueras,
1170 3010 1224 3055 et
1249 3000 1488 3058 infantes
1515 3005 1584 3058 ab
1609 3019 1711 3058 au-

135 3093 270 3135 ctore
299 3091 499 3138 nostro
541 3083 835 3153 appellari,
860 3100 998 3154 quos
1033 3086 1122 3141 ille
1171 3087 1286 3156 ipse
1331 3104 1505 3157 nuper
1537 3109 1555 3140 ι
1595 3089 1708 3144 Deo

136 3172 337 3242 dignos,
363 3185 420 3230 et
459 3189 706 3232 mentem
745 3177 1078 3248 inculpatam
1111 3189 1164 3234 et
1201 3180 1628 3251 insuperabilem
1653 3184 1706 3238 in
1735 3160 1778 3218 ε·

137 3265 385 3331 patientia
418 3288 444 3319 ις
468 3268 678 3322 habere
710 3268 871 3324 dixit.
906 3269 1070 3326 Addit
1102 3281 1281 3328 tamen
1312 3273 1546 3331 Dallteus
1569 3291 1626 3330 se
1658 3276 1712 3331 id

136 3372 232 3412 non
266 3377 483 3430 urgere.
549 3362 661 3417 Sed
697 3377 799 3418 nec
841 3379 1272 3422 commemorare
1321 3367 1434 3422 ullo
1469 3384 1709 3438 unquam

138 3453 284 3507 modo
308 3455 551 3509 debebat
604 3454 744 3520 Quis
771 3457 918 3510 enim
949 3457 1157 3512 nesciat
1189 3456 1418 3513 Paulum
1459 3460 1711 3514 similiter

138 3557 346 3600 vocasse
395 3545 729 3600 Corinthios
771 3546 998 3614 νηπίους
1051 3547 1297 3614 parvulos
1343 3557 1399 3601 et
1434 3546 1708 3613 infantes;

138 3639 369 3704 quamvis
394 3654 498 3693 eos
535 3638 592 3691 in
620 3638 842 3692 Christo
870 3647 924 3692 et
949 3639 1002 3692 in
1050 3639 1201 3693 omni
1255 3639 1484 3695 scientia
1515 3640 1711 3698 divites

139 3725 351 3782 dixerit?
396 3729 660 3801 lgnatius
710 3728 892 3798 itaque
926 3728 1238 3787 Trallenses
1283 3731 1394 3786 Deo
1421 3732 1617 3801 dignos
1657 3741 1711 3787 et

140 3818 457 3890 inculpatatn
520 3830 766 3876 mentrm
817 3823 1018 3878 habere
1078 3825 1257 3895 potuit
1289 3841 1570 3890 asserere;
1606 3827 1709 3881 etsi

140 3925 224 3966 eos
247 3915 383 3969 circa
422 3915 788 3972 sublitniores
841 3913 1072 3971 Deitatis
1105 3917 1448 3988 cognitiones
1485 3915 1712 3988 νηπίους
1743 3893 1753 3898 ’

140 4007 365 4071 parvulos
395 4019 454 4063 et
482 4006 741 4062 infantes
767 4023 892 4062 esse
925 4007 1108 4063 sciret.

210 4098 468 4157 Violatam
508 4101 702 4157 denuo
753 4099 944 4170 lgnatii
998 4103 1324 4158 modestiam
1379 4104 1436 4158 in
1481 4102 1712 4172 epistola

142 4190 201 4243 ad
229 4192 591 4268 Polycarpum
618 4193 824 4263 duplici
858 4211 924 4247 ex
955 4195 1132 4264 capite
1155 4204 1419 4250 causatur
1448 4195 1712 4262 Dallzeus;

145 4292 242 4339 tum
279 4290 426 4358 quod
478 4295 685 4342 auctor
737 4287 954 4340 titulum
1006 4287 1265 4356 martyris
1308 4287 1412 4341 sibi
1463 4297 1710 4358 arroget,

148 4384 242 4430 tum
269 4381 411 4448 quod
472 4398 493 4430 α
553 4378 862 4447 Polyearpo
893 4394 993 4434 suo
1029 4379 1429 4448 condiscipulo,
1456 4389 1511 4433 et
1537 4379 1714 4432 admi-

149 4472 282 4527 rabili
320 4473 692 4546 Smyrnensis
725 4471 982 4528 Ecclesiae
1012 4476 1268 4544 episcopo
1298 4473 1365 4527 de
1394 4473 1614 4543 pietate,
1644 4473 1711 4528 de

148 4565 219 4618 sui
246 4569 486 4623 muneris
514 4566 713 4622 ofﬁciis
745 4565 817 4619 ita
845 4566 1027 4620 omnia
1063 4566 1328 4636 prtecipit,
1352 4575 1413 4620 ut
1444 4566 1714 4621 tironibus

148 4660 367 4729 magistri
405 4661 594 4716 solent
629 4659 673 4710 ".
713 4677 732 4709 ›
769 4657 848 4710 Ad
881 4657 1114 4726 primum
1147 4657 1542 4726 respondemus
1578 4656 1712 4710 titu-

151 4748 242 4806 lum
273 4753 530 4824 martyris
561 4751 622 4804 in
651 4748 998 4802 Bibliotheca:
1039 4746 1368 4804 Florentinae
1408 4749 1714 4803 manuscri-

152 4853 227 4912 pto
266 4845 450 4901 codice
480 4844 681 4899 Graeco
731 4840 970 4906 sincero,
1018 4855 1119 4894 nec
1163 4839 1523 4910 interpolato,
1553 4849 1607 4894 et
1658 4840 1714 4895 in

153 4937 348 5005 antiqua
405 4937 561 4991 illius
617 4932 812 4986 Latina
850 4931 1102 4987 versione
1126 4931 1347 4985 minime
1370 4931 1620 5001 reperiri.
1656 4929 1714 4986 1d

156 5027 301 5083 cuivis
332 5029 535 5098 legenti
595 5025 669 5080 ita
720 5024 940 5078 obvium
972 5033 1090 5090 est;
1144 5033 1202 5077 ut
1233 5017 1435 5079 mirum
1488 5024 1561 5079 sit
1606 5039 1715 5093 qua

155 5119 336 5176 ratione
387 5119 582 5176 Dalltei
634 5116 892 5171 defensor
922 5117 1104 5172 dicere
1137 5116 1335 5171 audeat
1367 5117 1388 5148 ⁸
1418 5133 1432 5169 :
1472 5136 1489 5168 ι
1525 5115 1602 5170 ita
1635 5125 1716 5170 ta-

156 5223 256 5265 men
284 5227 339 5268 se
367 5212 614 5283 appellat
655 5209 713 5262 in
757 5208 1002 5277 epistola:
1028 5207 1095 5262 ad
1122 5206 1483 5279 Polycarpum
1517 5207 1714 5262 inscri-

157 5307 309 5368 ptione
339 5304 565 5366 Graeca,
601 5317 727 5372 quae
778 5300 1099 5371 interpolata
1148 5316 1258 5355 non
1305 5309 1408 5356 est.
1449 5317 1468 5352 ι
1508 5299 1590 5354 Ad
1628 5315 1715 5354 se-

159 5395 366 5450 eundum
400 5411 532 5452 vero
563 5392 805 5448 dicimus
835 5392 887 5446 in
934 5407 997 5447 ea
1027 5390 1256 5461 cpistola
1295 5390 1562 5461 lgnatium
1593 5390 1714 5460 plu-

159 5499 274 5541 runa
311 5503 525 5544 morum
581 5483 913 5556 pietatisque
941 5483 1230 5538 tradidisse
1259 5492 1528 5552 praecepta
1549 5523 1563 5548 ,
1593 5496 1716 5551 quae

217 5671 236 5698 ⁶
259 5686 373 5742 pag.
402 5671 529 5727 375.

435 5672 529 5746 75.
569 5742 605 5746 Α
630 5670 653 5700 τ
680 5667 930 5746 (δίῃ)έῲ
960 5685 1012 5740 p.
1055 5670 1182 5737 275,
1212 5669 1336 5726 276.

163 5736 195 5767 "
221 5736 481 5796 codf25‘2.

1442 5671 1461 5702 ⁸
1491 5684 1612 5739 pag.
1641 5667 1765 5724 29L

565 5742 608 5772 ’³
646 5741 768 5796 cod.
803 5738 927 5794 9.9.9.

1745 4517 1789 4573 D

1817 1869 2054 1924 ostendit
2105 1883 2210 1922 non
2258 1883 2378 1922 esse
2425 1868 2588 1919 unius
2614 1863 2855 1934 ejusdem
2895 1861 3165 1924 auctoris;
3206 1857 3392 1910 multi-

1818 1962 1937 2031 plex
1982 1961 2122 2030 ipsa,
2175 1975 2350 2030 neque
2380 1959 2543 2014 unius
2579 1956 2794 2027 generis
2836 1953 3203 2008 auteoloris.»
3243 1949 3298 2004 Si
3326 1947 3394 2002 de
3441 1956 3445 1961 '

1817 2053 1886 2107 iis
1922 2069 2062 2122 quas
2113 2052 2378 2123 genuinas
2409 2065 2645 2119 vereque
2699 2047 2766 2102 ab
2817 2045 3025 2115 lgnatio
3073 2047 3228 2096 datas
3271 2056 3393 2094 esse

1815 2160 2246 2215 propugnamus,
2301 2142 2533 2197 Dallmns
2578 2143 2865 2209 loquatur,
2920 2137 2972 2189 id
3033 2133 3388 2188 falsissimum

1815 2251 1938 2292 esse
1985 2236 2161 2305 palam
2193 2243 2486 2304 aperteque
2536 2230 2978 2302 pronuntiamus.
3023 2225 3214 2294 Liquet
3243 2224 3389 2276 enim

1816 2328 1936 2382 illas
1965 2342 2156 2383 omnes
2187 2326 2380 2381 eodem
2411 2333 2663 2380 exaratas
2693 2322 2863 2376 fuisse
2895 2319 3071 2390 stylo,
3103 2314 3391 2386 apostolici

1815 2419 2022 2474 scilicet
2044 2417 2306 2481 hominis,
2336 2416 2404 2471 ad
2447 2414 2768 2485 martyrium
2802 2408 3166 2481 properantis,
3193 2413 3393 2459 morte-

1813 2527 1922 2582 que
1949 2510 2357 2582 quamprimum
2405 2505 2706 2566 alliciendi.
2735 2504 2831 2573 qui
2863 2503 2918 2556 in
2949 2501 3166 2562 itinere,
3202 2497 3394 2551 vincu-

1814 2603 1990 2672 lisque
2033 2610 2288 2667 onusttts,
2334 2615 2398 2654 ea
2430 2597 2615 2651 furtim
2649 2610 2714 2648 ac
2753 2601 2966 2648 secreto
2991 2589 3208 2659 scriptis
3239 2602 3394 2640 man-

1813 2694 1982 2760 davit,
2050 2708 2172 2763 qua:
2239 2690 2660 2747 ardentissimus
2719 2685 3050 2741 Christianae
3115 2680 3392 2752 religionis

1814 2799 1970 2840 amor
2001 2783 2102 2854 ipsi
2133 2780 2454 2854 suggerebat
2489 2779 2923 2850 inspirabatque.

1817 2899 1846 2972 ς
1878 2899 1956 2972 ΙΙ.-
1985 2897 2169 2972 Vocant
2203 2895 2512 2972 Theophori
2535 2911 2646 2972 esse
2696 2893 3037 2972 [gnatia'nam
3059 2931 3074 2955 ,
3099 2903 3243 2942 voces
3271 2901 3392 2968 pero

1847 2951 2037 3042 ἰέῥέών
2058 2977 2106 3022 et
2135 2951 2435 3040 ἀρχιερέἷυν
2466 2969 2519 3022 in
2547 2951 2783 3034 epistolis
2816 2966 2948 3016 veris
2981 2951 3086 3013 non
3114 2957 3354 3027 reperiri.

1883 3081 2111 3146 Contra,
2143 3081 2319 3149 inquit
2351 3077 2606 3140 Dallaaus,
2659 3083 2850 3130 auctor
2885 3073 3239 3143 epistolarum
3270 3068 3394 3124 ubi-

1812 3190 1919 3244 que
1947 3173 2181 3242 sumpsit
2211 3170 2522 3240 Theophori
2564 3175 3008 3238 cognomentum,
3041 3163 3186 3233 quod
3216 3175 3392 3230 neque

1811 3265 2054 3338 Ignatius
2083 3263 2185 3318 sibi
2230 3277 2472 3332 unquam
2509 3262 2666 3314 vivus
2716 3258 3221 3328 arrogavit,.neque
3248 3255 3390 3322 apud

1810 3356 2216 3413 vetustissimos
2257 3355 2552 3423 scriptores
2574 3350 2845 3409 auditum,
2874 3349 3031 3417 plane
3058 3345 3308 3400 tictitium
3337 3352 3392 3396 et

1809 3467 1876 3505 ex
1935 3447 2135 3502 fabulis
2192 3454 2373 3500 ortum
2435 3453 2537 3498 est.
2593 3441 2796 3496 Verum
2853 3438 3184 3494 Pearsonius
3223 3426 3392 3489 'voeis

1811 3539 2119 3610 Theophori
2151 3536 2528 3605 antiquitatem
2561 3541 2616 3588 et
2645 3547 2808 3586 usum
2843 3539 2954 3584 tam
2979 3529 3125 3584 clare
3158 3528 3388 3582 demon-

1811 3631 2041 3697 stravit;
2097 3636 2160 3683 ut
2206 3624 2395 3680 Dallmi
2448 3623 2708 3678 defensor
2764 3620 2897 3675 illud
2953 3619 3169 3672 tandem
3230 3615 3391 3670 fateri

1810 3733 2035 3780 coactus
2080 3734 2096 3771 :
2151 3737 2170 3769 ι
2232 3714 2452 3778 Multis,
2510 3711 2724 3782 inquit,
2768 3720 3010 3765 veterum
3063 3706 3392 3763 testimoniis

1813 3815 1974 3872 istius
2020 3811 2172 3867 vocis
2216 3824 2380 3866 usum
2427 3822 2492 3862 ac
2540 3803 2967 3859 familiaritatem
2995 3798 3394 3855 demonstravit

1812 3905 2142 3962 Pearsonius
2177 3903 2241 3956 ¹⁰.
2283 3919 2303 3953 ι
2339 3897 2730 3954 Verumtamen
2761 3895 2854 3948 ille
2882 3893 2935 3948 iu
2975 3890 3156 3944 Dallaei
3189 3888 3274 3949 sui
3305 3888 3394 3941 de«

1813 3998 2118 4054 fensionem
2145 3994 2411 4048 adversus
2434 3986 2794 4042 Pearsonium
2831 3985 2912 4040 sic
2941 3981 3122 4053 arguit
3157 3999 3170 4034 :
3211 3999 3229 4032 ς
3259 3976 3394 4032 Nul-

1813 4093 1927 4147 lum
1961 4100 2141 4144 tamen
2168 4083 2478 4155 exemplum
2511 4082 2706 4138 afferre
2728 4077 2904 4149 potuit
2933 4076 3106 4132 sancti
3136 4073 3392 4143 alicujus,

1814 4185 1908 4257 qui
1942 4184 2114 4238 instar
2151 4178 2345 4250 Ignatii
2382 4172 2694 4244 Theophori
2725 4185 3029 4241 cognomen
3059 4166 3163 4220 sibi
3199 4165 3399 4220 tribue-

1815 4281 1906 4335 rit.
1949 4296 1970 4332 ι
1998 4275 2123 4330 Haec
2148 4270 2389 4344 profecto
2428 4267 2629 4322 infirmi
2677 4263 2987 4335 argumenti
3015 4260 3283 4314 infirmior
3313 4264 3398 4310 est

1816 4369 2085 4428 defensio.
2138 4365 2329 4419 Potest
2365 4361 2513 4416 enim
2556 4357 2790 4426 scriptor
2822 4353 3023 4422 aliquis
3061 4351 3281 4406 nomine
3309 4349 3396 4403 vel

1816 4461 2143 4534 cognomine
2194 4456 2270 4510 ita
2303 4453 2565 4507 inusitato
2613 4456 2668 4501 et
2716 4441 3158 4501 extraordinario
3203 4439 3394 4508 appel-

1820 4555 1955 4618 lari,
2007 4563 2068 4607 ut
2117 4550 2302 4604 nullus
2348 4547 2606 4614 deinceps
2664 4555 2732 4595 eo
2783 4536 3088 4606 nuncupari
3137 4533 3374 4592 voluerit

1819 4645 2020 4702 Deinde
2042 4642 2167 4713 quis
2198 4649 2512 4696 sanctorum
2542 4632 2789 4687 omnium
2822 4627 3046 4683 nomina
3091 4634 3198 4680 tam
3229 4640 3396 4688 accu-

1818 4747 1935 4792 rate
1963 4734 2240 4794 ealluisse,
2263 4741 2319 4784 et
2339 4725 2685 4784 recensuisse
2710 4720 2817 4775 diei
2854 4726 3066 4790 potest;
3105 4725 3165 4770 ut
3186 4715 3398 4776 nullum

1816 4829 1900 4882 vel
1934 4835 2080 4891 ante,
2110 4823 2194 4877 vel
2219 4828 2344 4890 post
2378 4815 2574 4888 Ignatii
2613 4821 2828 4870 aetatem
2855 4826 2920 4866 eo
2949 4807 3278 4878 Theophori,
3297 4823 3400 4861 no—

1820 4919 1969 4981 mine
2021 4914 2345 4984 insignitum
2394 4907 2572 4965 fuisse
2604 4919 2851 4962 asserere
2884 4901 3121 4974 audeat?
3153 4899 3402 4966 Denique

1819 5025 1930 5066 non
1960 5008 2029 5064 de
2065 5006 2210 5071 aliis,
2257 5003 2348 5059 sed
2393 5003 2460 5058 de
2494 4999 2707 5072 ignatio
2755 4996 2874 5052 solo
2902 4995 2995 5054 hic
3022 4992 3252 5069 quaestio
3283 5004 3402 5043 mo-

1819 5111 1996 5170 vetur,
2037 5115 2170 5155 num
2203 5094 2520 5167 The0phori
2563 5106 2864 5163 cognomen
2921 5087 3150 5150 sortitus
3195 5083 3285 5137 sit.
3330 5084 3401 5134 At

1818 5197 1893 5252 ita
1924 5210 1984 5251 se
2006 5209 2121 5250 rem
2152 5192 2356 5248 habere
2377 5188 2501 5245 aliis
2520 5186 2590 5241 ab
2615 5199 2682 5243 eo
2713 5181 2950 5244 laudatis
2969 5193 3080 5251 ,ch
3114 5173 3312 5240 Photio
3333 5174 3397 5238 εί,

1787 5301 1875 5347 -ει
1925 5289 2217 5344 Theodoro
2269 5284 2583 5370 presbytero
2617 5280 2683 5344 ",
2731 5274 3007 5344 Stephano
3064 5266 3397 5370 Gobaromf.

1823 5397 1988 5457 atque
2025 5383 2322 5453 Ephremo,
2373 5356 2772 5445 Tlteopolitatio
2828 5367 2973 5422 circa
3034 5373 3240 5457 annum
3291 5356 3398 5457 i526

1819 5449 2154 5550 pairiarcha,
2191 5486 2290 5527 nec
2335 5484 2443 5524 non
2473 5482 2539 5527 ex
2585 5461 2726 5530 veris
2773 5469 2827 5514 et
2872 5449 3397 5528 sincerisejusdem

3003 5641 3042 5671 “
3079 5637 3202 5695 cod.
3271 5633 3395 5697 194i.

1876 5670 1893 5699 ³
1925 5680 2043 5736 cap.
2077 5661 2168 5724 2'5,
2210 5675 2262 5728 p.
2307 5655 2431 5709 377.
2537 5649 2578 5679 ¹⁰
2613 5662 2732 5716 pag.
2770 5642 2897 5699 9.92.
