3768 6314
416 344 520 397 535

415 464 610 533 lgnatii
667 462 914 534 martyrii

419 559 627 628 liquido
642 559 926 628 probatur.
958 556 1054 611 llis
1084 555 1316 624 denique
1340 565 1633 622 possumus
1665 548 1986 603 subnectere

418 650 738 715 Eusebium,
764 648 857 717 qui
900 648 1035 701 nihil
1065 645 1189 699 novi
1226 655 1318 698 aut
1346 641 1579 696 fabulosi
1610 640 1662 692 in
1696 639 1799 693 hoc
1829 635 1987 707 Igna-

418 743 478 795 tii
508 740 835 811 cognomine
870 754 1113 809 unquam
1152 735 1464 806 suspicatus
1499 741 1601 787 est.

488 832 598 889 Nec
630 842 749 887 erat
782 833 926 902 quod
956 831 1190 885 Dallazus
1217 845 1284 884 ex
1314 826 1492 881 verbis
1524 823 1713 895 ἱερέων
1744 824 1988 894 ειὰρχιε-

420 926 559 995 ρέων
595 925 851 993 deinceps
902 924 1131 978 instaret
1160 921 1222 974 “.
1255 920 1351 974 Illa
1395 918 1593 989 quippe
1632 932 1740 971 non
1773 914 1826 968 in
1859 928 1987 967 vero

420 1018 515 1072 sed
561 1016 889 1085 interpolato
918 1014 1271 1085 epistolarum
1324 1020 1472 1065 textu
1525 1008 1891 1077 reperiuntur.
1930 1003 1987 1058 Si

421 1120 602 1164 autem
652 1110 705 1163 in
755 1109 983 1179 epistola
1027 1108 1091 1161 ad
1146 1104 1651 1173 Philadelphienses
1697 1098 1860 1153 simul
1890 1097 1990 1151 ali-

422 1204 641 1270 quando
665 1211 977 1266 occurrant,
1007 1200 1204 1254 ibidem
1237 1199 1303 1253 ad
1333 1195 1581 1252 Mosaicae
1610 1195 1742 1265 legis
1768 1191 1989 1262 presby-

425 1307 588 1358 teros,
622 1295 705 1349 vel
736 1293 1011 1348 Christum
1044 1293 1385 1347 sacerdotum
1419 1290 1661 1345 omnium
1695 1286 1988 1357 principem

424 1386 843 1455 significandum
874 1384 962 1437 illa
997 1382 1239 1453 lgnatius
1268 1382 1533 1437 adhibuit.

983 1514 1210 1572 CAPUT
1248 1514 1431 1569 XVIII.

423 1646 587 1685 VOCES
624 1646 859 1685 EPISCOI‘I
902 1647 969 1684 ET
1012 1645 1337 1684 PRESBYTERI
1371 1645 1471 1683 NON
1506 1645 1648 1694 ALIO,
1686 1646 1827 1693 ρωιι
1866 1644 1993 1684 APO-

496 1716 779 1755 STOLOBUM
832 1718 900 1754 ΕΤ
955 1715 1192 1754 νιιιοκωι
1249 1715 1686 1755 Αιιοετοιιοοιιυιι
1727 1717 1888 1756 SENSU
1926 1718 1991 1755 ΑΒ

498 1784 714 1825 ιϐΝΔΤΙΟ
752 1786 1078 1825 υδυωιΑτΑε.

429 1885 456 1954 §
490 1882 528 1936 1.
558 1882 771 1953 Iguatio
785 1899 876 1951 με
910 1883 1072 1951 fuisse
1103 1899 1165 1936 ea
1200 1884 1414 1937 nomina
1438 1882 1818 1952 distinguendi,
1847 1885 1993 1938 ideo-
2024 1870 2065 1924 Β

859 1970 956 2022 que
986 1962 1119 2006 recte
1141 1970 1204 2007 ea
1232 1954 1558 2007 distinxisse.

495 2068 810 2133 Maximum,
839 2069 1096 2139 quodque
1129 2068 1327 2123 Dallaao
1368 2069 1630 2125 invictum
1661 2068 1874 2123 videtur
1905 2084 1994 2122 ar-

425 2173 743 2231 gumentum
781 2164 844 2229 ιδ,
888 2160 1019 2216 illud
1062 2170 1150 2217 est
1170 2203 1185 2228 ,
1211 2162 1358 2231 quod
1388 2162 1624 2231 scriptor
1655 2168 1840 2216 noster
1866 2175 1993 2230 pre-

425 2256 626 2326 sbyteri
670 2264 724 2309 et
756 2255 997 2325 episcopi
1040 2254 1291 2321 nomina,
1332 2269 1454 2324 quae
1502 2253 1735 2323 apostoli
1781 2252 1994 2323 virique

427 2348 709 2418 apostolici
741 2346 988 2416 confuse,
1020 2350 1329 2419 promiscue
1352 2389 1368 2415 ,
1416 2358 1469 2403 et
1516 2347 1991 2403 indiscriminatim

425 2457 639 2513 semper
678 2450 1039 2512 acceperunt;
1078 2456 1141 2497 ea
1189 2442 1280 2497 ille
1330 2457 1435 2495 non
1472 2441 1637 2496 semel
1677 2450 1731 2493 et
1775 2441 1991 2502 iterum,

427 2535 519 2588 sed
550 2542 829 2603 perpetuo,
867 2543 921 2589 et
965 2533 1021 2587 in
1051 2533 1312 2588 omnibus
1353 2531 1555 2600 ubique
1599 2530 1846 2600 epistolis
1885 2544 1991 2583 non

428 2634 637 2680 tantum
686 2634 942 2681 accurate
994 2634 1049 2681 et
1099 2625 1353 2695 religiose
1403 2625 1734 2693 distinguat,
1789 2622 1881 2677 sed
1930 2635 1996 2675 eo

428 2731 646 2786 quoque
674 2732 840 2773 sensu
865 2725 1113 2786 usurpet,
1136 2732 1247 2786 quo
1290 2732 1320 2771 a
1349 2717 1491 2771 tertii
1536 2724 1748 2770 tantum
1780 2723 1832 2769 et
1862 2713 1995 2767 sub-

430 2808 773 2877 sequentium
811 2809 1133 2864 saeculorum
1179 2808 1506 2864 Christianis
1551 2816 1810 2877 usurpata
1866 2809 1997 2879 legi-

428 2919 570 2959 mus.
599 2902 721 2970 Quo
764 2918 897 2959 sane
924 2911 1243 2974 argumento
1284 2902 1515 2958 Dallzeus
1543 2902 1859 2972 scriptorem
1888 2917 1994 2956 no-

427 3004 601 3049 strum
652 3010 762 3049 non
809 3004 935 3050 ante
978 2995 1240 3051 saeculum
1283 2994 1502 3049 tertium
1550 2995 1811 3064 epistolas
1867 3009 1997 3050 suas

426 3103 683 3143 exarasse
729 3098 881 3144 certo
916 3105 973 3144 se
1023 3089 1406 3143 demonstrare
1453 3088 1773 3143 arbitratur.
1822 3087 1997 3142 Porro

428 3197 530 3236 nos
560 3181 651 3235 ille
681 3182 827 3236 serio
856 3190 1061 3245 monet,
1095 3197 1152 3236 se
1175 3197 1283 3235 non
1314 3180 1380 3235 de
1410 3196 1468 3235 re
1498 3180 1637 3249 ipsa,
1676 3181 1768 3235 sed
1803 3180 1869 3234 de
1899 3196 1991 3235 su—
2020 3204 2065 3267 ι]

427 3274 494 3327 lis
546 3273 786 3343 episcopi
841 3283 895 3329 et
945 3274 1241 3344 presbyteri
1290 3272 1604 3328 nominibus
1648 3272 1926 3342 disputare
1972 3289 1986 3325 :

434 3382 453 3413 ‹
493 3363 650 3420 Nunc
679 3367 745 3419 de
791 3381 851 3421 re
898 3366 1014 3435 ipsa
1037 3406 1055 3432 ,
1092 3364 1271 3435 inquit
1306 3366 1369 3430 ¹⁸,
1401 3380 1509 3419 non
1543 3364 1784 3434 disputo.
1815 3363 1993 3419 Done-

428 3472 551 3511 mus
584 3457 905 3512 doctissimo
935 3455 1237 3521 Ilamondo,
1267 3455 1414 3525 quod
1453 3454 1543 3509 ille
1575 3464 1683 3509 tam
1711 3454 1996 3509 vehemen-

431 3559 511 3604 ter
536 3551 706 3621 cupit,
746 3570 765 3603 ι
804 3552 1061 3607 nimirum
1095 3553 1195 3608 hos
1226 3551 1447 3607 ordines
1491 3566 1675 3607 revera
1717 3550 1887 3607 fuisse
1912 3552 1995 3606 di-

428 3644 674 3701 stinetos.
704 3645 771 3701 Et
817 3647 981 3715 paulo
1021 3654 1144 3716 post
1177 3666 1190 3700 :
1230 3666 1248 3698 ι
1278 3645 1354 3699 De
1401 3645 1642 3715 episcopi
1692 3653 1901 3701 tantum
1940 3654 1998 3700 et

429 3738 731 3808 presbyteri
796 3739 1110 3794 nominibus
1182 3755 1369 3809 quaero
1418 3780 1430 3791 .
1476 3778 1491 3793 .
1536 3778 1551 3792 .
1596 3778 1610 3792 .
1668 3737 1734 3793 de
1794 3738 1994 3808 quibus

429 3844 575 3885 nunc
606 3832 737 3886 solis
760 3832 997 3901 disputo.
1039 3851 1059 3885 ι

502 3918 701 3975 Verum
746 3923 791 3977 si
842 3924 1082 3993 episcopi
1108 3931 1162 3977 et
1193 3926 1493 3995 presbyteri
1528 3923 1748 3979 ordines
1774 3924 1912 3977 inter
1939 3938 1996 3978 se

429 4027 621 4069 revera
672 4015 912 4070 distincti
964 4017 1187 4083 fuerint,
1231 4032 1434 4088 eosque
1482 4018 1770 4073 distinctos
1830 4018 1999 4074 fuisse

430 4109 699 4163 concedat
730 4108 983 4175 Dallaeus,
1018 4110 1087 4164 ab
1132 4126 1198 4165 eo
1236 4110 1399 4164 etiam
1431 4109 1621 4180 procul
1655 4110 1822 4165 dubio
1863 4126 1998 4165 con-

430 4198 734 4253 cedendum
767 4208 851 4254 est
882 4201 972 4269 jus
1022 4199 1232 4271 Ignatio
1284 4199 1453 4257 fuisse
1498 4201 1816 4258 eorumdem
1853 4201 2001 4255 ordi-

430 4305 563 4343 num
593 4292 814 4346 nomina
841 4294 896 4345 in
923 4293 1169 4362 epistolis
1202 4294 1528 4364 scriptisque
1556 4294 1671 4349 suis
1708 4308 1923 4363 semper
1947 4301 2002 4346 et

429 4382 634 4452 ubique
657 4384 1051 4455 distinguendi.
1076 4384 1270 4441 Nullus
1299 4387 1441 4439 enim
1481 4386 1591 4440 ullo
1621 4401 1859 4456 unquam
1878 4385 2001 4455 jure

428 4478 697 4546 suspicari
742 4489 952 4549 potest,
1008 4481 1290 4551 multoque
1339 4480 1520 4535 minus
1563 4479 1764 4534 inferre
1820 4480 1997 4545 debet,

428 4574 632 4642 scripta
682 4574 925 4629 auctoris
980 4573 1215 4643 alicujus
1266 4574 1388 4628 ideo
1440 4574 1827 4643 proscribenda
1875 4591 1996 4630 esse
2026 4564 2073 4618 D

428 4666 645 4736 ipsique
672 4666 1210 4736 abjudicanda,quod
1240 4666 1293 4719 in
1327 4666 1393 4721 iis
1422 4682 1487 4721 ea
1538 4667 1759 4722 nomina
1800 4667 1998 4723 distin-

428 4761 591 4823 xerit,
613 4776 846 4829 quorum
870 4761 972 4814 rite
999 4760 1509 4830 distinguendorum
1535 4760 1630 4831 jus
1658 4771 2002 4831 potestatem-

427 4866 534 4923 que
561 4852 813 4906 habebat.

496 4946 588 5013 At,
629 4946 809 5015 inquit
830 4944 1084 5013 Dallaeus,
1109 4948 1338 5019 apostoli
1368 4948 1583 5019 virique
1620 4948 1906 5020 apostolici
1935 4962 2001 5003 ea

424 5039 651 5091 nomina
682 5052 791 5091 non
819 5037 1134 5093 distinxere.
1162 5038 1291 5093 Esto
1322 5055 1429 5094 non
1457 5041 1806 5095 distinxerim
1824 5083 1837 5095 .
1865 5040 2008 5107 Quid

426 5130 552 5185 inde
607 5128 842 5184 Dallaaus
890 5130 1166 5199 conjicere
1200 5139 1412 5199 potest,
1446 5131 1551 5186 nisi
1599 5131 1721 5187 illos
1756 5132 1881 5203 jure
1904 5148 2005 5187 suo

427 5236 526 5275 nec
557 5235 690 5275 usos
719 5235 863 5285 esse,
896 5236 997 5275 nec
1047 5221 1124 5274 uti
1155 5221 1417 5287 voluisse,
1442 5238 1553 5292 quo
1582 5224 1800 5294 quidem
1848 5223 2007 5295 lgna-

429 5314 534 5367 tius
565 5315 645 5368 uti
676 5315 869 5379 voluit,
903 5315 1120 5385 sibique
1145 5316 1406 5371 utendum
1439 5332 1560 5373 esse
1584 5319 1751 5388 justis
1782 5319 1849 5373 de
1871 5334 2001 5374 cau—

435 5404 503 5455 sis
532 5405 833 5463 arbitratus
867 5408 984 5463 est?
1018 5407 1082 5461 ‘In
1133 5409 1378 5478 epistolis
1410 5411 1554 5465 enim
1602 5414 1739 5476 suis,
1766 5427 1905 5482 quas
1935 5411 2002 5465 ad

432 5493 701 5582 Ecclesias
733 5502 1021 5570 dirigebat,
1052 5512 1103 5556 et
1151 5503 1206 5557 in
1256 5503 1325 5558 iis
1355 5503 1568 5574 publice
1604 5504 1859 5575 legendas
1884 5520 2005 5560 esse

431 5588 783 5647 subdubitare
797 5596 1405 5663 poterat,obcdicntiatn
1421 5612 1486 5651 ac
1507 5597 1863 5653 reverentiam
1892 5598 2007 5666 epi-

1486 331 1542 383 S.
1586 322 1933 383 lGNATlUS.
1973 351 2037 360 ——
2075 308 2601 373 PROLEGOMENA.

964 462 1113 516 Actis
1163 475 1287 513 cum
1343 455 1546 511 Graecis
1605 462 1719 507 tum
1778 446 1982 505 Latinis
2011 456 2055 508 Α
2086 441 2290 511 scopis,
2321 435 2652 510 presbyteris
2692 438 2748 485 et
2782 418 3320 516 diaconis,_singulis
3345 412 3652 516 quibusex

3550 290 3650 344 535

2085 508 2203 605 prof
2220 508 2333 588 suo
2354 528 2547 583 ordine
2577 523 2835 584 debitam,
2868 531 2991 587 quae
3032 514 3149 569 sine
3184 508 3654 605 singulorumsin-

2088 593 2297 676 initium
2324 616 2673 674 distinctione
2701 606 2966 667 declarari
2996 620 3105 658 non
3136 608 3338 672 potest,
3377 598 3434 649 in
3466 593 3653 663 primis

2088 710 2432 768 commendat
2463 717 2516 761 et
2538 703 2801 777 pratcipit.

2158 804 2298 861 Huic
2326 812 2506 858 autem
2534 776 2736 855 nostra:
2766 788 3107 864 responsioni
3125 801 3234 841 non
3262 783 3443 839 solum
3470 795 3539 835 es
3570 776 3652 840 iis,

2090 916 2209 971 qua:
2254 895 2568 967 imprudens
2623 891 2855 945 Dallaeus
2902 881 3204 945 concessit,
3414 890 3478 929 es

2088 964 2252 1048 etiam
2300 964 2621 1060 rigidiorum
2649 983 3161 1055 presbyteranorum
3202 970 3462 1040 opinione
3491 964 3655 1060 pluri-

2090 1098 2241 1138 mum
2271 1057 2485 1135 roboris
2531 1078 2742 1132 accedit
2779 1084 2837 1129 et
2870 1066 3219 1127 firmamenti.
3260 1060 3474 1116 Etenim
3504 1057 3655 1109 Blon—

2090 1176 2286 1239 dellus,
2303 1187 2415 1243 quo
2441 1186 2601 1226 nemo
2632 1171 2775 1223 inter
2794 1166 3211 1237 presbyteranos
3233 1153 3485 1221 rigidior,
3510 1153 3658 1205 docet

2091 1266 2513 1337 apostolicorum
2551 1262 2794 1314 virorum
2845 1267 3086 1322 tempore
3132 1247 3489 1304 vetustiorem

2091 1331 2369 1427 sbyterum
2401 1354 2455 1406 in
2494 1350 2738 1405 defuncti
2779 1344 3019 1417 episcopi
3051 1342 3231 1396 locum
3262 1337 3412 1391 nulla
3444 1331 3657 1427 quidem

2091 1424 2357 1504 electione
2377 1447 2460 1500 vel
2490 1443 2864 1505 ordinatione,
2897 1436 2992 1493 sed
3039 1435 3157 1490 solo
3194 1427 3549 1499 antiquitatis
3582 1424 3661 1490 ju-

2091 1546 2187 1606 re,’
2207 1557 2267 1595 ea
2322 1518 2438 1609 lege
2492 1538 2848 1604 subrogatum
2888 1529 3091 1593 fuisse;
3123 1537 3182 1581 ut
3211 1540 3278 1578 eo
3324 1524 3447 1593 ipso
3479 1518 3663 1589 prima

2093 1632 2397 1696 cathedrae,
2446 1626 2877 1700 prwsidialisque
2933 1618 3217 1690 potestatis
3270 1616 3398 1684 jus,
3456 1611 3665 1666 caneris

2094 1723 2425 1795 presbyteris
2461 1731 2736 1791 negatum,
2766 1718 2842 1771 illi
2870 1715 3224 1771 tribueretur.
3254 1707 3360 1773 Qui
3390 1713 3578 1759 autem
3616 1702 3665 1754 iu

2095 1830 2178 1879 ea,
2207 1814 2334 1867 licet
2358 1813 2517 1876 falsa,
2554 1823 2680 1865 sunt
2725 1807 3002 1877 opinione,
3037 1798 3270 1857 inliciati
3315 1809 3663 1865 nequaquam

2094 1915 2325 1976 possunt
2356 1920 2550 1959 nomen
2594 1901 2831 1973 episcopi
2865 1896 3220 1969 presbyteris,
3253 1892 3346 1961 qui
3384 1904 3453 1944 eo
3483 1887 3668 1954 prima

2094 1998 2365 2055 cathedra:
2422 1994 2851 2065 prmsidialisque
2922 1987 3207 2060 potestatis
3271 1985 3400 2053 jure
3472 1981 3666 2051 privati

2093 2100 2287 2156 erant,
2337 2090 2533 2143 merito
2583 2088 2653 2142 ab
2704 2084 2911 2154 lgnatio
2950 2083 3311 2151 denegatum;
3369 2092 3436 2131 ac
3474 2074 3668 2128 merito

2094 2181 2322 2252 proinde
2373 2177 2597 2233 nomina
2641 2174 2881 2245 episcopi
2911 2182 2966 2227 et
3015 2170 3316 2241 presbyteri
3343 2167 3417 2221 ab
3453 2165 3553 2218 illo
3580 2178 3669 2217 nec

2094 2271 2379 2336 confundi,
2424 2285 2525 2324 nec
2566 2267 2879 2339 promiscue
2926 2260 3533 2331 indiscriminatimque
3580 2258 3670 2311 ha-

2095 2364 2233 2417 beri.
2255 2361 2334 2416 Ad
2366 2358 2744 2430 distinguenda
2790 2358 2937 2412 enim
2979 2370 3163 2410 rerum
3209 2353 3459 2417 nomina,
3488 2365 3667 2405 veram

2096 2470 2280 2510 rerum
2328 2455 2572 2524 ipsarum
2609 2450 3023 2506 distinctionem
3056 2448 3192 2503 satis
3216 2459 3502 2515 superque
3534 2456 3667 2504 esse.

2098 2546 2299 2611 nullus,
2324 2546 2540 2615 opinor,
2569 2544 2918 2599 dubitaverit.

2099 2659 2130 2731 ﬁ
2158 2658 2221 2714 Il.
2253 2658 2383 2713 Haec
2420 2659 2635 2712 nomina
2666 2658 2734 2731 ut)
2775 2656 3059 2731 apostolis,
3103 2654 3333 2721 uirisque
3363 2648 3670 2719 apostolicis

2648 2728 2813 2797 fuisse
2850 2728 3122 2781 distincta.

2169 2840 2292 2896 Haec
2325 2855 2457 2895 sane
2508 2841 2576 2895 ad
2628 2839 3017 2895 destruendum
3050 2836 3378 2907 penitusque
3422 2843 3672 2888 everten-

2094 2935 2224 2990 dam
2283 2934 2582 2988 maximum
2635 2932 2818 2987 Dallari
2868 2941 3249 3002 argumentum
3304 2930 3410 2982 etsi
3466 2930 3674 2981 abunde

2098 3026 2405 3091 sulliciant,
2438 3026 2503 3081 ad
2541 3041 2657 3081 rem
2691 3035 2873 3080 tamen
2899 3025 3074 3094 ipsam
3104 3022 3536 3077 examinandam
3562 3022 3673 3074 ani-

2098 3134 2189 3173 mo
2217 3118 2597 3173 lubentissimo
2619 3117 2983 3188 aggredimur.
3010 3114 3163 3181 Quod
3192 3114 3358 3184 igitur
3381 3114 3674 3184 apostolos,

2096 3209 2532 3280 apostolicosque
2558 3210 2707 3264 viros
2739 3208 2956 3263 duobus
2981 3206 3256 3276 prioribus
3290 3204 3560 3260 Ecclesiae
3584 3221 3675 3259 sa:-

2096 3303 2237 3359 culis
2278 3304 2502 3357 nomina
2553 3302 2794 3372 episcopi
2825 3310 2879 3354 et
2908 3300 3209 3371 presbyteri
3245 3314 3471 3367 semper
3490 3296 3678 3352 confu-

2093 3394 2243 3449 disse
2272 3410 2336 3448 ac
2366 3393 2843 3449 indiscriminatim
2886 3400 2942 3446 et
2986 3391 3299 3460 promiscue
3351 3402 3674 3458 usurpasse.

2094 3496 2245 3542 tanta
2286 3487 2481 3542 fiducia
2535 3486 2769 3541 Dallteus
2818 3486 3035 3547 asserit,
3095 3485 3148 3538 id
3194 3483 3397 3539 falsum
3456 3483 3679 3536 omnino

2092 3590 2196 3646 est,
2224 3580 2548 3649 penitusque
2595 3578 2867 3633 ﬁctilium.
2913 3577 2975 3631 Et
3005 3576 3182 3647 primo
3212 3577 3441 3646 quidem
3480 3578 3535 3630 in
3585 3578 3677 3628 hoc.

2093 3665 2271 3725 falsus
2300 3681 2382 3724 est
2408 3667 2676 3733 Dallaeus,
2703 3668 2849 3737 quod
2890 3667 3067 3735 plura,
3096 3681 3260 3735 quam
3312 3680 3415 3734 par
3442 3674 3585 3726 erat,
3617 3684 3673 3721 ex

2097 3763 2218 3833 ipso
2238 3761 2762 3832 Presbyteranorum
2814 3773 3039 3813 suorum
3089 3757 3411 3811 testimonio
3438 3769 3675 3823 tempora

2098 3854 2414 3924 complexus
2464 3854 2554 3909 sit.
2607 3852 2744 3907 Nam
2798 3851 3113 3906 Blondellus
3148 3847 3675 3919 Presbyteranorum

2098 3949 2322 4011 erroris,
2354 3945 2432 4001 uti
2484 3945 2747 4009 diximus,
2797 3943 3101 3999 acerrimus
3147 3940 3427 4005 defensor,
3462 3940 3677 3993 indubi-

2101 4047 2280 4093 tanter
2328 4037 2560 4091 afﬁrmat
2599 4052 2794 4091 novam
2844 4035 3065 4091 creandi
3115 4034 3354 4104 episcopi
3412 4032 3675 4087 formam.

2100 4144 2207 4199 qua
2254 4128 2587 4199 presbyteris
2631 4128 2883 4198 superior
2929 4127 3303 4189 constituitur,
3354 4125 3432 4178 ab
3480 4122 3675 4177 Christi

2103 4236 2248 4276 anno
2277 4221 2380 4275 130
2425 4219 2596 4275 fuisse
2642 4219 3027 4274 introductam.
3062 4216 3131 4270 At
3157 4226 3306 4270 certe
3339 4228 3548 4283 negare
3579 4226 3675 4265 non

2103 4322 2334 4382 possunt
2362 4310 2767 4381 Presbyterani,
2802 4311 2947 4364 hunc
2988 4308 3230 4378 episcopi
3258 4321 3427 4375 supra
3461 4305 3678 4374 presby—

2102 4410 2253 4457 teros
2307 4403 2559 4473 gradum,
2608 4416 2796 4455 secum
2848 4401 3091 4469 ipsorum
3143 4412 3360 4467 quoque
3395 4397 3673 4449 nominqu

2110 4496 2381 4550 invexisse
2430 4494 2860 4549 distinctionem.
2908 4490 3025 4544 Non
3069 4494 3214 4545 enim
3260 4489 3369 4543 alia
3402 4489 3474 4541 de
3518 4501 3675 4541 causa

2102 4606 2219 4645 eam
2253 4589 2414 4644 tertio
2445 4587 2646 4646 saeculo
2672 4585 2868 4639 factam
2913 4584 3080 4639 fuisse
3108 4582 3241 4639 dicit
3268 4581 3507 4635 Daiheus
3528 4621 3545 4645 ,
3580 4580 3674 4633 nisi

2103 4684 2229 4752 quia
2261 4696 2397 4733 nm‘a
2426 4678 2643 4733 creandi
2674 4677 2987 4746 episcopum
3021 4675 3194 4729 forma
3220 4684 3350 4729 tunc
3370 4674 3674 4729 introducta

2102 4784 2205 4829 est.
2254 4772 2390 4828 Cum
2442 4771 2532 4824 illa
2578 4786 2707 4838 ergo
2737 4770 2890 4838 juxta
2929 4767 3353 4839 Presbyteranos
3402 4782 3551 4819 anno
3585 4765 3677 4818 rso

2101 4867 2243 4923 facta
2286 4867 2377 4929 sit,
2411 4863 2751 4933 septuaginta
2801 4862 2929 4916 anui
2970 4876 3000 4914 a
3032 4860 3307 4917 Danaaano
3345 4860 3564 4915 calculo
3591 4860 3676 4912 de-

2102 4956 2350 5012 trahendi
2377 4964 2524 5010 sunt.

2174 5045 2295 5100 .Iani
2336 5061 2467 5099 vero
2506 5044 2551 5099 si
2588 5044 2662 5097 ad
2691 5042 2975 5112 superiora
3019 5052 3264 5111 tempora
3293 5040 3671 5097 ascendamus.

2108 5136 2397 5191 Dallazana:
2422 5135 2741 5191 assertionis
2769 5134 2978 5188 falsitas
3016 5134 3232 5202 planius
3275 5131 3675 5198 dilucidiusque

2106 5229 2408 5298 apparebit.
2437 5225 2649 5281 Nemini
2692 5226 2891 5294 quippe
2918 5226 3161 5295 ignotum
3201 5234 3286 5278 est
3311 5240 3476 5294 quam
3508 5234 3672 5291 pauca

2108 5321 2267 5375 nobis
2321 5320 2595 5389 supersint
2647 5318 3077 5387 apostolicorum
3130 5316 3375 5371 virorum
3440 5315 3671 5382 scripta.

2109 5431 2211 5470 nec
2242 5415 2335 5469 ulli
2386 5413 2609 5468 dubium
2666 5426 2790 5466 esse
2828 5420 3028 5480 potest,
3057 5409 3189 5479 quin
3227 5408 3461 5479 plurima
3487 5421 3670 5462 eorum

2110 5521 2273 5575 opera
2328 5505 2438 5561 sint
2484 5502 2799 5574 deperdita,
2831 5516 3008 5571 neque
3057 5501 3111 5556 in
3166 5511 3383 5556 nostras
3435 5496 3673 5552 venerint

2112 5613 2328 5653 manus.
2363 5595 2516 5653 Unde
2544 5611 2672 5666 ergo
2703 5594 2959 5665 probabit
3004 5592 3234 5648 Dalla'us
3254 5631 3272 5656 ,
3303 5606 3487 5645 omnes
3518 5585 3668 5657 primi

506 5744 1064 5817 “cap.‘25,p.385.
1148 5722 1686 5821 "cap.26,p.386.
1768 5749 2126 5820 “[Iag.586.
