3800 6208
115 260 204 313 537

1090 254 1152 308 D.
1192 253 1478 311 NOURRII
1514 253 1996 312 DISSERTATIO.
2036 282 2103 293 —-
2153 247 2329 304 PARS
2368 247 2405 301 Ι.

3268 244 3372 301 558

113 390 156 432 et
186 379 411 433 secundi
446 380 647 434 saeculi
682 378 978 449 scriptores
1021 378 1231 433 nullum
1270 393 1511 447 unquam
1556 376 1697 430 inter
1726 383 1773 438 Α
1799 373 2247 430 consuetudinem
2286 370 2506 426 secundi
2538 369 2724 426 saeculi
2753 369 3109 439 scriptorum,
3131 366 3225 437 qui
3249 366 3372 421 istis

113 469 339 539 episcopi
390 480 453 525 et
506 472 825 542 presbyteri
872 470 1089 525 nomina
1124 469 1475 524 constituisse
1499 466 1695 521 discri-

114 563 258 615 men?
279 560 550 632 Nunquid
589 564 699 633 ipsi
731 562 874 633 quod
909 562 961 616 in
997 562 1289 631 deperditis
1318 560 1541 616 Patrum
1569 573 1699 628 ope-

114 654 247 706 ribus
275 655 558 724 scriptum
586 655 777 717 fuerit,
810 653 1131 724 patefactum
1162 653 1282 708 est?

174 743 494 814 Respondet
542 745 784 800 Dailteus
832 761 890 799 se
919 746 967 799 id
1000 748 1229 814 probare
1264 759 1332 798 ex
1372 742 1697 813 Chrysosto-

112 851 209 902 mo,
243 835 640 901 Theodorelo,
681 839 914 908 aliisque
963 837 1385 908 posterioribus,
1437 836 1529 904 qui
1582 835 1697 889 haec

113 928 318 981 nomina
376 931 724 997 apostolicis
763 930 1095 998 temporibus
1123 928 1374 983 distincta
1418 935 1475 981 et
1501 927 1696 982 discri-

112 1021 298 1073 minata
354 1020 541 1076 fuisse
594 1026 785 1092 aperte
831 1022 1162 1077 inficiantur.
1211 1020 1356 1075 Bene
1397 1030 1479 1075 est
1522 1029 1691 1085 certe,

108 1110 234 1177 quod
265 1110 355 1163 ille
389 1125 498 1166 eos
549 1113 717 1167 nobis
763 1112 1026 1181 producat
1060 1120 1245 1173 testes,
1282 1110 1375 1180 qui
1406 1119 1595 1165 contra
1624 1110 1692 1163 il—

108 1199 199 1255 lius
224 1202 559 1271 opinionem
610 1203 991 1274 gravissimum
1034 1203 1193 1273 plane
1224 1202 1414 1257 dicunt
1443 1201 1692 1257 testimo-

110 1292 264 1346 nium.
311 1290 377 1347 Hi
438 1310 653 1363 nempe
705 1295 950 1365 quamvis
981 1295 1183 1364 Optime
1238 1304 1463 1348 nossent
1503 1293 1555 1347 in
1607 1293 1693 1348 his

106 1383 337 1451 epistolis
382 1385 628 1439 nomina
677 1387 916 1457 episc0pi
949 1395 1001 1441 et
1032 1386 1329 1458 presbyteri
1363 1401 1575 1456 semper
1604 1385 1691 1440 di-

108 1476 326 1544 stingui,
353 1492 461 1531 nec
491 1477 647 1532 inter
681 1493 741 1533 se
784 1479 894 1533 ullo
924 1494 1162 1549 unquam
1204 1477 1365 1532 modo
1394 1476 1688 1543 confundi;

107 1566 211 1619 illas
237 1575 422 1620 tamen
451 1568 680 1637 Ignatio
717 1578 905 1624 nostro
937 1578 1253 1624 constanter
1283 1569 1687 1637 adjudicarunt.

106 1658 245 1728 Atqui
284 1660 329 1714 si
367 1661 578 1715 eadem
613 1661 838 1715 nomina
884 1661 952 1715 ab
995 1661 1252 1716 omnibus
1291 1660 1413 1714 aliis
1444 1659 1607 1729 primi
1637 1667 1690 1712 et

106 1751 309 1803 mundi
360 1753 564 1807 saeculi
592 1752 958 1822 scriptoribus
1002 1751 1251 1816 confusa,
1286 1759 1339 1805 et
1373 1750 1442 1805 ab
1465 1760 1686 1803 auctore

106 1851 273 1897 nostro
324 1854 538 1914 praeter
591 1854 934 1900 constantem
986 1845 1409 1914 apostolicornm
1440 1842 1684 1895 virorum

107 1947 244 1987 usum
275 1945 333 1989 et
363 1937 843 1992 consuetudinem
897 1936 1150 1991 distincta
1188 1935 1359 1991 fuisse
1387 1949 1487 2005 pro
1535 1943 1686 1988 certo

107 2024 432 2094 habuissent,
463 2038 584 2082 tam
613 2037 819 2083 certam
858 2028 925 2083 de
954 2028 1040 2084 his
1071 2027 1317 2097 epistolis
1347 2025 1552 2098 lgnatio
1584 2027 1685 2081 tri-

106 2115 309 2172 buendis
340 2135 457 2173 non
494 2119 758 2174 tulissent
784 2120 1131 2175 sententiam.

160 2204 288 2271 Quid
319 2224 458 2278 ergo
489 2218 690 2264 contra
726 2217 889 2265 testes
920 2224 1050 2264 suos
1078 2209 1359 2279 proferent
1389 2209 1685 2265 Dallznani?

107 2298 343 2355 Dicentne
390 2304 525 2358 illos
578 2304 634 2356 in
686 2319 753 2358 eo
795 2318 1046 2369 errasse,
1095 2306 1239 2375 quod
1280 2307 1378 2362 has
1425 2309 1682 2377 epistolas

107 2391 288 2459 Ignatio
324 2397 740 2466 aseripserint?
782 2397 850 2450 At
898 2397 945 2451 si
1002 2397 1055 2451 in
1112 2399 1214 2452 hoc
1260 2415 1531 2466 erravere,
1584 2418 1684 2457 cur

108 2502 194 2538 non
222 2487 388 2542 etiam
423 2488 482 2541 in
509 2504 582 2542 eo
612 2486 737 2543 falsi
768 2497 914 2554 sunt,
948 2489 1095 2558 quod
1121 2490 1188 2544 de
1229 2491 1553 2548 confusione
1583 2510 1683 2548 no-

110 2580 293 2633 minum
326 2580 588 2650 episcopi
623 2588 679 2634 et
707 2581 1005 2653 presbyteri
1037 2582 1255 2651 scriptis
1285 2584 1684 2653 prodiderunt?

108 2669 285 2726 Deinde
333 2674 607 2742 quamvis
656 2673 711 2726 in
763 2673 933 2742 priori
983 2674 1159 2743 rapite
1199 2676 1408 2745 decepti
1443 2676 1677 2744 fuerint,

104 2778 156 2815 ex
180 2779 361 2818 eorum
387 2775 586 2819 tamen
626 2780 815 2819 errore
850 2766 1038 2821 eadem
1067 2782 1281 2836 semper
1310 2767 1530 2823 elicitur
1549 2784 1679 2823 cou-

107 2856 273 2921 clusio,
304 2856 431 2911 illos
486 2872 825 2927 persuasum
869 2858 1098 2913 firmiter
1153 2858 1408 2914 habuisse
1463 2875 1528 2914 ea
1561 2861 1678 2931 epi-

107 2947 229 3016 scopi
255 2957 306 3002 et
337 2948 663 3019 presbyteri
696 2950 917 3003 nomina
944 2965 1051 3004 non
1083 2966 1111 3003 a
1143 2951 1259 3005 solo
1288 2948 1515 3021 lgnatio,
1542 2968 1681 3023 prte-

1800 467 2080 522 vocabulis
2154 464 2624 519 indiscriminatim
2696 471 2946 517 utuntur.
3012 481 3034 514 ι
3096 459 3369 529 Optimam

1799 573 1931 611 sane
1976 554 2258 611 Pearsonii
2294 554 2450 607 tidem
2492 552 2684 623 probat
2732 549 3038 606 Dallaeanus
3074 549 3235 603 liber.
3265 547 3369 600 Sed

1796 647 2062 719 quidquid
2120 647 2187 702 de
2236 662 2299 701 ca
2337 646 2434 711 sit,
2482 661 2545 699 ex
2602 646 2686 699 his
2750 641 3002 696 Dallmani
3067 638 3372 696 defensoris

1796 740 1997 802 verbis,
2024 739 2156 795 illud
2191 750 2367 793 ratum
2415 744 2733 806 certumque
2778 734 3065 796 habemus,
3098 732 3242 802 quod
3272 731 3372 784 ali-

1796 837 1925 906 qui,
1962 837 2211 899 nemine,
2252 850 2320 890 ue
2359 835 2479 904 ipso
2530 832 2783 903 quidem,
2825 838 2885 884 ut
2926 828 3015 883 ille
3056 827 3202 891 vult,
3246 824 3370 878 Dal-

1795 925 1896 980 Ιωο
1938 925 2274 995 refragante,
2313 924 2494 979 sazculi
2552 922 2774 978 secundi
2816 920 3110 989 scriptorcs
3148 915 3367 970 nomina

1794 1017 2036 1087 episcopi
2091 1027 2146 1071 et
2204 1015 2506 1087 presbyteri
2557 1014 2744 1068 eodem
2803 1028 2869 1067 ac
2928 1011 3168 1082 lgnatius
3209 1009 3369 1064 modo

1794 1110 2164 1166 distinxerim.
2207 1108 2285 1163 Ex
2324 1109 2410 1162 his
2451 1122 2614 1177 porro
2652 1120 2773 1175 qua:
2812 1103 3107 1157 adversarii
3150 1101 3231 1155 vel
3270 1116 3369 1154 vo-

1791 1202 1966 1259 lentes
2002 1204 2086 1257 vel
2126 1203 2277 1257 inviti
2318 1200 2575 1265 fatentur,
2615 1208 2804 1254 contra
2829 1212 2923 1252 eos
2959 1196 3041 1251 sic
3076 1210 3369 1264 argumen-

1797 1293 2112 1349 tamur:E:e
2146 1293 2390 1365 epistolae
2414 1292 2468 1346 in
2507 1291 2709 1362 quibus
2740 1299 2934 1360 praeter
2973 1304 3132 1344 usum
3162 1296 3215 1341 et
3237 1301 3371 1341 con-

1793 1386 2136 1441 suetudinem
2204 1385 2353 1440 illius
2399 1383 2626 1448 saeculi,
2683 1398 2870 1437 verum
2927 1382 3070 1437 inter
3124 1378 3367 1450 episcopi

1792 1485 1844 1530 et
1880 1476 2183 1547 presbyteri
2229 1476 2453 1531 nomina
2488 1473 2784 1531 disrrimen
2834 1488 3050 1542 semper
3083 1472 3362 1536 statuitur,

1792 1584 1904 1623 non
1931 1569 2114 1624 minus
2141 1568 2333 1639 Ignatii
2358 1566 2500 1622 fetus
2542 1574 2690 1631 sunt,
2715 1581 2879 1635 quam
2904 1565 3103 1634 scripta
3133 1563 3363 1617 aliorum

1792 1659 2035 1730 ejusdem
2063 1660 2249 1715 saeculi
2278 1670 2590 1723 auctorum,
2622 1657 2674 1710 iu
2699 1657 2900 1726 quibus
2925 1656 3091 1719 idem,
3118 1654 3370 1724 quamvis

1791 1754 1992 1816 rarius,
2010 1753 2303 1808 discrimen
2333 1752 2575 1822 ponitur,
2597 1766 2786 1806 eorum
2817 1764 2940 1803 vere
2962 1756 3109 1813 sunt,
3133 1762 3367 1817 quorum

1789 1845 2107 1901 nominibus
2158 1845 2555 1900 inscribuntur.
2601 1842 2738 1909 Quis
2763 1841 2911 1895 enim
2956 1841 3162 1894 abnuat
3208 1836 3367 1908 lgna-

1788 1937 1928 1993 tium
1960 1936 2202 2007 potuisse
2230 1951 2294 1989 ea
2336 1950 2551 2005 semper
2581 1933 2919 2001 distinguere
2960 1932 3214 1995 nomina,
3245 1945 3371 1999 qua:

1780 2031 1905 2100 jure
1946 2031 2145 2087 merito
2184 2030 2255 2085 ab
2307 2030 2433 2085 aliis
2483 2028 2733 2100 pluribus
2775 2024 3069 2095 aliquando
3109 2022 3366 2077 distincta

1783 2121 1955 2179 fuisse
2007 2131 2217 2177 certum
2281 2136 2510 2191 prorsus
2559 2130 2997 2185 concessumque
3037 2114 3160 2168 est?
3201 2110 3365 2181 Atqui

1786 2214 2084 2271 fatentibus
2114 2214 2481 2279 adversariis,
2530 2212 2713 2284 plures
2765 2207 2991 2265 secundi
3027 2205 3214 2260 surculi
3262 2219 3366 2257 au-

1784 2318 1963 2363 ctores
1993 2308 2047 2364 in
2079 2306 2349 2376 Operibus
2384 2315 2439 2360 et
2482 2304 2737 2374 scriptis,
2764 2317 2887 2373 quae
2926 2315 3052 2354 vere
3073 2300 3142 2353 ah
3169 2297 3364 2352 iisdem

1784 2412 1914 2457 sunt
1940 2401 2108 2467 edita,
2142 2399 2385 2470 episcopi
2410 2408 2465 2454 et
2484 2397 2785 2468 presbyteri
2812 2394 3034 2449 nomina
3067 2390 3367 2462 aliquando

1781 2495 2175 2550 distinxerunt.
2206 2490 2390 2546 Potuit
2416 2505 2548 2560 ergo
2572 2488 2815 2559 lgnatius
2843 2486 3031 2541 eadem
3064 2484 3285 2540 nomina
3310 2483 3366 2537 in

1780 2585 2026 2655 epistolis
2066 2584 2185 2638 suis
2221 2598 2437 2652 semper
2464 2582 2822 2650 distinguere,
2851 2594 2952 2633 nec
2975 2593 3094 2632 eam
3128 2575 3199 2631 ob
3229 2591 3365 2630 cau-

1781 2694 1898 2733 sam
1926 2677 2126 2732 debent
2154 2674 2254 2746 ipsi
2286 2675 2355 2729 ab
2385 2671 2720 2728 adversariis
2750 2667 3077 2739 abjudicari.

1849 2768 2163 2830 Addamus,
2215 2765 2261 2820 si
2312 2765 2492 2830 lubet,
2544 2762 2685 2832 apud
2728 2760 3021 2816 Eusebium
3064 2756 3363 2811 Ecclesium

1780 2858 2206 2931 Lugdunensem
2264 2856 2358 2911 lib.
2400 2872 2432 2909 v
2472 2854 2621 2909 Hist.
2658 2869 2780 2923 cap.
2814 2852 2864 2918 l,
2898 2850 3216 2921 Dionysium
3252 2848 3363 2902 Co-

1776 2949 2040 3007 rinthium
2075 2949 2167 3002 lib.
2196 2963 2269 3013 IV,
2305 2960 2424 3015 cap.
2441 2945 2532 3011 ‘23,
2566 2944 2903 3015 Polycratem
2928 2942 3021 2995 lib.
3042 2956 3095 3006 v,
3123 2954 3242 3008 cap.
3267 2937 3360 3003 24,

108 3044 177 3132 t-r
189 3046 533 3093 constantem
563 3047 888 3093 czeterornm
914 3039 1158 3094 omnium
1186 3056 1393 3096 morem
1414 3052 1468 3098 et
1490 3060 1674 3108 usum,
1704 3071 1748 3132 ε
1781 3046 1834 3097 in
1906 3042 2020 3096 suis
2075 3038 2319 3110 epistulis
2381 3053 2661 3106 nunquam
2711 3033 3027 3106 presbytero
3103 3028 3363 3084 tribuisse

107 3127 179 3181 sed
217 3129 281 3183 ab
321 3130 455 3184 aliis
500 3129 677 3184 etiam
711 3131 1040 3199 quibusdam
1088 3133 1372 3203 apostolici
1405 3135 1505 3190 aevi
1538 3138 1675 3191 scri-

106 3219 321 3285 ptoribus
357 3220 540 3277 fuisse
571 3220 852 3276 distincta.

160 3330 215 3385 Et
236 3343 381 3388 certe
412 3349 540 3389 rem
590 3335 671 3387 ita
715 3350 772 3390 se
801 3335 1003 3391 habere
1033 3339 1157 3393 inde
1189 3339 1457 3394 evincitur
1477 3381 1492 3407 ,
1527 3342 1671 3412 quod

106 3434 281 3479 certum
309 3427 382 3481 sit
424 3426 726 3496 apostolos
760 3428 913 3496 ipsos
937 3428 1012 3483 ita
1043 3430 1109 3485 de
1144 3431 1445 3502 presbyteri
1474 3442 1528 3487 et
1556 3434 1675 3487 dia-

106 3519 201 3571 coni
245 3521 703 3577 ordinationibus
765 3523 1069 3590 disserere,
1118 3537 1176 3579 ut
1224 3540 1317 3581 eas
1358 3541 1573 3598 semper
1606 3528 1675 3581 ab

105 3614 348 3684 cpisc0po,
392 3631 695 3685 nunquam
740 3632 770 3669 a
804 3616 1122 3688 presbytero
1156 3616 1271 3673 fieri
1302 3618 1497 3673 debere
1524 3635 1675 3675 asse-

107 3717 280 3761 verent.
303 3710 387 3763 Ad
420 3712 550 3764 lucc
578 3722 713 3761 vero
741 3706 965 3776 Paulus,
998 3724 1121 3763 cum
1155 3711 1419 3766 adversus
1449 3713 1673 3785 presby-

108 3803 228 3852 teros
246 3800 670 3855 accusationem
699 3798 867 3868 recipi
895 3808 1038 3853 vetat
1067 3817 1080 3852 :
1108 3799 1369 3854 Adversus
1403 3800 1665 3873 presbyte-

107 3901 199 3938 rum
232 3892 334 3945 cito
378 3891 789 3946 accusationem
824 3889 933 3942 noli
962 3891 1188 3960 recipere
1228 3892 1306 3957 ";
1342 3891 1416 3945 ibi
1459 3891 1526 3947 de
1554 3895 1671 3963 epi-

107 3994 241 4050 scopo
265 3982 620 4056 presbyteris
654 3980 937 4050 superiore
975 3980 1236 4051 loquitur.
1262 3981 1338 4036 Ex
1375 3982 1459 4038 his
1489 3993 1669 4039 autem

108 4085 191 4123 non
219 4074 448 4131 obscure
501 4073 819 4144 colligimus
861 4074 1139 4142 apostolos
1184 4084 1315 4131 tunc
1341 4075 1582 4147 episcopi
1618 4086 1673 4132 et

108 4164 371 4236 presbyteri
404 4167 673 4230 nomina,
720 4181 844 4220 eum
874 4164 942 4220 de
970 4165 1164 4222 olIieiis
1206 4167 1505 4237 unicuique
1536 4184 1665 4237 pro-

108 4254 212 4319 priis
250 4260 651 4329 loquebantur,
689 4266 834 4312 recte
858 4256 1215 4323 distinxisse;
1247 4273 1349 4313 nec
1371 4274 1434 4315 ea
1468 4258 1667 4315 confu-

108 4345 241 4416 disse,
275 4352 378 4407 nisi
411 4367 549 4407 cum
581 4350 650 4405 de
680 4349 907 4417 muniis,
932 4366 1053 4420 qua:
1084 4350 1331 4421 utrisque
1352 4354 1664 4408 communia

108 4450 251 4507 erant,
279 4457 607 4499 sermonem
640 4441 902 4496 facerent.

161 4527 283 4595 Quid
329 4533 487 4603 quod
533 4539 591 4586 et
639 4530 823 4601 plures
860 4542 1162 4588 occurrunt
1210 4533 1435 4590 secundi
1480 4533 1666 4589 saeculi

110 4622 398 4691 scriptores,
445 4622 549 4695 qui
588 4622 734 4676 idem
770 4637 836 4677 ac
874 4620 1152 4694 Ignatius,
1178 4624 1317 4679 inter
1340 4624 1580 4695 episcopi
1610 4632 1666 4680 et

112 4714 371 4785 presbyteri
418 4713 657 4771 nomina
707 4712 1035 4780 discrimen,
1075 4714 1431 4785 eamdemque
1470 4716 1668 4771 distin-

110 4806 309 4864 ctionem
340 4819 617 4867 statuere.
656 4807 714 4862 Id
747 4808 964 4877 quidem
1000 4809 1148 4878 quod
1180 4810 1411 4865 Uallteus
1438 4826 1667 4881 negasse

111 4897 377 4969 videbatur,
398 4911 562 4958 tanta
587 4900 858 4957 evidentia
882 4901 1276 4957 demonstravit
1298 4900 1663 4971 Pearsonius;

114 4999 156 5042 ut
190 4994 250 5047 ab
294 5010 582 5065 anonymo
624 4991 810 5048 Dallwi
854 4991 1143 5048 defensore
1195 4994 1299 5049 hoc
1344 5009 1665 5065 responsum

111 5087 342 5152 acceperit
371 5087 416 5119 ³⁸
446 5108 462 5144 ;
504 5106 523 5137 ι
563 5084 707 5139 Mala
742 5083 848 5139 ﬁde
894 5084 1079 5140 Dallaei
1112 5087 1436 5141 sententiam
1470 5102 1669 5156 repraa-

114 5185 273 5243 sentat,
302 5180 466 5248 quasi
500 5185 732 5247 negaret
758 5175 1053 5232 discrimen
1084 5177 1218 5233 illud
1257 5178 1399 5233 inter
1422 5177 1663 5249 episcopi

113 5274 152 5316 et
188 5273 474 5343 presbyteri
530 5269 761 5324 nomina
807 5283 841 5323 a
891 5269 1164 5326 veteribus
1195 5286 1436 5341 unquam
1475 5274 1665 5328 obser-

116 5369 264 5415 vatum
285 5376 426 5418 esse.
454 5360 669 5417 Tamen
708 5358 813 5414 alia
844 5373 999 5415 mens
1028 5359 1131 5414 fuit
1159 5358 1381 5429 Dallaao,
1406 5363 1499 5432 qui
1527 5363 1667 5417 dun-

115 5455 236 5504 Mat
273 5454 469 5509 asserit
528 5449 801 5521 lgnatium
852 5450 1046 5519 ingens
1087 5465 1302 5521 semper
1365 5454 1664 5509 discrimen

116 5549 319 5600 statuere
367 5547 511 5600 inter
562 5541 685 5597 haec
733 5541 845 5595 duo
894 5542 1140 5609 nomina,
1176 5552 1375 5613 praeter
1419 5560 1579 5601 usum
1611 5555 1665 5601 ct

198 5689 232 5720 "
256 5691 272 5744 l
298 5689 439 5746 'I'im.
477 5709 539 5757 v,
574 5690 659 5745 l9.
762 5689 802 5721 "‘
830 5706 947 5762 pag.
976 5691 1100 5747 500.

1778 3134 2021 3205 episcopi
2045 3147 2265 3186 nomen.
2287 3128 2429 3198 Ergo
2453 3129 2671 3183 nomina
2708 3124 2948 3196 episcopi
2981 3132 3035 3178 et
3062 3121 3362 3193 presbyteri

1778 3244 1884 3281 non
1920 3240 2132 3295 semper
2162 3222 2538 3288 confundunt,
2582 3221 2675 3275 scd
2708 3220 2799 3273 illa
2832 3233 2985 3288 teque
3026 3232 3090 3271 ac
3120 3214 3365 3286 lgnatius

1778 3328 1961 3375 noster
1991 3335 2022 3372 a
2056 3333 2115 3372 se
2141 3317 2375 3371 invicem
2416 3323 2602 3385 aperte
2633 3312 3038 3367 discriminant.

1780 3432 1808 3505 ς
1836 3430 1923 3487 lll.
1944 3429 2305 3500 Respondetur
2330 3424 2608 3506 objectiorti
2640 3438 2704 3477 ea:
2724 3420 3011 3492 Polycarpi
3043 3418 3362 3472 auctoritate

2461 3504 2666 3567 petttw.

1854 3616 2060 3672 Instant
2108 3627 2291 3670 tamen
2346 3611 2675 3673 adversarii,
2718 3608 2964 3679 nihilque
3019 3604 3358 3661 remittentes

1776 3714 1973 3779 urgent
2030 3704 2434 3776 Polycarpum,
2499 3701 2739 3756 amicitia
2791 3707 2847 3753 et
2900 3696 3092 3753 ordine
3148 3693 3359 3765 lgnatio

1776 3798 2313 3871 conjunctissimum,
2338 3796 2391 3850 in
2418 3794 2645 3864 epistola
2674 3793 2741 3847 ad
2762 3791 3164 3861 Philippenses,
3189 3785 3358 3840 tacito

1774 3891 2017 3963 episcopi
2077 3890 2320 3957 nomine,
2374 3887 2510 3944 illud
2564 3903 2691 3944 cum
2746 3883 3045 3957 presbyteri
3088 3880 3358 3935 vocabulo

1776 3998 1995 4053 semper
2031 3981 2381 4048 confudisse;
2423 3980 2660 4050 hincque
2690 3992 2815 4033 eum
2847 3976 3053 4030 dixisse
3080 3989 3094 4027 τ
3128 3992 3146 4023 ‹
3177 3971 3359 4039 Quare

1771 4084 2102 4146 oportet.....
2124 4074 2319 4145 subjici
2348 4072 2681 4144 presbyteris
2715 4079 2769 4126 et
2795 4068 3062 4135 diaconis,
3094 4077 3358 4135 tanquam

1769 4169 1992 4224 Christo
2038 4177 2093 4223 et
2126 4165 2273 4222 Deo?
2302 4185 2319 4218 ι
2374 4164 2790 4234 Respondemus
2836 4161 3014 4232 primo
3070 4159 3206 4213 nihil
3258 4173 3357 4227 pe-

1770 4261 1921 4315 nitus
1952 4275 2017 4315 ex
2044 4259 2146 4314 hac
2170 4257 2455 4328 Polycarpi
2488 4256 2814 4311 auctoritate
2845 4259 3033 4306 contra
3061 4266 3163 4304 nos
3194 4246 3360 4302 ellici.

1770 4349 2035 4417 Quamvis
2098 4350 2242 4404 enim
2303 4347 2638 4420 Polycarpus
2680 4345 2795 4398 haec
2822 4343 2963 4397 inter
3017 4356 3076 4395 se
3131 4330 3358 4392 nomina

1699 4413 1742 4468 θ
1770 4413 2104 4505 confuderit,
2158 4438 2291 4493 illud
2351 4413 2553 4492 ta'men—
2586 4433 2795 4505 lgnatio
2855 4432 2947 4501 jus
2990 4445 3099 4484 non
3132 4428 3358 4482 abstulit

1770 4546 1832 4586 ea
1861 4530 2252 4601 distinguendi,
2280 4544 2401 4598 quae
2422 4527 2489 4581 ab
2515 4526 2777 4580 aliissuae
2799 4521 2974 4576 aetatis
2996 4518 3359 4589 scriptoribus

1771 4622 2032 4678 distincta
2061 4619 2233 4673 fuisse
2264 4617 2494 4671 inficiari
2522 4629 2683 4669 nemo
2716 4620 2912 4681 potest.
2940 4609 3354 4680 Respondemus

1772 4712 2040 4778 secundo,
2075 4711 2342 4767 incertum
2395 4707 2621 4763 omnino
2648 4720 2791 4769 esse,
2822 4712 3007 4759 utrum
3041 4713 3174 4758 tunc
3214 4710 3353 4755 tem—

1771 4808 1921 4881 poris
1964 4820 2088 4859 cum
2137 4819 2291 4860 suam
2335 4801 2668 4873 Polycarpus
2721 4798 2988 4853 scriberet
3041 4796 3356 4867 epistolam,

1768 4897 2195 4970 Philippensium
2214 4897 2504 4967 episcopus
2526 4884 2704 4948 adhuc
2719 4902 2863 4948 esset
2894 4894 2947 4947 in
2965 4893 3121 4946 vivis.
3150 4888 3355 4943 Deinde

1773 4992 1891 5047 haec
1922 4991 2155 5061 epistola
2190 4990 2263 5045 ad.
2287 5004 2387 5044 uos
2421 4990 2631 5058 integra
2682 4985 2909 5041 omnino
2938 4994 2993 5039 et
3038 4984 3353 5048 incorrupta

1774 5101 1881 5141 non
1906 5085 2173 5156 pervenit.
2212 5081 2426 5137 Rursus
2453 5097 2554 5153 ego
2588 5081 2856 5134 incertum
2892 5092 3022 5131 num
3067 5075 3121 5128 in
3153 5089 3218 5128 ea
3248 5072 3345 5126 Po-

1773 5177 2029 5249 lycarpus
2086 5177 2288 5233 alicubi
2346 5178 2640 5248 specialem
2707 5174 2944 5246 episcopi
3016 5171 3348 5227 mentionem

1770 5269 1982 5326 fecerit.
2027 5269 2214 5329 Tertio
2252 5271 2493 5341 denique
2537 5271 2803 5325 incertum
2837 5275 3021 5321 utrum
3061 5263 3150 5318 ille
3184 5262 3346 5317 aliam

1768 5362 2077 5431 epistolam,
2108 5378 2230 5433 qua:
2258 5363 2325 5425 de
2351 5363 2607 5433 episcopo
2633 5358 2954 5414 nominatim
2980 5359 3191 5429 agebat,
3219 5358 3347 5414 huic

1768 5449 2134 5525 subjunxerit.

1841 5545 2045 5619 Urgent
2082 5546 2298 5601 tandem
2325 5544 2684 5616 Polycarpum
2728 5542 2782 5598 in
2821 5541 3066 5613 ejusdem
3098 5543 3345 5616 epistola:
