3768 6306
453 317 560 376 539

1519 309 1578 363 S.
1617 305 1963 363 IGNATIUS.
2009 337 2073 344 ——
2110 299 2642 356 PROLEGOMENA.
3588 296 3669 350 διο

455 439 814 511 inscriptione
862 454 921 494 se
967 454 1076 493 non
1121 437 1460 506 episcopum,
1511 435 1605 490 sed
1655 433 2030 503 presbyterum
2063 444 2106 498 Α
2136 435 2366 497 possunt
2437 413 2692 479 facillime
2745 421 2799 476 in
2851 415 3094 475 medium
3145 415 3395 487 proferri.
3453 413 3556 471 Sed
3587 416 3670 511 illa

454 549 680 589 vocasse
733 532 821 587 bis
857 530 1105 585 verbiszc
1149 530 1505 600 Polyearpus,
1556 537 1609 582 et
1652 527 1746 597 qui
1800 542 1923 580 cum
1961 541 2027 578 co

455 625 779 698 presbyteri.
808 625 941 682 iSed
954 626 1070 680 hare
1091 622 1527 676 adversariorum
1556 620 1696 674 ratio
1727 617 1862 673 adeo
1893 617 2027 671 levis

451 726 537 771 cst
567 725 621 770 et
657 715 900 780 inﬁrma;
939 723 997 766 ut
1026 711 1278 784 Moynius
1305 709 1733 766 Calvinistarum
1757 709 2026 773 minister,

450 822 755 876 eorumque
779 806 1083 877 symmista,
1110 804 1450 858 contrarium
1482 802 1708 857 omnino
1740 817 1806 856 ex
1835 801 2026 856 iisdem

451 900 635 955 verbis
687 907 1068 969 argumentum
1101 896 1394 952 conﬁciat:
1431 915 1449 945 ι
1482 893 1601 950 Non
1645 894 1834 950 scribit
1865 892 2028 965 Poly-

453 1005 674 1060 carpus,
719 989 896 1058 inquit
923 988 987 1055 ",
1027 987 1330 1059 presbyteri
1374 986 1632 1042 Ecclesim
1679 985 2028 1058 Smyrnensis

452 1081 916 1152 Pliilippensibus,
948 1082 1040 1136 sed
1067 1079 1398 1151 Polycarpus
1428 1089 1479 1134 et
1509 1079 1807 1150 presbyteri
1841 1077 2026 1132 Eccle-

454 1174 550 1227 sia:
580 1172 931 1243 Smyrnensis
964 1171 1224 1226 Ecclesiae
1255 1169 1686 1240 I‘hilippcnsium
1706 1211 1720 1234 ,
1755 1179 1813 1224 ut
1843 1168 2030 1223 discri-

453 1279 577 1318 men
609 1264 835 1332 aliquod
874 1263 1014 1316 inter
1043 1277 1102 1316 se
1139 1269 1192 1317 et
1232 1262 1579 1332 presbyteros
1627 1259 2027 1314 observandum

454 1351 723 1416 innueret,
761 1349 1190 1421 dignitatemque
1221 1365 1397 1413 suam,
1441 1361 1493 1404 et
1521 1351 1808 1419 primatum
1845 1351 2029 1419 aliquo

457 1440 618 1494 modo
656 1449 922 1495 tueretur.
974 1438 1107 1493 Nam
1137 1441 1231 1508 qui
1265 1441 1416 1510 paris
1453 1441 1738 1510 dignitatis
1765 1448 1819 1495 et
1842 1449 2030 1494 aucto-

453 1532 631 1588 ritatis
676 1531 1035 1602 Polycarpum
1108 1531 1279 1587 fuisse
1355 1548 1474 1587 cum
1538 1533 1653 1588 suis
1702 1532 2030 1603 presbyteris

452 1635 698 1686 censent,
755 1641 836 1678 nae
888 1625 962 1677 illi
1017 1625 1149 1678 mibi
1199 1625 1454 1679 videntur
1504 1625 1644 1680 thesi
1693 1641 1806 1680 suae
1845 1625 2027 1690 nimis,

453 1733 616 1785 quam
651 1732 747 1784 par
789 1717 878 1780 sit,
915 1715 1178 1772 fervidius
1219 1727 1272 1772 et
1304 1716 1609 1772 studiosius
1652 1716 1942 1781 δουλεύειν,
1978 1725 2030 1769 et

451 1825 515 1861 ea
553 1808 724 1862 ofﬁcia
767 1809 1122 1874 confundere,
1171 1826 1291 1880 qua:
1333 1819 1574 1878 tempore
1607 1808 1888 1881 Polycarpi
1917 1808 2029 1878 jam
2063 1797 2104 1850 Β

450 1908 610 1953 erant
636 1900 934 1968 disparata.
975 1920 992 1952 ι
1033 1899 1156 1955 llaec
1190 1918 1321 1956 sane
1363 1918 1427 1956 ex
1452 1901 1764 1957 Calvinistze
1801 1896 2031 1971 Presby-

450 1991 734 2060 tcranique
784 1992 1019 2048 hominis
1065 2009 1159 2047 ore
1196 1993 1382 2048 elicuit
1428 1994 1649 2058 veritas,
1714 2008 1835 2062 qum
1877 1993 1932 2046 in
1965 2007 2031 2046 eo

451 2093 597 2138 esset
629 2083 970 2153 incorrupta,
1003 2085 1047 2138 si
1081 2100 1143 2138 ea
1173 2085 1346 2139 ofﬁcia
1390 2095 1444 2140 ct
1473 2085 1695 2140 nomina
1734 2099 1840 2138 non
1875 2083 2033 2152 Poly-

451 2175 600 2245 carpi
651 2185 901 2243 tantum,
952 2179 1045 2231 sed
1094 2178 1467 2246 apostolorum
1515 2192 1734 2246 quoque
1789 2185 2030 2245 tempore

451 2267 731 2336 disparata
769 2269 1016 2323 dixisset.
1054 2269 1131 2323 Ex
1163 2270 1246 2323 bis
1281 2279 1459 2324 tamen
1496 2286 1618 2339 quae
1648 2269 1719 2322 ibi
1756 2284 1879 2322 vera
1908 2284 2029 2323 esse

451 2363 720 2430 agnoscit,
743 2363 850 2416 ruit
876 2364 1059 2431 procul
1084 2364 1251 2417 dubio
1271 2363 1598 2417 Dalla'anum
1625 2371 2026 2432 argumentum,

453 2449 812 2521 funditusque
838 2454 1122 2508 evertitur.

1035 2626 1264 2682 CAPUT
1304 2625 1447 2681 XIX.

485 2756 658 2798 NULLA
700 2759 749 2797 IN
786 2758 1063 2796 EPISTOLIS
1104 2756 1367 2795 AUCTORIS
1405 2755 1596 2793 NOSTRI
1637 2755 1760 2794 ESSE
1801 2756 1991 2804 VEIIBA,

857 2829 974 2876 ωλι)
1015 2828 1116 2866 NON
1159 2827 1279 2866 SINT
1323 2825 1630 2864 IGNATIANA.

843 2924 868 2995 §
909 2923 950 2979 I.
994 2924 1069 2978 De
1107 2925 1275 2979 verbis
1318 2924 1642 2994 compositis.

521 3035 688 3091 Multa
737 3036 840 3090 alia
875 3036 1105 3093 Dallmus
1152 3055 1210 3094 se
1245 3039 1330 3094 bis
1375 3038 1428 3092 in
1474 3036 1721 3107 episrolis
1761 3037 2029 3091 vocabula

2130 517 2387 572 omnibus
2441 516 2514 568 ita
2571 521 2701 568 sunt
2757 512 2952 576 obvia,
3006 521 3066 564 ut
3108 510 3326 579 longum
3383 508 3670 562 earumdan

2131 624 2326 664 vocum
2354 607 2662 676 catalogum
2706 613 2888 658 texere
2935 602 3267 673 superﬂuum
3301 602 3372 656 sit
3407 611 3465 654 et
3491 601 3668 654 inutile.

2128 701 2313 771 Neque
2338 715 2467 754 vero
2498 701 2550 753 in
2579 698 2752 753 sacris
2784 706 2990 751 tantum
3019 694 3314 765 Scripturis
3341 710 3441 748 eas
3469 694 3673 762 reperire

2129 797 2229 852 est,
2257 787 2350 841 sed
2398 787 2450 839 in
2501 786 2739 856 genuina
2772 785 2936 839 etiam
2969 785 3266 839 Clementis
3287 783 3543 853 epistola,
3575 799 3672 852 qua

2129 877 2428 949 Ignatianis
2455 892 2563 931 non
2601 885 2684 932 est
2705 876 2992 946 prolixior,
3034 875 3140 930 illae
3172 876 3374 930 ezedem
3407 889 3567 930 voces
3597 889 3673 927 nec

2129 969 2370 1023 rariores
2395 977 2543 1033 sunt,
2573 983 2673 1022 nec
2701 966 3080 1022 modestiores.

2237 1102 2262 1175 §
2303 1102 2368 1157 II.
2411 1101 2486 1156 De
2519 1102 2686 1157 verbis
2711 1118 2834 1156 nove
2858 1102 3147 1175 usurpatis,
3180 1101 3384 1154 scilicet
3419 1097 3582 1168 φύσις,

2793 1182 2842 1226 et
2871 1172 3037 1243 ᾄδειν.

2201 1282 2425 1349 Verum,
2469 1282 2935 1352 inquitDallmus,
2965 1281 3211 1352 qumdam
3247 1282 3417 1336 verba
3471 1280 3670 1348 scriptor

2131 1385 2319 1430 noster
2381 1390 2519 1430 nove
2568 1382 2817 1445 usurpat,
2867 1385 2922 1429 et
2964 1383 3161 1444 praeter
3209 1374 3451 1427 aliorum
3485 1388 3674 1426 morem.

2130 1466 2250 1522 Duo
2299 1478 2477 1522 tamen
2521 1469 2790 1522 duntaxat
2845 1467 3185 1536 ejuscemodi
3240 1467 3408 1521 verba
3459 1483 3523 1520 ex
3568 1467 3676 1517 veris

2132 1560 2329 1629 Ignatii
2368 1545 2625 1629 epistolis
2676 1560 2961 1629 desumpta
3010 1559 3170 1613 nobis
3198 1558 3416 1627 objicit.
3471 1557 3675 1610 Primum

2131 1659 2216 1704 est
2264 1651 2486 1706 verbum
2526 1650 2720 1719 φύσιςς
2771 1651 2862 1705 sed
2911 1650 3042 1703 illud
3093 1650 3234 1719 apud
3285 1649 3522 1703 diversa:
3567 1648 3678 1700 litte.

2134 1750 2330 1795 raturas
2375 1741 2668 1810 scriptores
2713 1741 2868 1794 vario
2917 1755 3082 1795 sensu
3134 1749 3468 1808 usurpatum
3503 1739 3679 1807 legitur.

2136 1832 2381 1901 nihilque
2421 1847 2577 1886 novze
2606 1832 3029 1898 signiﬁcationis
3056 1831 3196 1900 apud
3229 1830 3507 1900 Ignatium
3534 1831 3678 1882 habet.

2207 1919 2520 1974 Secundum
2563 1921 2789 1974 verbum
2832 1930 2915 1974 est
2951 1921 3115 1992 ᾅδειν,
3147 1922 3288 1990 quod
3322 1920 3561 1974 Dallmus
3586 1933 3680 1986 pce—

2135 2012 2301 2064 ticutu
2343 2026 2464 2065 esse
2501 2010 2656 2064 dicit.
2706 2008 2893 2079 Neque
2936 2020 3116 2065 tamen
3149 2019 3203 2064 et
3247 2012 3298 2064 in
3344 2012 3526 2064 soluta
3550 2011 3678 2062 etiam

2133 2103 2383 2157 oratione
2429 2103 2496 2157 ab
2528 2103 2846 2158 auctoribus
2884 2104 3104 2173 optimis
3141 2120 3283 2173 θωνα
3327 2105 3534 2172 ελρρίιις
3562 2102 3680 2156 adbi-

2134 2195 2304 2248 bituni
2367 2196 2456 2249 ille
2506 2196 2726 2267 negabit
2778 2211 3042 2265 unquam.
3096 2193 3298 2261 Quidni
3352 2211 3490 2264 ergo
3544 2204 3589 2249 et
3632 2196 3681 2247 ab

2132 2282 2392 2352 Ignatio?
2455 2310 2463 2319 -

2354 2397 2382 2470 ς
2425 2397 2511 2453 III.
2550 2397 2626 2462 De
2655 2397 2821 2451 verbis
2851 2398 3125 2452 inusitatis
3161 2408 3210 2451 et
3241 2397 3510 2452 obscuris.

2205 2514 2369 2569 Addit
2410 2513 2645 2568 Dallaeus
2695 2513 2749 2566 in
2796 2512 3044 2581 epistolis
3090 2511 3398 2582 Iguatianis
3452 2511 3684 2582 quasdam

2134 2607 2479 2663 obscuriores
2523 2605 2886 2660 ctinusitatas
2921 2619 3084 2660 voces
3139 2605 3402 2660 inveniri.
3456 2605 3680 2671 Quamvis

2134 2699 2186 2752 id
2216 2698 2568 2754 verissimum
2615 2705 2780 2762 esset,
2812 2695 2944 2765 quid
2994 2695 3121 2750 inde
3160 2696 3424 2751 conﬁciet
3455 2692 3680 2749 Danaus?

2131 2789 2391 2860 Nunquid
2443 2788 2731 2860 Ignatius,
2800 2788 2962 2840 sicuti
3024 2787 3254 2856 quilibet
3309 2788 3460 2842 alius
3501 2796 3679 2844 auctor,

2133 2880 2382 2936 obscuris
2425 2887 2480 2933 et
2526 2879 2802 2932 inusitatis
2881 2877 3138 2946 loquendi
3205 2876 3394 2932 modis
3463 2877 3538 2930 uti
3597 2890 3677 2927 non

2131 2971 2345 3042 potuit?
2383 2970 2437 3024 Id
2466 2985 2599 3024 sane
2640 2971 2692 3023 in
2727 2968 3011 3039 principiis
3043 2967 3373 3022 Christiana:
3414 2966 3678 3036 religionis,

2134 3079 2256 3134 qua:
2282 3078 2422 3117 nova
2455 3071 2509 3117 et
2535 3061 2796 3115 inusitata
2841 3075 3028 3116 secum
3065 3059 3271 3115 invexit
3299 3060 3494 3121 verba,
3523 3071 3686 3128 parum

450 3129 868 3198 deprehendisse
916 3131 1017 3184 sibi
1063 3131 1316 3195 videtur,
1370 3146 1494 3200 qua:
1556 3130 1878 3221 scriptor-cm
1929 3144 2029 3221 no-
2059 3150 2100 3206 ρ
2135 3129 2281 3212 e'ssct
2318 3155 2601 3221 mirabile;
2654 3154 2746 3210 sed
2802 3154 2975 3208 multo
3015 3153 3198 3207 minus
3231 3152 3285 3205 in
3319 3151 3553 3221 lauatio.
3592 3152 3683 3202 τίω

450 3229 625 3273 strum
652 3221 743 3275 diu
775 3232 898 3289 post
944 3221 1212 3291 Ignatium
1241 3223 1446 3282 vixisse
1473 3222 1692 3291 planum
1739 3220 1894 3275 nobis
1925 3219 2029 3273 uti-

449 3327 557 3380 que
600 3311 810 3368 facinut
841 3317 910 3369 ’°.
962 3314 1054 3369 Illa
1106 3327 1287 3369 autem
1338 3316 1573 3385 primum
1622 3313 1863 3384 exagitat
1908 3329 2030 3383 quae

451 3421 479 3468 ξι
515 3405 796 3460 Blondello
841 3409 995 3478 prius
1043 3409 1256 3478 objecta
1307 3409 1547 3475 fuerant,
1601 3408 1822 3462 nomina
1880 3408 2030 3462 varie

449 3501 776 3569 compOsita,
827 3510 885 3554 ut
933 3500 1301 3573 σαρκοφόρος,
1337 3501 1699 3573 νεκροφόρος,
1745 3509 1797 3554 et
1845 3499 1950 3552 alia
1999 3513 2031 3554 a

450 3593 615 3645 verbo
660 3593 809 3663 φέρω
847 3603 964 3647 orta
988 3637 1001 3658 ,
1039 3595 1165 3648 item
1208 3595 1313 3648 alia
1356 3610 1386 3648 a
1415 3609 1547 3649 voce
1586 3592 1763 3657 ἄξιος,
1795 3601 1851 3646 ut
1881 3589 2032 3656 ἀξιό-

449 3683 667 3747 πλοκος,
726 3685 986 3750 ἁξιὸοεος,
1041 3693 1096 3739 et
1151 3687 1256 3740 alia
1309 3686 1544 3755 denique
1582 3701 1610 3738 a
1651 3685 1818 3738 vcrbo
1865 3681 2020 3748 Θεός,

451 3779 609 3832 sicuti
663 3778 1057 3852 θεομακὰριος,
1117 3779 1446 3850 Οεὸδρομος,
1507 3787 1614 3833 etc.
1673 3777 2034 3833 Doctissimus

451 3872 671 3940 uiridem
704 3871 1021 3929 Ilamoudus
1073 3875 1203 3928 buic
1233 3874 1498 3928 Blondelli
1549 3884 1873 3942 argumento
1916 3875 2030 3943 jam

454 3965 812 4033 responderat
837 3965 1053 4020 divinos
1094 3982 1264 4021 sacra:
1296 3965 1592 4034 Scriptura:
1629 3976 1886 4020 auctores
1931 3981 2031 4018 no-

456 4049 724 4112 minibus
758 4059 925 4113 simili
975 4060 1139 4114 modo
1190 4061 1535 4130 compositis,
1582 4076 1816 4132 quorum
1877 4061 2032 4130 plura

453 4150 641 4202 retulit
665 4152 934 4220 exempla,
963 4168 1095 4207 usos
1117 4168 1336 4222 quoque
1377 4151 1572 4208 fuisse.

529 4239 633 4294 Sed
670 4243 838 4297 instat
866 4244 1101 4298 Dallzeus
1126 4245 1195 4311 “,
1241 4260 1303 4298 ea
1337 4261 1457 4314 quae
1491 4261 1556 4299 ex
1595 4245 1766 4300 sacris
1801 4243 2033 4312 scripto-

455 4335 610 4391 ribus
640 4337 867 4393 adduxit
893 4338 1232 4402 Hamondus,
1265 4355 1386 4394 esse
1412 4338 1743 4408 paucissima
1781 4347 1834 4391 et
1866 4335 2033 4392 semel

455 4437 667 4484 tantum
700 4431 768 4484 ab
799 4431 864 4487 iis
895 4431 1060 4499 dicta,
1090 4449 1154 4486 ac
1183 4431 1478 4502 Ignatianis
1509 4431 1616 4486 illis
1642 4431 1813 4484 multo
1843 4429 2033 4484 mode-

2131 3247 2452 3318 apostolico,
2484 3247 2575 3316 qui
2618 3244 2879 3315 epistolas
2921 3259 3050 3298 suas
3078 3242 3284 3297 cursim
3319 3283 3334 3307 ,
3386 3251 3444 3297 et
3487 3241 3689 3300 occulte,

2131 3356 2195 3394 ac
2248 3353 2465 3394 summo
2522 3337 2767 3408 martyrii
2821 3335 3016 3389 ardore
3057 3335 3320 3388 incensus
3376 3339 3682 3387 curaverat.

2135 3427 2521 3484 Verumtamen
2572 3444 2679 3482 non
2727 3427 2849 3481 aliis
2901 3426 2990 3479 ille
3029 3425 3290 3489 vocibus,
3329 3425 3422 3477 vel
3465 3420 3681 3493 loquendi

2133 3522 2308 3575 modis
2343 3538 2475 3576 usus
2507 3530 2624 3586 est,
2659 3535 2822 3586 quam
2864 3519 2931 3572 iis
2963 3517 3056 3586 qui
3092 3519 3145 3570 in
3179 3516 3354 3571 sacris
3391 3513 3680 3586 Scripturis,

2133 3614 2366 3684 aliisque
2407 3623 2547 3669 nota:
2596 3612 2839 3667 melioris
2890 3610 3253 3681 scriptoribus
3301 3610 3488 3664 solent
3527 3619 3686 3661 occur-

2137 3717 2277 3758 I‘CI‘C.

2719 3813 2951 3873 CAPUT
2993 3813 3110 3869 XX.

2309 3946 2359 3984 IN
2400 3944 2486 3984 IIIS
2522 3943 2799 3983 EPISTOLIS
2839 3943 2940 3982 NON
2979 3943 3104 3981 ESSE
3149 3941 3352 3980 PRAVAS
3395 3939 3550 3978 PAULI

2746 4013 3115 4052 IDIITATIONES.

2242 4110 2270 4181 §
2313 4109 2353 4164 I.
2399 4111 2670 4175 Quantum
2711 4109 3007 4162 adversarii
3043 4107 3144 4162 sibi
3176 4107 3284 4159 sint
3331 4103 3604 4157 contrarii.

2205 4223 2350 4278 Inter
2384 4231 2463 4278 tot
2513 4231 2738 4292 tamque
2767 4221 2982 4277 diversa
3016 4219 3200 4274 Dallaei
3231 4220 3503 4272 adversus
3528 4210 3685 4284 Ignatii

2133 4317 2390 4387 epistolas
2416 4324 2755 4386 argumenta,
2772 4314 2901 4367 illud
2921 4312 3164 4383 profecto
3180 4311 3371 4364 mirari
3386 4309 3551 4374 subit,
3569 4302 3683 4374 quod

2135 4410 2224 4464 ille
2265 4410 2585 4478 scriptorem
2627 4417 2877 4460 nostrum
2933 4420 3041 4458 non
3081 4403 3379 4474 Ignatium,
3426 4403 3518 4457 sed
3547 4399 3680 4452 alium

457 4521 647 4575 stiora.
708 4520 764 4576 Si
811 4523 877 4579 de
920 4524 1194 4593 paucitate
1266 4526 1560 4579 verborum
1621 4523 1692 4578 ab
1745 4520 2017 4575 IIamondc

2140 4503 2359 4556 omnino
2388 4500 2557 4556 fuisse
2587 4499 2710 4553 inde
2738 4499 2968 4568 probare
2993 4497 3124 4551 velit
3143 4496 3207 4559 ",
3235 4496 3365 4565 quia
3387 4511 3434 4545 ;‹
3460 4490 3683 4559 Quaedam

457 4613 742 4666 allaturum
817 4615 1176 4684 conqueritur
1203 4613 1458 4678 Dallaeus,
1487 4613 1553 4668 de
1579 4614 1773 4684 majori
1813 4611 2032 4666 Dallma-

461 4718 654 4757 norum
699 4721 928 4761 numero
966 4723 1066 4762 nos
1093 4709 1289 4777 potiori
1326 4708 1449 4778 jure
1478 4707 1887 4777 conquerimur.
1939 4704 2035 4760 Ille

459 4791 730 4862 siquidem
771 4805 831 4848 ut
856 4798 1289 4865 eompositarum
1339 4798 1482 4868 apud
1536 4797 1802 4868 Ignatium
1835 4813 2031 4852 vocum

460 4893 685 4955 augeret
733 4885 1162 4952 multitudinem,
1215 4903 1310 4942 eas
1360 4903 1486 4956 qua:
1533 4887 1585 4941 in
1640 4887 1794 4942 falsis
1840 4886 2037 4957 Ignatii

457 4973 746 5044 epistolis,
816 4975 900 5027 vel
968 4973 1022 5028 in
1084 4978 1445 5046 genuinarum
1517 4975 2034 5044 interpolationilms

457 5073 792 5131 occurrunt,
843 5065 967 5120 aliis
1015 5067 1290 5122 immerito
1332 5069 1600 5138 adjunxit.
1652 5066 1855 5120 Deinde
1911 5066 2033 5120 ideo

462 5157 782 5213 Han‘iondus
842 5159 1027 5214 decem
1092 5167 1303 5215 tantum
1357 5176 1424 5214 ex
1477 5159 1678 5215 divinis
1735 5157 2034 5227 Scripturis

459 5251 892 5318 compositurum
942 5267 1138 5305 vocum
1196 5252 1423 5322 protulit
1476 5251 1748 5319 exempla,
1795 5249 1939 5318 quod
1969 5263 2033 5301 ea

460 5341 527 5394 ad
562 5358 756 5396 vanam
787 5341 1052 5398 Blondelli
1082 5343 1442 5413 objectionem
1476 5341 1869 5398 destruendam
1900 5338 2034 5395 satis

462 5447 734 5504 superque
805 5452 927 5491 esse
991 5437 1288 5492 censuerit.
1359 5436 1428 5490 At
1492 5437 1649 5504 longe
1703 5434 1856 5503 plura
1913 5447 2035 5501 qua:

465 5524 668 5593 passim
715 5528 768 5582 in
807 5528 987 5584 Veteri
1023 5527 1288 5600 Novoque
1317 5527 1665 5584 Testamento
1708 5533 2029 5589 occurrunt,

481 5759 515 5814 Ρ
541 5676 734 5804 ἒθῐέῡι.
763 5698 818 5740 ιιι
843 5680 1126 5754 Polycarp.
1153 5685 1338 5755 cpist.,
1371 5701 1424 5755 p.
1455 5684 1539 5742 10.

1643 5685 1687 5716 ²⁰
1739 5697 1858 5754 cap.
1893 5680 1986 5747 27,
2013 5698 2065 5753 p.
2109 5680 2224 5738 I07.
2299 5682 2339 5713 ²¹
2375 5695 2494 5750 pag.
2529 5676 2654 5733 406.

2132 4592 2284 4648 Pauli
2318 4591 2548 4662 apostoli
2579 4591 2823 4645 studiose
2864 4596 2949 4642 est
2979 4588 3244 4650 imitatus,
3288 4600 3520 4655 sperans
3546 4596 3598 4635 se
3621 4578 3684 4631 his

2137 4687 2304 4740 veluti
2351 4683 2634 4755 apostolici
2688 4681 2942 4750 discipuli
3015 4679 3360 4732 lineamentis
3408 4673 3685 4730 hominibus

2137 4779 2221 4834 sui
2262 4777 2470 4844 smeuli,
2500 4776 2803 4846 praesertim
2843 4773 3082 4843 posteris
3111 4772 3178 4825 ab
3205 4769 3418 4841 Ignatio
3455 4764 3683 4823 remotio-

2139 4873 2315 4937 ribus,
2343 4871 2590 4939 adeoque
2625 4882 2810 4922 rerum
2847 4865 3276 4935 apostolicarum
3318 4862 3506 4915 minus
3537 4853 3684 4927 gnaris

2139 4963 2300 5018 facile
2333 4963 2740 5032 impositurum,
2778 4970 2947 5030 atque
2983 4956 3299 5012 effecturum
3347 4963 3410 5007 ut
3450 4966 3544 5020 pro

2142 5067 2296 5127 ptore
2340 5055 2643 5125 apostolico
2686 5053 3004 5108 haberetur.
3039 5066 3058 5102 ›
3109 5047 3378 5101 Eumdem
3423 5045 3563 5099 enim
3587 5037 3682 5091 Dal-

2139 5148 2299 5203 lzeum
2329 5163 2393 5201 ex
2427 5147 2609 5201 verbis
2647 5144 2887 5214 episcopi
2927 5151 2982 5197 et
3023 5138 3350 5212 presbyteri,
3388 5151 3512 5206 qua:
3536 5132 3681 5186 alieno

2141 5257 2172 5295 a
2195 5240 2366 5294 Paulo
2398 5239 2630 5308 apostoli
2665 5253 2828 5293 sensu
2877 5236 2948 5290 ab
2981 5233 3196 5303 Ignatio
3231 5239 3499 5299 usurpata
3525 5236 3682 5296 perpe-

2143 5349 2258 5387 ram
2283 5330 2494 5396 eﬁ‘ntiit,
2530 5329 2608 5383 sic
2634 5328 2997 5398 disputantem
3032 5323 3341 5377 audivimus
3363 5321 3410 5351 ³³
3437 5339 3451 5374 :
3480 5337 3501 5369 ι
3530 5313 3683 5380 Neque

2141 5423 2512 5494 apostolorum
2545 5421 2718 5474 ﬁlium
2764 5417 2934 5472 fuisse
2968 5416 3221 5469 diversus
3264 5427 3450 5467 sermo
3482 5400 3678 5463 manife-

2139 5530 2223 5576 ste
2246 5517 2445 5588 arguit,
2463 5529 2623 5584 quem
2650 5526 2841 5568 omnes
2864 5518 2918 5565 et
2941 5507 3314 5578 apostolorum
3338 5496 3678 5558 observantis-

2735 5676 2779 5708 "
2821 5686 2941 5740 cap.
2971 5664 3060 5731 58,
3093 5680 3148 5734 p.
3186 5663 3310 5718 ΗΟ.
3389 5662 3434 5693 ’³
3466 5671 3575 5725 cap.
3602 5649 3676 5708 ‘26.
