3768 6322
454 313 558 371 553

1529 309 1587 363 S.
1632 306 1977 364 IGNATIUS.
2016 337 2082 347 -—-
2122 304 2649 361 PROLEGOMENA.

3575 297 3652 351 511

453 434 674 504 quidem
724 454 792 491 ex
846 434 933 501 iis,
962 451 1083 504 quae
1137 433 1370 490 Dallzeus
1418 435 1535 503 ipse
1577 434 1644 488 de
1675 433 2027 487 Paulinarum
2061 437 2104 491 Α
2134 444 2262 493 tres,
2299 429 2420 500 plus
2467 429 2672 494 minus,
2729 426 2902 481 lineas
2929 424 3178 496 epistolis
3231 421 3359 486 suis,
3391 418 3472 474 vel
3502 434 3652 474 earum

456 528 759 582 litferarum
822 528 1269 597 inscriptionibus
1334 526 1732 597 pronuntiat“,
1772 524 2032 579 facillime

454 620 746 676 evincitur.
794 640 813 673 ι
855 620 1080 681 Paulus,
1136 620 1311 688 inquit
1363 621 1471 683 ille,
1516 619 1786 674 interdum
1839 616 2033 671 inscri-

455 712 1047 780 ptionesEpistolarnm
1085 712 1248 766 habet
1290 728 1396 767 non
1426 712 1616 765 breves
1649 719 1702 764 et
1731 709 2030 779 expeditas,

380 831 388 875 ς
455 812 513 854 ut
565 802 728 871 vulgo
783 818 903 859 mos
955 817 1091 870 erat,
1138 807 1228 860 sed
1276 802 1645 872 longiusculas
1689 808 1743 855 et
1786 799 2034 854 nonnihil

457 894 770 960 obvolutas,
804 895 875 949 ob
919 912 1005 950 res
1061 897 1411 965 gravissimas
1445 894 1644 964 quibus
1686 894 1855 963 plenae
1883 902 2033 957 sunt,

376 988 391 1055 ἐ,
456 998 511 1037 llt
572 1001 633 1039 ex
686 1002 747 1041 ea
791 1004 911 1057 qure
935 989 999 1042 ad
1032 988 1311 1043 Romanos
1343 997 1448 1054 est,
1486 987 1668 1056 quivis
1698 986 1913 1041 discere
1941 1000 2037 1053 po-

370 1071 413 1147 ’ξΔ
459 1081 586 1127 1081.
624 1092 642 1125 ι
676 1074 839 1144 Atqui
893 1086 944 1129 et
998 1076 1140 1130 idem
1182 1092 1298 1131 mos
1334 1075 1528 1147 Ignatii
1579 1087 1823 1145 tempore
1859 1076 2036 1129 adhuc

452 1164 685 1234 vigebat,
719 1176 771 1221 et
820 1183 907 1222 res
943 1169 1280 1238 gravissima:
1310 1171 1363 1222 in
1406 1170 1524 1237 ejus
1554 1168 1799 1237 epistolis
1828 1180 2036 1238 pertra-

450 1266 699 1323 ctantur;
730 1268 787 1312 ut
817 1273 883 1313 ex
921 1260 1057 1321 sola,
1085 1276 1250 1329 quam
1288 1260 1560 1318 dedimus.
1601 1276 1791 1314 earum
1826 1261 2034 1331 analysi

450 1347 708 1403 omnibus
739 1348 964 1417 planum
990 1351 1080 1404 ﬁet
1106 1362 1158 1405 et
1191 1352 1559 1420 perspicuum.
1588 1350 1826 1419 lgnatius
1854 1352 2037 1420 itaque

451 1438 505 1492 in
546 1441 905 1510 epistularum
947 1459 1173 1498 suarum
1210 1444 1665 1514 inscriptionibus
1714 1459 1818 1498 non
1871 1459 2037 1514 prave

451 1530 696 1587 imitatus
725 1542 810 1587 est
844 1533 1098 1599 Paulum,
1128 1534 1224 1589 sed
1253 1550 1347 1589 eas
1373 1536 1517 1603 tales,
1540 1536 1808 1601 exhibuit,
1845 1538 2036 1604 quales

450 1642 586 1685 sane
627 1632 975 1701 gravissima,
1010 1651 1132 1705 quae
1163 1634 1217 1688 in
1250 1635 1330 1691 eis
1358 1644 1665 1691 tractantur
1692 1646 2033 1709 argumenta,

450 1720 519 1773 ab
550 1736 616 1776 eo
647 1722 1016 1791 postulabant.

575 1833 603 1905 §
640 1835 707 1889 Il.
750 1834 827 1891 lle
865 1838 1205 1907 inscriptione
1241 1836 1481 1908 epistola:
1520 1836 1589 1890 ad
1622 1835 1907 1891 Romanos.

518 1945 638 2002 Jam
674 1966 803 2009 vero
834 1952 900 2007 ad
936 1952 1109 2021 ipsam
1150 1953 1397 2021 epistolae
1423 1953 1617 2023 Ignatii
1651 1951 1715 2006 ad
1753 1950 2032 2006 Romanos

447 2040 805 2112 epigraphen,
831 2059 993 2113 quam
1036 2043 1291 2100 Dallzeani
1328 2044 1704 2099 vehementius
1731 2042 2029 2113 exagitant,

448 2134 675 2202 propius
724 2135 1068 2191 accedamus.
1107 2136 1179 2191 De
1232 2137 1382 2191 illius
1429 2136 1791 2207 longitudine,
1822 2143 1917 2188 aut
1963 2134 2030 2189 de

448 2239 616 2293 prava
650 2225 808 2281 Pauli
855 2227 1160 2287 imitatione
1196 2229 1335 2282 nihil
1378 2230 1635 2298 amplius,
1668 2229 1746 2282 uti
1791 2225 2032 2283 ostendi-

446 2334 593 2385 mus,
621 2330 850 2390 possunt
898 2338 1022 2377 cum
1067 2324 1280 2393 Iguatio
1308 2323 1679 2393 expostulare.
1714 2322 1855 2389 Quid
1900 2337 2030 2392 ergo

448 2413 505 2467 in
557 2429 621 2468 ea
677 2418 950 2486 arguunt"
996 2417 1173 2481 Illam,
1222 2417 1616 2486 inquiunt,tot
1663 2415 2029 2485 epithetorum

449 2504 649 2568 laudis,
688 2507 742 2561 in
781 2523 948 2561 unum
1006 2509 1187 2563 locum
1243 2509 1384 2562 male
1431 2517 1818 2578 congestorum
1856 2506 2032 2561 farra-

449 2595 777 2664 ginem.Sed
808 2598 1010 2653 similia
1046 2598 1251 2654 Paulus
1279 2600 1530 2654 adhibuit
1559 2600 1798 2668 epitheta
1828 2598 2027 2665 laudis,

450 2702 574 2741 cum
633 2688 685 2742 in
730 2690 976 2759 Epistola
1025 2691 1092 2746 ad
1144 2691 1426 2749 Romanos
1470 2692 1720 2748 scribit"
1756 2711 1772 2747 :
1808 2692 2030 2747 Ditectis

447 2778 569 2841 Dei.
601 2783 798 2837 vocatis
819 2786 1041 2849 sanctis,
1078 2794 1127 2841 et
1160 2786 1213 2839 in
1245 2787 1419 2855 prima
1447 2786 1512 2841 ad
1542 2785 1879 2847 Corinthios,
1905 2801 2032 2837 san-

449 2873 702 2943 ctiﬁcatis
741 2876 795 2928 in
838 2872 1051 2931 Christo
1096 2878 1246 2943 Jesu,
1282 2879 1480 2932 vocatis
1515 2878 1734 2931 sanctis.
1765 2874 1883 2930 Non
1910 2876 2031 2930 inli-

448 2968 663 3022 ciamur
682 2968 902 3038 quidem
930 2971 984 3025 in
1008 2971 1093 3025 his
1116 2971 1373 3039 Epistolis
1409 2971 1579 3025 multo
1602 2971 1862 3041 pauciora
1886 2986 2027 3037 esse,

446 3076 613 3132 quam
649 3062 702 3115 in
749 3064 1046 3133 Ignatianis
1082 3065 1304 3119 laudum
1352 3065 1613 3134 epitheta.
1648 3062 1848 3117 Verum
1887 3079 2028 3132 prae»

2136 521 2585 592 inscriptionibus
2641 518 2885 574 adderet.
2938 520 3056 571 Imo
3102 515 3227 570 inde
3264 522 3405 568 certo
3430 512 3654 581 coiligitur

2135 613 2286 667 illum
2316 612 2464 667 nulla
2487 620 2604 666 arte
2630 610 2681 664 in
2712 608 2955 678 epistolis
2979 606 3091 662 suis
3111 621 3173 659 ea
3199 604 3374 658 omnia
3396 602 3653 672 scripsisse,

2134 723 2256 777 qua:
2296 705 2631 761 incredibilis
2660 702 2867 757 Christi
2894 716 3048 756 amor
3077 708 3131 754 et
3162 697 3404 769 martyrii
3435 697 3654 751 subeundi

2134 798 2299 852 ardor
2332 796 2638 851 immensus
2671 795 2773 865 ipsi
2802 793 3076 863 extemplo
3104 790 3463 861 iuspirabant.

2139 914 2166 983 §
2201 914 2293 967 III.
2334 913 2407 968 De
2436 911 2835 983 repetitionibus
2866 924 2984 980 qua:
3026 909 3081 961 in
3127 906 3363 976 epistolis
3402 916 3655 957 occurrant.

2210 1022 2471 1079 Ultimum
2516 1024 2697 1078 Dallzei
2743 1030 2931 1077 contra
2986 1019 3184 1091 Ignatii
3245 1018 3499 1088 epistolas
3539 1033 3661 1086 argn-

2136 1126 2380 1171 mentum
2407 1116 2544 1171 est“
2571 1133 2584 1169 :
2625 1134 2643 1166 ‹
2682 1112 2866 1183 Neque
2899 1113 3029 1166 illud
3067 1110 3336 1182 Iguatium
3360 1110 3657 1178 episcopum,

2136 1210 2314 1266 artatis
2345 1220 2641 1282 provectae,
2660 1219 2714 1263 et
2742 1207 2882 1278 apud
2915 1206 3192 1277 apostolos
3216 1204 3498 1258 educatum
3515 1202 3661 1256 decere

2136 1304 2368 1370 videtur,
2406 1303 2551 1374 quod
2598 1302 2685 1356 ille
2741 1302 2899 1355 toties
2931 1300 3118 1354 eadem
3166 1308 3358 1370 praeter
3391 1296 3491 1348 viri
3525 1293 3662 1363 gravis

2137 1411 2343 1450 morem
2393 1393 2584 1464 repetit
2636 1402 2800 1463 atque
2856 1391 3110 1446 inculcat.
3154 1410 3172 1440 ›
3208 1388 3431 1459 Dignam
3466 1402 3580 1441 sane
3611 1392 3661 1436 tot

2136 1488 2294 1544 vanis
2326 1487 2687 1558 futilibusque
2722 1485 3082 1557 argumentis,
3113 1484 3165 1539 in
3195 1492 3301 1537 tam
3325 1482 3484 1551 longa
3517 1480 3661 1547 dispu-

2137 1582 2345 1636 tatione
2388 1596 2673 1651 perperam
2718 1574 3363 1642 accumulatis,Dallaeus
3400 1572 3663 1627 coronidem

2138 1674 2390 1745 imponit.
2423 1672 2677 1742 Nunquid
2735 1672 2881 1726 enim
2939 1668 3179 1741 episcopi
3218 1676 3483 1737 provectae
3513 1663 3665 1724 :etatis.

2067 1780 2106 1837 Β
2135 1776 2187 1822 et
2226 1768 2366 1837 apud
2396 1766 2674 1836 apostolos
2712 1763 2948 1827 educati,
2979 1778 3068 1816 res
3095 1759 3336 1823 easdem,
3370 1756 3572 1827 quoties
3600 1770 3667 1807 ei-

2132 1858 2304 1927 prdit,
2350 1857 2534 1911 minus
2583 1870 2745 1924 quam
2799 1854 2889 1907 alii
2938 1852 3236 1922 scriptores
3270 1857 3517 1918 repetunt
3539 1854 3585 1899 et
3610 1845 3667 1897 in.

2133 1948 2386 2004 culcant?
2416 1948 2574 2003 Certe
2626 1946 2832 2000 Paulus
2880 1945 3017 2014 ipse,
3048 1951 3109 1997 ut
3140 1950 3368 1997 caeteros
3415 1948 3666 1999 taceamus,

2134 2040 2186 2094 in
2221 2039 2464 2109 Epistula
2496 2039 2561 2093 ad
2598 2038 2861 2107 Ephesios
2895 2053 3017 2091 cum
3047 2035 3275 2091 dixisset
3311 2053 3323 2087 :
3367 2032 3573 2087 Induit:
3603 2048 3667 2083 ros

2133 2146 2469 2186 armaturam
2526 2131 2703 2198 Dei",
2750 2130 2969 2184 duobus
3023 2136 3167 2199 post,
3196 2127 3449 2180 versibus
3498 2140 3666 2179 rursum

2133 2226 2323 2281 scribit
2359 2244 2371 2279 :
2414 2224 2657 2293 Accipite
2700 2216 3049 2277 armaturam
3083 2220 3173 2274 Dei
3200 2219 3266 2273 ”.
3295 2218 3451 2285 Quod
3497 2218 3667 2287 quidem

2134 2318 2177 2374 si
2215 2319 2539 2387 interpretes
2566 2317 2877 2381 audiamus,
2908 2314 3042 2367 nihil
3064 2313 3209 2367 aliud
3243 2324 3327 2367 est
3358 2327 3521 2383 quam
3550 2324 3669 2377 supe-

2134 2409 2294 2463 rioris
2346 2406 2746 2461 exhortationis
2820 2404 3090 2474 repetitio.
3149 2401 3264 2457 Etsi
3326 2417 3463 2473 ergo
3511 2399 3670 2455 similes

2132 2497 2272 2567 apud
2304 2496 2572 2566 lguatium
2599 2502 2951 2549 occurrerent
2980 2492 3352 2561 repetitiones,
3387 2491 3443 2543 in
3477 2492 3554 2544 his
3574 2502 3669 2559 pro-

2131 2591 2220 2645 cul
2256 2589 2427 2644 dubio
2466 2587 2620 2641 Pauli
2660 2586 2903 2655 vestigiis
2935 2585 3023 2638 ille
3056 2584 3237 2637 adhuc
3280 2582 3576 2636 institisset.
3603 2576 3671 2630 Ve

2134 2687 2438 2733 rumtamen
2462 2719 2478 2745 ,
2510 2686 2569 2731 ut
2590 2692 2778 2730 verum
2816 2676 3108 2739 fateamur,
3144 2673 3496 2742 repethiones
3519 2670 3669 2724 verbo.

2134 2788 2254 2826 rum
2311 2770 2365 2824 in
2419 2785 2527 2824 una
2582 2769 2885 2836 eademque
2918 2764 3112 2836 Iguatii
3145 2764 3380 2833 epistola
3417 2780 3543 2817 rara:
3562 2773 3669 2819 sunt,

2132 2880 2232 2920 nec
2280 2862 2353 2917 ibi
2387 2880 2416 2917 a
2450 2861 2697 2916 Paulinis
2725 2860 2988 2930 exemplis
3024 2859 3114 2915 ille
3141 2858 3390 2913 recessit.
3426 2855 3672 2925 Iit-pauiu-

2131 2972 2229 3012 nes
2252 2970 2383 3010 vero
2408 2954 2805 3010 sententiarum
2840 2952 2962 3006 aliis
2985 2961 3111 3007 sunt
3138 2951 3611 3019 infrequentiores;
3636 2955 3673 2998 et

2133 3048 2180 3103 si
2229 3063 2368 3118 quas
2420 3046 2563 3117 apud
2594 3061 2718 3100 eum
2753 3061 2860 3100 non
2888 3060 3047 3100 secus
3078 3058 3142 3097 ac
3175 3042 3410 3096 Paulum
3460 3044 3672 3111 reperias,

447 3163 694 3224 terquam
724 3156 870 3224 quod
902 3156 1198 3225 scriptores
1226 3170 1329 3211 suo
1360 3133 1565 3225 quique
1592 3155 1810 3227 ingenio
1840 3154 1943 3210 hac
1970 3155 2022 3208 in

2132 3156 2209 3195 ere
2257 3140 2481 3195 maximi
2533 3148 2662 3195 sunt
2718 3138 3007 3204 momenti,
3056 3151 3259 3206 easque
3303 3136 3545 3205 lgnatius
3583 3133 3673 3188 ideo

446 3261 505 3300 re
556 3246 858 3316 indulgent,
883 3246 1050 3315 justis
1100 3246 1345 3318 lgnatius
1371 3247 1437 3302 de
1471 3247 1655 3301 causis
1701 3248 1858 3316 plura
1911 3263 2025 3302 sum

444 3338 511 3391 ad
562 3338 841 3395 Romanos
886 3341 1130 3410 epistolze
1174 3340 1510 3411 inscriptioni
1538 3340 1825 3395 inserenda
1861 3350 2024 3411 puta-

440 3428 539 3483 vit.
559 3428 803 3485 Primum
839 3432 1059 3501 quidem
1089 3433 1201 3488 haec
1231 3433 1299 3487 ab
1319 3448 1385 3487 eo
1412 3432 1642 3487 extorsit
1665 3448 1881 3487 summa
1908 3431 2023 3488 Ro-

443 3537 620 3576 mana:
646 3522 924 3591 Ecclesiac,
949 3533 1028 3579 tot
1052 3535 1375 3597 martyrum,
1408 3542 1472 3581 ac
1502 3526 1555 3579 in
1580 3525 1770 3596 primis
1797 3524 1942 3580 Petri
1970 3536 2024 3581 et

440 3614 591 3668 Pauli
649 3618 916 3686 sanguine
966 3632 1311 3687 conspersie,
1361 3635 1526 3688 quam
1582 3618 1787 3674 dudum
1836 3619 2022 3673 animo

441 3716 790 3775 conceperat,
807 3708 996 3776 opinio
1020 3719 1074 3763 et
1099 3710 1453 3782 existimatio.
1489 3708 1690 3763 Deinde
1724 3711 1812 3763 illa
1836 3710 2020 3763 omnia

441 3797 664 3853 laudum
693 3800 932 3877 epitheta
972 3802 1094 3856 ideo
1128 3804 1426 3873 congessit,
1452 3804 1599 3872 quod
1632 3804 1845 3873 singula
1868 3819 2021 3872 qua:-

440 3908 547 3961 que
575 3892 797 3947 totidem
834 3893 938 3962 ipsi
964 3896 1280 3950 viderentur
1305 3911 1425 3949 esse
1458 3906 1731 3949 momenta
1770 3906 1824 3950 et
1852 3897 2021 3949 ratio-

439 3998 561 4050 nes,
594 3985 797 4052 quibus
833 3985 1114 4043 Romanos
1144 3987 1211 4042 ad
1248 3996 1479 4042 mortem
1518 4004 1674 4043 suam
1708 4004 1814 4042 non
1849 3989 2018 4059 impe-

440 4072 697 4128 diendam
730 4074 1044 4130 adduceret.

512 4164 687 4220 Instat
737 4166 972 4222 Dallzeus
1000 4166 1150 4222 viros
1193 4168 1542 4237 apostolicos,
1584 4177 1716 4238 puta
1762 4168 2020 4241 Polyear—

439 4271 594 4327 pum,
618 4258 976 4325 Clementem,
1000 4269 1055 4314 et
1083 4261 1242 4327 alios,
1266 4269 1377 4314 tam
1411 4262 1603 4331 longas
1629 4262 1875 4332 epistolis
1905 4263 2019 4319 suis

441 4364 549 4404 non
585 4351 888 4419 prreﬁxisse
913 4351 1317 4423 inscriptiones.
1356 4351 1507 4408 Unde
1537 4353 1699 4407 infert
1724 4354 2015 4424 Ignatium,

2126 3231 2347 3286 adhibet
2369 3272 2382 3296 ,
2416 3242 2475 3285 ut
2508 3230 2598 3284 illa
2629 3245 2750 3299 qua:
2796 3228 3091 3292 scribebat,
3120 3227 3555 3282 Christianorum
3586 3238 3673 3276 me-

2125 3321 2317 3376 moriae
2356 3321 2522 3376 aitius
2578 3321 2865 3387 intixa,ex
2918 3335 3107 3374 eorum
3173 3318 3383 3373 animis
3439 3329 3673 3385 nunquam

2135 3414 2471 3468 exciderent.

2710 3505 2939 3561 CAPUT
2980 3506 3146 3559 XXII.

2128 3616 2388 3654 IGNATIUM
2438 3615 2636 3662 ZLLIIIS,
2688 3615 2829 3662 QUAM
2880 3614 3013 3653 HUNC
3049 3612 3308 3656 HABEIIUS,
3343 3609 3601 3649 EPISTOL£
3630 3607 3676 3642 ΑΙ·

2408 3686 2757 3724 ΡΟΙΛὋΛΒΙἮΜ
2794 3685 2931 3723 VERE
2965 3685 3090 3723 ESSE
3125 3682 3441 3722 AUCTOBEI.

2331 3781 2358 3854 ς
2392 3785 2434 3837 I.
2469 3782 2534 3835 Id
2563 3783 2823 3851 probatur
2854 3783 3176 3835 auctoritate
3200 3778 3510 3849 Polyciirpi.

2203 3899 2275 3954 De
2325 3899 2500 3970 prima
2542 3900 2896 3969 epistolarum
2939 3897 3132 3966 Ignatii
3181 3897 3359 3950 classe
3397 3892 3549 3948 nobis
3574 3888 3677 3944 nihil

2121 3990 2359 4059 amplius
2426 3998 2739 4059 superesset
2795 3989 3118 4053 dicendum,
3182 3985 3289 4039 nisi
3361 3981 3677 4039 doctissimus

2128 4083 2403 4149 Usserius,
2436 4081 2529 4152 qui
2562 4083 2660 4135 has
2689 4081 2933 4151 ejusdem
2975 4078 3169 4134 classis
3219 4077 3482 4147 epistolas
3511 4072 3678 4145 Ignatio

2121 4185 2435 4231 constanter
2488 4174 2801 4243 adjudicat,
2853 4173 2999 4225 illam
3050 4186 3173 4241 qua:
3232 4171 3299 4224 ad
3353 4169 3675 4240 Polyearpum

2119 4268 2321 4337 scripta
2392 4278 2475 4323 est
2502 4309 2515 4332 ,
2579 4266 2757 4320 eidem
2809 4264 3022 4335 Iguatio
3056 4264 3214 4333 plane
3256 4262 3577 4331 penitusque
3606 4258 3676 4310 ab-

2117 4360 2441 4429 judicasset.
2489 4356 2755 4424 Quamvis
2803 4366 2983 4411 autem
3034 4372 3095 4410 ea
3141 4369 3265 4423 qua:
3287 4354 3356 4408 de
3385 4351 3675 4426 Ignatiiepi-

440 4442 537 4513 qui
572 4443 715 4499 inter
742 4444 978 4499 militum
1029 4445 1307 4515 custodias
1337 4447 1571 4516 positus,
1598 4444 1666 4500 ad
1691 4449 2013 4517 martyrium
2051 4479 2093 4534 υ
2126 4451 2290 4507 stolis
2349 4451 2613 4504 hactenus
2648 4448 3069 4519 disputavimus,
3119 4446 3265 4499 illam
3303 4460 3415 4499 non
3466 4458 3608 4499 secus
3630 4454 3675 4493 ac

438 4541 588 4589 tanta
621 4536 896 4591 celeritate
921 4537 1246 4606 ducebatur,
1271 4538 1691 4609 inscriptionum
1717 4538 1852 4594 adeo
1891 4554 2019 4608 pro-

439 4624 675 4681 lixarum
704 4643 814 4683 non
847 4645 967 4685 esse
998 4639 1301 4686 auctorem.
1325 4633 1395 4685 At
1427 4646 1590 4700 porro
1614 4647 1738 4686 cum
1773 4632 2020 4701 plurimm

438 4720 867 4787 apostolicorum
907 4723 1152 4779 virorum
1209 4741 1274 4780 ac
1324 4726 1597 4795 prmeipue
1626 4726 2018 4791 Asiaticorum,

428 4812 555 4882 qui,
612 4821 748 4868 teste
794 4814 1076 4876 Cicerone.
1131 4828 1289 4873 erant
1334 4819 1724 4888 redundantes,
1793 4821 1862 4875 ad
1917 4835 2017 4875 nos

438 4920 614 4974 natiue
659 4906 901 4976 epistolae
932 4924 1041 4962 non
1074 4910 1440 4977 pervenerint,
1481 4912 1608 4981 quis
1641 4911 1840 4965 audeat
1872 4926 2023 4966 asse-

437 5012 562 5055 rere
602 4997 725 5053 illas
758 5012 867 5052 non
898 4998 1111 5064 eodem,
1141 5015 1207 5056 ac
1225 5002 1558 5071 Ignatianas,
1586 5004 1729 5074 stylo
1750 5004 1835 5058 vel
1868 5002 2023 5057 simi-

436 5088 583 5144 libus
634 5088 1088 5160 inscriptionibus
1145 5090 1317 5147 l'uisse
1365 5094 1658 5149 exaratas?
1701 5091 1834 5148 Utut
1901 5092 2018 5154 sit,

440 5190 589 5237 certe
638 5182 885 5253 Ignatius
931 5183 984 5237 in
1018 5182 1174 5239 Pauli
1203 5183 1462 5254 Epistolis
1497 5185 1737 5256 egregia.
1763 5188 1841 5241 uti
1875 5187 2019 5241 dixi-

436 5283 581 5336 mus,
616 5270 1039 5340 inscriptionum
1084 5288 1310 5328 suarum
1362 5274 1554 5330 habuit
1601 5276 1871 5345 exempla,
1917 5292 2018 5333 nec

436 5360 504 5415 de
560 5363 671 5417 ullo
726 5365 833 5418 alio
881 5364 1108 5420 meliora
1167 5365 1416 5435 accipere
1469 5374 1697 5439 poterat.
1754 5366 2016 5433 Quamvis

437 5462 621 5508 autem
671 5456 741 5510 ad
793 5459 1116 5531 martyrium
1162 5473 1381 5514 summa
1431 5458 1718 5513 velocitate
1754 5474 2015 5529 propera-

440 5555 550 5607 ret,
583 5546 635 5599 id
687 5557 869 5604 tamen
926 5565 1035 5605 non
1085 5550 1692 5621 obstabat,quominus
1740 5551 1877 5608 duas
1927 5552 2009 5606 vel

511 5705 557 5737 "
590 5721 710 5773 pag.
742 5706 866 5763 M5.

961 5709 1003 5741 ”
1037 5723 1160 5780 pag.
1191 5708 1314 5765 H7.

440 5791 557 5846 cap,
592 5792 726 5839 un,
757 5777 784 5848 ᾗ
820 5779 866 5832 1.

1394 5708 1438 5742 ’⁸
1472 5722 1591 5779 cap.
1642 5707 1733 5775 5!,
1779 5721 1833 5777 p.
1871 5706 1994 5765 421.

2121 4545 2280 4607 alias,
2315 4542 2423 4611 ipsi
2486 4540 2831 4595 tribuendam
2875 4554 2993 4594 esse
3049 4538 3461 4604 demonstrent;
3524 4535 3583 4589 de
3629 4546 3675 4585 ea

2120 4645 2298 4692 tamen
2324 4634 2527 4688 ideirco
2548 4632 2867 4688 censuimus
2894 4629 3146 4700 privatim
3170 4643 3295 4683 esse
3309 4624 3675 4694 disserendum,

2119 4728 2267 4799 quod
2295 4724 2505 4782 Usserii
2545 4723 2845 4778 auctoritas
2867 4724 3015 4776 viros
3038 4720 3306 4790 quosdam
3329 4720 3675 4775 celeberrimos

2120 4836 2248 4875 suas
2302 4818 2531 4873 traxerit
2583 4817 2638 4870 in
2698 4827 2900 4885 partes.
2936 4812 3048 4867 IIos
3101 4813 3243 4867 inter
3284 4821 3339 4867 et
3392 4826 3615 4882 purpura
3636 4814 3671 4858 el

2125 4911 2372 4967 doctrina
2428 4909 2634 4979 primas
2689 4916 2834 4962 tenet
2890 4904 3367 4961 eminentissimus
3420 4898 3674 4959 cardinalis

2125 5004 2295 5068 Bona,
2332 5003 2426 5073 qui
2457 5001 2722 5069 judicium
2767 4998 2969 5054 Usserii
2996 5005 3237 5061 secutus,
3261 4997 3328 5050 de
3359 5011 3426 5049 ea
3459 4996 3534 5050 sic
3572 5004 3672 5060 pri“

2124 5096 2343 5149 nuntiat
2365 5094 2445 5147 διε
2486 5112 2503 5144 ‹
2543 5091 2699 5146 Addo
2733 5089 2877 5160 quod
2928 5090 3070 5144 banc
3119 5087 3410 5159 epistolam
3464 5101 3563 5140 non
3605 5098 3654 5150 se

2124 5189 2353 5243 nuinum
2398 5186 2595 5257 Ignatii
2642 5183 2810 5239 fetum
2844 5198 2994 5246 esse,
3031 5180 3123 5237 sed
3158 5179 3560 5251 supposititium
3594 5170 3670 5222 \‘iri

2123 5278 2323 5333 eruditi
2379 5278 2583 5333 dudum
2637 5278 3122 5331 observaruntzet
3151 5273 3218 5327 ad
3270 5274 3324 5327 id
3356 5268 3668 5342 probandum

2124 5370 2293 5424 multa
2351 5369 2590 5425 aﬂerunt
2640 5384 2751 5424 non
2804 5368 2957 5439 parvi
3000 5365 3258 5437 ponderis
3293 5372 3616 5435 argumenta.
3653 5374 3666 5404 ι

2121 5461 2226 5518 Sed
2276 5462 2323 5517 si
2356 5462 2475 5517 viro
2520 5472 2628 5516 tam
2663 5460 2881 5517 erudito
2925 5475 3021 5531 per
3058 5457 3232 5513 otium
3278 5457 3524 5512 licuisset
3550 5452 3667 5506 illam

2117 5553 2429 5610 accuratius
2473 5554 2813 5621 examinare,
2830 5554 2884 5609 iu
2909 5554 3071 5608 aliam
3104 5550 3300 5623 procul
3326 5550 3493 5605 dubio
3512 5546 3667 5600 ivisse!

2707 5707 2944 5778 "Ibid.,
2996 5706 3084 5764 is.
3165 5704 3353 5763 ιιιιεν.
3407 5699 3663 5772 ιεικνςίτ..

2075 5708 2345 5779 "Ephes.
2401 5724 2479 5779 vr,
2539 5708 2626 5765 11.
