3768 6330
117 340 219 396 545

1076 343 1139 399 D.
1183 342 1470 402 NOURRII
1510 345 1990 406 DISSERTATIO.
2031 383 2097 393 —
2137 353 2316 410 PARS
2350 356 2390 411 l.

3252 371 3358 427 546

114 463 456 518 sententiam.
510 462 717 520 Invicto
771 481 1007 537 namque
1059 468 1351 540 ipsiusmet
1398 469 1683 543 Polycarpi
1714 475 1756 533 Α
1786 474 2038 542 exprimi,
2068 492 2135 531 ac
2184 476 2429 533 Gracam
2475 480 2640 551 hujus
2678 497 2867 540 vocem
2915 485 3062 552 illiw;
3085 502 3185 558 per
3204 488 3359 546 Lati-

116 552 447 617 testimonio,
478 570 586 623 quo
632 566 782 611 certe
834 558 1044 631 nullum
1085 560 1266 630 majus
1292 577 1440 617 nunc
1463 562 1680 619 deside.

114 644 216 695 rari
249 653 445 710 potest,
475 645 779 702 luculenter
803 650 1067 719 probatur
1096 653 1239 708 hanc
1276 655 1565 723 epistolam
1611 658 1680 712 ab

115 731 311 799 ignauo
357 734 529 789 fuisse
572 739 855 807 scriptam.
890 740 1144 797 Testatur
1184 745 1330 799 enim
1381 747 1435 799 in
1482 762 1582 803 sua
1612 749 1679 802 ad

111 825 475 896 Pliilippenses
513 830 740 900 epistola
775 846 833 887 se
860 834 929 889 ab
966 851 1033 891 eo
1091 838 1368 909 accepisse
1423 840 1629 896 litteras
1661 861 1674 896 :

116 937 132 965 ι
172 916 479 987 Scripsistis
508 922 574 975 ad
606 938 691 978 ine
722 932 777 977 et
811 940 906 980 vos
945 936 999 981 et
1026 927 1289 999 lgnatius,
1327 951 1344 984 ι
1379 940 1484 987 etc.
1513 932 1677 1003 Atqui

112 1010 195 1062 illa
226 1012 492 1079 epistola,
523 1030 685 1083 quam
731 1017 819 1072 his
852 1020 1031 1074 verbis
1065 1021 1288 1087 indicat,
1317 1026 1503 1079 eadem
1560 1027 1675 1096 ipsa

107 1111 204 1166 est,
221 1104 287 1158 de
310 1120 420 1175 qua
455 1122 601 1162 nunc
619 1111 849 1179 quastio
882 1123 1152 1170 movetur.
1178 1115 1312 1172 Nam
1337 1134 1677 1191 quacunque

108 1196 436 1270 Polycarpus
485 1203 552 1257 de
598 1205 827 1274 epistola
891 1206 1082 1279 lgnatii
1123 1213 1296 1266 nostri
1345 1213 1412 1267 ad
1452 1229 1509 1268 se
1548 1214 1674 1271 data

111 1294 444 1358 memoravit,
496 1296 582 1349 illa
635 1300 818 1353 omnia
860 1301 911 1353 in
936 1317 998 1356 ea
1022 1318 1185 1372 quam
1230 1303 1513 1373 habemus,
1544 1324 1675 1364 nus-

109 1402 262 1454 quam
300 1403 429 1443 vero
461 1391 512 1443 in
551 1392 659 1445 nlla
708 1392 811 1445 alia
867 1395 1232 1463 reperiuntur.
1278 1397 1495 1455 Scimus
1544 1402 1671 1472 qui-

108 1478 219 1531 dem
261 1478 315 1531 in
352 1479 495 1534 hanc
542 1482 785 1552 epistola
826 1483 1109 1556 Polycarpi
1154 1499 1363 1557 partem
1398 1492 1667 1560 ultimam,

106 1587 257 1641 quam
317 1572 640 1639 citavimus,
698 1577 954 1632 nonnulla
1017 1595 1048 1635 a
1112 1583 1441 1651 quibusdam
1500 1586 1671 1644 fuisse

107 1665 329 1735 objecta.
390 1666 496 1721 Sed
549 1670 662 1724 hac
712 1672 899 1726 omnia
954 1684 1062 1729 tam
1114 1677 1264 1733 clare
1316 1679 1663 1750 diluimus'",

106 1771 325 1827 eamque
349 1758 593 1828 epistola
636 1772 841 1830 partem
872 1781 980 1819 non
1021 1769 1205 1825 minus
1246 1787 1410 1841 quam
1458 1775 1594 1831 alias
1639 1793 1668 1830 a

107 1846 392 1920 Polycarpo
445 1854 707 1923 scriptam
743 1871 885 1926 esse,
920 1870 1089 1927 tanta,
1129 1864 1204 1917 uti
1245 1875 1519 1934 putamus,
1554 1872 1664 1925 evi—

107 1942 274 1998 dentia
298 1960 329 1998 a
358 1946 518 2002 nobis
538 1948 969 2009 demonstratum
997 1969 1111 2021 esr,
1140 1966 1196 2011 ut
1218 1959 1448 2017 sinceris
1481 1979 1663 2019 rerum

107 2038 520 2098 astimatoribus
558 2043 608 2098 id
641 2045 867 2103 omnino
916 2064 1237 2119 persuasum
1276 2052 1393 2110 fore
1424 2056 1666 2113 conﬁda-

108 2145 235 2187 'DIIS.

212 2283 241 2355 ς
270 2284 334 2342 ll.
377 2284 530 2341 Idem
562 2287 779 2344 Eusebii
807 2302 870 2415 et,
893 2291 1207 2416 ἤιξεν-οηῃωὶ
1238 2305 1553 2361 auctoritate

744 2376 836 2416 pro
873 2380 904 2416 a
935 2381 1017 2416 ur.

742 2376 1017 2429 prooatur.

169 2508 333 2565 Porro
364 2521 547 2569 autem
580 2517 830 2586 epistola
862 2522 929 2577 ad
965 2522 1327 2598 Polycarpum
1381 2541 1660 2592 auctorem

106 2614 214 2655 esse
260 2604 556 2675 Ignatium,
591 2625 701 2665 non
734 2610 1018 2686 Polycarpi
1064 2628 1273 2675 tantum
1310 2624 1660 2695 testimoniis,

108 2696 188 2748 sed
217 2694 649 2757 Eusebii‘etiam
680 2711 1004 2766 auctoritate
1038 2714 1198 2781 plane
1234 2694 1657 2777 demonstratur.

110 2786 198 2842 Ubi
258 2791 403 2845 enim
461 2794 658 2864 Ignatii
701 2800 960 2870 epistolas
1009 2816 1261 2863 accurate
1292 2820 1347 2865 et
1374 2812 1661 2884 diligenter

108 2894 357 2951 recenset,
384 2886 502 2944 hac
555 2889 644 2945 ille
694 2893 918 2949 totidem
958 2898 1137 2954 verbis
1167 2903 1332 2956 tradit
1356 2904 1428 2958 ³³;
1467 2928 1482 2957 ε
1520 2906 1658 2965 Cum

108 2972 355 3033 Troadem
398 2982 659 3051 venisset,
684 2985 810 3041 inde
834 2990 898 3042 ad
925 2988 1428 3062 Philadelphienses
1453 2998 1660 3057 litteras

107 3066 252 3131 dedit,
290 3079 345 3124 et
395 3073 464 3126 ad
498 3071 901 3162 Smyrnaorum
940 3080 1261 3153 Ecclesiam,
1294 3088 1658 3162 privatimque

1785 579 1909 618 nam
1933 569 2144 637 proprie
2183 569 2256 624 ab
2287 570 2382 625 illo
2408 570 2587 627 fuisse
2610 573 2899 630 redditam.
2934 575 3051 632 Vox
3077 579 3244 649 igitur
3265 574 3383 637 illa‘

1780 658 1990 725 proprie
2013 657 2150 711 nihil
2178 659 2325 714 aliud
2365 663 2504 731 apud
2538 661 2927 736 Hieronymum
2963 669 3036 723 ibi
3062 671 3356 740 signiﬁcat,

1780 761 1944 816 quam
1996 747 2269 816 privatim.
2308 754 2537 807 seorsim
2572 771 2635 809 ac
2677 759 2993 826 separatim.
3032 762 3206 832 Atque
3259 780 3356 820 eo-

1779 839 1902 894 dem
1952 840 2113 909 plane
2155 856 2320 897 sensu
2350 843 2438 899 illa
2467 846 2658 901 eodem
2695 849 2749 903 in
2781 850 2918 905 libro
2947 867 3053 906 non
3087 854 3254 908 semel
3284 854 3355 910 ah

1780 929 1901 999 ipso
1942 942 2201 1004 usurpata
2257 937 2474 1006 legitur.
2523 938 2615 995 Sic
2661 943 2862 1011 quippe
2893 944 3092 999 ibidem
3127 946 3194 1001 de
3225 948 3352 1002 Cle-

1778 1032 1961 1079 mente
2008 1026 2378 1083 Alexandrino
2428 1030 2648 1086 disserit
2697 1054 2711 1087 :
2762 1054 2781 1085 ι
2834 1034 2909 1090 De
2953 1038 3348 1094 canonibus....

1776 1112 1918 1168 liber
1962 1130 2121 1179 unus,
2153 1132 2316 1185 quem
2356 1122 2574 1189 proprie
2616 1121 2930 1179 Alexandro
2967 1124 3352 1199 Hierosolymi-

1778 1212 1906 1260 tano
1953 1208 2209 1278 episcopo
2268 1213 2680 1285 προσεφώνησε,
2728 1236 2746 1267 ι
2801 1228 2854 1272 et
2895 1219 2962 1273 de
3003 1219 3343 1289 Apollonio;

1780 1319 1799 1351 ι
1834 1301 2135 1371 Septimum
2178 1308 2393 1374 proprie
2427 1308 2688 1363 adversus
2715 1312 3062 1379 Apollonium
3096 1314 3351 1369 elabora-

1772 1395 1870 1448 vit.
1907 1412 1924 1444 ι
1960 1393 2111 1449 Unde
2164 1395 2505 1467 Sophronius
2546 1402 2597 1454 in
2644 1400 2829 1456 Graca
2865 1404 3028 1474 hujus
3060 1404 3183 1459 libri
3224 1422 3349 1460 ver-

1773 1489 1927 1539 sione
1958 1485 2093 1539 illud
2126 1489 2350 1542 verbum
2399 1492 2609 1559 proprie
2646 1508 2742 1561 per
2784 1509 2968 1547 vocem
3010 1494 3346 1567 l6ich,qua

1771 1576 1912 1631 idem
1947 1594 2012 1633 ac
2045 1577 2352 1635 Eusebiana
2380 1581 2526 1645 ἰδίως
2555 1594 2734 1651 sonat,
2766 1585 3025 1641 reddidit.

2091 1691 2241 1762 ειη.
2283 1692 2519 1763 Objectio
2556 1696 2755 1752 Ussrrii
2778 1699 3024 1756 diluitur.

1705 1824 1743 1879 Β
1843 1806 2043 1878 Objicit
2068 1820 2246 1868 tamen
2263 1811 2519 1869 Usserius
2537 1816 2651 1870 hac
2673 1814 2990 1889 Hieronymi
3018 1818 3181 1874 verba
3207 1839 3220 1875 :
3243 1840 3260 1871 ι
3285 1821 3336 1877 ir.

1768 1916 1876 1971 qua
1904 1902 2043 1957 etde
2074 1903 2365 1975 Evangelio
2404 1906 2473 1973 ³⁸,
2508 1927 2525 1958 ι
2549 1917 2678 1976 etc.,
2721 1913 2786 1963 ad
2824 1911 3107 1981 epistolam
3154 1911 3339 1986 Smyr-

1768 1993 1901 2049 nais
1924 1994 2106 2051 datam
2136 1998 2363 2053 omnino
2395 2001 2617 2068 reterri;
2646 2002 2979 2071 proindeqne
3002 2004 3146 2057 illam
3170 2021 3336 2060 unam

1766 2100 1831 2140 ac
1862 2089 2107 2144 eamdem
2153 2108 2275 2147 esse
2302 2108 2425 2146 cum
2461 2109 2547 2159 ea,
2578 2111 2699 2163 qua:
2728 2095 2793 2148 ad
2817 2094 3172 2168 Polycarpum
3203 2100 3340 2152 scri-

1766 2186 1855 2246 pta
1894 2179 2111 2236 dicitur.
2152 2181 2306 2247 Quod
2342 2185 2579 2253 quidem,
2614 2186 2788 2255 inquit
2823 2187 2963 2241 idem
3003 2185 3336 2256 Usserius",

1767 2273 1838 2326 ita
1872 2288 2059 2327 verum
2094 2285 2196 2338 est,
2231 2284 2288 2329 ut
2323 2295 2340 2326 ‹
2391 2274 2666 2332 Honorius
2721 2279 3232 2349 Augustoduncnsis
3282 2283 3336 2337 iu

1766 2367 1907 2421 libro
1939 2366 2015 2421 De
2044 2366 2396 2422 luminaribm
2427 2368 2680 2424 Ecclesia:
2713 2372 2821 2440 (cui
2851 2371 3332 2446 Hieronymianum

1765 2458 2097 2527 scriptorum
2152 2458 2459 2529 catalogum
2508 2460 2562 2513 in
2607 2460 2878 2530 epitomen
2914 2478 2946 2518 a
2976 2467 3334 2520 seredactum

1766 2552 2018 2621 inseruit)
2061 2550 2356 2621 Epistolant
2389 2551 2457 2605 ad
2506 2550 2865 2623 Polycarpum
2904 2555 2958 2608 in
2990 2571 3156 2611 censu
3194 2560 3335 2613 scri-

1764 2652 1980 2712 ptorum
2011 2639 2198 2713 lgnatii
2225 2642 2385 2711 plane
2429 2644 2943 2711 praetermittendam
2975 2662 3095 2702 esse
3121 2648 3335 2718 judica-

1764 2734 1860 2788 vit.
1897 2753 1916 2785 ι
1953 2733 2055 2788 Sed
2088 2750 2195 2789 non
2227 2734 2409 2804 magni
2432 2736 2689 2805 ponderis
2718 2749 2802 2791 est
2822 2740 3122 2793 auctoritas
3153 2738 3336 2796 Honoo

1764 2822 1852 2889 rii,
1909 2823 2003 2893 qui
2050 2824 2103 2877 in
2148 2823 2255 2878 hac
2316 2823 2440 2877 libri
2502 2822 2911 2896 Hieronymiani
2963 2827 3196 2896 epitome
3258 2830 3334 2884 ita

1763 2930 1905 2983 sape
1936 2929 2031 2984 per
2065 2930 2305 2970 errorem
2349 2916 2536 2985 lapsus
2565 2926 2678 2983 est,
2711 2927 2767 2971 ut
2806 2918 2895 2971 vix
2929 2918 3036 2972 ulla
3065 2921 3197 2974 lides
3228 2920 3332 2990 ipsi

1762 3008 1947 3062 haberi
1979 3010 2173 3077 possit.
2206 3008 2428 3078 Majoris
2460 3019 2640 3064 autem
2680 2996 2939 3065 momenti
2975 3023 3058 3066 est
3087 3013 3333 3068 testimo-

1760 3101 1911 3156 nium
1944 3101 2168 3156 alterius
2195 3102 2436 3155 auetoris
2462 3102 2620 3172 longe
2646 3104 2977 3171 vetustioris,
3007 3106 3099 3174 qui
3124 3116 3333 3159 utram-

108 3160 163 3213 ad
208 3160 562 3235 Polyearpum
640 3184 826 3225 eorum
870 3160 1230 3245 'episcopum,
1279 3181 1437 3246 ῑδίωςς
1472 3200 1530 3236 τε
1569 3160 1652 3257 -τῷ

1800 3213 1865 3253 ue
1909 3198 2194 3267 epistolam
2250 3197 2536 3253 manifeste
2584 3199 2837 3253 distinxit
2889 3200 2942 3253 in
2987 3200 3211 3255 homilia
3249 3199 3330 3255 De

107 3256 286 3351 ταύτης
307 3264 704 3336 προηγουμένῳ
728 3267 1393 3341 Πολυκάρπῳ.»ΕυεεΙ›ἰυ8
1420 3256 1656 3351 namque

109 3345 168 3400 ibi
197 3359 298 3405 tres
340 3353 541 3423 ignatii
581 3357 841 3425 epistolas
895 3372 1079 3431 aperte
1125 3364 1439 3437 distinguit;
1491 3345 1656 3441 atque

110 3435 228 3493 lianc
248 3456 365 3511 qua
396 3446 468 3498 ad
494 3444 874 3517 Polycarpum,
904 3461 1010 3506 tam
1038 3453 1106 3508 ab
1134 3470 1195 3510 ea
1225 3435 1346 3526 qua
1372 3460 1437 3514 ad
1468 3435 1655 3534 Smyr-

108 3544 253 3599 meos,
298 3551 461 3605 quam
499 3538 568 3592 ab
606 3539 697 3594 illa
728 3557 851 3612 qua
885 3545 951 3598 ad
982 3544 1485 3618 Philadelphienses
1512 3556 1647 3609 scri-

107 3631 181 3690 pta
207 3635 303 3693 est,
330 3629 598 3685 discernit
627 3630 680 3686 et
718 3633 1083 3692 discriminat.
1121 3638 1254 3705 Qua
1296 3642 1516 3710 quidem
1565 3645 1652 3700 di-

108 3716 299 3773 stinctio
342 3736 409 3776 ex
464 3722 549 3777 his
571 3738 695 3793 qua
741 3726 1176 3799 subsequuntur,
1226 3734 1399 3790 multo
1450 3737 1653 3796 clarius

108 3804 482 3899 dilucidiusque
513 3815 839 3885 perspicitur
889 3838 901 3873 :
961 3839 979 3871 ι
1028 3821 1203 3887 Quem
1252 3842 1375 3881 eum
1430 3842 1651 3899 aposto-

109 3894 247 3955 licunt
304 3902 516 3970 virum,
570 3905 646 3960 sic
714 3906 806 3962 ille
868 3911 1238 3981 prosequitur,
1302 3930 1428 3972 esse
1466 3894 1653 3988 iplane

106 4003 418 4062 agnosceret,
455 3998 559 4066 ipsi
592 4007 855 4071 tanquam
905 4004 1084 4062 bonus
1132 4023 1195 4063 ac
1244 4009 1419 4066 ﬁdelis
1462 4024 1652 4082 pastor

107 4097 295 4155 gregem
324 4091 684 4148 Antiochena
710 4093 969 4153 Ecclesia
996 4103 1422 4170 commendavit,
1448 4120 1649 4177 rogans

109 4183 156 4227 ut
175 4182 309 4234 omni
339 4198 474 4238 cura
506 4184 657 4241 illum
694 4187 878 4246 fovere
904 4192 1085 4247 vellet.
1122 4195 1267 4249 Idem
1317 4197 1371 4251 in
1418 4199 1648 4268 epistola

108 4266 161 4321 ad
205 4268 512 4345 Smyrnaos
550 4279 619 4334 de
651 4280 942 4340 Servatore
972 4296 1160 4341 nostro
1190 4266 1500 4359 loquens,_i
1538 4304 1639 4353 etc

109 4359 160 4415 Et
182 4376 313 4422 certe
340 4369 396 4422 in
435 4370 662 4439 epistola
693 4375 760 4429 ad
805 4375 1115 4449 Smyrnaos
1144 4384 1351 4439 nullum
1385 4385 1452 4440 de
1483 4386 1645 4460 Poly-

1758 3305 1862 3342 uno
1885 3289 2158 3359 utriusque
2196 3290 2519 3345 Testamenti
2552 3290 2874 3361 legislatore,
2908 3308 3071 3362 quam
3100 3290 3330 3349 Pltotius

1754 3380 2181 3452 Chrysostomo,
2232 3383 2324 3437 alii
2378 3398 2506 3439 vero
2566 3385 2780 3441 cuidam
2839 3385 3086 3454 ejusdem
3154 3387 3331 3442 atatis

1756 3472 2008 3541 scriptori
2041 3475 2321 3544 assignant
2344 3476 2408 3530 ³⁷.

1825 3564 2090 3622 Praterea
2140 3584 2264 3624 cum
2324 3568 2597 3627 Honorius
2654 3572 2855 3627 librum
2914 3571 3227 3646 Hieronymi
3270 3575 3326 3629 in

1754 3658 2026 3729 epitomen
2072 3661 2370 3733 redegerit;
2425 3664 2493 3718 ad
2523 3663 2698 3731 illum,
2732 3665 2826 3734 qui
2875 3667 3118 3721 omnium
3150 3667 3327 3721 mani-

1755 3752 1856 3807 bus
1890 3752 2102 3819 teritur,
2136 3769 2350 3824 semper
2376 3757 2711 3812 redeundum
2745 3768 2846 3812 est.
2875 3756 3080 3828 Siqua
3110 3772 3238 3813 vero
3267 3758 3321 3813 in

1753 3844 2066 3917 Hieronymi
2111 3862 2332 3917 quoque
2383 3850 2566 3905 verbis
2619 3851 2798 3907 subsit
2856 3852 3202 3914 obscuritas,
3254 3852 3323 3906 ad

1752 3934 2046 3992 Eusebium
2091 3950 2351 4011 tanquam
2383 3942 2448 3997 ad
2487 3941 2714 4010 fontem,
2748 3960 2829 3997 ex.
2862 3960 2972 4013 quo
2999 3959 3097 3998 sua
3126 3942 3321 3997 Hiero-

1752 4042 1949 4097 nymus
1981 4028 2184 4095 hausit,
2215 4031 2413 4086 debent
2451 4047 2644 4087 omnes
2675 4048 2974 4089 recurrere.
3014 4033 3176 4104 Atqui
3208 4032 3320 4088 Eu-

1752 4118 1936 4174 sebius
1991 4122 2277 4189 epistolam
2328 4124 2394 4177 ad
2450 4122 2810 4196 Polycarpum
2866 4126 2936 4181 ab
2979 4126 3203 4195 epistola
3251 4125 3320 4181 ad

1753 4208 2063 4281 Sniyrnaos
2107 4216 2471 4283 apertissime,
2504 4227 2563 4271 ut
2598 4218 2857 4283 vidimus,
2890 4218 3158 4274 distinxit.
3189 4216 3320 4274 Hie-

1751 4316 2010 4373 ronymus
2052 4319 2184 4375 ergo
2236 4306 2375 4361 idem
2431 4308 2569 4362 inter
2599 4318 2885 4378 utramque
2917 4311 3104 4364 statuit
3125 4310 3320 4366 discri-

1748 4411 1894 4451 men.
1941 4396 2119 4468 Atqne
2168 4399 2295 4455 hinc
2344 4401 2552 4470 liquido
2604 4403 2878 4473 colligitur
2923 4403 3013 4457 illa
3068 4403 3315 4470 ejusdem

109 4468 244 4564 carpo
281 4461 509 4517 verbum
563 4465 726 4535 facit;
768 4484 944 4540 neque
1003 4472 1079 4527 illi
1128 4460 1428 4533 Ecclesiam
1488 4496 1641 4536 suam
1681 4506 1723 4563 ι)
1749 4460 2059 4561 Hieronymi
2096 4492 2260 4547 verba
2295 4511 2308 4546 :
2342 4512 2359 4543 ε
2390 4460 2446 4545 lii
2486 4509 2592 4562 qt'a
2630 4503 2685 4549 et
2713 4460 2779 4549 dve
2809 4492 3123 4564 Evangelio,
3156 4513 3177 4545 ι
3206 4504 3312 4549 etc.

108 4546 473 4640 Antiochenam
517 4562 880 4617 commendat.
912 4563 1044 4630 Qua
1069 4582 1193 4622 cum
1229 4569 1284 4623 in
1311 4571 1537 4640 epistola
1575 4575 1644 4629 ad

109 4634 434 4715 Polycarpum
497 4662 809 4721 occurrant,
860 4655 1006 4711 illam
1054 4634 1431 4729 proculdubio
1459 4665 1526 4719 ab
1556 4682 1640 4735 ea,

108 4745 206 4827 qua:
251 4738 315 4793 ad
365 4740 678 4813 Smyrnaos
723 4749 923 4819 scripta
968 4763 1071 4819 est,
1114 4752 1381 4812 Eusebius
1411 4760 1643 4827 apertis-

108 4823 219 4883 sime
245 4830 545 4907 distinguit.

158 4917 327 4993 Neque
370 4930 479 4983 alia
534 4929 850 5007 Hieronymi
896 4940 1163 4994 sententia
1196 4940 1365 4997 fuisse
1391 4942 1636 5011 videtur;

108 5008 169 5103 ait
192 5016 324 5073 enim
340 5020 387 5051 “
418 5039 430 5075 :
465 5041 484 5075 ‹
518 5023 650 5080 Inde
681 5028 967 5099 egrediens
994 5032 1220 5103 scripsit
1252 5036 1319 5090 ad
1364 5008 1639 5096 Philadel;

90 5101 279 5174 φῦκος,
306 5120 363 5165 et
408 5114 477 5167 ad
515 5113 847 5188 Smyrnaos,
881 5131 936 5177 et
980 5101 1200 5195 proprie
1257 5127 1323 5183 ad
1376 5128 1635 5201 Polycar-

109 5205 231 5293 llllm.
279 5209 667 5264 commendans
718 5212 796 5267 illi
832 5212 1255 5274 Antiochensem
1297 5220 1632 5293 Ecclesiam;

109 5286 149 5341 in
175 5308 267 5362 qua
297 5307 349 5353 et
380 5300 447 5357 de
478 5302 776 5377 Evangelio
828 5312 972 5380 quod
1015 5328 1187 5384 nuper
1212 5331 1242 5369 a
1272 5331 1359 5372 me
1402 5286 1637 5374 transla;

108 5386 196 5477 uim
236 5400 335 5459 (δεῖν
380 5410 549 5467 super
592 5414 826 5468 persona
896 5403 1102 5461 Christi
1164 5409 1317 5477 ponit
1387 5411 1635 5467 testimo-

108 5474 248 5575 nium.
281 5503 300 5536 ι
327 5485 519 5546 Nullus
567 5492 813 5563 profecto
859 5511 967 5551 non
998 5498 1144 5554 videt
1164 5474 1265 5558 this
1316 5501 1634 5575 Hieronymi

107 5571 255 5630 verbis
290 5576 505 5639 Eusebii
534 5600 779 5656 sensum,
805 5598 865 5644 ut
892 5592 1076 5646 omnia
1114 5608 1252 5663 pene
1291 5596 1412 5666 ejus
1439 5571 1628 5665 verba,

1753 4598 1859 4637 non
1898 4584 1964 4636 ad
1993 4586 2289 4651 posteriora
2312 4586 2382 4637 ad
2411 4584 2783 4654 Potycarpum,
2814 4586 2909 4639 sed
2940 4586 3005 4641 ad
3031 4586 3313 4655 superiora

1747 4676 1818 4727 ar!
1849 4678 2149 4744 Smyrnwos
2189 4690 2309 4729 esse
2340 4674 2639 4728 referenda.

1818 4767 1905 4834 At,
1962 4768 2196 4838 inquies,
2232 4768 2348 4821 hac
2400 4767 2570 4821 textui
2619 4764 3043 4837 Hieronytniano
3081 4768 3191 4823 vim
3228 4769 3313 4824 fa-

1742 4862 1913 4917 ciunt.
1969 4859 2075 4915 Sed
2122 4861 2166 4915 si
2210 4874 2372 4914 verus
2424 4858 2513 4913 ille
2551 4859 2623 4914 sit
2665 4861 2957 4915 verborum
2995 4859 3311 4933 Hieronymi

1740 4968 1967 5017 sensus,
2013 4953 2160 5007 nulla
2212 4969 2279 5008 ex
2326 4968 2451 5007 vera
2493 4968 2680 5007 eorum
2742 4953 3103 5022 explicatione
3141 4958 3322 5009 textui

1738 5044 1857 5114 ejus
1903 5044 1984 5099 vis
2028 5042 2270 5098 all‘ertur.
2313 5040 2499 5112 Neque
2554 5041 2739 5097 forsan
2806 5059 2835 5096 a
2887 5057 3017 5095 vero
3079 5044 3303 5095 multun

1740 5137 2037 5201 aberrabit,
2080 5136 2173 5205 qui
2222 5134 2423 5190 dixerit
2460 5134 2513 5188 in
2563 5132 2877 5205 Hieronymi
2916 5142 3063 5188 textu
3109 5131 3318 5186 factam

1736 5229 1906 5284 fuisse
1935 5244 1966 5282 a
1993 5228 2233 5282 librariis
2252 5227 2762 5295 transpositionem;
2794 5225 2896 5279 nisi
2923 5223 3253 5292 llieronymu
3271 5236 3317 5281 ε,

1735 5322 1829 5391 qui
1877 5320 2095 5375 Graeos
2142 5327 2396 5373 auctores
2425 5326 2573 5372 tanta
2605 5317 2882 5372 celeritate
2917 5314 3138 5369 reddere
3168 5311 3315 5366 sole-

1733 5413 1846 5478 bat,
1871 5427 1970 5467 sua
1995 5412 2110 5481 ipse
2134 5410 2298 5464 verba
2326 5408 2739 5478 transposuerit.

1804 5503 2057 5569 instabis,
2078 5502 2277 5573 stylum
2309 5498 2499 5570 lgnatii
2521 5500 2575 5553 in
2601 5497 2829 5569 epistola
2853 5496 2917 5551 ad
2943 5495 3305 5568 Polyearpnm

1734 5613 1844 5653 non
1891 5595 2244 5667 deprehendi,
2273 5592 2518 5663 nullique
2561 5590 2844 5660 probabile
2870 5590 2985 5645 lteri
3011 5588 3307 5661 lgnatium,

110 5791 142 5824 ,ν
168 5728 227 5824 ,ξ
259 5731 420 5824 ἓυρτ.
456 5755 575 5823 cap.
609 5743 662 5801 4.
707 5744 752 5776 ³⁸
780 5743 1504 5824 ξυεθδλιίὺριμᾉῌίειονη
1537 5769 1652 5823 cap.

1811 5751 1891 5824 ἐξ
1920 5763 1975 5808 et
2001 5767 2116 5824 seq.
2194 5750 2241 5783 ”
2268 5749 2363 5804 lib.
2399 5747 2476 5804 De
2505 5749 2694 5824 script.
2733 5751 2915 5809 τίσιες.
2967 5751 3011 5785 ³⁸
3050 5748 3181 5821 Sup.
3206 5749 3301 5807 cit.

128 5796 223 5853 ὀε
250 5796 415 5873 ιςηὶιι.
447 5796 748 5884 ερίέιξέειρ.
786 5796 2140 5894 έῗρῗΒΤ’δί’ὺίιιὶἶόἷίἷξὧιῖῗέἣΐὲιδδὲιῖὀᾶῗῖἲὶι
2195 5796 2627 5891 gessistis:
