3768 6300
430 288 528 345 5όῖ

1502 292 1559 346 S.
1602 288 1954 348 IGNATIUS.
1994 321 2061 329 —-
2098 289 2632 348 PROLEGOMENA.
2823 350 2830 359 ,
3570 302 3653 357 548

430 424 555 464 cum
583 408 650 463 ad
677 408 1034 483 Polycarpum
1069 414 1320 483 privatim
1356 414 1512 468 daret
1536 414 1823 483 epistolam
1853 415 1905 467 in
1936 430 1998 467 ea
2034 429 2075 485 Α
2106 432 2212 469 non
2259 417 2497 470 servavit
2528 418 2728 484 solum,
2763 435 2781 469 ›
2814 428 2916 474 etc.
2944 418 3116 474 Porro
3142 420 3412 477 Eusebius
3449 425 3540 492 qui
3565 427 3655 482 hate

430 502 499 556 ad
530 510 699 557 totam
727 503 1111 576 Smyrnensem
1140 506 1442 562 Ecclesiam
1476 525 1637 562 suum
1672 511 2015 573 convertisse

431 609 762 650 sermonem.
800 596 902 652 Sed
957 600 1043 654 his
1075 599 1237 655 facile
1285 600 1685 671 respondemus
1715 602 1859 657 hanc
1897 602 2013 672 cpi-

431 684 629 739 stolam
654 689 866 754 eodem,
881 704 945 746 ac
960 690 1097 748 alias
1116 691 1379 763 genuinas
1396 693 1584 763 lgnatii
1604 693 1835 762 litteras,
1875 696 2013 751 seri-

429 785 579 845 ptam
611 793 731 833 esse
764 781 923 850 stylo.
964 778 1264 836 Eeclesiam
1296 798 1427 837 vero
1456 784 1851 856 Smyrnensem
1883 803 2009 843 cum

428 866 502 921 ibi
527 869 843 940 alloquitur,
869 873 1005 927 nihil
1030 882 1227 943 praeter
1250 876 1510 945 temporis
1541 878 1625 932 sui
1652 894 1860 933 morem
1884 894 2011 934 eum

425 958 625 1016 fecisse
676 972 883 1018 certum
936 976 1038 1019 est.
1072 964 1206 1020 Nam
1240 966 1536 1039 Dionysius
1583 969 1906 1026 Corinthius
1935 972 2004 1027 ad

429 1050 679 1108 Soterem
737 1071 1014 1111 summum
1072 1058 1381 1127 pontiﬁcem
1436 1062 1703 1129 privatam
1760 1062 2009 1119 scribens

427 1142 826 1212 epistolam,in
861 1162 921 1201 ea
974 1148 1041 1202 ad
1097 1147 1400 1205 Romanam
1462 1150 1762 1208 Ecclesiam
1809 1155 2009 1225 stylum

429 1235 511 1291 sic
539 1239 810 1293 convertit
847 1255 1008 1296 suum
1047 1256 1061 1294 :
1100 1259 1117 1293 σ
1153 1239 1278 1298 Hrec
1302 1243 1460 1299 vobis
1493 1245 1835 1301 consuetudo
1856 1254 2011 1303 est...

428 1329 605 1399 Atque
634 1331 784 1387 hunc
834 1347 1042 1388 murem
1083 1334 1275 1390 beatus
1317 1336 1609 1408 episcopus
1646 1352 1824 1394 vester
1854 1338 2014 1396 Soter

2118 504 2359 576 Dionysii
2409 509 2573 563 verba
2614 509 2819 578 retulit,
2852 511 2934 566 sic
2962 514 3403 583 prosequitur“:
3441 533 3460 565 ι
3495 517 3549 569 la
3576 518 3655 574 ba:

2115 600 2233 669 ipsa
2282 600 2443 655 etiam
2474 602 2699 670 epistola
2736 603 2986 657 meminit
3013 603 3310 661 Clementis
3338 609 3574 677 epistola:
3604 615 3653 663 ad

2114 691 2452 758 Corinthios,
2483 709 2646 763 quam
2686 710 2753 749 ex
2784 696 2963 765 prisca
2998 698 3395 753 consuetudine
3422 700 3475 753 in
3512 699 3657 757 Eccle-

2115 785 2194 840 sia
2227 787 2329 858 legi
2366 787 2583 842 solitam
2617 797 2869 845 testatur.
2910 809 2928 841 ι
2963 789 3107 846 Nulli
3132 790 3315 861 itaque
3345 794 3541 847 mirum
3562 811 3655 851 esse

2115 879 2293 948 debet,
2324 881 2374 935 si
2402 882 2682 951 ,Ignatius,
2714 882 2806 952 qui
2853 898 3007 938 suam
3055 898 3275 953 quoque
3313 885 3381 937 ad
3431 883 3659 956 Polycar-i'

2111 989 2240 1044 pum
2305 975 2595 1045 epistolam
2674 976 2729 1030 iu
2785 974 3102 1047 Smyrnensi
3177 976 3421 1033 Ecclesia
3477 980 3655 1047 publica

2111 1068 2393 1138 legendam
2448 1068 2566 1124 fore
2618 1069 2764 1124 haud
2832 1069 3105 1124 immerito
3154 1069 3551 1138 suspicabatur,
3607 1068 3653 1122 ad

2113 1176 2305 1217 omnes
2355 1162 2651 1217 universim
2682 1162 3025 1222 Christianos
3064 1178 3221 1219 suum
3245 1161 3297 1216 in
3318 1161 3413 1220 illa
3436 1161 3653 1218 direxerit

2115 1270 2423 1312 sermonem
2434 1295 2447 1308 .

1602 1690 1891 1782 PARS
1962 1692 2525 1783 SECUNDA.

428 1911 518 1970 De
568 1908 1177 1989 interpolationibus
1229 1909 1656 1992 genuinarum
1709 1909 1935 1992 lgnatii
1999 1909 2588 1992 epistolarum,gac
2643 1909 2723 1974 de
2767 1910 2913 1973 aliis
2989 1911 3287 1990 epistolis
3345 1910 3477 1992 ipsi
3530 1910 3657 1973 falso

1493 1990 1813 2068 ascriptis,
1855 2005 2205 2069 earumque
2255 1989 2650 2052 auctoribus.

934 2178 1161 2233 CAPUT
1198 2177 1491 2232 PRIMUM.

553 2308 620 2347 DE
658 2307 1211 2348 INTERPOLATIONIBUS
1241 2306 1615 2346 EPISTOLARUI
1652 2305 1878 2345 ῙΟΝΑΤΙΙ.

354 2430 361 2437 ·
431 2403 459 2475 ς
501 2406 540 2458 1.
580 2404 853 2475 lgnatium
887 2413 1077 2458 Irarum
1110 2404 1726 2475 iutcrpotationumuon
1766 2417 1878 2458 esse
1913 2418 2012 2455 au-

710 2486 907 2535 ctorem
939 2486 1123 2530 contra
1157 2475 1358 2529 Morini
1386 2474 1723 2528 sententiam.

499 2608 747 2663 Secunda
781 2610 1136 2679 epistolarum
1173 2608 1367 2679 lgnatii
1404 2607 1601 2662 classis
1630 2607 1888 2671 easdem,
1942 2606 2008 2659 de

424 2700 630 2769 quibus
674 2704 943 2756 hactenus
983 2701 1384 2765 disseruimus,
1439 2701 1613 2770 ipsius
1660 2698 1870 2752 litteras
1914 2696 2008 2752 sed

425 2792 596 2846 variis
644 2792 1156 2861 interpolationibus
1188 2800 1350 2861 atque
1384 2790 1769 2844 additamentis
1797 2797 2007 2850 auctas,

425 2882 660 2953 aliisque
691 2883 1173 2952 depravationibus
1203 2881 1344 2937 finde
1378 2891 1667 2951 corruptas
1698 2890 1753 2935 et
1797 2879 2011 2934 adulte—

426 2982 578 3029 ratas
626 2974 1033 3043 complectitur.
1090 2973 1297 3028 Harum
1344 2983 1527 3029 autem
1578 2972 1920 3027 additionum
1958 2979 2013 3025 et

424 3066 845 3135 corruptionum
889 3073 1170 3119 auctorem
1218 3080 1327 3119 non
1378 3068 1500 3120 esse
1544 3063 1837 3134 lgnatium,
1872 3062 2009 3115 adeo

426 3163 635 3209 certqu
664 3165 780 3221 est;
816 3163 875 3207 ut
919 3154 1082 3208 etiam
1119 3164 1245 3209 ante
1278 3155 1529 3224 vulgatas
1580 3154 1649 3208 ab
1690 3152 1918 3226 Usserio
1953 3162 2008 3208 ct

425 3243 624 3300 Vossio
666 3246 1029 3316 genuinarum
1070 3244 1264 3316 lgnatii
1308 3247 1668 3317 epistolarum
1699 3246 2008 3308 editiones,

425 3336 557 3391 illud
590 3337 722 3393 viris
756 3337 1083 3407 quibusdam
1125 3339 1302 3393 doctis
1334 3348 1387 3393 et
1425 3338 1658 3393 eruditis
1706 3338 1871 3392 fuerit
1913 3338 2012 3392 ob-

427 3438 725 3483 servatum.
748 3428 857 3484 Nos
874 3439 1022 3485 certe
1046 3446 1155 3485 non
1178 3431 1317 3499 fugit
1338 3430 1717 3485 doctissimum
1737 3429 2009 3484 Morinum

426 3521 627 3576 alicubi
692 3523 997 3577 asseruisse
1028 3524 1071 3556 ³⁹
1110 3542 1123 3577 :
1163 3540 1183 3574 ί
1249 3523 1550 3592 Antiquam
1601 3522 2009 3592 lgnatianarum

426 3613 779 3681 cpistolarum
813 3614 1109 3668 editionem
1140 3613 1439 3685 genuinum
1476 3622 1683 3667 textum
1718 3613 1877 3668 nobis
1909 3627 2003 3666 ex-

427 3705 612 3759 hibere
647 3721 843 3760 novam
869 3721 996 3760 vero
1031 3721 1287 3761 mancum
1328 3714 1381 3760 et
1405 3705 1815 3775 interpolatum.
1858 3724 1877 3757 ι
1926 3706 2007 3760 Ac

426 3812 495 3851 ne
544 3797 668 3866 quis
716 3814 840 3852 eum
889 3799 1004 3854 haec
1053 3808 1258 3853 temere
1297 3798 1775 3867 dixisseputaret,
1823 3797 2003 3852 conti-

426 3903 538 3941 nuo
567 3888 775 3943 addidit
817 3908 830 3943 :
870 3909 888 3942 ‹
927 3891 1091 3944 Multa
1144 3890 1474 3960 conjectura:
1505 3905 1639 3944 mea:
1686 3898 2005 3960 argumenta

424 3978 556 4032 dare
590 3994 827 4039 possem.
869 3999 888 4032 ›
928 3980 1061 4033 item
1111 3995 1243 4033 sane
1272 3978 1530 4033 omnibus
1568 3991 1775 4047 gratam
1803 3986 1857 4032 et
1884 3993 2008 4046 per-

427 4073 616 4124 utilem
646 4076 991 4140 praestitisset
1019 4072 1101 4124 vir
1146 4072 1237 4124 ille
1277 4070 1534 4133 eximius,
1579 4069 1625 4123 si
1674 4084 1737 4123 ea
1769 4069 2011 4123 dedisset

427 4174 773 4235 argumenta,
807 4164 1010 4233 quibus
1049 4164 1362 4232 opinionem
1396 4163 1531 4217 adeo
1562 4163 1922 4233 singularem,
1956 4171 2009 4217 et

426 4272 457 4309 a
494 4271 625 4311 vero
677 4266 787 4311 tam
844 4257 1082 4310 alienam
1135 4255 1352 4310 defendi
1405 4271 1565 4325 posse
1616 4255 2004 4309 arbitrabatur.

424 4346 562 4402 Nam
598 4348 849 4405 sinceras
899 4363 963 4403 ac
993 4347 1263 4418 genuinas
1306 4345 1496 4417 lgnatii
1543 4345 1715 4401 nostri
1747 4344 2010 4415 epistolas

426 4440 481 4494 in
512 4441 849 4496 editienibus
884 4439 1090 4496 Usserii
1135 4449 1191 4495 et
1220 4437 1403 4493 Vossii
1433 4437 1678 4492 exhiberi
1726 4436 1890 4491 certis
1934 4436 2013 4488 in-

425 4532 692 4603 victisque
736 4533 1013 4588 rationum
1060 4531 1357 4587 momentis
1390 4532 1548 4601 plane
1575 4529 2005 4584 demonstratur.

678 4673 707 4744 ς
740 4672 805 4728 ll.
840 4672 907 4748 Id
938 4673 1099 4727 variis
1134 4671 1455 4743 argumentis
1483 4669 1759 4739 probatur.
1806 4660 1826 4677 “

496 4806 740 4860 Primum
792 4809 940 4862 enim
973 4807 1311 4873 testimonia,
1348 4823 1472 4876 qum
1515 4805 1706 4861 Patres
1752 4803 2003 4873 antiqui,

423 4910 553 4971 puta
603 4899 891 4966 Eusebius,
934 4901 1293 4965 Athanasius,
1328 4899 1717 4970 Hieronymus,
1747 4896 2004 4951 Theodo-

419 5003 596 5058 retus,
631 4991 833 5061 aliique
857 4992 1045 5062 plures
1074 5007 1142 5046 ex
1171 4991 1364 5061 lgnatii
1386 4991 1632 5062 epistolis
1657 4992 2000 5056 citaverunt,

416 5086 469 5137 in
525 5084 616 5148 iis,
667 5098 777 5137 non
822 5094 1004 5137 autem
1058 5084 1111 5137 in
1173 5084 1623 5153 interpolatarum
1669 5081 2002 5137 editionibus

415 5177 635 5231 sincera
665 5187 719 5230 et
745 5176 952 5244 integra
986 5186 1469 5245 repraesentantur.
1494 5192 1504 5202 ·

493 5287 748 5343 Secundo
795 5288 1100 5343 additiones
1148 5288 1275 5350 illae,
1322 5304 1457 5357 quas
1504 5286 1779 5353 Usserius,
1818 5298 1878 5343 ut
1907 5302 2003 5343 eo-

415 5392 540 5441 rum
575 5394 607 5433 a
634 5379 837 5449 quibus
875 5380 1215 5449 interpolata:
1255 5388 1403 5445 sunt,
1438 5377 1660 5433 fraudes
1690 5374 1865 5448 magis
1908 5394 2000 5433 cs—

422 5480 545 5525 sent
571 5471 893 5538 manifesta,
912 5472 1087 5527 voluit
1110 5472 1163 5525 in
1195 5472 1435 5525 editione
1448 5486 1547 5525 sua
1566 5485 1685 5525 esse
1709 5470 1879 5525 minio
1902 5470 2000 5525 de—

423 5564 677 5633 scriptas,
719 5564 851 5617 nihil
900 5565 1049 5620 aliud
1072 5572 1222 5628 sunt,
1256 5579 1423 5634 quam
1472 5563 1592 5617 loca
1640 5577 1812 5617 sacrae
1851 5560 2003 5616 Scri-

526 5705 570 5736 ³³
598 5704 785 5791 ιῑδῆμζ
833 5704 1213 5791 Ηὶειοτηεθῃ.
1238 5705 1310 5759 25
1345 5660 1369 5672 θ
1402 5706 1462 5778 ,³ο
1489 5704 1564 5758 De
1588 5721 1728 5759 επεν.
1765 5704 2027 5791 ordinan,
2056 5707 2321 5781 part._tn,
2347 5694 2574 5754 exercit.
2602 5692 2655 5759 5,
2684 5704 2804 5761 cap.
2838 5689 2894 5758 5,
2918 5702 2973 5758 p.
3003 5685 3095 5742 46.

423 5776 517 5833 hb.
550 5791 604 5831 ιν
662 5772 893 5840 Ηὶδεονη
921 5790 1039 5845 cap.
1065 5775 1157 5829 '25.

2040 2185 2081 2240 Β
2109 2188 2280 2249 ριυνειι
2314 2178 2595 2249 lgnatiano
2618 2181 2789 2236 textui
2823 2182 3198 2252 superaddi:a,
3234 2182 3318 2237 vel
3354 2183 3572 2253 phrases
3588 2194 3657 2235 aut

2115 2273 2461 2341 periphrases
2511 2289 2612 2329 nec
2657 2284 2844 2344 aperte
2894 2290 2993 2330 nec
3043 2276 3439 2331 convenienter
3481 2275 3551 2328 illi
3588 2275 3657 2327 εὰν

2107 2363 2285 2432 jectae.

2186 2453 2371 2509 Tertio
2410 2456 2462 2511 in
2500 2455 2569 2512 iis
2601 2456 2864 2524 haeretici,
2895 2459 2988 2528 qui
3036 2456 3227 2528 lgnatii
3269 2469 3516 2528 tempore
3548 2473 3655 2512 non-

2113 2549 2244 2605 dum
2277 2550 2605 2603 exstiterant
2641 2565 2749 2604 non
2783 2552 2959 2605 solum
3003 2551 3419 2621 impugnantur,
3459 2552 3545 2605 sed
3585 2565 3656 2603 no.

2115 2639 2356 2694 minibus
2384 2640 2549 2694 etiam
2583 2639 2926 2708 appellantur
2948 2639 3085 2693 suis.
3116 2637 3193 2690 lbi
3223 2639 3455 2706 insuper
3490 2637 3551 2690 de
3588 2650 3655 2689 rc-

2111 2714 2216 2789 bus
2247 2733 2440 2804 lgnatii
2473 2742 2719 2803 tempore
2766 2734 3009 2787 nondum
3045 2733 3282 2799 usitatis,
3332 2748 3403 2787 ac
3450 2731 3655 2801 ejusdem

2111 2828 2286 2881 aetatis
2314 2825 2576 2881 doctrina:
2620 2842 2685 2881 ac
2717 2825 3021 2896 disciplina:
3048 2824 3340 2879 contrariis
3378 2833 3436 2878 et
3472 2823 3655 2892 opposi-

2113 2919 2182 2975 tis
2210 2934 2390 2975 sermo
2434 2918 2760 2974 instituitur.
2798 2917 2928 2971 Tale
2956 2924 3040 2970 est
3069 2916 3202 2969 illud
3231 2916 3387 2986 quod
3427 2914 3496 2969 ibi
3527 2913 3657 2967 indu-

2113 3013 2351 3069 bitanter
2385 3004 2707 3077 aﬂirniatur,
2748 3009 2980 3064 Paulum
3019 3016 3075 3063 et
3122 3008 3371 3077 reliquos
3422 3005 3658 3076 apostolos

2114 3107 2317 3176 nuptiis
2354 3105 2524 3160 fuisse
2553 3104 2813 3160 sociatos.
2837 3102 3003 3163 ,Talia
3031 3111 3159 3158 sunt
3202 3118 3325 3171 quae
3354 3101 3429 3155 de
3457 3100 3657 3168 impera

2113 3199 2324 3253 toribus
2354 3197 2666 3262 traduntur,
2696 3204 2750 3249 et
2776 3195 2881 3248 alia
2915 3194 3093 3264 plura,
3118 3208 3241 3262 qua:
3277 3193 3535 3246 omnibus
3560 3203 3656 3244 eum

2115 3290 2414 3355 sintobvia,
2436 3290 2501 3344 iis
2518 3287 2867 3344 recensendis
2885 3287 3089 3339 diutius
3112 3300 3219 3338 non
3249 3282 3657 3338 immorabimur.

2190 3388 2329 3443 llinc
2383 3389 2569 3457 itaque
2617 3387 2827 3455 liquido
2879 3384 3200 3455 intelligitur
3252 3383 3404 3437 idem
3452 3379 3659 3452 epistolis

2117 3479 2308 3551 lgnatii
2356 3479 2654 3550 contigisse
2689 3477 2837 3547 quod
2884 3476 2952 3530 de
2997 3476 3115 3529 suis
3152 3474 3457 3545 Dionysius
3499 3472 3659 3527 Corin-

2038 3562 2080 3619 (ἶ
2115 3574 2266 3627 thius
2295 3582 2564 3627 memorat
2587 3572 2629 3603 "°
2663 3590 2675 3625 :
2716 3590 2734 3621 ί
2769 3570 3064 3639 Epistolas,
3098 3570 3297 3637 inquit,
3335 3568 3561 3637 scripsi,
3587 3579 3658 3616 ro-

2115 3677 2299 3736 gatus,
2332 3681 2361 3719 a
2398 3665 2658 3719 fratribus
2686 3682 2697 3718 :
2725 3665 2821 3719 sed
2856 3665 2976 3719 illas
3027 3662 3259 3716 ministri
3310 3661 3532 3731 quidam
3567 3656 3660 3711 diae

2111 3758 2223 3814 holi
2253 3759 2482 3813 zizaniis
2514 3758 2944 3827 compleverunt,
2974 3756 3223 3826 quaedam
3256 3770 3323 3808 ex
3356 3755 3466 3808 illis
3486 3765 3659 3820 expun-

2112 3860 2324 3923 gentes;
2359 3849 2607 3921 quaedam
2650 3849 2992 3917 adjicientes.
3035 3866 3052 3898 ι
3096 3845 3231 3913 Quis
3258 3854 3449 3900 autem
3487 3844 3658 3913 episto-

2111 3945 2191 3999 las
2221 3944 2412 4015 lgnatii
2440 3941 2845 4007 adulteraverit,
2877 3942 3181 4009 harumque
3211 3937 3657 4008 interpolationum

2110 4039 2670 4108 depravationumque
2696 4046 2890 4091 auctor
2921 4035 3115 4101 fuerit,
3148 4035 3194 4088 si
3231 4034 3504 4102 inquiras,
3539 4031 3657 4083 dire-

2110 4148 2234 4186 mus
2257 4132 2414 4187 nobis
2448 4132 2727 4200 probabile
2754 4130 2980 4185 omnino
3021 4129 3191 4183 videri
3240 4127 3401 4181 illum
3440 4124 3653 4181 eumdem

2108 4240 2252 4290 esse,
2285 4225 2377 4293 qui
2423 4223 2613 4292 lgnatii
2643 4224 2867 4279 nomine
2903 4222 3037 4275 alias
3070 4219 3377 4291 publicavit
3408 4214 3655 4288 epistolas,

2108 4319 2175 4374 de
2203 4319 2401 4389 quibus
2436 4332 2581 4374 nunc
2611 4326 2695 4372 est
2722 4315 3123 4371 disserendum.

2751 4475 2980 4532 CAPUT
3022 4473 3080 4529 ll.

2328 4614 2396 4652 DE
2429 4612 2570 4651 ALIIS
2597 4609 2870 4650 EPISTOLIS
2903 4604 3121 4647 ισΝΑτιο
3156 4604 3459 4645 ASCRIPTIS.

2110 4715 2138 4787 §
2179 4713 2216 4767 l.
2248 4711 2499 4782 Analysis
2525 4705 3139 4787 _Itarttrn__epistolarunt,
3188 4714 3234 4787 et
3268 4701 3446 4771 primo
3479 4698 3653 4770 quidem

2454 4779 2689 4850 epistola
2721 4773 2911 4831 Maria:
2946 4777 3014 4829 ad
3043 4773 3338 4845 lgnatium.

2178 4900 2233 4954 In
2267 4899 2427 4954 tertia
2460 4894 2818 4966 epistolarum
2849 4888 3043 4960 lgnatii
3080 4887 3261 4942 classe
3290 4887 3411 4941 alia
3447 4884 3652 4954 quinque

2108 4996 2470 5055 collocantur,
2503 4988 2704 5058 quibus
2736 4986 2848 5049 illa,
2880 4998 3045 5053 quam
3077 4981 3245 5036 Maria
3275 4997 3343 5037 ex
3372 4976 3651 5035 Cassobelis

2108 5089 2175 5142 ad
2206 5085 2477 5156 lgnatium
2509 5079 2795 5149 scripsisse
2822 5076 3039 5139 dicitur,
3067 5074 3122 5127 in
3157 5072 3493 5128 editionibus
3518 5067 3651 5122 Usse-

2106 5182 2198 5245 rii,
2248 5177 2451 5239 Vossii,
2488 5190 2551 5229 ac
2581 5170 2837 5228 Cotelerii
2868 5167 3088 5239 praefixa
3118 5175 3222 5221 est.
3261 5163 3374 5219 Hac
3405 5173 3573 5219 autem
3608 5158 3648 5209 ir

2108 5272 2337 5345 epistola
2382 5270 2552 5324 Maria
2595 5266 2863 5337 lgnatium
2906 5263 3196 5318 certiorem
3240 5258 3374 5315 facit
3410 5252 3624 5311 Cbristia

2109 5383 2235 5423 nam
2270 5366 2432 5420 fidem
2464 5365 2519 5417 in
2552 5362 2769 5431 regione
2799 5372 2898 5413 sua
2943 5354 3112 5410 fuisse
3143 5361 3489 5422 susceptam;
3517 5352 3651 5410 atun

2109 5462 2313 5516 idcirco
2337 5472 2462 5511 eum
2493 5456 2836 5525 deprecatur,
2870 5450 3301 5517 obtestaturque,
3326 5454 3384 5500 ut
3417 5444 3581 5498 mittat
3598 5434 3647 5486 ad

2108 5571 2167 5611 se
2191 5553 2385 5608 Marim
2420 5549 2739 5620 episcopum
2758 5543 3084 5615 Neapoleos,
3116 5538 3433 5610 Eulogium,
3458 5544 3508 5589 et
3543 5530 3646 5582 Zar-

3200 5682 3248 5714 ιθ
3274 5676 3451 5749 Apud.
3477 5670 3643 5725 Euseb-
