3754 6206
99 267 160 323 5t9
465 231 472 238 ’
751 266 757 273 ·
1020 266 1084 321 o.
1121 264 1409 322 NOURRll
1449 265 1614 322 DlSSl

1787 266 1906 324 ΤΙΟ
1934 299 2004 310 ——-
2043 269 2225 326 PARS
2264 270 2327 324 ll.

643 409 656 445 :
697 409 716 442 ι
756 388 833 446 Ne
871 391 1156 460 praesidiis,
1203 393 1402 462 inquit,
1449 393 1618 447 divini
1654 405 1697 461 Α
1727 393 1856 462 cipi.
1884 392 2229 463 Quapromer
2255 405 2447 450 contra
2478 405 2714 465 quatuor
2739 399 2958 454 diversa
2986 397 3131 453 circa
3153 412 3306 450 eam-

97 391 171 442 tum
204 387 596 459 presbyterum

96 481 187 535 veriti
225 482 547 537 antistitum
603 493 660 538 et
694 484 1201 539 administraturum
1243 485 1419 540 simus
1450 485 1624 540 desti-

94 575 165 629 tttti.
193 592 208 623 ι
236 571 464 628 Fatetur
496 576 729 646 quidem
759 592 853 632 eos
895 577 1124 646 juvenes
1158 593 1303 642 esse,
1331 578 1426 633 sed
1463 587 1624 647 negat

93 666 320 734 quidquam
368 667 423 721 ei
472 668 609 722 ideo
655 667 770 723 fore
801 670 1134 736 timendum;
1187 685 1310 725 eum
1361 669 1618 738 Samuel,

93 757 237 822 Daniel,
268 756 581 825 Jeremias,
621 760 913 824 Salomon,
945 760 1149 824 Josias,
1181 771 1235 816 et
1263 761 1431 816 David
1456 763 1511 816 in
1535 769 1620 816 te-

91 864 166 901 nera
202 848 558 918 juvenilique
605 860 762 905 aetate
806 853 987 921 populi
1037 852 1323 907 Israelitici
1370 852 1616 922 judices,

90 956 206 1010 reges,
250 951 420 1011 atque
479 943 656 996 etiam
713 944 989 1013 prophetae
1046 944 1329 999 constituti
1388 945 1615 999 fuerint.

87 1034 194 1087 Addit
220 1050 320 1088 non
354 1035 522 1089 illum
553 1035 805 1099 docendi,
836 1037 929 1091 sed
959 1037 1236 1092 memoriae
1266 1051 1434 1092 causa
1459 1053 1518 1093 se
1543 1037 1617 1091 illi

88 1126 155 1180 liter:
191 1127 440 1182 retulisse
493 1129 771 1197 exempla.
825 1128 1068 1198 Denique
1119 1127 1330 1198 lgnatio
1374 1138 1426 1184 et
1471 1130 1620 1186 clero

85 1219 156 1288 ejus
177 1236 289 1274 cum
322 1221 472 1286 suis,
514 1230 632 1275 tum
663 1222 896 1277 aliorum
946 1222 1186 1278 ﬁdelium
1216 1224 1400 1279 verbis
1429 1233 1482 1279 et
1519 1238 1620 1277 no—

85 1315 177 1368 mine
194 1315 432 1370 breviter
461 1316 747 1381 salutatis,
773 1315 978 1371 claudit
1007 1318 1314 1386 epistolam.

85 1427 159 1498 §ll.
183 1430 438 1500 Analysis
480 1430 722 1504 aliarum
753 1432 1098 1504 epistularum
1137 1449 1253 1502 qum
1281 1433 1482 1504 Ignatii
1523 1449 1619 1487 no-

555 1503 695 1555 mine
718 1502 1100 1556 inscribuntur.

121 1612 328 1685 lgnatius
374 1624 619 1685 accepta
661 1614 846 1670 Maria:
896 1616 1148 1686 epistola,
1185 1618 1329 1673 hanc
1367 1617 1614 1672 eamdem

79 1723 140 1774 qna
177 1723 405 1778 magnas
439 1709 653 1763 anima:
682 1709 853 1778 ipsius
897 1710 1126 1764 virtutes
1165 1721 1479 1780 perspectas
1523 1712 1619 1766 ha-

78 1800 164 1864 Luit,
216 1801 510 1870 respondit
561 1801 667 1855 sibi
719 1801 890 1857 fuisse
939 1803 1332 1873 gratissimam.
1388 1804 1619 1870 Quantis

76 1906 172 1955 tero,
204 1909 319 1962 quae
347 1893 589 1963 quidem
636 1893 1015 1948 lubentissime
1044 1911 1143 1964 pro
1184 1895 1406 1950 Christo
1451 1897 1619 1966 patie-

76 1981 204 2048 latur,
243 1993 667 2039 tormentorum
699 1987 990 2055 generibus
1017 1995 1326 2047 vexaretur,
1355 2003 1478 2042 eum
1506 1987 1618 2042 Ma-

76 2075 128 2127 rie
147 2075 400 2146 deinceps
430 2076 828 2146 signiﬁcasset,
858 2088 1053 2132 cuncta
1081 2095 1203 2146 quae
1226 2080 1615 2148 postulaverat,

74 2179 292 2233 gratanter
316 2186 378 2225 se
412 2169 742 2239 implevisse
769 2179 1020 2224 testatur.
1052 2171 1338 2225 Aitautem
1369 2187 1427 2226 se
1452 2173 1614 2227 etiam

73 2262 262 2329 exempla
291 2263 514 2326 omnia,
552 2277 679 2331 qum
715 2277 776 2315 ex
808 2260 1107 2331 Scripturis
1132 2263 1304 2318 sacris
1334 2265 1614 2332 retulerat,

72 2365 134 2403 non
158 2351 268 2408 sine
293 2354 593 2422 voluptate
622 2353 926 2420 audivisse;
952 2370 1051 2409 nec
1079 2355 1169 2408 illa
1198 2357 1312 2425 ipsa
1331 2399 1344 2422 ,
1378 2372 1613 2427 quorum

72 2452 223 2496 certam
265 2444 332 2498 ab
369 2461 438 2498 ea
477 2444 711 2498 haberet
740 2445 1288 2510 demonstrationem,
1339 2450 1617 2518 potavisse

71 2533 129 2586 sibi
169 2536 219 2588 in
250 2536 448 2590 iisdem
496 2535 806 2606 Scripturis
834 2552 956 2594 esse
992 2539 1166 2593 oculis
1195 2541 1612 2609 perscrutanda.

72 2622 227 2682 Dehinc
265 2643 630 2697 quazcunque
679 2629 744 2684 de
797 2644 882 2695 ea,
929 2645 1053 2684 cum
1100 2629 1289 2686 Romae
1331 2631 1433 2686 sub
1478 2632 1616 2688 Lino

69 2721 290 2783 pontiﬁce.
338 2721 658 2776 Clementis
712 2733 1091 2790 antecessore,
1143 2737 1613 2794 commoraretur,

70 2811 141 2878 ipse
165 2815 433 2881 audierat,
467 2830 606 2869 vera
642 2830 794 2882 esse;
844 2816 1103 2887 illamque
1148 2818 1613 2890 majores-postea

69 2903 98 2957 in
118 2905 421 2963 Christiana
459 2905 805 2976 perfectione
836 2908 1034 2964 fecisse
1079 2925 1434 2980 progressus,
1465 2921 1614 2966 certo

69 3001 397 3069 seagnovisse
445 2999 720 3053 declarat.
755 2997 892 3054 Hinc
932 3010 1138 3070 quanto
1164 3017 1283 3056 eam
1323 3003 1613 3070 invisendi,

60 3089 386 3148 tiisiobstraret
405 3090 703 3145 «militaris
727 3091 1019 3159 custodian
1035 3093 1298 3164 ﬂagrabat
1322 3095 1610 3164 desiderio,

67 3182 453 3246 aperitlnterim
496 3197 636 3237 vero
667 3193 727 3236 ut
754 3198 867 3250 eos,
901 3185 995 3253 qui
1023 3185 1228 3240 Christi
1273 3187 1610 3241 nativitatem

66 3279 95 3323 et
110 3275 403 3340 passionem
432 3275 490 3329 in
524 3289 697 3329 carne
727 3275 1021 3345 negabant,
1047 3277 1238 3346 fugiat,
1265 3279 1616 3335 vehementer

65 3359 363 3416 illiortatur.
410 3361 560 3416 Tum
588 3363 810 3418 demum
851 3367 940 3432 iis,
970 3367 1064 3437 qui
1104 3367 1246 3422 sicut
1280 3369 1398 3438 ipsa
1425 3370 1616 3426 salutis

65 3463 135 3504 suae
153 3456 506 3526 satagebant,
541 3457 928 3525 consalutalis,
961 3460 1136 3513 eidem
1164 3461 1611 3532 presbyterorum

65 3555 237 3598 suorum
271 3561 340 3601 ac
381 3547 783 3615 diaconorum,
826 3549 879 3603 in
938 3551 1128 3620 primis
1159 3561 1338 3606 autent
1382 3552 1614 3610 Herouis

62 3635 371 3706 etCassiani,
422 3639 798 3710 ejusdemque
842 3657 966 3696 cum
1009 3643 1196 3699 uxoris
1231 3653 1346 3700 tum
1377 3646 1613 3703 ﬁliorum

62 3731 232 3785 nomine
257 3733 503 3786 salutem
541 3734 806 3802 impertit.

101 3817 332 3876 Secunda
380 3823 631 3893 cpistola
682 3823 952 3894 Philippis
995 3827 1062 3880 ad
1102 3825 1442 3885 Tharsenses
1487 3829 1614 3884 data

61 3918 126 3972 est,
148 3928 245 3980 qua
272 3924 474 3968 auctor
503 3930 566 3969 se
592 3930 623 3967 a
648 3915 936 3983 militibus,
963 3919 1168 3987 quibus
1191 3920 1481 3976 Antiochia
1505 3920 1614 3975 Ro-

61 4013 164 4055 mam
193 4006 526 4073 ducebatur,
557 4008 732 4062 variis
763 4009 1098 4066 cruciatibus
1133 4013 1400 4083 torqueri,
1426 4015 1519 4070 sed
1545 4015 1614 4070 ad

61 4096 200 4149 omnia
232 4105 512 4154 tormenta
538 4114 644 4169 pro
667 4099 888 4156 Christo
914 4101 1234 4172 perferenda
1267 4115 1520 4174 paratum
1556 4122 1615 4162 se

59 4193 143 4238 esse
168 4176 400 4244 nuntiat.
446 4189 561 4245 Eos
602 4190 802 4244 deinde
828 4191 1098 4260 obsecrat,
1134 4203 1192 4248 ut
1225 4195 1278 4248 in
1326 4195 1431 4251 ﬁde
1454 4195 1615 4252 Chri-

60 4276 195 4331 stiana
239 4279 384 4335 ﬁrmi
433 4290 811 4350 perseverent,
855 4292 1018 4354 atque
1061 4286 1131 4339 ab
1174 4287 1239 4340 iis
1273 4287 1610 4354 haeresibus,

58 4375 162 4427 quas
183 4367 270 4424 ille
297 4381 557 4427 recenset
589 4380 646 4426 et
673 4373 976 4444 impugnat,
1005 4375 1198 4430 sedulo
1224 4389 1472 4444 caveant,
1514 4380 1614 4433 adu

57 4467 223 4512 monet.
255 4461 493 4534 Insuper
535 4471 722 4518 autem
758 4464 879 4520 illos
925 4467 1196 4532 hortatur,
1230 4480 1290 4523 ut
1322 4471 1611 4538 nonnulla,

3201 273 3306 331 550

1727 487 1849 540 d'em
1877 485 2080 540 Christi
2105 486 2444 542 divinitatem
2473 499 2525 544 et
2555 491 3306 557 lncarnationem,h:eresum

1732 592 1933 647 genera
1985 577 2204 632 totidem
2238 578 2387 633 elicit
2428 580 2834 637 conclusiones.
2883 579 3000 634 Non
3049 579 3308 634 diﬁitetur

1727 678 1907 725 tamen
1936 669 2308 725 Antiochenos
2336 672 2406 726 ab
2440 672 2508 727 iis
2533 674 2816 729 erroribus
2842 674 3002 744 longe
3025 688 3148 728 esse
3174 671 3306 725 alie-

1725 778 1860 824 nos;
1898 777 1998 818 nec
2026 762 2130 816 alia
2161 772 2342 818 mente
2379 763 2564 820 istltaac
2588 767 2654 820 ad
2686 782 2780 821 eos
2807 783 2866 821 se
2901 765 3192 834 scripsisse
3225 764 3305 818 di-

1725 854 1817 918 cit,
1849 853 1955 908 uisi
2008 864 2285 908 uteorum
2339 856 2558 911 animos
2605 859 2872 911 adversus
2903 858 3139 911 ltrereses
3188 866 3298 909 tam

1725 959 2009 1011 perversas
2036 954 2383 1014 przeverteret
2421 962 2485 1000 ac
2519 949 2884 1016 praemuniret.
2915 947 3108 1002 Subdit
3133 962 3192 1002 se
3217 961 3302 1010 ea,

1723 1051 1845 1104 quae
1885 1051 2127 1105 praesens
2177 1037 2412 1102 dixerat,
2457 1037 2735 1092 absentem
2780 1039 3040 1103 scribere,
3075 1037 3306 1105 illosque

1723 1124 1865 1180 Petri
1890 1125 2113 1180 etPauli
2130 1126 2432 1196 discipulos
2455 1125 2646 1189 fuisse,
2668 1143 2731 1181 ac
2754 1127 3020 1181 Evodium
3045 1127 3305 1181 habuisse

1721 1218 2040 1287 episcopum
2086 1225 2142 1272 et
2189 1227 2500 1288 pastorem;
2547 1220 2889 1288 proindeque
2929 1218 3132 1283 vitam,
3180 1233 3303 1286 qua:

1721 1317 1998 1363 tantorum
2035 1309 2278 1363 virorum
2305 1309 2534 1364 decebat
2577 1311 2738 1371 ﬁlios,
2774 1309 2906 1378 ipsis
2933 1323 3148 1378 semper
3179 1323 3302 1364 esse

1721 1401 2006 1471 agendam.
2063 1401 2366 1472 Eapropter
2411 1406 2562 1459 varia
2608 1405 2720 1460 illis
2764 1404 2932 1458 tradit
2975 1405 3099 1458 vitte
3137 1403 3303 1457 Chri-

1721 1493 1912 1547 stianae
1936 1492 2289 1555 documenta,
2325 1511 2390 1550 ac
2421 1497 2681 1551 erunibus
2720 1505 2775 1550 et
2837 1511 2940 1551 suo
2978 1505 3031 1549 et
3066 1495 3324 1548 aliorum,

1723 1583 1942 1637 nomine
1987 1585 2257 1650 salutatis,
2293 1586 2367 1639 illi
2402 1589 2620 1642 tandem
2670 1604 2833 1656 quem
2881 1589 2934 1642 itt
2982 1587 3300 1658 episcopatu

1721 1675 2063 1730 Antiochenu
2115 1692 2490 1732 successorem
2539 1680 2830 1734 habiturus
2873 1689 3014 1744 erat,
3065 1679 3300 1734 salutem

1721 1765 1872 1820 dicit.

1655 1852 1692 1906 Β
1792 1857 2058 1928 Philippis
2092 1877 2311 1914 rursum
2343 1871 2567 1916 exarata
2603 1871 2687 1917 est
2718 1862 2946 1932 epistola
2992 1871 3222 1933 quarta,
3249 1870 3305 1916 et

1721 1947 1844 2003 data
1875 1949 1942 2003 ad
1971 1948 2243 2004 Heronem
2277 1952 2595 2017 diaconum,
2627 1967 2789 2022 quem
2835 1963 3028 2007 auctor
3050 1952 3302 2022 plurimis

1720 2057 1933 2095 morum
1963 2041 2225 2097 institutis
2260 2044 2332 2097 ita
2365 2044 2580 2108 imbuit,
2623 2055 2681 2098 ut
2717 2046 2972 2099 nonnulla
3007 2047 3298 2100 adversum

1720 2144 1956 2204 quatuor
1986 2135 2369 2190 haereticorum
2397 2154 2618 2208 genera,
2654 2139 2947 2192 identidem
2979 2140 3298 2196 admisceat.

1721 2225 1964 2280 Subinde
1989 2242 2114 2281 eum
2150 2230 2428 2297 quomodo
2462 2245 2491 2283 a
2522 2246 2582 2284 se
2614 2231 2880 2286 educatus
2921 2232 3106 2297 fuerit,
3147 2247 3212 2286 ac
3242 2247 3304 2286 se

1721 2317 1925 2371 imitari
1993 2330 2284 2388 oporteat,
2345 2322 2797 2388 commonefacit;
2861 2323 3302 2392 prteuutttiatque

1719 2407 1896 2476 ipsum
1932 2409 1984 2462 in
2016 2411 2331 2481 episcopatu
2385 2413 2762 2479 Antiocheno,
2801 2431 2912 2484 quo
2966 2430 3025 2468 se
3071 2416 3297 2484 dignum

1718 2511 1974 2571 przestare
2005 2503 2256 2569 debebat,
2298 2505 2399 2559 sibi
2438 2505 2554 2560 fore
2582 2509 3017 2579 subrogandum.
3052 2508 3302 2564 Posthac

1718 2593 1896 2663 ipsum
1932 2595 2315 2666 episcoporum
2359 2596 2486 2663 Viti,
2536 2598 2720 2654 Dama:
2756 2609 2810 2654 et
2840 2600 3051 2670 Polybii
3081 2601 3303 2655 nomine

1717 2686 1937 2749 salutat,
1973 2701 2202 2767 oratque
2234 2698 2292 2743 ut
2322 2691 2437 2745 suis
2465 2692 2704 2746 vicissim
2745 2693 2926 2746 verbis
2947 2692 3299 2763 preshy;eris,

1716 2778 1984 2844 diaconis,
2018 2782 2328 2857 populoque
2356 2785 2718 2851 Antiocheno,
2762 2794 2816 2839 et
2847 2787 3174 2855 quibusdam
3202 2800 3303 2838 no-

1716 2872 1989 2937 minatitn,
2025 2876 2296 2943 pt'mcipue
2327 2892 2453 2930 vero
2492 2877 2675 2931 Maria:
2701 2893 2766 2930 ex
2798 2877 3111 2931 Cassobelis
3154 2892 3299 2930 nun-

1715 2963 1813 3019 tiet
1857 2965 2127 3032 salutem;
2166 2982 2230 3021 ac
2282 2969 2498 3022 tandem
2548 2969 2770 3036 longum
2824 2970 2900 3022 illi
2945 2969 3000 3022 in
3044 2967 3302 3022 Ecclesia:

1715 3059 2024 3124 utilitatem,
2059 3074 2283 3113 cursum
2313 3061 2437 3114 vitae
2465 3070 2616 3130 optat
2644 3071 2807 3130 atque
2834 3071 3108 3130 precatur.

1787 3171 2065 3244 Principio
2112 3175 2355 3244 epistolze
2403 3175 2626 3242 ultimae,
2655 3191 2775 3245 quae
2806 3175 2872 3229 ad
2924 3175 3300 3245 Philippenses

1719 3264 1919 3319 dircrta
1947 3275 2047 3329 est,
2081 3274 2274 3320 auctor
2305 3282 2362 3320 se
2392 3267 2660 3332 omnium,
2696 3283 2817 3336 quae
2843 3267 2911 3320 ab
2943 3268 3050 3321 illis
3075 3283 3302 3336 accepe-

1718 3367 1824 3420 rat,
1857 3357 2243 3412 benetieiorum
2273 3374 2567 3413 memorem
2601 3374 2724 3414 esse
2749 3361 3096 3426 testiﬁcatur,
3135 3369 3300 3428 atque

1719 3448 1784 3501 ad
1813 3465 1906 3502 eos
1933 3465 1991 3504 se
2021 3451 2161 3504 hanc
2199 3451 2400 3506 idcirco
2425 3467 2684 3508 exarasse
2715 3453 2998 3515 epistolam
3023 3495 3036 3518 ,
3082 3467 3138 3506 ut
3166 3453 3298 3522 quid

1718 3542 1863 3597 circa
1916 3541 2200 3599 Trinitatis
2253 3554 2418 3612 atque
2463 3543 2863 3601 lnearnatinnis
2919 3548 3177 3618 mysteria
3228 3549 3298 3601 ab

1718 3635 1972 3690 omnibus
2015 3644 2160 3690 esset
2193 3635 2549 3700 credendum,
2591 3637 2772 3706 palam
2820 3636 3045 3693 faceret.
3094 3636 3299 3692 Probat

1719 3727 1904 3797 itaque
1937 3739 2048 3782 tres
2084 3729 2134 3781 in
2173 3727 2440 3782 Trinitate
2471 3743 2592 3783 esse
2622 3744 2886 3798 personas
2911 3770 2924 3788 ,
2963 3729 3126 3783 unius
3165 3729 3292 3798 qui-

1717 3820 1837 3874 dem
1891 3822 2150 3885 nominis,
2183 3821 2538 3892 ejusdemque
2573 3822 2830 3886 honoris,
2867 3823 2959 3876 sed
2998 3839 3027 3876 a
3069 3839 3127 3878 se
3159 3823 3299 3877 invi-

1718 3926 1833 3965 cem
1877 3913 2200 3979 distinctas;
2244 3913 2525 3968 Christum
2565 3930 2694 3968 vero
2725 3930 2947 3969 carnem
2998 3915 3295 3970 humanam

1719 4018 1843 4056 vere
1873 4005 2261 4073 assumpsisse,
2294 4020 2530 4074 eumque
2557 4021 2706 4071 vere,
2741 4023 2848 4060 non
2887 4007 3008 4061 ﬁcte
3031 4017 3084 4062 et.
3124 4008 3299 4062 sintu-

1718 4095 1821 4149 late
1870 4106 2174 4162 mortuum,
2231 4106 2285 4151 et
2339 4113 2368 4151 a
2422 4099 2653 4154 mortuis
2689 4100 3036 4154 suscitatum.
3102 4098 3299 4154 Subdit

1716 4190 1995 4244 diabolum
2031 4191 2262 4260 lapidem
2304 4206 2522 4245 omnem
2561 4192 2836 4257 movisse,
2875 4202 2934 4246 ut
2977 4191 3192 4246 Judaeos
3227 4194 3296 4246 ad

1716 4283 1996 4339 Christum
2033 4284 2458 4354 cruciligendum
2508 4287 2846 4356 impelleret;
2882 4287 2978 4340 sed
3020 4302 3145 4341 cum
3194 4286 3296 4339 hac

1716 4375 1889 4445 ipsius
1919 4385 2094 4430 morte
2123 4386 2324 4431 certam
2359 4378 2653 4448 perniciem
2697 4379 3033 4448 exitiumque
3067 4377 3170 4430 sibi
3210 4377 3296 4429 itt—

1717 4463 1845 4520 ferri
1895 4466 2178 4532 sensisset,
2217 4475 2346 4521 tunc
2397 4467 2550 4520 illum
2583 4467 2710 4522 totis
2762 4467 2995 4531 viribus,
3031 4465 3295 4534 omnique

57 4560 146 4612 quae
189 4564 358 4620 notat,
392 4556 530 4610 vitia
578 4555 821 4626 fugiant;
857 4573 920 4612 ac
947 4560 1292 4614 continenter
1335 4563 1601 4619 omnibus
1639 4563 1688 4623 ι)
1715 4567 1914 4612 conatu
1957 4557 2156 4611 frustra
2205 4558 2334 4612 huic
2385 4559 2547 4611 morti
2600 4557 2897 4611 obstitisse.
2951 4556 3292 4625 Quapropter

55 4640 309 4708 utjnslibet
348 4646 698 4703 conditionis
743 4647 1060 4706 hominibus
1090 4650 1242 4704 varia
1279 4653 1442 4706 tradit
1484 4654 1610 4709 vita:

55 4744 343 4808 morumque
365 4749 669 4810 praecepta.
705 4738 945 4796 Tandem
972 4752 1032 4798 ut
1065 4743 1234 4799 Deum
1260 4759 1359 4815 pro
1385 4761 1445 4802 se
1474 4761 1612 4802 exo—

55 4835 162 4890 rent,
189 4841 373 4901 rogat;
403 4833 660 4902 ipsisque
682 4842 973 4904 postquam
1001 4833 1299 4892 Ecclesiam
1321 4853 1476 4894 suam
1503 4839 1611 4894 An-

54 4913 325 4976 Iiochenam
351 4923 829 4991 commendasset,
869 4927 1036 4982 variis
1062 4929 1485 4988 salutationibus
1511 4933 1610 4988 ab-

53 5008 182 5064 solvit
205 5015 526 5083 epistolam.

103 5096 269 5160 Tertia
307 5108 378 5163 ad
415 5108 804 5164 Antiochenos
832 5110 1063 5177 directa,
1088 5113 1355 5184 Philippis
1385 5129 1608 5186 quoque

51 5190 217 5260 scripta
247 5207 352 5254 est.
389 5196 449 5253 ln
478 5215 544 5254 ea
572 5210 794 5267 auctor,
823 5217 888 5256 ex
918 5218 1028 5272 quo
1069 5220 1260 5274 pacem
1291 5205 1398 5260 illis
1423 5206 1610 5261 reddi-

51 5283 135 5332 lam
165 5289 490 5358 accepisset,
520 5306 625 5346 sua
654 5292 761 5348 sibi
787 5293 1002 5349 vincula
1035 5295 1169 5350 levia
1199 5305 1253 5351 et
1281 5305 1499 5366 portatu
1522 5295 1607 5353 fa-

51 5368 147 5426 cilia
168 5390 288 5433 esse
314 5384 632 5450 proﬁtetur.
664 5382 793 5441 Illos
829 5395 1012 5442 autem
1043 5389 1318 5454 obsecrat,
1348 5406 1416 5446 ne
1440 5391 1608 5447 variis

49 5466 325 5553 gentilium,
366 5477 463 5545 qui
506 5477 702 5546 plures
730 5478 862 5533 deos
903 5478 1245 5548 adorabunt;
1284 5497 1462 5553 neque
1507 5481 1608 5536 Ju-

48 5548 283 5627 daeomm,
314 5566 408 5633 qui
437 5583 618 5624 unum
655 5576 868 5623 tantum
896 5585 1018 5626 esse
1050 5572 1333 5627 credentes
1357 5613 1374 5639 ,
1405 5571 1606 5627 divini-

49 5650 184 5702 tatem
217 5649 423 5712 Christi
454 5659 760 5731 negabant,
804 5663 1084 5732 patiantur
1114 5679 1173 5720 se
1197 5663 1482 5722 erroribus
1508 5663 1605 5721 de-

1719 4648 2192 4726 diabolumlonga
2221 4651 2552 4720 apostrophe
2589 4650 2910 4719 alloquitur,
2941 4649 3293 4719 ostenditque

1722 4743 1902 4797 varios
1934 4742 2002 4796 ab
2027 4757 2092 4796 eo
2124 4742 2191 4797 de
2221 4741 2426 4796 Christi
2472 4741 2758 4798 divinitate
2791 4751 2844 4796 et
2877 4741 3253 4797 incarnatione
3273 4783 3290 4807 ,

1717 4847 1904 4887 secum
1942 4832 2176 4887 invicem
2228 4841 2553 4903 pugnantes,
2601 4834 2760 4889 malis
2817 4834 3028 4889 artibus
3072 4849 3294 4889 errores

1716 4925 2134 4992 disseminatos;
2162 4927 2256 4981 sed
2297 4926 2373 4980 illi
2405 4926 2582 4996 plura,
2613 4942 2736 4998 qua:
2767 4940 3033 4992 recenset,
3070 4926 3137 4980 de
3172 4925 3292 4994 ipso

1715 5017 2112 5073 lncarnationis
2160 5019 2422 5088 mysterio
2467 5017 2639 5075 fuisse
2673 5019 3012 5086 incomperta
3062 5016 3292 5070 demon-

1714 5120 1870 5166 strat.
1899 5109 2031 5166 Post
2060 5111 2201 5165 hanc
2231 5119 2412 5167 autem
2435 5111 2638 5166 diaboli
2671 5110 3074 5180 apostrophen,
3103 5108 3156 5160 in
3182 5121 3290 5176 qua

1712 5202 1832 5258 fuse
1863 5203 1928 5258 de
1954 5203 2131 5259 tribus
2157 5202 2360 5258 Christi
2403 5203 2455 5258 in
2489 5203 2707 5259 deserto
2739 5201 3130 5258 tentationibus
3178 5199 3292 5252 dis—

1713 5297 1866 5362 serit,
1895 5297 2152 5352 nonnulla
2189 5297 2256 5352 de
2286 5297 2553 5351 festorqu
2582 5297 2799 5367 diebus,
2831 5290 3288 5360 Quadragesitna,

1711 5385 2000 5454 Paschate,
2034 5404 2098 5443 ac
2125 5389 2191 5443 de
2230 5397 2374 5443 recta
2403 5387 2618 5441 vivendi
2663 5386 2876 5439 ratione
2921 5383 3118 5437 ibidctu
3158 5379 3291 5434 sub-

1713 5480 1900 5534 nectit.
1930 5479 2134 5532 Dehinc
2164 5478 2558 5532 Antiochenam
2589 5475 2889 5530 Ecclesiatn
2923 5471 3290 5541 Pltilippensic

1715 5572 1815 5627 bus
1850 5570 2218 5636 commendat,
2256 5570 2530 5639 variisque
2570 5567 2996 5622 salutationibus
3049 5565 3286 5627 additis,

1713 5664 1854 5720 hanc
1876 5663 2158 5735 epistolam
2185 5662 2329 5717 circa
2361 5660 2654 5732 Rhegium,
2686 5676 2811 5716 cum
2843 5659 2956 5730 jam
2991 5657 3117 5713 navi
3155 5657 3288 5714 sult-
