3768 6300
456 279 551 337 551

459 508 586 549 enm
622 492 854 546 salutem
906 485 1177 557 corporis,
1226 483 1426 553 anima:
1473 488 1528 533 et
1575 477 1802 547 spiritus
1841 472 2032 528 iisdem

458 581 898 654 l’hilippensibus
930 586 1191 648 Optasset,
1228 572 1512 644 epistolam
1549 568 1820 638 obsignat.

1068 746 1297 806 CAPUT
1338 747 1426 799 Ill.

462 891 741 930 PROBATUR
776 886 875 927 IIAS
903 884 1075 924 OINES
1103 877 1393 920 EPISTOLAS
1422 872 1617 913 FALSAS
1648 869 1774 910 ESSE
1808 869 1877 908 ET
1911 868 2035 907 SUB-

1121 948 1380 991 DITITIAS.

467 1064 496 1135 §
541 1063 581 1117 l.
628 1060 899 1114 Probatur
944 1056 1044 1135 [eos
1080 1067 1259 1105 omnes
1280 1045 1586 1135 .generatim
1630 1039 1885 1112 epistolas
1930 1051 2040 1091 esse

934 1125 1101 1196 falsas
1133 1132 1181 1176 et
1222 1117 1574 1173 adulterinas.

538 1248 651 1303 llas
684 1260 877 1300 omnes
902 1240 1165 1312 epistolas
1191 1235 1503 1292 subdititias
1541 1244 1684 1293 esse,
1721 1227 2042 1300 Ignatioque

467 1352 657 1398 nostro
685 1350 966 1408 perperam
993 1332 1280 1400 ascriptus,
1313 1327 1479 1381 variis
1508 1326 1780 1379 rationum
1807 1333 2045 1373 momen-

467 1436 562 1499 tis,
594 1405 717 1501 (ιιιεὲ
746 1405 841 1483 eas
869 1422 1169 1479 universim
1202 1416 1627 1489 singulatimque
1661 1417 1938 1481 spectant,
1966 1405 2046 1460 fa-

468 1527 574 1581 cile
623 1519 993 1578 convincitur.
1042 1513 1227 1567 Primo
1254 1510 1400 1565 enim
1449 1505 1740 1569 Eusebius,
1780 1501 2045 1568 llierony-

471 1634 617 1678 mus.
665 1614 871 1682 aliique
919 1609 1217 1677 scriptores
1265 1600 1621 1658 eruditissimi
1661 1612 1757 1652 eas
1805 1602 2046 1648 tantum-

473 1710 639 1764 modo
672 1705 955 1776 epistolas,
989 1716 1112 1771 quae
1143 1700 1195 1753 in
1220 1694 1550 1751 editionibus
1578 1688 1784 1745 Usserii
1828 1694 1882 1740 et
1908 1683 2046 1738 Vos-

472 1803 539 1857 sii
570 1775 918 1862 exhibentur,
947 1793 1153 1864 lgnatio
1202 1787 1535 1858 adjudicant.
1581 1780 1651 1835 At
1694 1780 1741 1835 si
1773 1793 1893 1848 quae
1926 1775 2045 1829 alia:

470 1896 541 1950 ab
583 1909 650 1949 eo
693 1899 877 1947 essent
916 1887 1153 1955 scriptze,
1187 1892 1463 1937 tantorum
1519 1872 1769 1945 profecto
1800 1869 2044 1923 virorum

472 2001 663 2042 curam
695 1994 750 2039 et
789 1979 1150 2051 diligentiam,
1192 1982 1579 2037 summumque
1620 1966 1675 2019 in
1710 1960 2046 2030 investigan-

470 2079 557 2134 dis
583 2077 830 2147 priorum
866 2070 1122 2126 Ecclesize
1146 2067 1366 2119 Patrum
1398 2054 1874 2115 lucubrationibus
1897 2053 2054 2106 labo-

474 2141 722 2226 rem—non
756 2165 1042 2236 fugissent,
1072 2174 1173 2214 nec
1200 2167 1309 2212 tam
1337 2154 1447 2208 alto
1474 2148 1691 2206 silentio
1721 2146 1791 2201 ab
1816 2144 1896 2199 eis
1916 2141 2051 2197 fuis~

474 2270 600 2317 sent
628 2256 1033 2329 praetermissae.

544 2327 835 2415 Praeterea,
888 2346 941 2401 id
992 2357 1211 2415 quoque
1257 2338 1454 2410 probat
1500 2336 1643 2391 idem
1674 2329 1919 2387 omnium
1955 2327 2054 2380 hac

476 2460 669 2502 runce
701 2440 1058 2512 epistolarum
1090 2435 1285 2505 stylus,
1312 2432 1379 2485 ah
1410 2428 1715 2499 lgnatiano,
1747 2436 1909 2492 quem
1955 2436 2055 2474 au-

476 2548 599 2593 ctor
627 2537 832 2590 frustra
864 2529 1067 2585 imitari
1094 2534 1325 2581 conatus
1349 2533 1452 2587 est,
1479 2518 1705 2575 omnino
1731 2517 1963 2570 alienus.

553 2630 793 2699 Denique
824 2625 1062 2679 maxima
1091 2629 1174 2676 est
1206 2621 1303 2673 has
1340 2618 1481 2671 inter
1512 2611 1772 2683 epistolas
1802 2606 2056 2676 cognatio

479 2734 535 2779 et
566 2718 857 2776 connexio.
896 2714 1032 2769 Nam
1072 2709 1334 2773 secunda,
1380 2708 1536 2761 tertia
1565 2713 1619 2758 et
1648 2709 1844 2772 quarta
1876 2714 1941 2752 ex
1972 2713 2059 2751 ea-

477 2816 605 2870 dem
648 2811 984 2880 Philippensi
1020 2808 1154 2861 urbe
1198 2804 1339 2859 data:
1377 2802 1655 2871 leguntur,
1683 2804 1737 2849 et
1780 2795 1833 2848 in
1861 2794 2057 2863 quarta

484 2909 655 2963 Maria
689 2922 754 2960 ex
781 2902 1113 2965 Cassobelis,
1146 2898 1211 2953 ad
1245 2912 1410 2967 quam
1441 2893 1617 2964 prima
1651 2888 1881 2961 epistola
1923 2886 2058 2941 scri-

480 3012 572 3073 pta
622 3010 729 3063 est,
782 2993 1103 3052 nominatim
1140 2991 1430 3046 salutatur.
1466 2987 1523 3041 Si
1564 3001 1697 3054 ergo
1724 2999 1831 3037 una
1871 2996 1936 3035 ex
1972 2979 2059 3033 his

1534 266 1592 321 S.
1635 258 1979 318 lGNATlUS.
2020 288 2087 298 --
2127 247 2654 309 PROLECOMENA.

457 402 741 457 vehendus
787 408 968 463 esset,
1016 410 1075 452 se
1120 393 1338 448 dedisse
1384 390 1729 447 testificatur.
1789 384 2029 452 Denique
2059 389 2102 445 Α
2132 386 2236 442 ret,
2267 384 2320 429 et
2350 389 2473 429 cum
2507 372 2622 442 ipse
2643 362 2897 420 essetsub
2919 382 2936 414 ι
2962 358 3183 415 militari
3211 352 3521 416 custodia,»
3547 347 3597 401 id
3612 362 3706 407 est,

2137 486 2261 527 cum
2288 469 2353 524 ad
2389 463 2710 535 martyrium
2738 462 3047 514 duceretur.
3090 453 3159 506 At
3196 464 3355 505 nemo
3382 457 3463 500 est
3491 444 3589 511 qui
3628 458 3702 495 re

2135 563 2274 619 sciat
2322 559 2587 633 lgnatium
2633 556 2795 625 longo
2834 559 2958 621 post
3005 544 3299 603 Clementis
3338 537 3706 612 pontiﬁcaqu

2138 665 2383 725 tempore
2405 646 2672 720 martyrio
2705 644 2877 698 fuisse
2907 644 3251 694 coronatum.

2262 767 2290 838 §
2314 764 2401 819 111.
2440 762 2591 817 Alias
2620 772 2821 831 quoque
2845 752 3092 826 epistolas
3117 766 3226 805 esse
3249 744 3610 801 adulterinas.

2213 879 2454 951 Epistola
2484 874 2722 932 secunda
2768 886 2922 927 suam
2947 880 3165 938 quoque
3211 861 3509 916 falsitatem
3546 862 3709 923 apert».

2140 945 2359 1043 prodit;
2410 967 2464 1020 in
2504 980 2567 1020 ea
2613 961 2879 1032 siquidem
2936 968 3128 1012 auctor
3170 950 3425 1007 haeresim
3481 945 3710 1003 Sabelli,

2141 1036 2263 1129 qua:
2304 1056 2496 1127 lgnatii
2537 1065 2781 1122 tempore
2826 1047 3070 1104 nondum
3114 1044 3294 1099 fuerat
3339 1036 3711 1098 disseminata,

2143 1169 2252 1207 non
2281 1152 2516 1206 obscure
2541 1143 2865 1202 confutavit.

2217 1242 2420 1297 Deinde
2460 1239 2667 1293 Paulus
2708 1238 2811 1289 hoc
2855 1232 2972 1287 solo
3027 1228 3269 1290 nomine,
3313 1222 3626 1290 Apostolus.
3656 1219 3711 1271 ibi

2145 1334 2418 1389 laudatur.
2465 1328 2631 1400 Atqui
2672 1340 2795 1381 eum
2836 1321 3027 1391 lgnatii
3060 1328 3302 1387 tempore
3330 1329 3399 1369 eo
3430 1329 3534 1383 per
3572 1320 3713 1365 ante.

2147 1426 2450 1482 nomasiam
2482 1420 2808 1493 cognomine
2839 1414 3011 1470 fuisse
3040 1411 3396 1482 appellatum,
3444 1420 3581 1460 vero
3626 1419 3712 1457 non

2145 1520 2361 1575 videtur
2383 1515 2581 1571 simile.

2219 1608 2451 1664 Falsitas
2482 1604 2653 1661 tertia:
2698 1600 2945 1672 epistola:
2978 1596 3104 1651 inde
3135 1593 3409 1665 arguitur,
3441 1589 3597 1661 quod
3633 1588 3714 1640 An-

2152 1702 2406 1757 tiochena
2435 1695 2674 1752 Ecclesia
2705 1702 2930 1749 vocetur
2963 1709 2976 1743 :
3026 1708 3044 1741 ι
3090 1686 3293 1743 Christi
3320 1699 3467 1738 nova
3500 1682 3666 1739 oliva.
3702 1700 3712 1725 ι

2149 1804 2204 1849 et
2232 1791 2394 1862 paulo
2439 1798 2562 1859 post
2597 1782 2922 1839 Antiocheni
2956 1780 3173 1836 Petrum
3208 1786 3260 1832 et
3288 1775 3530 1830 Paulum
3568 1772 3716 1841 magi-

2148 1895 2317 1947 stros,
2352 1879 2618 1935 Evodium
2647 1891 2776 1931 vero
2805 1874 3122 1944 episcopum
3158 1869 3421 1923 habuisse
3456 1866 3717 1920 dicuntur.

2150 1975 2257 2031 Sed
2287 1973 2509 2027 Petrum
2560 1984 2706 2024 anno
2752 1966 2955 2021 Christi
2989 1966 3057 2019 39
3094 1960 3449 2017 Antiochiam
3499 1958 3717 2013 venisse.

2151 2070 2338 2138 ibique
2387 2062 2689 2119 Ecclesiam
2746 2058 3033 2121 fundasse,
3081 2064 3243 2127 atque
3298 2054 3435 2107 illuc
3487 2049 3717 2110 Paulum,

2151 2161 2350 2217 comite
2390 2156 2661 2218 Barnaba,
2696 2152 3043 2216 adventasse,
3074 2146 3291 2215 scriptis
3322 2144 3603 2198 traditum
3641 2149 3717 2194 est

2152 2252 2272 2319 Quo
2295 2264 2424 2319 ergo
2472 2254 2627 2316 pacto
2672 2244 2789 2299 haec
2833 2240 3022 2296 eadem
3064 2236 3309 2293 Ecclesia
3349 2235 3505 2289 circa
3546 2248 3721 2287 annum

2158 2341 2282 2405 lOS,
2308 2355 2415 2410 quo
2439 2337 2682 2410 lgnatius
2709 2337 2776 2389 ad
2815 2331 3139 2402 martyrium
3167 2326 3531 2398 properabat,
3576 2334 3723 2395 potuit

2163 2452 2181 2485 ι
2218 2431 2423 2487 Christi
2448 2444 2589 2483 nova
2613 2428 2757 2482 oliva
2794 2446 2811 2478 ι
2842 2421 3134 2493 appellari?

2226 2525 2494 2580 Praeterea
2564 2533 2756 2578 auctor
2831 2517 3031 2573 ibidem
3084 2515 3285 2570 salutat
3335 2509 3719 2567 subdiaconos.

2159 2624 2409 2678 lectores.
2438 2623 2709 2677 cantores,
2746 2609 3027 2673 ostiarios,
3053 2607 3394 2667 laborantes,
3427 2601 3724 2659 exoreistas.

2158 2706 2416 2762 custodes
2463 2714 2777 2761 sanctarum
2812 2708 3113 2772 portarum,
3144 2706 3249 2749 etc.
3279 2692 3451 2762 Atqui
3468 2692 3631 2760 juxta
3653 2690 3727 2743 do-

2158 2799 2532 2855 ctissimorum
2565 2796 2880 2851 criticorum
2913 2789 3239 2847 sententiam
3294 2785 3349 2839 hi
3391 2786 3637 2847 ordines,
3659 2798 3729 2835 ee-

2160 2905 2395 2959 rumque
2427 2887 2652 2943 nomina
2696 2885 2873 2954 primo
2926 2879 3180 2937 Ecclesiae
3222 2877 3430 2931 saeculo
3482 2874 3727 2943 incognita

2161 2980 2403 3036 luerunt.
2437 2977 2701 3045 Quamvis
2721 2984 2903 3029 autem
2941 2971 3189 3042 quidam,
3218 2968 3391 3021 variis
3437 2965 3731 3020 Laodicenm

481 3094 750 3165 epistolis.
781 3093 860 3147 sic
893 3090 996 3144 sibi
1033 3087 1265 3142 invicem
1296 3080 1583 3142 connexis,
1617 3076 1926 3133 adulterina
1963 3071 2053 3134 sit,
2085 3115 2127 3173 ϐ
2163 3073 2378 3145 synodi,
2420 3068 2731 3140 Epiphanii,
2778 3064 3357 3130 Constitutionnmquc
3427 3057 3730 3129 apostolica-

481 3198 535 3242 ct
559 3188 695 3241 alias
721 3197 942 3254 quoque
964 3195 1155 3233 omnes
1184 3174 1522 3231 adulterinas
1542 3185 1665 3226 esse
1685 3176 1920 3238 oportet.
1936 3163 2055 3219 Jam

484 3280 667 3348 itaque
702 3292 811 3330 non
853 3288 1018 3329 unam
1065 3278 1301 3334 tantum,
1337 3266 1431 3323 sed
1462 3278 1653 3318 omnes
1681 3258 2019 3316 adulterinas
2041 3296 2057 3321 ,

484 3372 655 3426 falsas
685 3376 738 3423 et
786 3366 1104 3437 suppositas
1158 3376 1279 3418 esse
1338 3356 1655 3429 singulatim
1717 3350 2058 3424 probandum

480 3474 584 3519 est.

486 3598 519 3670 ᾗ
565 3595 628 3652 11.
661 3590 1176 3670 ΕρίξιοιαεηΜᾳνξίε
1204 3602 1268 3670 ea:
1319 3582 1617 3641 Cassobelis
1669 3579 1739 3670 ad
1790 3575 2064 3648 lgnatium

682 3652 731 3721 ei
765 3664 966 3736 lgnatii
997 3662 1065 3716 ad
1100 3659 1334 3715 Mariam
1362 3671 1472 3709 esse
1502 3652 1826 3722 suppositas.

556 3800 802 3856 Primum
832 3797 1120 3869 epistolam
1148 3792 1335 3848 Maria:
1359 3807 1424 3845 ex
1450 3786 1767 3845 Cassobelis
1803 3785 1869 3839 ad
1909 3784 2068 3856 lgna-

488 3894 648 3952 tium.
677 3900 731 3945 et
766 3890 959 3961 lgnatii
995 3889 1061 3942 ad
1102 3885 1327 3939 Mariam
1367 3881 1777 3950 responsionem
1807 3877 2067 3954 adulteri-

491 3999 592 4038 nas
613 3998 736 4037 esse
759 3982 884 4035 inde
913 3981 1360 4041 demonstratur;
1386 3974 1533 4044 quod
1568 3971 1739 4025 Maria
1769 3986 1891 4039 qua-
1914 3970 2069 4039 lgna-

492 4076 627 4129 tium
651 4072 898 4128 omnium
926 4069 1367 4125 Christianorum
1403 4065 1626 4118 nomine
1650 4063 1854 4117 salutat
1871 4103 1886 4125 ,
1912 4063 1980 4115 ab
2003 4077 2069 4115 eo

494 4178 674 4220 tamen
698 4173 757 4218 ut
781 4162 974 4217 Marim
996 4168 1051 4215 et
1079 4158 1392 4229 Eulogium,
1412 4157 1539 4211 licet
1561 4156 1810 4225 juvenes,
1836 4155 2069 4207 alterum

491 4273 607 4313 sua:
632 4256 933 4326 Neapoleos
967 4254 1307 4322 episcopum,
1346 4250 1574 4303 alterum
1603 4246 1974 4316 presbyterum
2002 4244 2069 4297 ad

493 4366 609 4413 suae
639 4350 821 4404 mittat
848 4346 1105 4402 Ecclesia:
1136 4343 1690 4405 administrationem,
1721 4356 1820 4395 sua
1856 4338 1969 4394 sola
2006 4325 2071 4391 ac

2161 3181 2283 3221 rum
2346 3161 2711 3227 testimoniis,
2764 3159 3053 3228 diligenter
3094 3152 3439 3225 ponderatis,
3464 3151 3730 3221 originem,

2162 3258 2491 3327 initiumque
2524 3257 2721 3309 borum
2752 3253 3031 3315 ordinum,
3083 3248 3215 3303 nulli
3274 3247 3555 3301 hactenus
3605 3257 3731 3296 com-

2160 3360 2314 3423 perta
2345 3348 2516 3404 fuisse
2539 3355 2826 3411 asserant;
2862 3344 2989 3398 illud
3023 3355 3202 3397 tamen
3232 3348 3450 3394 certum
3476 3344 3567 3392 est
3590 3332 3732 3405 quod,

2164 3444 2211 3498 si
2238 3441 2426 3512 lgnatii
2460 3450 2703 3508 tempore
2751 3436 2973 3507 quidam
3052 3433 3122 3487 iis
3182 3429 3475 3486 ordinibus
3527 3427 3733 3481 fuissent

2165 3532 2383 3595 initiati,
2407 3530 2497 3584 ille
2529 3529 2582 3583 in
2612 3527 2757 3583 veris
2797 3525 2913 3581 suis
2938 3522 3184 3594 epistolis
3226 3520 3475 3589 aliquam
3518 3517 3733 3573 illorum,

2166 3626 2326 3682 sicuti
2360 3623 2628 3693 virginum
2654 3629 2708 3675 et
2736 3619 3046 3684 viduarum,
3075 3616 3295 3670 fecisset
3324 3610 3677 3666 mentionem.

2236 3715 2390 3783 Quod
2426 3712 2477 3769 in
2508 3722 2703 3784 quarta
2756 3710 2981 3781 epistola
3030 3708 3227 3777 legitur
3264 3703 3617 3765 Onesimum,
3652 3696 3735 3749 Da-

2168 3824 2314 3864 mam
2347 3818 2399 3863 et
2429 3806 2713 3879 Polybium
2747 3803 2815 3857 ad
2857 3800 3123 3872 lgnatium
3167 3795 3521 3851 invisendum
3546 3792 3598 3846 in
3629 3788 3734 3842 Phi-

2169 3903 2468 3971 lippensem
2498 3897 2686 3952 urbem
2734 3910 2792 3949 se
2832 3891 3150 3955 contulisse,
3188 3887 3239 3941 id
3291 3885 3589 3941 falsitatem
3634 3880 3735 3948 ejus

2171 3990 2459 4050 manifeste
2486 3990 2744 4045 declarat.
2779 3984 2855 4039 Ex
2881 3982 3132 4054 genuinis
3154 3979 3304 4035 enim
3333 3976 3531 4049 lgnatii
3559 3974 3737 4044 episto-

2171 4082 2238 4135 lis
2290 4092 2400 4135 tres
2454 4079 2575 4133 illos
2621 4079 2911 4148 episcopos
2959 4073 3027 4127 ad
3082 4070 3353 4141 lgnatium
3405 4064 3735 4122 salutandum

2173 4171 2463 4243 Smyrnam
2492 4171 2705 4224 venisse
2732 4166 3019 4221 discimus.
3061 4162 3131 4216 At
3164 4161 3391 4215 eosdem
3422 4157 3735 4229 persecuti.»

2173 4282 2306 4321 num
2358 4263 2600 4334 tempore
2645 4260 2835 4315 eadem
2888 4271 3082 4313 rursus
3136 4253 3205 4308 de
3237 4267 3409 4307 causa
3457 4250 3526 4304 ad
3569 4249 3737 4302 urbem

2170 4358 2579 4427 Philippensem
2634 4355 2980 4417 adventasse,
3041 4347 3201 4415 nulli,
3243 4355 3306 4403 ut
3342 4353 3623 4415 putamus,
3666 4342 3739 4392 ﬁet

494 4443 705 4514 privata
739 4442 1068 4495 auctoritate
1099 4437 1378 4508 postulat;
1415 4434 1578 4504 idque
1614 4431 1854 4505 lgnatius
1884 4430 1960 4484 illi
1991 4430 2073 4483 ul—
2102 4452 2146 4506 ο
2175 4450 2454 4508 credibile.

495 4546 579 4590 tro
604 4535 873 4591 concedit.
906 4533 1063 4600 Quod
1095 4547 1229 4588 sane
1269 4538 1533 4599 quantum
1568 4528 1691 4582 usui
1723 4525 2077 4594 moribusque

495 4628 713 4683 illorum
748 4637 1054 4697 temporum
1084 4625 1421 4679 contrariqu
1449 4622 1539 4687 sit,
1567 4634 1728 4674 nemo
1765 4633 1874 4672 non
1905 4618 2073 4672 videt.

567 4717 839 4783 Secundo,
867 4717 1035 4771 Maria
1064 4726 1124 4770 ut
1145 4715 1389 4786 lgnatius
1415 4713 1704 4783 postulatis
1726 4713 1840 4767 suis
1863 4725 2073 4764 annue-

495 4818 598 4872 ret,
645 4810 794 4863 varia
848 4808 1054 4878 profert
1101 4807 1399 4877 Scriptura:
1459 4820 1630 4859 saera:
1677 4802 1959 4872 exempla,
2010 4800 2077 4853 de

496 4916 732 4969 quorum
765 4901 994 4954 veritate
1016 4916 1082 4953 ex
1130 4900 1248 4954 sola
1293 4900 1414 4969 ejus
1449 4898 1736 4961 relatione,
1771 4912 1871 4950 nec
1900 4894 2076 4965 perle-

496 4992 600 5047 Ctis
631 4991 925 5062 Scriptura-
956 4993 1193 5062 paginis,
1236 5007 1516 5061 nunquam
1560 4992 1651 5045 ille
1690 5006 1747 5045 se
1796 4990 2077 5044 dubitasse

496 5096 747 5142 testatur.
785 5084 922 5151 Quis
952 5093 1131 5138 autem
1170 5085 1354 5139 credat
1388 5082 1654 5154 lgnatium
1686 5084 1929 5151 exempla
1964 5083 2075 5149 illa,

497 5196 619 5249 qum
657 5179 841 5233 nullus
883 5177 937 5231 in
986 5176 1291 5247 Scripturis
1337 5192 1445 5229 non
1486 5175 1711 5230 omnino
1759 5175 2077 5245 peregrinus

499 5271 736 5340 ignorat,
777 5270 861 5325 vel
894 5270 1159 5331 nescisse,
1205 5268 1286 5322 vel
1320 5267 1581 5321 memoria
1626 5281 1733 5321 non
1762 5266 2073 5326 retinuisse.

499 5373 665 5431 atque
710 5364 864 5417 illum
909 5370 1061 5417 tanta
1091 5361 1436 5432 simplicitate
1479 5373 1697 5415 omnem
1735 5359 1952 5417 mulieri
1997 5375 2080 5414 as-

502 5453 702 5506 serenti
731 5452 992 5508 tribuisse
1016 5452 1198 5507 fidem.

572 5543 777 5611 'l‘ertio,
821 5546 1025 5600 Auctor
1070 5545 1302 5600 allirmat
1340 5560 1400 5600 se
1446 5544 1586 5599 hanc
1623 5543 1913 5613 scripsisse
1958 5542 2075 5613 epi-

508 5638 722 5703 stolam,
752 5653 874 5692 cum
899 5638 1149 5693 Clemens
1181 5637 1481 5695 Romanam
1526 5638 1671 5695 Petri
1714 5636 1895 5693 sedem
1925 5645 2076 5693 tene-

578 5753 623 5786 “
648 5748 818 5819 Epist.
855 5754 923 5807 ad
947 5754 1192 5809 Antioch.

2244 4541 2514 4594 Praeterea
2544 4535 2765 4608 quidam
2824 4533 3255 4589 Manicbworum
3297 4544 3538 4594 errores,
3569 4537 3740 4593 nempe

2173 4648 2420 4698 carnem,
2454 4632 2664 4695 vinum,
2713 4626 2945 4683 feminas
2983 4622 3336 4680 detestabiles
3384 4630 3441 4677 et
3471 4632 3737 4676 ειεεεηηο

2173 4725 2307 4790 das;
2355 4721 2691 4778 damnandas
2730 4718 2985 4791 nuptias;
3038 4717 3211 4787 legem
3250 4722 3307 4769 et
3345 4714 3656 4785 prophetas,
3697 4707 3737 4760 id

2172 4825 2257 4871 est
2297 4812 2467 4867 Vetus
2497 4810 2908 4866 Testamentum
2957 4822 3079 4863 esse
3110 4805 3495 4876 rejiciendum,
3526 4804 3602 4859 ibi
3630 4816 3739 4855 eno

2182 4907 2427 4975 gitantur
2466 4916 2522 4960 et
2564 4902 2897 4958 refutantur.
2943 4899 3062 4955 Huc
3126 4899 3339 4955 accedit
3388 4897 3528 4968 quod
3570 4905 3739 4949 auctor

2179 4999 2406 5053 Mariam
2465 5013 2532 5051 ex
2582 4995 2921 5060 Cassobelis,
2971 5009 3093 5063 qua:
3137 4993 3204 5047 ad
3267 4991 3556 5063 lgnatium,
3592 4998 3645 5043 et
3682 4988 3734 5036 ad

2179 5107 2344 5163 quam
2404 5089 2647 5159 lgnatius
2686 5087 2989 5161 “epistolam
3040 5084 3329 5154 scripsisse
3378 5082 3567 5145 fertur,
3602 5079 3737 5149 julut

2180 5185 2296 5240 suis
2335 5183 2512 5238 verbis
2562 5181 2811 5238 salutari.
2856 5180 2923 5234 At
2959 5187 3248 5246 utramque
3299 5177 3445 5231 hanc
3475 5173 3735 5244 epistolam

2180 5274 2542 5331 adulterinam
2566 5288 2687 5329 esse
2712 5273 2824 5342 jam
2851 5268 3369 5326 demonstravimus.

2258 5367 2461 5423 Ultima
2492 5381 2713 5439 quoque
2736 5366 2964 5436 epistola
2990 5364 3271 5418 evidentes
3301 5370 3620 5433 apertasqne
3642 5368 3735 5424 pr:

2187 5474 2247 5515 se
2279 5458 2383 5513 fert
2425 5456 2681 5513 falsitatis
2718 5464 2879 5510 notas
2904 5463 2959 5509 et
2988 5449 3567 5509 charactares.Prolixa
3597 5461 3734 5501 nam.

2185 5563 2292 5620 que
2314 5550 2382 5603 ad
2408 5549 2708 5603 daemonem
2741 5545 3001 5601 allocutio
3023 5554 3078 5601 et
3129 5543 3452 5614 apostropha
3482 5538 3628 5595 fetas
3662 5546 3734 5589 es:

2185 5640 2353 5714 inepti
2378 5638 2786 5709 declamatoris,
2815 5639 2912 5711 qui
2947 5638 3108 5695 verba
3137 5634 3331 5709 Ignatii
3368 5635 3409 5667 “
3444 5675 3457 5692 .
3491 5650 3513 5684 ι
3566 5628 3735 5686 Latuit
