3754 6206
39 309 127 361 553

986 289 1049 343 D.
1092 282 1380 341 NOURRII
1418 273 1895 336 DISSERTATIO.
1933 304 1999 316 —
2042 272 2222 326 PARS
2289 270 2351 324 ll.

3176 270 3285 327 555

40 432 313 498 principem
348 422 556 479 saeculi
599 418 757 488 hujus
786 413 1067 485 virginitas
1103 408 1305 473 Mariie,
1339 424 1357 457 ι
1398 402 1604 459 insulsa
1634 405 1681 461 Α
1708 398 1882 498 ribus,
1917 396 2162 498 quasnad
2208 411 2328 451 eam
2375 390 2595 498 scripsit
2628 392 2875 498 epistolis
2905 390 3288 496 Christiferam

42 515 453 585 amplificatione
492 522 766 567 exornare
791 511 1017 559 conatus
1038 508 1142 554 est.

99 607 367 668 Secundo,
418 619 556 673 qua:
615 601 682 655 de
730 596 915 661 festis,
966 588 1417 659 Quadragesima,
1446 593 1610 653 atque

40 700 284 753 Paschate
312 698 390 749 ibi
423 696 728 757 habentur,
758 692 870 744 haec
892 702 957 741 ex
986 680 1445 739 Constitutionum
1476 691 1608 744 apo-

42 791 340 847 stolicarum
387 785 581 849 libris,
622 797 758 853 quos
796 776 1036 850 lgnatius
1064 785 1346 843 nunquam
1386 768 1609 838 legerat,

44 884 301 948 desumpta
339 884 507 932 sunt.

104 972 337 1040 Denique
375 980 589 1023 auctor
638 966 711 1021 ibi
755 963 1176 1019 Manichaeorum
1224 968 1387 1031 atque
1420 955 1613 1010 'Patri-

45 1062 414 1132 passianorum
466 1073 719 1113 errorem
758 1054 975 1110 refellit.
1022 1053 1094 1106 At
1136 1050 1377 1106 Praxeas
1408 1047 1615 1117 Ignatio

47 1153 291 1223 posterior
318 1172 331 1206 :
368 1170 388 1203 ι
422 1150 654 1205 Primus
676 1165 740 1204 ex
769 1148 918 1211 Asia,
946 1145 1121 1215 inquit
1151 1142 1522 1198 Tertullianus
1546 1141 1611 1203 δ’,

48 1248 325 1303 secundum
360 1248 475 1300 hoc
510 1259 684 1315 genus
720 1240 1091 1313 perversitatis
1133 1238 1316 1292 intulit
1357 1235 1617 1291 Romana:

48 1342 213 1393 humo.
251 1360 269 1391 ι
306 1339 446 1393 Haec
482 1340 654 1407 igitur
686 1336 931 1406 epistola,
962 1344 1127 1403 atque
1155 1334 1277 1388 alia:
1302 1331 1616 1401 superiores

50 1436 205 1488 notha:
239 1442 371 1487 sunt
417 1439 480 1486 et
528 1430 751 1500 spurite,
794 1439 848 1483 et
873 1428 1079 1499 lgnatio
1112 1436 1299 1482 nostro
1333 1439 1615 1495 perperam

48 1537 91 1581 et
125 1526 419 1581 falsissime
449 1526 834 1579 ascribuntur.

667 1660 895 1717 CAPUT
932 1658 1020 1716 Ν.

158 1771 221 1809 DE
258 1770 405 1810 ALIIS
448 1768 734 1810 EPlS‘l‘OLIS
773 1768 1007 1818 LATlNlS,
1045 1765 1245 1806 lGNATIl
1284 1764 1483 1804 NOIINE

678 1839 916 1879 INSCBIPT
926 1839 991 1877 IS.

310 1940 339 2010 ς
373 1939 417 1992 1.
470 1938 728 2009 Analysis
759 1938 948 1991 harum
976 1937 1336 2005 epistolarum.

112 2054 303 2121 Quarta
330 2054 706 2124 epistolarum
746 2051 935 2121 lgnatii
966 2052 1160 2107 classis
1198 2052 1308 2106 duo
1336 2051 1481 2106 illius
1512 2050 1627 2121 epi-

60 2148 190 2201 SIolia
216 2149 283 2202 ad
334 2146 622 2202 Joannem
669 2146 974 2215 apostolum
1015 2153 1071 2200 et
1116 2145 1525 2216 evangelistam,
1576 2153 1628 2198 et

63 2240 252 2292 tertium
291 2240 361 2293 ad
404 2238 701 2306 Deiparam
737 2234 1035 2305 Virginem,
1068 2234 1423 2304 ejusdemque
1453 2232 1628 2303 Virgi-

62 2332 131 2384 nis
157 2348 493 2402 responsum
531 2332 800 2385 continet.

118 2423 165 2477 In
191 2426 378 2493 primo
413 2432 621 2479 auctor
650 2422 938 2489 Joannem,
967 2432 1027 2477 ut
1054 2421 1120 2477 ad
1165 2436 1224 2477 se
1259 2420 1446 2474 venire
1500 2434 1615 2489 pro~

64 2526 220 2583 peret;
276 2532 347 2575 ac
393 2516 631 2571 Mariam
665 2516 758 2570 Dei
790 2516 1128 2587 genitricem,
1173 2523 1228 2568 et
1256 2514 1483 2568 Mariam
1528 2512 1630 2567 Sa-

66 2608 204 2673 lome,
230 2626 404 2679 quam
446 2608 671 2663 eximiis
699 2608 949 2662 laudibus
977 2606 1206 2673 extollit,
1245 2620 1431 2671 secum
1462 2604 1634 2659 addu-

67 2711 153 2765 cat,
171 2705 535 2757 vehementer
568 2702 893 2755 adhortatur

124 2796 176 2847 lu
228 2796 488 2851 secundo
554 2803 755 2853 autem.
792 2792 1046 2863 epistolio
1108 2790 1303 2846 Joanni
1368 2790 1637 2861 significat

71 2898 253 2954 quanto
310 2888 607 2957 Deiparam
644 2885 895 2952 Mariam,
952 2883 1213 2939 Jacobum
1267 2883 1492 2937 fratrem
1532 2882 1636 2937 Do.

74 2982 203 3049 mini,
246 2982 509 3051 aliosque
558 2980 840 3050 apostolos
890 2978 1107 3034 videndi
1149 2976 1422 3032 desiderio
1453 2984 1639 3031 tenea-

74 3080 165 3129 tur.

132 3165 253 3220 Orat
297 3164 536 3219 Mariam
583 3178 641 3218 in
688 3164 867 3227 tertio,
899 3172 959 3217 ut
1004 3175 1192 3218 eorum
1227 3175 1348 3231 quae
1386 3160 1453 3215 de
1484 3159 1637 3228 Iesu,

78 3256 235 3312 divino
285 3259 412 3327 ejus
461 3257 629 3323 Filio,
680 3257 955 3320 audierat,
1008 3268 1066 3309 se
1116 3253 1282 3308 faciat
1325 3254 1636 3308 certiorem.

82 3348 221 3405 Maria
244 3362 431 3406 autem
465 3358 672 3421 quarto
697 3349 949 3418 epistolio
990 3348 1299 3418 respondet,
1337 3356 1393 3401 et
1422 3361 1485 3401 ea
1522 3361 1641 3399 om-

82 3445 152 3495 uia
180 3461 298 3499 vera
333 3461 485 3510 esse,
520 3452 577 3499 et
614 3443 683 3496 ab
717 3442 835 3512 ipso
870 3440 1157 3505 credenda,
1192 3447 1355 3510 atque
1402 3438 1469 3492 ad
1513 3451 1638 3491 eum

83 3554 128 3588 se
147 3548 427 3592 venturam
458 3551 588 3591 esse
614 3535 919 3605 pollicetur.

236 3650 261 3722 §
292 3650 356 3705 ll.
406 3650 549 3704 Illas
584 3647 915 3701 adulterinas
938 3662 1047 3700 esse
1073 3646 1487 3699 demonstratur.

141 3762 316 3818 Nullus
364 3764 483 3819 fere
543 3770 649 3826 est,
681 3762 774 3831 qui
843 3776 989 3817 nunc
1036 3762 1150 3816 haec
1196 3762 1444 3831 epistolia
1504 3760 1642 3816 falso

89 3849 250 3919 lgnatii
280 3857 514 3910 nomine
553 3855 783 3909 inscribi
810 3870 919 3909 non
959 3854 1215 3908 fateatur.
1250 3853 1315 3908 Et
1343 3862 1490 3909 certe
1517 3854 1644 3923 quis

90 3954 155 3998 νει
180 3964 235 4002 ex
261 3950 376 4004 sala
425 3948 598 4018 paulo
630 3948 908 4002 attentiori
947 3948 1178 4001 lectione
1208 3961 1400 4000 eorum
1444 3944 1647 4001 falsita-

92 4049 180 4091 ινα]
207 4041 495 4096 confestim
526 4056 639 4095 non
674 4040 1078 4109 deprehendat?
1104 4038 1288 4108 Neque
1316 4038 1462 4092 enim
1491 4037 1648 4109 lgna-

92 4131 185 4185 téus
208 4134 271 4187 ad
297 4133 535 4188 Mariam
576 4132 670 4187 Dei
702 4133 1039 4203 genitricem,
1075 4146 1250 4202 neque
1275 4130 1371 4186 Dei
1412 4132 1647 4202 genitrix

95 4224 149 4275 ad
187 4224 445 4296 lgnatium
475 4226 753 4297 ejusmodi
783 4226 1031 4296 epistolia
1066 4226 1322 4295 scripturi
1358 4234 1534 4289 erant,
1580 4227 1649 4280 ab

94 4334 257 4373 eorum
284 4322 557 4389 gravitate
584 4329 641 4374 et
672 4320 891 4389 ingenio
918 4329 1028 4374 tam
1067 4319 1263 4373 aliena.
1290 4317 1430 4385 Quid
1461 4318 1650 4389 quod?

1709 490 1929 545 salutat.
1982 507 2004 541 ι
2057 487 2162 543 Sed
2206 504 2273 542 ex
2320 500 2453 542 voce
2480 484 2573 540 illa
2622 505 2641 538 ι
2675 488 2994 554 quamdam,
3028 505 3047 538 ι
3083 500 3206 554 qua:
3234 486 3292 540 in

1710 578 2101 649 manuscriptis
2129 579 2411 635 codicibus
2446 579 2662 650 legitur,
2702 593 2899 633 omnes
2942 575 3099 632 facile
3128 577 3291 632 intel-

1712 672 1890 743 ligunt
1942 673 2204 742 epistolas
2266 672 2360 727 Dei
2405 674 2688 743 genitricis
2716 672 2900 727 Mariae
2929 688 2959 726 a
2991 672 3289 738 Bcrnardo,

1715 773 1879 818 tanta:
1906 778 2036 834 erga
2061 779 2182 817 eam
2217 764 2434 834 pietatis
2467 773 2520 819 et
2550 764 2855 819 devotionis
2879 764 3018 829 viro,
3044 771 3152 817 tam
3189 763 3289 816 fri-

1716 854 1838 922 gida
1889 855 2249 923 appellatione
2290 871 2398 909 non
2453 854 2624 911 fuisse
2678 856 2897 911 citatas.
2945 855 3294 912 Probabiliul

1716 945 1903 1015 itaque
1932 954 2015 1001 est
2049 945 2336 1015 epistolam
2379 946 2809 1016 pseudo-lgnatii
2855 948 2921 1001 ad
2961 946 3185 1025 Mariam
3223 964 3293 1003 ex

1714 1038 2049 1105 Cassobel'ns,
2074 1040 2129 1093 in
2165 1040 2323 1109 cujus
2349 1040 2699 1109 inscriptione
2720 1040 3040 1095 Christifera
3063 1042 3288 1107 dicitur,

1716 1144 1747 1181 a
1797 1129 2055 1184 mellifluo
2099 1130 2322 1186 doctore
2362 1132 2592 1185 laudari.
2646 1130 2815 1185 Porro
2854 1148 2978 1187 cum
3014 1133 3104 1188 ille
3150 1133 3293 1187 banc

1716 1222 2003 1291 epistolam
2039 1223 2357 1277 criticorum
2397 1223 2730 1292 ponderibus
2759 1239 2868 1278 non
2903 1225 3291 1289 examinasset,

1720 1314 1867 1367 illam
1900 1313 2109 1384 lgnatio
2162 1324 2355 1369 nostro
2401 1314 2559 1383 juxta
2596 1315 2871 1386 vulgarem
2903 1317 2989 1371 sui
3037 1319 3296 1386 temporis

1720 1421 1928 1461 morem
1961 1407 2203 1460 tribuere
2232 1422 2342 1460 non
2372 1407 2659 1461 dubitavit.

2340 1561 2569 1617 CAPUT
2616 1561 2673 1617 ν

1724 1675 1808 1723 QUI
1851 1674 2079 1712 FUERINT
2121 1673 2588 1713 INTERPOLATORES
2624 1673 2959 1713 GENUINARUI
3016 1675 3301 1716 εριετοω-

1852 1745 1960 1783 ιιωι
2002 1744 2226 1795 lGNATIl,
2267 1745 2335 1781 ET
2376 1744 2826 1783 ADULTERINARU‘
2866 1746 3162 1785 AUCTOBES.

1728 1841 1757 1913 §
1792 1843 1833 1898 l.
1878 1841 2019 1896 Num
2047 1842 2111 1894 ab
2155 1854 2369 1895 auctore
2406 1840 2855 1896 Constitutionum
2888 1844 3301 1913 apostolicam»:

2314 1913 2419 1965 sint
2443 1914 2711 1981 profectar.

1798 2026 2244 2097 lnterpolationes
2278 2027 2634 2097 epistolarum
2687 2026 2902 2098 lgnatii,
2947 2037 3004 2083 et
3062 2030 3306 2100 epistola:

1729 2117 1869 2173 falso
1899 2118 2017 2188 ejus
2058 2118 2279 2173 nomine
2309 2119 2585 2188 inscriptae
2631 2136 2801 2173 unum
2836 2120 3199 2190 eumdemque
3222 2123 3305 2177 vi.

1730 2208 1926 2263 dentur
1957 2208 2159 2263 habere
2186 2218 2487 2263 auctorem.
2530 2206 2587 2261 In
2630 2208 2698 2263 iis
2728 2208 2995 2278 siquidem
3028 2211 3303 2275 omnibus,

1732 2302 1877 2356 idem
1922 2302 2117 2372 stylus,
2161 2302 2302 2355 idem
2355 2301 2674 2370 impostoris
2708 2302 2957 2371 maleque
2988 2302 3169 2357 feriati
3206 2304 3307 2357 ho-

1733 2394 1899 2448 minis
1929 2394 2226 2464 ingenium,
2260 2408 2452 2449 omnes
2480 2395 2713 2464 denique
2749 2394 2994 2464 ejusdem
3026 2396 3309 2465 scriptoris

1733 2487 2077 2541 characteres
2113 2486 2272 2542 facile
2302 2487 2803 2557 deprehenduntur.
2841 2486 3099 2543 Usserius
3126 2498 3309 2543 autem

1734 2579 2034 2633 arbitratur
2054 2595 2179 2633 cum
2208 2594 2353 2646 esse,
2397 2579 2491 2649 qui
2530 2578 2701 2635 falsos
2739 2582 3113 2650 apostolorum
3142 2598 3311 2636 cano-

1735 2687 1852 2737 nes,
1877 2672 2415 2741 Constitutionesque
2439 2673 2768 2742 apostolicas
2789 2673 3104 2745 divulgavit.
3134 2675 3309 2740 Quam

1735 2764 1953 2833 quidem
1991 2766 2301 2835 opinionem
2338 2774 2398 2820 ut
2444 2765 2719 2835 probaret,
2757 2767 2908 2822 varia
2948 2783 3014 2822 ex
3054 2770 3311 2823 omnibus

1737 2856 1824 2911 his
1863 2856 2337 2912 lucubrationibus
2383 2858 2613 2913 adduxit
2670 2858 2816 2925 loca,
2860 2875 3095 2929 quorum
3135 2863 3313 2931 plera—

1738 2964 1844 3017 que
1865 2966 1895 3002 a
1934 2948 2205 3003 Cotelerio
2250 2950 2304 3003 in
2345 2950 2602 3006 editionis
2634 2966 2747 3005 suae
2778 2954 3118 3021 marginibus
3146 2955 3311 3008 citata

1740 3050 1896 3107 sunt;
1926 3050 2092 3109 atque
2120 3055 2184 3095 ea
2212 3040 2386 3109 paria,
2426 3040 2641 3111 sibique
2677 3043 2910 3098 invicem
2953 3044 3153 3098 similia
3189 3062 3312 3100 esse

1741 3133 2115 3187 demonstrare
2140 3142 2370 3187 conatus
2404 3143 2506 3189 est.
2538 3132 2737 3189 Verum
2770 3152 2837 3189 ex
2865 3136 2969 3191 hoc
2987 3149 3312 3206 argumento

1741 3225 1872 3279 illud
1909 3234 2121 3279 tantum
2152 3226 2455 3289 conficitur,
2488 3243 2655 3281 unum
2690 3229 2953 3284 horumce
2980 3232 3311 3300 scriptorum

1740 3326 2023 3372 auctorem
2064 3317 2132 3371 ab
2162 3317 2271 3371 alio
2297 3318 2451 3387 plura
2484 3318 2652 3373 fuisse
2680 3330 3021 3386 mutuatum;
3055 3323 3148 3376 sed
3188 3324 3312 3376 inde

1742 3426 1911 3463 unum
1941 3411 2301 3480 eumdemque
2337 3410 2532 3464 horum
2574 3412 2820 3465 omnium
2860 3428 2983 3466 csse
3028 3424 3311 3468 auctorem

1743 3501 1892 3554 nullo
1921 3516 2161 3570 unquam
2195 3500 2358 3554 modo
2382 3501 2602 3570 probari
2636 3516 2667 3555 a
2707 3516 2984 3571 quoquam
3023 3504 3238 3573 poterit.

1947 3591 1977 3664 ᾗ
2013 3591 2076 3646 ΙΙ.
2118 3592 2234 3657 Quo
2259 3601 2484 3661 tempore
2518 3594 2572 3645 in
2600 3594 2767 3647 lucem
2803 3594 3116 3662 prodierint.

1813 3684 1883 3738 At
1928 3694 2072 3739 certe
2106 3682 2361 3739 Usserius
2424 3699 2454 3736 a
2507 3699 2636 3739 vero
2674 3686 2897 3755 prOpius
2963 3687 3137 3751 abest,
3189 3701 3312 3743 cum

1746 3775 2215 3843 interpolationes,
2260 3775 2629 3845 epistolasque
2682 3777 2803 3831 illas
2851 3787 3005 3831 sexto
3060 3777 3317 3835 Ecclesia:

1746 3868 1943 3922 saaculo
1971 3866 2275 3937 publicatas
2301 3883 2421 3923 esse
2447 3871 2661 3924 asserit.
2708 3868 2951 3925 Exeunte
2982 3874 3181 3927 etenim
3211 3889 3317 3927 sar-

1746 3957 1871 4011 culo
1900 3960 2093 4029 quinto
2120 3973 2261 4013 verae
2291 3957 2483 4029 lgnatii
2517 3960 2767 4029 epistolae
2796 3960 3091 4015 laudantur
3136 3979 3163 4015 a
3212 3962 3314 4017 Ge-

1748 4050 1887 4105 lasio
1930 4060 1985 4105 et
2014 4050 2056 4106 Τ
2064 4052 2393 4118 heodoreto;
2432 4050 2584 4106 falsa:
2622 4068 2751 4107 vero
2789 4062 2844 4107 et
2900 4055 3259 4123 supposititia:
3286 4072 3318 4110 a

1751 4140 2027 4210 Stephano
2058 4140 2275 4197 Gobaro
2332 4142 2475 4197 circa
2517 4159 2722 4198 annum
2761 4143 2887 4210 580,
2925 4155 3086 4214 atque
3117 4161 3211 4200 eas
3252 4146 3322 4201 ab

1748 4235 2040 4292 Anastasio
2088 4236 2432 4291 Antiocheno
2486 4237 2799 4306 patriarcha
2849 4239 3068 4293 circiter
3116 4254 3318 4294 annum

1748 4326 1874 4393 595,
1906 4337 1961 4382 et
1988 4328 2058 4382 ab
2090 4328 2215 4383 aliis
2243 4328 2501 4397 deinceps
2535 4330 2733 4384 citatas
2762 4330 2996 4401 legimus
3018 4330 3083 4383 “.

98 4409 172 4464 illa
207 4416 452 4483 epistolia
500 4414 697 4469 Latine
751 4423 960 4469 tantum
1000 4416 1204 4484 scripta
1255 4415 1520 4469 hactenus
1555 4414 1641 4467 in-
1675 4438 1720 4493 ι)
1816 4421 1987 4476 Porro
2016 4432 2197 4475 autem
2227 4422 2274 4475 si
2299 4419 2419 4474 falsi
2459 4436 2713 4488 canones,
2743 4436 2807 4476 ac
2839 4422 3321 4491 pseudepigrapha:

97 4516 231 4557 \‘rnta
267 4517 414 4571 sunt,
458 4522 565 4563 nec
616 4506 802 4562 Graeca
851 4522 1089 4577 unquam
1149 4506 1318 4561 fuisse
1369 4507 1643 4561 videntur.

102 4590 312 4665 Denique
362 4598 512 4668 apud
568 4612 764 4653 omnes
822 4599 1075 4668 antiquos
1125 4606 1401 4664 auctores,
1439 4597 1534 4668 qui
1582 4598 1650 4652 de

101 4680 263 4751 lgnatii
297 4690 551 4758 epistolis
604 4705 700 4744 seu
743 4690 886 4743 veris
918 4706 1015 4745 seu
1051 4688 1227 4757 falsis,
1265 4690 1380 4744 sive
1410 4690 1648 4758 interpo-

106 4772 225 4842 latis,
261 4780 371 4835 sive
425 4782 667 4835 sinceris
716 4780 921 4851 aliquid
969 4781 1174 4850 scripto
1228 4781 1649 4844 mandaverunt,

106 4870 284 4924 nullum
307 4874 557 4939 omnino,
578 4888 647 4927 ne
677 4873 963 4927 minimum
992 4873 1211 4944 quidem
1243 4875 1308 4928 de
1334 4873 1421 4929 his
1449 4873 1651 4943 episto-

109 4960 179 5013 liis
204 4966 417 5020 verbum
450 4968 717 5021 occurrit.

166 5056 329 5131 Neque
373 5062 583 5117 dixeris
635 5063 689 5115 in
737 5061 920 5117 Dextri
968 5062 1243 5117 Chronico
1291 5077 1481 5116 eorum
1535 5062 1649 5115 fieri

111 5153 429 5208 mentionem.
470 5152 611 5207 Nam
650 5169 790 5221 opus
827 5153 959 5208 illud
989 5153 1231 5208 auctoris
1261 5163 1344 5208 est
1366 5152 1521 5207 valde
1560 5168 1648 5206 re—

112 5242 274 5307 centis,
296 5245 610 5314 nulliusque
639 5244 879 5298 nominis
907 5244 985 5299 vel
1022 5243 1384 5309 auctoritatis,
1422 5254 1477 5296 ct
1512 5241 1650 5296 Dex-

114 5340 182 5382 tro
206 5332 454 5391 fallaciter
486 5336 835 5391 attributum.

171 5424 365 5486 Scimus
398 5431 621 5501 quidem
649 5430 835 5483 divum
876 5428 1212 5483 Bcrnardum
1243 5427 1529 5497 scripsisse
1563 5429 1607 5457 ⁸³
1636 5448 1647 5481 :

121 5516 357 5590 «Magnus
379 5524 465 5579 ille
494 5522 850 5594 lgnatius.....
881 5521 1107 5576 Mariam
1133 5522 1423 5589 quamdam
1454 5520 1507 5573 in
1533 5520 1652 5588 plu-

171 5636 208 5710 ‘A‘
242 5640 330 5694 lib.
355 5643 553 5697 Contra
580 5645 751 5695 Prax.
785 5654 905 5710 cap.
936 5642 983 5694 l.

120 5708 215 5761 00d.
247 5710 368 5769 252.

397 5804 672 5863 PATROL.
709 5800 827 5860 Gn.

1060 5640 1104 5672 ”
1135 5638 1310 5695 Serm.
1340 5637 1393 5703 7,
1430 5638 1483 5691 in
1517 5638 1731 5710 Psalm.
1761 5641 1867 5705 Qui
1924 5639 2150 5704 habitat,
2212 5645 2315 5691 etc.

1748 4512 2184 4569 Constitutiones
2213 4514 2609 4582 apostolorum,
2641 4514 2862 4579 saeculo,
2894 4521 2953 4566 ut
2974 4514 3194 4582 quidam
3224 4528 3323 4566 au-

1752 4614 1984 4668 tumant,
2017 4613 2235 4675 quarto,
2273 4606 2356 4658 vel
2386 4615 2512 4659 ante
2536 4616 2747 4659 sextum
2775 4604 3035 4660 sa2culum
3064 4605 3117 4659 in
3145 4605 3324 4658 lucem

1752 4697 2092 4766 prodierunt,
2150 4712 2218 4750 ex
2261 4697 2329 4750 iis
2364 4697 2553 4766 procul
2598 4698 2766 4751 dubio
2816 4695 3326 4767 pseudo-lgnatium

1751 4789 1843 4842 illa
1876 4789 2061 4843 omnia
2092 4803 2215 4858 qua:
2248 4789 2318 4842 ab
2352 4787 2576 4844 Usserio
2603 4800 2657 4845 et
2682 4790 2953 4846 Cotelerio
2990 4790 3324 4855 referuntur,

1753 4882 2170 4951 transcripsisse
2205 4896 2426 4938 necesse
2448 4892 2549 4938 est.

1823 4972 1981 5039 Quod
2009 4974 2223 5028 tandem
2262 4974 2330 5029 ad
2366 4984 2603 5043 quatuor
2633 4974 2905 5043 epistolia,
2936 4989 3056 5043 quae
3088 4972 3139 5025 in
3162 4986 3328 5041 quar-

1754 5074 1805 5118 ta
1847 5064 2201 5134 epistolarum
2238 5066 2430 5136 lgnatii
2470 5065 2645 5119 classe
2678 5066 3037 5128 collocantur,
3074 5062 3326 5132 pertinet,

1754 5170 1814 5207 ea
1850 5156 2041 5223 procul
2069 5156 2239 5211 dubio
2263 5173 2293 5211 a
2326 5155 2542 5222 Latino,
2582 5156 2663 5210 uti
2712 5156 3147 5217 observavimus,
3185 5156 3326 5207 scri-

1756 5256 1912 5316 ptore
1932 5249 2075 5302 edita
2100 5247 2269 5304 fuisse
2288 5264 2417 5302 vero
2446 5250 2661 5303 videtur
2699 5248 3059 5302 simillimum.
3085 5243 3204 5309 Quo
3230 5258 3329 5295 au-

1754 5349 1859 5393 tem
1890 5351 2133 5410 tempore
2163 5342 2252 5395 ille
2284 5340 2497 5405 vixerit,
2556 5355 2661 5393 non
2702 5347 2785 5392 cst
2827 5348 3135 5406 promptum
3190 5335 3325 5387 deli-

1757 5434 1901 5497 nirc;
1947 5448 2073 5486 nam
2133 5434 2405 5487 incertum
2450 5439 2533 5483 est
2572 5440 2753 5483 utrum
2787 5427 3098 5482 Bernardus
3154 5440 3325 5477 unum

1754 5538 1821 5576 ex
1861 5525 1929 5578 iis
1958 5522 2278 5577 laudaverit.
2310 5521 2564 5575 Citantur
2605 5519 2824 5588 quidem
2854 5519 2907 5572 in
2951 5514 3328 5587 pseudo-Dex-

2394 5634 2619 5702 “Apud
2646 5633 2897 5688 Phottum
2958 5633 3011 5687 in
3068 5630 3326 5687 Bibliotli.

2980 5786 3139 5859 ιε’
