  <div class='ocr_page' id='page_1' title='image "/cluster/home/n/w/nwhite01/storage/ocr_20150623/5/hvd.32044019206598/285.png"; bbox 0 0 3754 6206; ppageno 0'>
   <div class='ocr_carea' id='block_1_1' title="bbox 403 250 508 307">
    <p class='ocr_par' dir='ltr' id='par_1_1' title="bbox 403 250 508 307">
     <span class='ocr_line' id='line_1_1' title="bbox 403 250 508 307; baseline 0.01 -1"><span class='ocrx_word' id='word_1_1' title='bbox 403 250 508 307; x_wconf 81' lang='lat'><strong>555</strong></span> 
     </span>
    </p>
   </div>
   <div class='ocr_carea' id='block_1_2' title="bbox 1477 243 3648 314">
    <p class='ocr_par' dir='ltr' id='par_1_2' title="bbox 1477 243 3648 314">
     <span class='ocr_line' id='line_1_2' title="bbox 1477 243 3648 314; baseline 0 -14"><span class='ocrx_word' id='word_1_2' title='bbox 1477 245 1535 302; x_wconf 87' lang='lat' dir='ltr'><strong>S.</strong></span> <span class='ocrx_word' id='word_1_3' title='bbox 1578 244 1925 305; x_wconf 76' lang='lat' dir='ltr'><strong>IGNATIUS.</strong></span> <span class='ocrx_word' id='word_1_4' title='bbox 1969 278 2030 287; x_wconf 91' lang='lat'><strong>-—</strong></span> <span class='ocrx_word' id='word_1_5' title='bbox 2068 243 2602 302; x_wconf 74' lang='lat' dir='ltr'><strong>PROLEGOMENA.</strong></span> <span class='ocrx_word' id='word_1_6' title='bbox 2746 260 2759 265; x_wconf 90' lang='grc'><strong>·</strong></span> <span class='ocrx_word' id='word_1_7' title='bbox 3076 306 3091 314; x_wconf 79' lang='lat'><strong><em>_</em></strong></span> <span class='ocrx_word' id='word_1_8' title='bbox 3559 246 3648 301; x_wconf 74' lang='lat'><strong>556</strong></span> 
     </span>
    </p>
   </div>
   <div class='ocr_carea' id='block_1_3' title="bbox 404 365 3650 440">
    <p class='ocr_par' dir='ltr' id='par_1_3' title="bbox 404 365 3650 440">
     <span class='ocr_line' id='line_1_3' title="bbox 404 365 3650 440; baseline -0.002 -12"><span class='ocrx_word' id='word_1_9' title='bbox 404 375 470 428; x_wconf 88' lang='lat' dir='ltr'><strong>tri</strong></span> <span class='ocrx_word' id='word_1_10' title='bbox 493 372 798 439; x_wconf 86' lang='lat' dir='ltr'><strong>Chronico;</strong></span> <span class='ocrx_word' id='word_1_11' title='bbox 833 371 926 428; x_wconf 86' lang='lat' dir='ltr'><strong>sed</strong></span> <span class='ocrx_word' id='word_1_12' title='bbox 966 371 1187 440; x_wconf 81' lang='lat' dir='ltr'><strong>quando</strong></span> <span class='ocrx_word' id='word_1_13' title='bbox 1218 367 1351 425; x_wconf 88' lang='lat' dir='ltr'><strong>illud</strong></span> <span class='ocrx_word' id='word_1_14' title='bbox 1388 369 1651 440; x_wconf 91' lang='lat' dir='ltr'><strong>scriptum</strong></span> <span class='ocrx_word' id='word_1_15' title='bbox 1682 370 1775 435; x_wconf 91' lang='lat' dir='ltr'><strong>sit,</strong></span> <span class='ocrx_word' id='word_1_16' title='bbox 1812 384 1976 423; x_wconf 91' lang='lat' dir='ltr'><strong>nemo</strong></span> <span class='ocrx_word' id='word_1_17' title='bbox 2006 376 2051 433; x_wconf 76' lang='grc' dir='ltr'><strong>Α</strong></span> <span class='ocrx_word' id='word_1_18' title='bbox 2080 369 2170 424; x_wconf 91' lang='lat' dir='ltr'><strong>illa</strong></span> <span class='ocrx_word' id='word_1_19' title='bbox 2217 385 2413 424; x_wconf 90' lang='lat' dir='ltr'><strong>manus</strong></span> <span class='ocrx_word' id='word_1_20' title='bbox 2471 368 2813 433; x_wconf 87' lang='lat' dir='ltr'><strong>recentioris,</strong></span> <span class='ocrx_word' id='word_1_21' title='bbox 2867 376 2923 422; x_wconf 90' lang='lat' dir='ltr'><strong>et</strong></span> <span class='ocrx_word' id='word_1_22' title='bbox 2980 366 3185 423; x_wconf 61' lang='lat' dir='ltr'><strong>Gracis</strong></span> <span class='ocrx_word' id='word_1_23' title='bbox 3237 365 3650 437; x_wconf 69' lang='lat' dir='ltr'><strong>pseudo-lgnatii</strong></span> 
     </span>
    </p>
   </div>
   <div class='ocr_carea' id='block_1_4' title="bbox 399 460 1982 537">
    <p class='ocr_par' dir='ltr' id='par_1_4' title="bbox 399 460 1982 537">
     <span class='ocr_line' id='line_1_4' title="bbox 399 460 1982 537; baseline -0.003 -16"><span class='ocrx_word' id='word_1_24' title='bbox 399 465 739 537; x_wconf 77' lang='lat' dir='ltr'><strong>exploratum</strong></span> <span class='ocrx_word' id='word_1_25' title='bbox 779 464 957 519; x_wconf 89' lang='lat' dir='ltr'><strong>habet.</strong></span> <span class='ocrx_word' id='word_1_26' title='bbox 991 463 1048 516; x_wconf 84' lang='lat' dir='ltr'><strong>Si</strong></span> <span class='ocrx_word' id='word_1_27' title='bbox 1082 462 1219 532; x_wconf 90' lang='lat' dir='ltr'><strong>quid</strong></span> <span class='ocrx_word' id='word_1_28' title='bbox 1250 477 1380 517; x_wconf 92' lang='lat' dir='ltr'><strong>vero</strong></span> <span class='ocrx_word' id='word_1_29' title='bbox 1423 460 1663 515; x_wconf 88' lang='lat' dir='ltr'><strong>dandum</strong></span> <span class='ocrx_word' id='word_1_30' title='bbox 1702 460 1982 531; x_wconf 89' lang='lat' dir='ltr'><strong>conjectu-</strong></span> 
     </span>
    </p>
   </div>
   <div class='ocr_carea' id='block_1_5' title="bbox 400 553 1977 628">
    <p class='ocr_par' dir='ltr' id='par_1_5' title="bbox 400 553 1977 628">
     <span class='ocr_line' id='line_1_5' title="bbox 400 553 1977 628; baseline -0.003 -14"><span class='ocrx_word' id='word_1_31' title='bbox 400 560 500 627; x_wconf 87' lang='lat' dir='ltr'><strong>ris,</strong></span> <span class='ocrx_word' id='word_1_32' title='bbox 528 574 594 614; x_wconf 83' lang='lat' dir='ltr'><strong>ex</strong></span> <span class='ocrx_word' id='word_1_33' title='bbox 621 559 817 614; x_wconf 89' lang='lat' dir='ltr'><strong>horum</strong></span> <span class='ocrx_word' id='word_1_34' title='bbox 843 557 1222 628; x_wconf 89' lang='lat' dir='ltr'><strong>epistoliorum</strong></span> <span class='ocrx_word' id='word_1_35' title='bbox 1252 556 1396 627; x_wconf 89' lang='lat' dir='ltr'><strong>ston</strong></span> <span class='ocrx_word' id='word_1_36' title='bbox 1432 563 1486 610; x_wconf 91' lang='lat' dir='ltr'><strong>et</strong></span> <span class='ocrx_word' id='word_1_37' title='bbox 1527 553 1841 621; x_wconf 86' lang='lat' dir='ltr'><strong>Latinitate,</strong></span> <span class='ocrx_word' id='word_1_38' title='bbox 1874 569 1977 610; x_wconf 86' lang='lat' dir='ltr'><strong>nos</strong></span> 
     </span>
    </p>
   </div>
   <div class='ocr_carea' id='block_1_6' title="bbox 2087 460 3653 534">
    <p class='ocr_par' dir='ltr' id='par_1_6' title="bbox 2087 460 3653 534">
     <span class='ocr_line' id='line_1_6' title="bbox 2087 460 3653 534; baseline 0 -17"><span class='ocrx_word' id='word_1_39' title='bbox 2087 463 2333 533; x_wconf 86' lang='lat' dir='ltr'><strong>epistolis</strong></span> <span class='ocrx_word' id='word_1_40' title='bbox 2387 463 2548 532; x_wconf 85' lang='lat' dir='ltr'><strong>longe</strong></span> <span class='ocrx_word' id='word_1_41' title='bbox 2588 461 2914 534; x_wconf 85' lang='lat' dir='ltr'><strong>posterioris</strong></span> <span class='ocrx_word' id='word_1_42' title='bbox 2962 477 3086 517; x_wconf 88' lang='lat' dir='ltr'><strong>esse</strong></span> <span class='ocrx_word' id='word_1_43' title='bbox 3126 476 3238 517; x_wconf 88' lang='lat' dir='ltr'><strong>non</strong></span> <span class='ocrx_word' id='word_1_44' title='bbox 3288 460 3530 516; x_wconf 83' lang='lat' dir='ltr'><strong>absurde</strong></span> <span class='ocrx_word' id='word_1_45' title='bbox 3558 462 3653 517; x_wconf 85' lang='lat' dir='ltr'><strong>dici</strong></span> 
     </span>
    </p>
   </div>
   <div class='ocr_carea' id='block_1_7' title="bbox 2082 553 2563 639">
    <p class='ocr_par' dir='ltr' id='par_1_7' title="bbox 2082 553 2563 639">
     <span class='ocr_line' id='line_1_7' title="bbox 2082 553 2563 639; baseline -0.004 -29"><span class='ocrx_word' id='word_1_46' title='bbox 2082 568 2243 639; x_wconf 73' lang='lat' dir='ltr'><strong>posse</strong></span> <span class='ocrx_word' id='word_1_47' title='bbox 2264 553 2563 610; x_wconf 77' lang='lat' dir='ltr'><strong>credimus.</strong></span> 
     </span>
    </p>
   </div>
   <div class='ocr_carea' id='block_1_8' title="bbox 1633 969 2474 1064">
    <p class='ocr_par' dir='ltr' id='par_1_8' title="bbox 1633 969 2474 1064">
     <span class='ocr_line' id='line_1_8' title="bbox 1633 969 2474 1064; baseline -0.008 -2"><span class='ocrx_word' id='word_1_48' title='bbox 1633 971 1924 1063; x_wconf 87' lang='lat' dir='ltr'><strong>PARS</strong></span> <span class='ocrx_word' id='word_1_49' title='bbox 1996 969 2474 1064; x_wconf 80' lang='lat' dir='ltr'><strong>TERTIA.</strong></span> 
     </span>
    </p>
   </div>
   <div class='ocr_carea' id='block_1_9' title="bbox 402 1208 3656 1291">
    <p class='ocr_par' dir='ltr' id='par_1_9' title="bbox 402 1208 3656 1291">
     <span class='ocr_line' id='line_1_9' title="bbox 402 1208 3656 1291; baseline -0.003 -11"><span class='ocrx_word' id='word_1_50' title='bbox 402 1222 491 1283; x_wconf 92' lang='lat' dir='ltr'><strong>De</strong></span> <span class='ocrx_word' id='word_1_51' title='bbox 528 1220 926 1283; x_wconf 83' lang='lat' dir='ltr'><strong>editionihus</strong></span> <span class='ocrx_word' id='word_1_52' title='bbox 958 1222 1020 1281; x_wconf 84' lang='lat' dir='ltr'><strong>et</strong></span> <span class='ocrx_word' id='word_1_53' title='bbox 1050 1213 1463 1278; x_wconf 86' lang='lat' dir='ltr'><strong>versionibus</strong></span> <span class='ocrx_word' id='word_1_54' title='bbox 1515 1212 1809 1275; x_wconf 88' lang='lat' dir='ltr'><strong>omnium</strong></span> <span class='ocrx_word' id='word_1_55' title='bbox 1842 1209 2070 1291; x_wconf 77' lang='lat' dir='ltr'><strong>lgnatii</strong></span> <span class='ocrx_word' id='word_1_56' title='bbox 2121 1208 2569 1291; x_wconf 82' lang='lat' dir='ltr'><strong>epistolarum,</strong></span> <span class='ocrx_word' id='word_1_57' title='bbox 2607 1215 2732 1291; x_wconf 84' lang='lat' dir='ltr'><strong>tam</strong></span> <span class='ocrx_word' id='word_1_58' title='bbox 2772 1208 3204 1291; x_wconf 82' lang='lat' dir='ltr'><strong>genuinarum</strong></span> <span class='ocrx_word' id='word_1_59' title='bbox 3245 1227 3445 1289; x_wconf 82' lang='lat' dir='ltr'><strong>quam</strong></span> <span class='ocrx_word' id='word_1_60' title='bbox 3480 1208 3656 1273; x_wconf 82' lang='lat' dir='ltr'><strong>adul-</strong></span> 
     </span>
    </p>
   </div>
   <div class='ocr_carea' id='block_1_10' title="bbox 1073 1288 2986 1367">
    <p class='ocr_par' dir='ltr' id='par_1_10' title="bbox 1073 1288 2986 1367">
     <span class='ocr_line' id='line_1_10' title="bbox 1073 1288 2986 1367; baseline -0.004 -9"><span class='ocrx_word' id='word_1_61' title='bbox 1073 1294 1452 1367; x_wconf 86' lang='lat' dir='ltr'><strong>terinarum,</strong></span> <span class='ocrx_word' id='word_1_62' title='bbox 1492 1310 1565 1354; x_wconf 84' lang='lat' dir='ltr'><strong>ac</strong></span> <span class='ocrx_word' id='word_1_63' title='bbox 1592 1291 1785 1354; x_wconf 81' lang='lat' dir='ltr'><strong>variis</strong></span> <span class='ocrx_word' id='word_1_64' title='bbox 1816 1288 1902 1351; x_wconf 49' lang='lat' dir='ltr'><strong>in&#39;</strong></span> <span class='ocrx_word' id='word_1_65' title='bbox 1932 1307 2038 1351; x_wconf 82' lang='lat' dir='ltr'><strong>eas</strong></span> <span class='ocrx_word' id='word_1_66' title='bbox 2075 1289 2247 1350; x_wconf 83' lang='lat' dir='ltr'><strong>notis</strong></span> <span class='ocrx_word' id='word_1_67' title='bbox 2301 1297 2365 1351; x_wconf 88' lang='lat' dir='ltr'><strong>et</strong></span> <span class='ocrx_word' id='word_1_68' title='bbox 2395 1288 2986 1351; x_wconf 79' lang='lat' dir='ltr'><strong>observationibus.</strong></span> 
     </span>
    </p>
   </div>
   <div class='ocr_carea' id='block_1_11' title="bbox 914 1527 1473 1586">
    <p class='ocr_par' dir='ltr' id='par_1_11' title="bbox 914 1527 1473 1586">
     <span class='ocr_line' id='line_1_11' title="bbox 914 1527 1473 1586; baseline -0.005 -1"><span class='ocrx_word' id='word_1_69' title='bbox 914 1529 1143 1586; x_wconf 83' lang='lat' dir='ltr'><strong>CAPUT</strong></span> <span class='ocrx_word' id='word_1_70' title='bbox 1180 1527 1473 1584; x_wconf 76' lang='lat' dir='ltr'><strong>PRIMUM.</strong></span> 
     </span>
    </p>
   </div>
   <div class='ocr_carea' id='block_1_12' title="bbox 368 1632 1977 1683">
    <p class='ocr_par' dir='ltr' id='par_1_12' title="bbox 368 1632 1977 1683">
     <span class='ocr_line' id='line_1_12' title="bbox 368 1632 1977 1683; baseline -0.006 -2"><span class='ocrx_word' id='word_1_71' title='bbox 368 1658 370 1665; x_wconf 58' lang='grc' dir='ltr'>λ</span> <span class='ocrx_word' id='word_1_72' title='bbox 400 1644 468 1681; x_wconf 79' lang='lat' dir='ltr'><strong>DE</strong></span> <span class='ocrx_word' id='word_1_73' title='bbox 494 1640 845 1683; x_wconf 38' lang='lat' dir='ltr'><strong>‘EDITIONIBIIS</strong></span> <span class='ocrx_word' id='word_1_74' title='bbox 870 1640 939 1678; x_wconf 78' lang='lat' dir='ltr'><strong>ET</strong></span> <span class='ocrx_word' id='word_1_75' title='bbox 970 1637 1316 1677; x_wconf 80' lang='lat' dir='ltr'><strong>VERSIONIBUS</strong></span> <span class='ocrx_word' id='word_1_76' title='bbox 1349 1635 1718 1676; x_wconf 69' lang='lat' dir='ltr'><strong>EPISTOLARUI</strong></span> <span class='ocrx_word' id='word_1_77' title='bbox 1752 1632 1977 1673; x_wconf 78' lang='lat' dir='ltr'><strong>IGNATII.</strong></span> 
     </span>
    </p>
   </div>
   <div class='ocr_carea' id='block_1_13' title="bbox 779 1711 1605 1787">
    <p class='ocr_par' dir='ltr' id='par_1_13' title="bbox 779 1711 1605 1787">
     <span class='ocr_line' id='line_1_13' title="bbox 779 1711 1605 1787; baseline -0.002 -20"><span class='ocrx_word' id='word_1_78' title='bbox 779 1716 806 1787; x_wconf 83' lang='lat'><strong>§</strong></span> <span class='ocrx_word' id='word_1_79' title='bbox 848 1714 887 1767; x_wconf 86' lang='grc' dir='ltr'><strong>Ι.</strong></span> <span class='ocrx_word' id='word_1_80' title='bbox 932 1714 1007 1768; x_wconf 86' lang='lat' dir='ltr'><strong>De</strong></span> <span class='ocrx_word' id='word_1_81' title='bbox 1031 1714 1349 1767; x_wconf 82' lang='lat' dir='ltr'><strong>editionibus</strong></span> <span class='ocrx_word' id='word_1_82' title='bbox 1373 1711 1605 1765; x_wconf 80' lang='lat' dir='ltr'><strong>Latinis.</strong></span> 
     </span>
    </p>
   </div>
   <div class='ocr_carea' id='block_1_14' title="bbox 468 1802 1981 1880">
    <p class='ocr_par' dir='ltr' id='par_1_14' title="bbox 468 1802 1981 1880">
     <span class='ocr_line' id='line_1_14' title="bbox 468 1802 1981 1880; baseline -0.008 -15"><span class='ocrx_word' id='word_1_83' title='bbox 468 1811 675 1873; x_wconf 89' lang='lat' dir='ltr'><strong>Prima,</strong></span> <span class='ocrx_word' id='word_1_84' title='bbox 704 1826 826 1880; x_wconf 72' lang='lat' dir='ltr'><strong>qua:</strong></span> <span class='ocrx_word' id='word_1_85' title='bbox 862 1810 915 1862; x_wconf 92' lang='lat' dir='ltr'><strong>in</strong></span> <span class='ocrx_word' id='word_1_86' title='bbox 950 1822 1144 1862; x_wconf 89' lang='lat' dir='ltr'><strong>manus</strong></span> <span class='ocrx_word' id='word_1_87' title='bbox 1174 1815 1395 1861; x_wconf 88' lang='lat' dir='ltr'><strong>nostras</strong></span> <span class='ocrx_word' id='word_1_88' title='bbox 1426 1804 1593 1869; x_wconf 87' lang='lat' dir='ltr'><strong>venit,</strong></span> <span class='ocrx_word' id='word_1_89' title='bbox 1626 1802 1981 1872; x_wconf 88' lang='lat' dir='ltr'><strong>epistolarum</strong></span> 
     </span>
    </p>
   </div>
   <div class='ocr_carea' id='block_1_15' title="bbox 404 1892 1981 1975">
    <p class='ocr_par' dir='ltr' id='par_1_15' title="bbox 404 1892 1981 1975">
     <span class='ocr_line' id='line_1_15' title="bbox 404 1892 1981 1975; baseline -0.009 -17"><span class='ocrx_word' id='word_1_90' title='bbox 404 1904 806 1975; x_wconf 83' lang='lat' dir='ltr'><strong>lgnatianarum</strong></span> <span class='ocrx_word' id='word_1_91' title='bbox 860 1901 1050 1967; x_wconf 88' lang='lat' dir='ltr'><strong>editio,</strong></span> <span class='ocrx_word' id='word_1_92' title='bbox 1090 1898 1319 1955; x_wconf 85' lang='lat' dir='ltr'><strong>Parisiis</strong></span> <span class='ocrx_word' id='word_1_93' title='bbox 1357 1913 1502 1951; x_wconf 90' lang='lat' dir='ltr'><strong>anno</strong></span> <span class='ocrx_word' id='word_1_94' title='bbox 1546 1896 1706 1959; x_wconf 59' lang='grc'><strong>1494,</strong></span> <span class='ocrx_word' id='word_1_95' title='bbox 1753 1892 1981 1963; x_wconf 89' lang='lat' dir='ltr'><strong>prodiit,</strong></span> 
     </span>
    </p>
   </div>
   <div class='ocr_carea' id='block_1_16' title="bbox 2087 1529 3661 1602">
    <p class='ocr_par' dir='ltr' id='par_1_16' title="bbox 2087 1529 3661 1602">
     <span class='ocr_line' id='line_1_16' title="bbox 2087 1529 3661 1602; baseline 0.001 -17"><span class='ocrx_word' id='word_1_96' title='bbox 2087 1539 2447 1601; x_wconf 82' lang='lat' dir='ltr'><strong>posteaquam</strong></span> <span class='ocrx_word' id='word_1_97' title='bbox 2494 1529 2749 1602; x_wconf 88' lang='lat' dir='ltr'><strong>vulgatas</strong></span> <span class='ocrx_word' id='word_1_98' title='bbox 2791 1529 2985 1601; x_wconf 87' lang='lat' dir='ltr'><strong>lgnatii</strong></span> <span class='ocrx_word' id='word_1_99' title='bbox 3032 1530 3297 1601; x_wconf 81' lang='lat' dir='ltr'><strong>epistolas</strong></span> <span class='ocrx_word' id='word_1_100' title='bbox 3331 1546 3463 1586; x_wconf 91' lang='lat' dir='ltr'><strong>cum</strong></span> <span class='ocrx_word' id='word_1_101' title='bbox 3499 1532 3661 1587; x_wconf 87' lang='lat' dir='ltr'><strong>tribus</strong></span> 
     </span>
    </p>
   </div>
   <div class='ocr_carea' id='block_1_17' title="bbox 2086 1622 3662 1692">
    <p class='ocr_par' dir='ltr' id='par_1_17' title="bbox 2086 1622 3662 1692">
     <span class='ocr_line' id='line_1_17' title="bbox 2086 1622 3662 1692; baseline 0.002 -17"><span class='ocrx_word' id='word_1_102' title='bbox 2086 1637 2254 1677; x_wconf 89' lang='lat' dir='ltr'><strong>manu</strong></span> <span class='ocrx_word' id='word_1_103' title='bbox 2286 1622 2525 1677; x_wconf 82' lang='lat' dir='ltr'><strong>exaratis</strong></span> <span class='ocrx_word' id='word_1_104' title='bbox 2558 1622 2843 1678; x_wconf 87' lang='lat' dir='ltr'><strong>codicibus</strong></span> <span class='ocrx_word' id='word_1_105' title='bbox 2864 1664 2878 1688; x_wconf 90' lang='lat'><strong>,</strong></span> <span class='ocrx_word' id='word_1_106' title='bbox 2902 1622 2996 1692; x_wconf 89' lang='lat' dir='ltr'><strong>qui</strong></span> <span class='ocrx_word' id='word_1_107' title='bbox 3045 1624 3333 1692; x_wconf 90' lang='lat' dir='ltr'><strong>antiquam</strong></span> <span class='ocrx_word' id='word_1_108' title='bbox 3360 1624 3662 1678; x_wconf 85' lang='lat' dir='ltr'><strong>versionem</strong></span> 
     </span>
    </p>
   </div>
   <div class='ocr_carea' id='block_1_18' title="bbox 2087 1712 3662 1779">
    <p class='ocr_par' dir='ltr' id='par_1_18' title="bbox 2087 1712 3662 1779">
     <span class='ocr_line' id='line_1_18' title="bbox 2087 1712 3662 1779; baseline 0.001 -13"><span class='ocrx_word' id='word_1_109' title='bbox 2087 1712 2338 1768; x_wconf 85' lang='lat' dir='ltr'><strong>Latinam</strong></span> <span class='ocrx_word' id='word_1_110' title='bbox 2366 1714 2721 1778; x_wconf 81' lang='lat' dir='ltr'><strong>exhibebant,</strong></span> <span class='ocrx_word' id='word_1_111' title='bbox 2759 1715 3104 1779; x_wconf 89' lang='lat' dir='ltr'><strong>contulisset,</strong></span> <span class='ocrx_word' id='word_1_112' title='bbox 3132 1715 3275 1769; x_wconf 91' lang='lat' dir='ltr'><strong>duos</strong></span> <span class='ocrx_word' id='word_1_113' title='bbox 3308 1716 3453 1771; x_wconf 90' lang='lat' dir='ltr'><strong>alios</strong></span> <span class='ocrx_word' id='word_1_114' title='bbox 3485 1717 3662 1769; x_wconf 86' lang='lat' dir='ltr'><strong>itidem</strong></span> 
     </span>
    </p>
   </div>
   <div class='ocr_carea' id='block_1_19' title="bbox 2088 1806 3666 1876">
    <p class='ocr_par' dir='ltr' id='par_1_19' title="bbox 2088 1806 3666 1876">
     <span class='ocr_line' id='line_1_19' title="bbox 2088 1806 3666 1876; baseline 0.002 -18"><span class='ocrx_word' id='word_1_115' title='bbox 2088 1806 2499 1875; x_wconf 86' lang='lat' dir='ltr'><strong>manuscriptos</strong></span> <span class='ocrx_word' id='word_1_116' title='bbox 2555 1806 2811 1872; x_wconf 87' lang='lat' dir='ltr'><strong>codices,</strong></span> <span class='ocrx_word' id='word_1_117' title='bbox 2871 1807 2963 1862; x_wconf 90' lang='lat' dir='ltr'><strong>sed</strong></span> <span class='ocrx_word' id='word_1_118' title='bbox 3014 1807 3174 1876; x_wconf 84' lang='lat' dir='ltr'><strong>pretii</strong></span> <span class='ocrx_word' id='word_1_119' title='bbox 3224 1808 3404 1861; x_wconf 90' lang='lat' dir='ltr'><strong>multo</strong></span> <span class='ocrx_word' id='word_1_120' title='bbox 3447 1808 3666 1875; x_wconf 84' lang='lat' dir='ltr'><strong>majoris</strong></span> 
     </span>
    </p>
   </div>
   <div class='ocr_carea' id='block_1_20' title="bbox 2089 1897 3665 1970">
    <p class='ocr_par' dir='ltr' id='par_1_20' title="bbox 2089 1897 3665 1970">
     <span class='ocr_line' id='line_1_20' title="bbox 2089 1897 3665 1970; baseline 0.001 -19"><span class='ocrx_word' id='word_1_121' title='bbox 2089 1897 2368 1954; x_wconf 82' lang='lat' dir='ltr'><strong>fortunate</strong></span> <span class='ocrx_word' id='word_1_122' title='bbox 2412 1899 2641 1966; x_wconf 81' lang='lat' dir='ltr'><strong>invenit,</strong></span> <span class='ocrx_word' id='word_1_123' title='bbox 2669 1915 2845 1953; x_wconf 90' lang='lat' dir='ltr'><strong>unum</strong></span> <span class='ocrx_word' id='word_1_124' title='bbox 2896 1900 2951 1953; x_wconf 94' lang='lat' dir='ltr'><strong>in</strong></span> <span class='ocrx_word' id='word_1_125' title='bbox 2985 1900 3203 1969; x_wconf 89' lang='lat' dir='ltr'><strong>publica</strong></span> <span class='ocrx_word' id='word_1_126' title='bbox 3253 1900 3475 1970; x_wconf 78' lang='lat' dir='ltr'><strong>collegii</strong></span> <span class='ocrx_word' id='word_1_127' title='bbox 3520 1899 3665 1954; x_wconf 60' lang='lat' dir='ltr'><strong>Cum</strong></span> 
     </span>
    </p>
   </div>
   <div class='ocr_carea' id='block_1_21' title="bbox 403 1976 3663 2065">
    <p class='ocr_par' dir='ltr' id='par_1_21' title="bbox 403 1976 3663 2065">
     <span class='ocr_line' id='line_1_21' title="bbox 403 1976 3663 2065; baseline -0.002 -15"><span class='ocrx_word' id='word_1_128' title='bbox 403 1997 606 2065; x_wconf 90' lang='lat' dir='ltr'><strong>illaque</strong></span> <span class='ocrx_word' id='word_1_129' title='bbox 660 2005 771 2049; x_wconf 91' lang='lat' dir='ltr'><strong>tres</strong></span> <span class='ocrx_word' id='word_1_130' title='bbox 815 2002 1022 2048; x_wconf 90' lang='lat' dir='ltr'><strong>tantum</strong></span> <span class='ocrx_word' id='word_1_131' title='bbox 1074 1992 1369 2063; x_wconf 85' lang='lat' dir='ltr'><strong>epistolas,</strong></span> <span class='ocrx_word' id='word_1_132' title='bbox 1421 1991 1559 2045; x_wconf 90' lang='lat' dir='ltr'><strong>duas</strong></span> <span class='ocrx_word' id='word_1_133' title='bbox 1608 1989 1674 2043; x_wconf 88' lang='lat' dir='ltr'><strong>ad</strong></span> <span class='ocrx_word' id='word_1_134' title='bbox 1713 1985 1981 2041; x_wconf 81' lang='lat' dir='ltr'><strong>Joannem</strong></span> <span class='ocrx_word' id='word_1_135' title='bbox 2017 1976 2228 2045; x_wconf 82' lang='lat' dir='ltr'><strong>vaelli</strong></span> <span class='ocrx_word' id='word_1_136' title='bbox 2270 2001 2323 2046; x_wconf 90' lang='lat' dir='ltr'><strong>et</strong></span> <span class='ocrx_word' id='word_1_137' title='bbox 2381 1991 2501 2046; x_wconf 88' lang='lat' dir='ltr'><strong>Caii</strong></span> <span class='ocrx_word' id='word_1_138' title='bbox 2554 1992 2694 2061; x_wconf 89' lang='lat' dir='ltr'><strong>apud</strong></span> <span class='ocrx_word' id='word_1_139' title='bbox 2744 1990 3244 2062; x_wconf 85' lang='lat' dir='ltr'><strong>Cantabringeuses</strong></span> <span class='ocrx_word' id='word_1_140' title='bbox 3302 1992 3663 2054; x_wconf 79' lang='lat' dir='ltr'><strong>bibliotheca;</strong></span> 
     </span>
    </p>
   </div>
   <div class='ocr_carea' id='block_1_22' title="bbox 403 2079 1983 2157">
    <p class='ocr_par' dir='ltr' id='par_1_22' title="bbox 403 2079 1983 2157">
     <span class='ocr_line' id='line_1_22' title="bbox 403 2079 1983 2157; baseline -0.006 -15"><span class='ocrx_word' id='word_1_141' title='bbox 403 2087 734 2157; x_wconf 86' lang='lat' dir='ltr'><strong>apostolum,</strong></span> <span class='ocrx_word' id='word_1_142' title='bbox 771 2086 986 2141; x_wconf 88' lang='lat' dir='ltr'><strong>tertiam</strong></span> <span class='ocrx_word' id='word_1_143' title='bbox 1020 2085 1087 2140; x_wconf 91' lang='lat' dir='ltr'><strong>ad</strong></span> <span class='ocrx_word' id='word_1_144' title='bbox 1116 2084 1207 2138; x_wconf 89' lang='lat' dir='ltr'><strong>Dei</strong></span> <span class='ocrx_word' id='word_1_145' title='bbox 1241 2082 1561 2154; x_wconf 82' lang='lat' dir='ltr'><strong>genitricem</strong></span> <span class='ocrx_word' id='word_1_146' title='bbox 1582 2079 1807 2133; x_wconf 84' lang='lat' dir='ltr'><strong>Mariam</strong></span> <span class='ocrx_word' id='word_1_147' title='bbox 1833 2093 1983 2132; x_wconf 92' lang='lat' dir='ltr'><strong>com-</strong></span> 
     </span>
    </p>
   </div>
   <div class='ocr_carea' id='block_1_23' title="bbox 402 2172 1984 2250">
    <p class='ocr_par' dir='ltr' id='par_1_23' title="bbox 402 2172 1984 2250">
     <span class='ocr_line' id='line_1_23' title="bbox 402 2172 1984 2250; baseline -0.008 -14"><span class='ocrx_word' id='word_1_148' title='bbox 402 2182 676 2250; x_wconf 84' lang='lat' dir='ltr'><strong>plectitur.</strong></span> <span class='ocrx_word' id='word_1_149' title='bbox 704 2181 865 2234; x_wconf 85' lang='lat' dir='ltr'><strong>Anno</strong></span> <span class='ocrx_word' id='word_1_150' title='bbox 904 2172 1087 2233; x_wconf 89' lang='lat' dir='ltr'><strong>autem</strong></span> <span class='ocrx_word' id='word_1_151' title='bbox 1121 2178 1262 2231; x_wconf 66' lang='lat'><strong>1498</strong></span> <span class='ocrx_word' id='word_1_152' title='bbox 1294 2175 1470 2230; x_wconf 87' lang='lat' dir='ltr'><strong>Faber</strong></span> <span class='ocrx_word' id='word_1_153' title='bbox 1512 2172 1857 2244; x_wconf 86' lang='lat' dir='ltr'><strong>Stapulensis</strong></span> <span class='ocrx_word' id='word_1_154' title='bbox 1880 2188 1984 2225; x_wconf 88' lang='lat' dir='ltr'><strong>un-</strong></span> 
     </span>
    </p>
   </div>
   <div class='ocr_carea' id='block_1_24' title="bbox 399 2265 1986 2343">
    <p class='ocr_par' dir='ltr' id='par_1_24' title="bbox 399 2265 1986 2343">
     <span class='ocr_line' id='line_1_24' title="bbox 399 2265 1986 2343; baseline -0.006 -16"><span class='ocrx_word' id='word_1_155' title='bbox 399 2276 577 2329; x_wconf 84' lang='lat' dir='ltr'><strong>decim</strong></span> <span class='ocrx_word' id='word_1_156' title='bbox 618 2275 755 2329; x_wconf 86' lang='lat' dir='ltr'><strong>alias</strong></span> <span class='ocrx_word' id='word_1_157' title='bbox 788 2273 1051 2343; x_wconf 82' lang='lat' dir='ltr'><strong>vulgavit,</strong></span> <span class='ocrx_word' id='word_1_158' title='bbox 1084 2286 1207 2339; x_wconf 71' lang='lat' dir='ltr'><strong>qua:</strong></span> <span class='ocrx_word' id='word_1_159' title='bbox 1238 2269 1493 2336; x_wconf 89' lang='lat' dir='ltr'><strong>deinceps</strong></span> <span class='ocrx_word' id='word_1_160' title='bbox 1525 2265 1892 2335; x_wconf 82' lang='lat' dir='ltr'><strong>Argentorati,</strong></span> <span class='ocrx_word' id='word_1_161' title='bbox 1929 2273 1986 2319; x_wconf 88' lang='lat' dir='ltr'><strong>et</strong></span> 
     </span>
    </p>
   </div>
   <div class='ocr_carea' id='block_1_25' title="bbox 403 2355 1987 2431">
    <p class='ocr_par' dir='ltr' id='par_1_25' title="bbox 403 2355 1987 2431">
     <span class='ocr_line' id='line_1_25' title="bbox 403 2355 1987 2431; baseline -0.005 -13"><span class='ocrx_word' id='word_1_162' title='bbox 403 2366 651 2431; x_wconf 74' lang='lat' dir='ltr'><strong>Basileze,</strong></span> <span class='ocrx_word' id='word_1_163' title='bbox 683 2382 747 2421; x_wconf 92' lang='lat' dir='ltr'><strong>ac</strong></span> <span class='ocrx_word' id='word_1_164' title='bbox 776 2365 993 2419; x_wconf 85' lang='lat' dir='ltr'><strong>tandem</strong></span> <span class='ocrx_word' id='word_1_165' title='bbox 1024 2378 1171 2417; x_wconf 89' lang='lat' dir='ltr'><strong>anno</strong></span> <span class='ocrx_word' id='word_1_166' title='bbox 1199 2361 1358 2425; x_wconf 71' lang='grc'><strong>1575,</strong></span> <span class='ocrx_word' id='word_1_167' title='bbox 1386 2360 1439 2414; x_wconf 90' lang='lat' dir='ltr'><strong>in</strong></span> <span class='ocrx_word' id='word_1_168' title='bbox 1466 2358 1576 2413; x_wconf 85' lang='lat' dir='ltr'><strong>line</strong></span> <span class='ocrx_word' id='word_1_169' title='bbox 1598 2356 1836 2428; x_wconf 79' lang='lat' dir='ltr'><strong>Operum</strong></span> <span class='ocrx_word' id='word_1_170' title='bbox 1859 2355 1987 2410; x_wconf 89' lang='lat' dir='ltr'><strong>Dio-</strong></span> 
     </span>
    </p>
   </div>
   <div class='ocr_carea' id='block_1_26' title="bbox 404 2446 1985 2527">
    <p class='ocr_par' dir='ltr' id='par_1_26' title="bbox 404 2446 1985 2527">
     <span class='ocr_line' id='line_1_26' title="bbox 404 2446 1985 2527; baseline -0.005 -17"><span class='ocrx_word' id='word_1_171' title='bbox 404 2458 546 2527; x_wconf 83' lang='lat' dir='ltr'><strong>nysii</strong></span> <span class='ocrx_word' id='word_1_172' title='bbox 576 2455 919 2525; x_wconf 66' lang='lat' dir='ltr'><strong>Areopagitas</strong></span> <span class='ocrx_word' id='word_1_173' title='bbox 942 2455 1102 2509; x_wconf 66' lang='lat' dir='ltr'><strong>edita:</strong></span> <span class='ocrx_word' id='word_1_174' title='bbox 1130 2462 1276 2508; x_wconf 91' lang='lat' dir='ltr'><strong>sunt.</strong></span> <span class='ocrx_word' id='word_1_175' title='bbox 1314 2451 1506 2507; x_wconf 81' lang='lat' dir='ltr'><strong>Postea</strong></span> <span class='ocrx_word' id='word_1_176' title='bbox 1547 2446 1985 2519; x_wconf 75' lang='lat' dir='ltr'><strong>Symphorianus</strong></span> 
     </span>
    </p>
   </div>
   <div class='ocr_carea' id='block_1_27' title="bbox 402 2540 1986 2619">
    <p class='ocr_par' dir='ltr' id='par_1_27' title="bbox 402 2540 1986 2619">
     <span class='ocr_line' id='line_1_27' title="bbox 402 2540 1986 2619; baseline -0.006 -15"><span class='ocrx_word' id='word_1_177' title='bbox 402 2549 767 2619; x_wconf 76' lang='lat' dir='ltr'><strong>Champerius</strong></span> <span class='ocrx_word' id='word_1_178' title='bbox 816 2547 1035 2602; x_wconf 85' lang='lat' dir='ltr'><strong>easdem</strong></span> <span class='ocrx_word' id='word_1_179' title='bbox 1077 2560 1223 2599; x_wconf 88' lang='lat' dir='ltr'><strong>anno</strong></span> <span class='ocrx_word' id='word_1_180' title='bbox 1255 2543 1393 2598; x_wconf 87' lang='grc'>1676</span> <span class='ocrx_word' id='word_1_181' title='bbox 1446 2543 1612 2613; x_wconf 68' lang='grc' dir='ltr'>ιπωιο</span> <span class='ocrx_word' id='word_1_182' title='bbox 1647 2540 1986 2596; x_wconf 86' lang='lat' dir='ltr'><strong>Ascensiauo</strong></span> 
     </span>
    </p>
   </div>
   <div class='ocr_carea' id='block_1_28' title="bbox 406 2630 1987 2708">
    <p class='ocr_par' dir='ltr' id='par_1_28' title="bbox 406 2630 1987 2708">
     <span class='ocr_line' id='line_1_28' title="bbox 406 2630 1987 2708; baseline -0.004 -17"><span class='ocrx_word' id='word_1_183' title='bbox 406 2655 630 2693; x_wconf 87' lang='lat' dir='ltr'><strong>rursum</strong></span> <span class='ocrx_word' id='word_1_184' title='bbox 682 2638 938 2708; x_wconf 83' lang='lat' dir='ltr'><strong>subjecit,</strong></span> <span class='ocrx_word' id='word_1_185' title='bbox 989 2652 1054 2692; x_wconf 92' lang='lat' dir='ltr'><strong>ac</strong></span> <span class='ocrx_word' id='word_1_186' title='bbox 1099 2636 1360 2706; x_wconf 89' lang='lat' dir='ltr'><strong>epistolas</strong></span> <span class='ocrx_word' id='word_1_187' title='bbox 1403 2635 1471 2690; x_wconf 91' lang='lat' dir='ltr'><strong>ad</strong></span> <span class='ocrx_word' id='word_1_188' title='bbox 1501 2632 1790 2697; x_wconf 83' lang='lat' dir='ltr'><strong>Joannem,</strong></span> <span class='ocrx_word' id='word_1_189' title='bbox 1835 2640 1890 2687; x_wconf 91' lang='lat' dir='ltr'><strong>et</strong></span> <span class='ocrx_word' id='word_1_190' title='bbox 1916 2630 1987 2686; x_wconf 90' lang='lat' dir='ltr'><strong>ad</strong></span> 
     </span>
    </p>
   </div>
   <div class='ocr_carea' id='block_1_29' title="bbox 404 2725 1987 2805">
    <p class='ocr_par' dir='ltr' id='par_1_29' title="bbox 404 2725 1987 2805">
     <span class='ocr_line' id='line_1_29' title="bbox 404 2725 1987 2805; baseline -0.005 -20"><span class='ocrx_word' id='word_1_191' title='bbox 404 2732 634 2787; x_wconf 80' lang='lat' dir='ltr'><strong>Mariam</strong></span> <span class='ocrx_word' id='word_1_192' title='bbox 702 2730 1022 2805; x_wconf 73' lang='lat' dir='ltr'><strong>Deipararp,</strong></span> <span class='ocrx_word' id='word_1_193' title='bbox 1082 2739 1245 2800; x_wconf 90' lang='lat' dir='ltr'><strong>atque</strong></span> <span class='ocrx_word' id='word_1_194' title='bbox 1289 2744 1455 2783; x_wconf 91' lang='lat' dir='ltr'><strong>unam</strong></span> <span class='ocrx_word' id='word_1_195' title='bbox 1516 2726 1585 2782; x_wconf 90' lang='lat' dir='ltr'><strong>ad</strong></span> <span class='ocrx_word' id='word_1_196' title='bbox 1647 2725 1871 2780; x_wconf 76' lang='lat' dir='ltr'><strong>Mariam</strong></span> <span class='ocrx_word' id='word_1_197' title='bbox 1918 2739 1987 2779; x_wconf 86' lang='lat' dir='ltr'><strong>ex</strong></span> 
     </span>
    </p>
   </div>
   <div class='ocr_carea' id='block_1_30' title="bbox 404 2815 1989 2889">
    <p class='ocr_par' dir='ltr' id='par_1_30' title="bbox 404 2815 1989 2889">
     <span class='ocr_line' id='line_1_30' title="bbox 404 2815 1989 2889; baseline -0.003 -12"><span class='ocrx_word' id='word_1_198' title='bbox 404 2824 743 2889; x_wconf 83' lang='lat' dir='ltr'><strong>Cassobelis,</strong></span> <span class='ocrx_word' id='word_1_199' title='bbox 785 2823 1052 2877; x_wconf 84' lang='lat' dir='ltr'><strong>hactenus</strong></span> <span class='ocrx_word' id='word_1_200' title='bbox 1086 2821 1369 2887; x_wconf 89' lang='lat' dir='ltr'><strong>iueditam,</strong></span> <span class='ocrx_word' id='word_1_201' title='bbox 1406 2820 1487 2875; x_wconf 90' lang='lat' dir='ltr'><strong>eis</strong></span> <span class='ocrx_word' id='word_1_202' title='bbox 1522 2816 1830 2888; x_wconf 77' lang='lat' dir='ltr'><strong>subiunxit.</strong></span> <span class='ocrx_word' id='word_1_203' title='bbox 1864 2815 1989 2872; x_wconf 72' lang='lat' dir='ltr'><strong>llaec</strong></span> 
     </span>
    </p>
   </div>
   <div class='ocr_carea' id='block_1_31' title="bbox 407 2906 1984 2985">
    <p class='ocr_par' dir='ltr' id='par_1_31' title="bbox 407 2906 1984 2985">
     <span class='ocr_line' id='line_1_31' title="bbox 407 2906 1984 2985; baseline -0.009 -12"><span class='ocrx_word' id='word_1_204' title='bbox 407 2928 591 2973; x_wconf 87' lang='lat' dir='ltr'><strong>autem</strong></span> <span class='ocrx_word' id='word_1_205' title='bbox 646 2915 959 2985; x_wconf 83' lang='lat' dir='ltr'><strong>Champerii</strong></span> <span class='ocrx_word' id='word_1_206' title='bbox 1010 2914 1178 2969; x_wconf 88' lang='lat' dir='ltr'><strong>editio</strong></span> <span class='ocrx_word' id='word_1_207' title='bbox 1233 2912 1399 2967; x_wconf 91' lang='lat' dir='ltr'><strong>variis</strong></span> <span class='ocrx_word' id='word_1_208' title='bbox 1452 2911 1594 2983; x_wconf 83' lang='lat' dir='ltr'><strong>typis</strong></span> <span class='ocrx_word' id='word_1_209' title='bbox 1644 2906 1984 2977; x_wconf 74' lang='lat' dir='ltr'><strong>Antuerpize,</strong></span> 
     </span>
    </p>
   </div>
   <div class='ocr_carea' id='block_1_32' title="bbox 408 3003 1986 3078">
    <p class='ocr_par' dir='ltr' id='par_1_32' title="bbox 408 3003 1986 3078">
     <span class='ocr_line' id='line_1_32' title="bbox 408 3003 1986 3078; baseline -0.008 -11"><span class='ocrx_word' id='word_1_210' title='bbox 408 3015 654 3078; x_wconf 72' lang='lat' dir='ltr'><strong>Basilcaz,</strong></span> <span class='ocrx_word' id='word_1_211' title='bbox 685 3011 947 3076; x_wconf 67' lang='lat' dir='ltr'><strong>Coloniae,</strong></span> <span class='ocrx_word' id='word_1_212' title='bbox 983 3008 1232 3071; x_wconf 83' lang='lat' dir='ltr'><strong>Parisiis,</strong></span> <span class='ocrx_word' id='word_1_213' title='bbox 1266 3006 1496 3075; x_wconf 87' lang='lat' dir='ltr'><strong>aliisque</strong></span> <span class='ocrx_word' id='word_1_214' title='bbox 1544 3005 1597 3059; x_wconf 91' lang='lat' dir='ltr'><strong>in</strong></span> <span class='ocrx_word' id='word_1_215' title='bbox 1633 3003 1863 3059; x_wconf 89' lang='lat' dir='ltr'><strong>urbibus</strong></span> <span class='ocrx_word' id='word_1_216' title='bbox 1887 3017 1986 3055; x_wconf 86' lang='lat' dir='ltr'><strong>ex-</strong></span> 
     </span>
    </p>
   </div>
   <div class='ocr_carea' id='block_1_33' title="bbox 407 3094 1986 3161">
    <p class='ocr_par' dir='ltr' id='par_1_33' title="bbox 407 3094 1986 3161">
     <span class='ocr_line' id='line_1_33' title="bbox 407 3094 1986 3161; baseline -0.009 1"><span class='ocrx_word' id='word_1_217' title='bbox 407 3121 539 3161; x_wconf 90' lang='lat' dir='ltr'><strong>cusa</strong></span> <span class='ocrx_word' id='word_1_218' title='bbox 562 3114 663 3158; x_wconf 91' lang='lat' dir='ltr'><strong>est.</strong></span> <span class='ocrx_word' id='word_1_219' title='bbox 696 3102 869 3157; x_wconf 90' lang='lat' dir='ltr'><strong>Porro</strong></span> <span class='ocrx_word' id='word_1_220' title='bbox 900 3102 982 3155; x_wconf 76' lang='lat' dir='ltr'><strong>ha:</strong></span> <span class='ocrx_word' id='word_1_221' title='bbox 1013 3113 1204 3154; x_wconf 87' lang='lat' dir='ltr'><strong>omnes</strong></span> <span class='ocrx_word' id='word_1_222' title='bbox 1244 3096 1512 3152; x_wconf 86' lang='lat' dir='ltr'><strong>editiones</strong></span> <span class='ocrx_word' id='word_1_223' title='bbox 1543 3094 1739 3150; x_wconf 83' lang='lat' dir='ltr'><strong>Latine</strong></span> <span class='ocrx_word' id='word_1_224' title='bbox 1774 3103 1986 3149; x_wconf 89' lang='lat' dir='ltr'><strong>tantum</strong></span> 
     </span>
    </p>
   </div>
   <div class='ocr_carea' id='block_1_34' title="bbox 408 3198 749 3269">
    <p class='ocr_par' dir='ltr' id='par_1_34' title="bbox 408 3198 749 3269">
     <span class='ocr_line' id='line_1_34' title="bbox 408 3198 749 3269; baseline -0.009 -17"><span class='ocrx_word' id='word_1_225' title='bbox 408 3198 749 3269; x_wconf 82' lang='lat' dir='ltr'><strong>prodierunt.</strong></span> 
     </span>
    </p>
   </div>
   <div class='ocr_carea' id='block_1_35' title="bbox 551 3325 1841 3401">
    <p class='ocr_par' dir='ltr' id='par_1_35' title="bbox 551 3325 1841 3401">
     <span class='ocr_line' id='line_1_35' title="bbox 551 3325 1841 3401; baseline -0.005 -18"><span class='ocrx_word' id='word_1_226' title='bbox 551 3329 580 3401; x_wconf 83' lang='lat'>§</span> <span class='ocrx_word' id='word_1_227' title='bbox 612 3327 675 3385; x_wconf 85' lang='lat' dir='ltr'><strong>ll.</strong></span> <span class='ocrx_word' id='word_1_228' title='bbox 719 3329 796 3383; x_wconf 89' lang='lat' dir='ltr'><strong>De</strong></span> <span class='ocrx_word' id='word_1_229' title='bbox 823 3328 1145 3383; x_wconf 80' lang='lat' dir='ltr'><strong>editionibus</strong></span> <span class='ocrx_word' id='word_1_230' title='bbox 1171 3326 1391 3393; x_wconf 67' lang='lat' dir='ltr'><strong>Crazcis,</strong></span> <span class='ocrx_word' id='word_1_231' title='bbox 1423 3337 1471 3381; x_wconf 87' lang='lat' dir='ltr'><strong>et</strong></span> <span class='ocrx_word' id='word_1_232' title='bbox 1496 3325 1841 3381; x_wconf 83' lang='lat' dir='ltr'><strong>versionibus.</strong></span> 
     </span>
    </p>
   </div>
   <div class='ocr_carea' id='block_1_36' title="bbox 473 3426 1991 3509">
    <p class='ocr_par' dir='ltr' id='par_1_36' title="bbox 473 3426 1991 3509">
     <span class='ocr_line' id='line_1_36' title="bbox 473 3426 1991 3509; baseline -0.007 -17"><span class='ocrx_word' id='word_1_233' title='bbox 473 3438 807 3495; x_wconf 79' lang='lat' dir='ltr'><strong>Valentinus</strong></span> <span class='ocrx_word' id='word_1_234' title='bbox 877 3435 1100 3491; x_wconf 86' lang='lat' dir='ltr'><strong>Pacaeus</strong></span> <span class='ocrx_word' id='word_1_235' title='bbox 1169 3448 1315 3488; x_wconf 89' lang='lat' dir='ltr'><strong>anno</strong></span> <span class='ocrx_word' id='word_1_236' title='bbox 1386 3432 1525 3486; x_wconf 83' lang='grc'>1557</span> <span class='ocrx_word' id='word_1_237' title='bbox 1575 3431 1675 3485; x_wconf 92' lang='lat' dir='ltr'><strong>has</strong></span> <span class='ocrx_word' id='word_1_238' title='bbox 1727 3426 1991 3509; x_wconf 78' lang='lat' dir='ltr'><strong>epistolas</strong></span> 
     </span>
    </p>
   </div>
   <div class='ocr_carea' id='block_1_37' title="bbox 408 3520 1993 3599">
    <p class='ocr_par' dir='ltr' id='par_1_37' title="bbox 408 3520 1993 3599">
     <span class='ocr_line' id='line_1_37' title="bbox 408 3520 1993 3599; baseline -0.009 -10"><span class='ocrx_word' id='word_1_239' title='bbox 408 3533 595 3589; x_wconf 80' lang='lat' dir='ltr'><strong>Graece</strong></span> <span class='ocrx_word' id='word_1_240' title='bbox 622 3551 643 3585; x_wconf 74' lang='grc' dir='ltr'>ι</span> <span class='ocrx_word' id='word_1_241' title='bbox 678 3547 746 3587; x_wconf 83' lang='lat' dir='ltr'><strong>ex</strong></span> <span class='ocrx_word' id='word_1_242' title='bbox 790 3528 1181 3599; x_wconf 88' lang='lat' dir='ltr'><strong>antiquissimo</strong></span> <span class='ocrx_word' id='word_1_243' title='bbox 1211 3524 1541 3580; x_wconf 85' lang='lat' dir='ltr'><strong>Ferdinandi</strong></span> <span class='ocrx_word' id='word_1_244' title='bbox 1582 3522 1835 3594; x_wconf 81' lang='lat' dir='ltr'><strong>Augusti,</strong></span> <span class='ocrx_word' id='word_1_245' title='bbox 1877 3520 1993 3575; x_wconf 90' lang='lat' dir='ltr'><strong>sive</strong></span> 
     </span>
    </p>
   </div>
   <div class='ocr_carea' id='block_1_38' title="bbox 408 3610 1991 3696">
    <p class='ocr_par' dir='ltr' id='par_1_38' title="bbox 408 3610 1991 3696">
     <span class='ocr_line' id='line_1_38' title="bbox 408 3610 1991 3696; baseline -0.009 -16"><span class='ocrx_word' id='word_1_246' title='bbox 408 3626 741 3696; x_wconf 74' lang='lat' dir='ltr'><strong>Augustana:</strong></span> <span class='ocrx_word' id='word_1_247' title='bbox 789 3620 1143 3674; x_wconf 75' lang='lat' dir='ltr'><strong>Bibliotheca:</strong></span> <span class='ocrx_word' id='word_1_248' title='bbox 1186 3616 1396 3683; x_wconf 88' lang='lat' dir='ltr'><strong>codice,</strong></span> <span class='ocrx_word' id='word_1_249' title='bbox 1442 3634 1462 3667; x_wconf 71' lang='grc' dir='ltr'><strong>ι</strong></span> <span class='ocrx_word' id='word_1_250' title='bbox 1520 3615 1704 3669; x_wconf 91' lang='lat' dir='ltr'><strong>addita</strong></span> <span class='ocrx_word' id='word_1_251' title='bbox 1744 3610 1991 3667; x_wconf 90' lang='lat' dir='ltr'><strong>Perionii</strong></span> 
     </span>
    </p>
   </div>
   <div class='ocr_carea' id='block_1_39' title="bbox 406 3702 1993 3781">
    <p class='ocr_par' dir='ltr' id='par_1_39' title="bbox 406 3702 1993 3781">
     <span class='ocr_line' id='line_1_39' title="bbox 406 3702 1993 3781; baseline -0.009 -9"><span class='ocrx_word' id='word_1_252' title='bbox 406 3718 682 3781; x_wconf 75' lang='lat' dir='ltr'><strong>versione,</strong></span> <span class='ocrx_word' id='word_1_253' title='bbox 711 3712 895 3769; x_wconf 82' lang='lat' dir='ltr'><strong>edidit.</strong></span> <span class='ocrx_word' id='word_1_254' title='bbox 928 3711 987 3765; x_wconf 86' lang='lat' dir='ltr'><strong>In</strong></span> <span class='ocrx_word' id='word_1_255' title='bbox 1021 3711 1125 3764; x_wconf 84' lang='lat' dir='ltr'><strong>hac</strong></span> <span class='ocrx_word' id='word_1_256' title='bbox 1160 3717 1344 3763; x_wconf 90' lang='lat' dir='ltr'><strong>autem</strong></span> <span class='ocrx_word' id='word_1_257' title='bbox 1391 3706 1651 3773; x_wconf 91' lang='lat' dir='ltr'><strong>editione,</strong></span> <span class='ocrx_word' id='word_1_258' title='bbox 1683 3721 1849 3775; x_wconf 90' lang='lat' dir='ltr'><strong>quam</strong></span> <span class='ocrx_word' id='word_1_259' title='bbox 1883 3702 1993 3757; x_wconf 79' lang='lat' dir='ltr'><strong>Mo-</strong></span> 
     </span>
    </p>
   </div>
   <div class='ocr_carea' id='block_1_40' title="bbox 408 3797 1994 3865">
    <p class='ocr_par' dir='ltr' id='par_1_40' title="bbox 408 3797 1994 3865">
     <span class='ocr_line' id='line_1_40' title="bbox 408 3797 1994 3865; baseline -0.008 -2"><span class='ocrx_word' id='word_1_260' title='bbox 408 3810 577 3863; x_wconf 80' lang='lat' dir='ltr'><strong>rellus</strong></span> <span class='ocrx_word' id='word_1_261' title='bbox 601 3807 682 3861; x_wconf 91' lang='lat' dir='ltr'><strong>bis</strong></span> <span class='ocrx_word' id='word_1_262' title='bbox 710 3820 858 3859; x_wconf 91' lang='lat' dir='ltr'><strong>anno</strong></span> <span class='ocrx_word' id='word_1_263' title='bbox 891 3802 1030 3857; x_wconf 85' lang='grc'>1558</span> <span class='ocrx_word' id='word_1_264' title='bbox 1061 3809 1115 3855; x_wconf 89' lang='lat' dir='ltr'><strong>et</strong></span> <span class='ocrx_word' id='word_1_265' title='bbox 1144 3800 1282 3854; x_wconf 75' lang='grc'>1562</span> <span class='ocrx_word' id='word_1_266' title='bbox 1310 3800 1540 3865; x_wconf 91' lang='lat' dir='ltr'><strong>recudit,</strong></span> <span class='ocrx_word' id='word_1_267' title='bbox 1588 3813 1666 3852; x_wconf 70' lang='lat' dir='ltr'><strong>ea:</strong></span> <span class='ocrx_word' id='word_1_268' title='bbox 1697 3797 1872 3852; x_wconf 89' lang='lat' dir='ltr'><strong>solum</strong></span> <span class='ocrx_word' id='word_1_269' title='bbox 1896 3813 1994 3851; x_wconf 83' lang='lat' dir='ltr'><strong>cx-</strong></span> 
     </span>
    </p>
   </div>
   <div class='ocr_carea' id='block_1_41' title="bbox 410 3888 1993 3969">
    <p class='ocr_par' dir='ltr' id='par_1_41' title="bbox 410 3888 1993 3969">
     <span class='ocr_line' id='line_1_41' title="bbox 410 3888 1993 3969; baseline -0.009 -9"><span class='ocrx_word' id='word_1_270' title='bbox 410 3911 560 3960; x_wconf 87' lang='lat' dir='ltr'><strong>staut</strong></span> <span class='ocrx_word' id='word_1_271' title='bbox 607 3897 871 3969; x_wconf 81' lang='lat' dir='ltr'><strong>epistolae,</strong></span> <span class='ocrx_word' id='word_1_272' title='bbox 914 3909 1052 3963; x_wconf 91' lang='lat' dir='ltr'><strong>quas</strong></span> <span class='ocrx_word' id='word_1_273' title='bbox 1092 3892 1287 3959; x_wconf 87' lang='lat' dir='ltr'><strong>Faber,</strong></span> <span class='ocrx_word' id='word_1_274' title='bbox 1350 3893 1428 3947; x_wconf 91' lang='lat' dir='ltr'><strong>uti</strong></span> <span class='ocrx_word' id='word_1_275' title='bbox 1477 3891 1741 3955; x_wconf 78' lang='lat' dir='ltr'><strong>diximus,</strong></span> <span class='ocrx_word' id='word_1_276' title='bbox 1799 3888 1993 3945; x_wconf 90' lang='lat' dir='ltr'><strong>Latine</strong></span> 
     </span>
    </p>
   </div>
   <div class='ocr_carea' id='block_1_42' title="bbox 411 3984 1991 4064">
    <p class='ocr_par' dir='ltr' id='par_1_42' title="bbox 411 3984 1991 4064">
     <span class='ocr_line' id='line_1_42' title="bbox 411 3984 1991 4064; baseline -0.009 -12"><span class='ocrx_word' id='word_1_277' title='bbox 411 3995 805 4064; x_wconf 85' lang='lat' dir='ltr'><strong>di-vulgaverat.</strong></span> <span class='ocrx_word' id='word_1_278' title='bbox 836 3988 1039 4043; x_wconf 86' lang='lat' dir='ltr'><strong>Dehinc</strong></span> <span class='ocrx_word' id='word_1_279' title='bbox 1079 3987 1330 4043; x_wconf 87' lang='lat' dir='ltr'><strong>Andreas</strong></span> <span class='ocrx_word' id='word_1_280' title='bbox 1372 3986 1648 4043; x_wconf 87' lang='lat' dir='ltr'><strong>Gesnerus</strong></span> <span class='ocrx_word' id='word_1_281' title='bbox 1682 3984 1899 4039; x_wconf 89' lang='lat' dir='ltr'><strong>easdem</strong></span> <span class='ocrx_word' id='word_1_282' title='bbox 1926 3998 1991 4037; x_wconf 86' lang='lat' dir='ltr'><strong>ex</strong></span> 
     </span>
    </p>
   </div>
   <div class='ocr_carea' id='block_1_43' title="bbox 412 4074 1988 4153">
    <p class='ocr_par' dir='ltr' id='par_1_43' title="bbox 412 4074 1988 4153">
     <span class='ocr_line' id='line_1_43' title="bbox 412 4074 1988 4153; baseline -0.009 -11"><span class='ocrx_word' id='word_1_283' title='bbox 412 4085 789 4153; x_wconf 85' lang='lat' dir='ltr'><strong>manuscripto</strong></span> <span class='ocrx_word' id='word_1_284' title='bbox 819 4080 1169 4136; x_wconf 55' lang='lat' dir='ltr'><strong>Bibliotheca;</strong></span> <span class='ocrx_word' id='word_1_285' title='bbox 1217 4079 1280 4134; x_wconf 87' lang='grc' dir='ltr'><strong>υ.</strong></span> <span class='ocrx_word' id='word_1_286' title='bbox 1327 4078 1560 4148; x_wconf 85' lang='lat' dir='ltr'><strong>Gaspari</strong></span> <span class='ocrx_word' id='word_1_287' title='bbox 1590 4093 1618 4131; x_wconf 89' lang='lat' dir='ltr'><strong>a</strong></span> <span class='ocrx_word' id='word_1_288' title='bbox 1657 4074 1988 4146; x_wconf 79' lang='lat' dir='ltr'><strong>Nydphrych</strong></span> 
     </span>
    </p>
   </div>
   <div class='ocr_carea' id='block_1_44' title="bbox 416 4168 1993 4244">
    <p class='ocr_par' dir='ltr' id='par_1_44' title="bbox 416 4168 1993 4244">
     <span class='ocr_line' id='line_1_44' title="bbox 416 4168 1993 4244; baseline -0.006 -11"><span class='ocrx_word' id='word_1_289' title='bbox 416 4180 612 4233; x_wconf 78' lang='lat' dir='ltr'><strong>iterum</strong></span> <span class='ocrx_word' id='word_1_290' title='bbox 648 4175 852 4241; x_wconf 72' lang='lat' dir='ltr'><strong>Grazce,</strong></span> <span class='ocrx_word' id='word_1_291' title='bbox 899 4181 1063 4244; x_wconf 89' lang='lat' dir='ltr'><strong>atque</strong></span> <span class='ocrx_word' id='word_1_292' title='bbox 1116 4173 1284 4228; x_wconf 90' lang='lat' dir='ltr'><strong>etiam</strong></span> <span class='ocrx_word' id='word_1_293' title='bbox 1340 4171 1567 4233; x_wconf 84' lang='lat' dir='ltr'><strong>Latine,</strong></span> <span class='ocrx_word' id='word_1_294' title='bbox 1627 4186 1647 4221; x_wconf 86' lang='grc'><strong>‹</strong></span> <span class='ocrx_word' id='word_1_295' title='bbox 1700 4168 1993 4237; x_wconf 84' lang='lat' dir='ltr'><strong>interprete</strong></span> 
     </span>
    </p>
   </div>
   <div class='ocr_carea' id='block_1_45' title="bbox 413 4259 1990 4336">
    <p class='ocr_par' dir='ltr' id='par_1_45' title="bbox 413 4259 1990 4336">
     <span class='ocr_line' id='line_1_45' title="bbox 413 4259 1990 4336; baseline -0.006 -13"><span class='ocrx_word' id='word_1_296' title='bbox 413 4268 624 4324; x_wconf 87' lang='lat' dir='ltr'><strong>Joanne</strong></span> <span class='ocrx_word' id='word_1_297' title='bbox 651 4267 917 4322; x_wconf 86' lang='lat' dir='ltr'><strong>Brumero</strong></span> <span class='ocrx_word' id='word_1_298' title='bbox 940 4265 1257 4336; x_wconf 87' lang='lat' dir='ltr'><strong>publicavit.</strong></span> <span class='ocrx_word' id='word_1_299' title='bbox 1301 4282 1321 4316; x_wconf 74' lang='grc' dir='ltr'><strong><em>ι</em></strong></span> <span class='ocrx_word' id='word_1_300' title='bbox 1359 4261 1738 4316; x_wconf 88' lang='lat' dir='ltr'><strong>Arbitrabatur</strong></span> <span class='ocrx_word' id='word_1_301' title='bbox 1771 4259 1990 4329; x_wconf 80' lang='lat' dir='ltr'><strong>quidem</strong></span> 
     </span>
    </p>
   </div>
   <div class='ocr_carea' id='block_1_46' title="bbox 414 4353 1993 4433">
    <p class='ocr_par' dir='ltr' id='par_1_46' title="bbox 414 4353 1993 4433">
     <span class='ocr_line' id='line_1_46' title="bbox 414 4353 1993 4433; baseline -0.006 -15"><span class='ocrx_word' id='word_1_302' title='bbox 414 4378 474 4418; x_wconf 91' lang='lat' dir='ltr'><strong>se</strong></span> <span class='ocrx_word' id='word_1_303' title='bbox 504 4362 740 4433; x_wconf 91' lang='lat' dir='ltr'><strong>primum</strong></span> <span class='ocrx_word' id='word_1_304' title='bbox 784 4360 906 4416; x_wconf 90' lang='lat' dir='ltr'><strong>illas</strong></span> <span class='ocrx_word' id='word_1_305' title='bbox 932 4360 1132 4431; x_wconf 91' lang='lat' dir='ltr'><strong>publici</strong></span> <span class='ocrx_word' id='word_1_306' title='bbox 1161 4358 1357 4414; x_wconf 84' lang='lat' dir='ltr'><strong>fecisse</strong></span> <span class='ocrx_word' id='word_1_307' title='bbox 1382 4356 1556 4427; x_wconf 85' lang='lat' dir='ltr'><strong>juris;</strong></span> <span class='ocrx_word' id='word_1_308' title='bbox 1591 4355 1687 4409; x_wconf 85' lang='lat' dir='ltr'><strong>sed</strong></span> <span class='ocrx_word' id='word_1_309' title='bbox 1732 4353 1835 4423; x_wconf 88' lang='lat' dir='ltr'><strong>ipsi</strong></span> <span class='ocrx_word' id='word_1_310' title='bbox 1867 4370 1993 4424; x_wconf 86' lang='lat' dir='ltr'><strong>pro-</strong></span> 
     </span>
    </p>
   </div>
   <div class='ocr_carea' id='block_1_47' title="bbox 412 4433 1989 4520">
    <p class='ocr_par' dir='ltr' id='par_1_47' title="bbox 412 4433 1989 4520">
     <span class='ocr_line' id='line_1_47' title="bbox 412 4433 1989 4520; baseline -0.006 -10"><span class='ocrx_word' id='word_1_311' title='bbox 412 4457 503 4510; x_wconf 92' lang='lat' dir='ltr'><strong>cul</strong></span> <span class='ocrx_word' id='word_1_312' title='bbox 553 4456 721 4511; x_wconf 92' lang='lat' dir='ltr'><strong>dubio</strong></span> <span class='ocrx_word' id='word_1_313' title='bbox 773 4455 941 4512; x_wconf 89' lang='lat' dir='ltr'><strong>editio</strong></span> <span class='ocrx_word' id='word_1_314' title='bbox 995 4453 1171 4508; x_wconf 70' lang='lat' dir='ltr'><strong>Pacaei</strong></span> <span class='ocrx_word' id='word_1_315' title='bbox 1232 4433 1511 4520; x_wconf 74' lang='lat' dir='ltr'><strong>incognita</strong></span> <span class='ocrx_word' id='word_1_316' title='bbox 1562 4462 1687 4502; x_wconf 91' lang='lat' dir='ltr'><strong>esse</strong></span> <span class='ocrx_word' id='word_1_317' title='bbox 1739 4446 1989 4501; x_wconf 90' lang='lat' dir='ltr'><strong>debebat.</strong></span> 
     </span>
    </p>
   </div>
   <div class='ocr_carea' id='block_1_48' title="bbox 414 4537 1992 4610">
    <p class='ocr_par' dir='ltr' id='par_1_48' title="bbox 414 4537 1992 4610">
     <span class='ocr_line' id='line_1_48' title="bbox 414 4537 1992 4610; baseline -0.006 -8"><span class='ocrx_word' id='word_1_318' title='bbox 414 4548 627 4604; x_wconf 81' lang='lat' dir='ltr'><strong>Rursus</strong></span> <span class='ocrx_word' id='word_1_319' title='bbox 680 4562 812 4603; x_wconf 81' lang='lat' dir='ltr'><strong>vero</strong></span> <span class='ocrx_word' id='word_1_320' title='bbox 887 4560 1032 4600; x_wconf 91' lang='lat' dir='ltr'><strong>anno</strong></span> <span class='ocrx_word' id='word_1_321' title='bbox 1082 4541 1220 4598; x_wconf 83' lang='grc'>1566</span> <span class='ocrx_word' id='word_1_322' title='bbox 1274 4540 1639 4610; x_wconf 81' lang='lat' dir='ltr'><strong>Hieronymus</strong></span> <span class='ocrx_word' id='word_1_323' title='bbox 1684 4537 1992 4593; x_wconf 87' lang='lat' dir='ltr'><strong>Vairnelius</strong></span> 
     </span>
    </p>
   </div>
   <div class='ocr_carea' id='block_1_49' title="bbox 416 4627 1991 4711">
    <p class='ocr_par' dir='ltr' id='par_1_49' title="bbox 416 4627 1991 4711">
     <span class='ocr_line' id='line_1_49' title="bbox 416 4627 1991 4711; baseline -0.009 -17"><span class='ocrx_word' id='word_1_324' title='bbox 416 4640 634 4711; x_wconf 80' lang='lat' dir='ltr'><strong>Sylvius</strong></span> <span class='ocrx_word' id='word_1_325' title='bbox 662 4638 883 4695; x_wconf 87' lang='lat' dir='ltr'><strong>easdem</strong></span> <span class='ocrx_word' id='word_1_326' title='bbox 922 4635 1212 4707; x_wconf 86' lang='lat' dir='ltr'><strong>epistolas,</strong></span> <span class='ocrx_word' id='word_1_327' title='bbox 1260 4630 1328 4685; x_wconf 89' lang='lat' dir='ltr'><strong>ad</strong></span> <span class='ocrx_word' id='word_1_328' title='bbox 1373 4630 1642 4701; x_wconf 88' lang='lat' dir='ltr'><strong>quosdam</strong></span> <span class='ocrx_word' id='word_1_329' title='bbox 1682 4627 1991 4683; x_wconf 89' lang='lat' dir='ltr'><strong>manuscri-</strong></span> 
     </span>
    </p>
   </div>
   <div class='ocr_carea' id='block_1_50' title="bbox 413 4716 1987 4802">
    <p class='ocr_par' dir='ltr' id='par_1_50' title="bbox 413 4716 1987 4802">
     <span class='ocr_line' id='line_1_50' title="bbox 413 4716 1987 4802; baseline -0.01 -15"><span class='ocrx_word' id='word_1_330' title='bbox 413 4743 537 4802; x_wconf 93' lang='lat' dir='ltr'><strong>ptos</strong></span> <span class='ocrx_word' id='word_1_331' title='bbox 589 4730 807 4785; x_wconf 90' lang='lat' dir='ltr'><strong>codices</strong></span> <span class='ocrx_word' id='word_1_332' title='bbox 857 4725 1196 4785; x_wconf 88' lang='lat' dir='ltr'><strong>emendatas,</strong></span> <span class='ocrx_word' id='word_1_333' title='bbox 1241 4735 1383 4776; x_wconf 88' lang='lat' dir='ltr'><strong>nova</strong></span> <span class='ocrx_word' id='word_1_334' title='bbox 1436 4720 1691 4775; x_wconf 89' lang='lat' dir='ltr'><strong>versione</strong></span> <span class='ocrx_word' id='word_1_335' title='bbox 1733 4716 1987 4782; x_wconf 91' lang='lat' dir='ltr'><strong>donatas,</strong></span> 
     </span>
    </p>
   </div>
   <div class='ocr_carea' id='block_1_51' title="bbox 415 4809 1992 4896">
    <p class='ocr_par' dir='ltr' id='par_1_51' title="bbox 415 4809 1992 4896">
     <span class='ocr_line' id='line_1_51' title="bbox 415 4809 1992 4896; baseline -0.011 -17"><span class='ocrx_word' id='word_1_336' title='bbox 415 4825 770 4896; x_wconf 85' lang='lat' dir='ltr'><strong>pluribusque</strong></span> <span class='ocrx_word' id='word_1_337' title='bbox 815 4816 1291 4874; x_wconf 89' lang='lat' dir='ltr'><strong>observationibus</strong></span> <span class='ocrx_word' id='word_1_338' title='bbox 1334 4821 1559 4879; x_wconf 91' lang='lat' dir='ltr'><strong>auctas,</strong></span> <span class='ocrx_word' id='word_1_339' title='bbox 1616 4809 1773 4866; x_wconf 87' lang='lat' dir='ltr'><strong>novis</strong></span> <span class='ocrx_word' id='word_1_340' title='bbox 1823 4809 1992 4865; x_wconf 89' lang='lat' dir='ltr'><strong>edidit</strong></span> 
     </span>
    </p>
   </div>
   <div class='ocr_carea' id='block_1_52' title="bbox 413 4898 1992 4983">
    <p class='ocr_par' dir='ltr' id='par_1_52' title="bbox 413 4898 1992 4983">
     <span class='ocr_line' id='line_1_52' title="bbox 413 4898 1992 4983; baseline -0.013 -11"><span class='ocrx_word' id='word_1_341' title='bbox 413 4913 648 4973; x_wconf 84' lang='lat' dir='ltr'><strong>Plautini</strong></span> <span class='ocrx_word' id='word_1_342' title='bbox 706 4910 869 4983; x_wconf 86' lang='lat' dir='ltr'><strong>typis.</strong></span> <span class='ocrx_word' id='word_1_343' title='bbox 932 4909 1090 4962; x_wconf 92' lang='lat' dir='ltr'><strong>Anno</strong></span> <span class='ocrx_word' id='word_1_344' title='bbox 1150 4914 1331 4960; x_wconf 90' lang='lat' dir='ltr'><strong>autem</strong></span> <span class='ocrx_word' id='word_1_345' title='bbox 1374 4901 1512 4956; x_wconf 80' lang='grc'>1608</span> <span class='ocrx_word' id='word_1_346' title='bbox 1559 4901 1824 4956; x_wconf 86' lang='lat' dir='ltr'><strong>Martialis</strong></span> <span class='ocrx_word' id='word_1_347' title='bbox 1866 4898 1992 4953; x_wconf 69' lang='lat' dir='ltr'><strong>Maa-</strong></span> 
     </span>
    </p>
   </div>
   <div class='ocr_carea' id='block_1_53' title="bbox 416 4990 1988 5067">
    <p class='ocr_par' dir='ltr' id='par_1_53' title="bbox 416 4990 1988 5067">
     <span class='ocr_line' id='line_1_53' title="bbox 416 4990 1988 5067; baseline -0.01 -7"><span class='ocrx_word' id='word_1_348' title='bbox 416 5015 611 5061; x_wconf 74' lang='lat' dir='ltr'><strong>strzeus</strong></span> <span class='ocrx_word' id='word_1_349' title='bbox 654 5002 800 5067; x_wconf 89' lang='lat' dir='ltr'><strong>illas,</strong></span> <span class='ocrx_word' id='word_1_350' title='bbox 855 4998 1015 5054; x_wconf 90' lang='lat' dir='ltr'><strong>novis</strong></span> <span class='ocrx_word' id='word_1_351' title='bbox 1062 4994 1390 5066; x_wconf 89' lang='lat' dir='ltr'><strong>quibusdam</strong></span> <span class='ocrx_word' id='word_1_352' title='bbox 1429 4992 1574 5047; x_wconf 90' lang='lat' dir='ltr'><strong>notis</strong></span> <span class='ocrx_word' id='word_1_353' title='bbox 1604 4990 1988 5060; x_wconf 85' lang='lat' dir='ltr'><strong>superadditis,</strong></span> 
     </span>
    </p>
   </div>
   <div class='ocr_carea' id='block_1_54' title="bbox 415 5083 1992 5162">
    <p class='ocr_par' dir='ltr' id='par_1_54' title="bbox 415 5083 1992 5162">
     <span class='ocr_line' id='line_1_54' title="bbox 415 5083 1992 5162; baseline -0.011 -10"><span class='ocrx_word' id='word_1_354' title='bbox 415 5099 610 5152; x_wconf 88' lang='lat' dir='ltr'><strong>iterum</strong></span> <span class='ocrx_word' id='word_1_355' title='bbox 642 5095 696 5150; x_wconf 94' lang='lat' dir='ltr'><strong>in</strong></span> <span class='ocrx_word' id='word_1_356' title='bbox 726 5093 922 5162; x_wconf 82' lang='lat' dir='ltr'><strong>vulgus</strong></span> <span class='ocrx_word' id='word_1_357' title='bbox 976 5088 1225 5159; x_wconf 84' lang='lat' dir='ltr'><strong>protulit.</strong></span> <span class='ocrx_word' id='word_1_358' title='bbox 1279 5085 1527 5140; x_wconf 67' lang='lat' dir='ltr'><strong>Posthtec</strong></span> <span class='ocrx_word' id='word_1_359' title='bbox 1570 5083 1801 5139; x_wconf 66' lang='lat' dir='ltr'><strong>Genevaa</strong></span> <span class='ocrx_word' id='word_1_360' title='bbox 1847 5095 1992 5135; x_wconf 89' lang='lat' dir='ltr'><strong>anno</strong></span> 
     </span>
    </p>
   </div>
   <div class='ocr_carea' id='block_1_55' title="bbox 421 5173 1995 5247">
    <p class='ocr_par' dir='ltr' id='par_1_55' title="bbox 421 5173 1995 5247">
     <span class='ocr_line' id='line_1_55' title="bbox 421 5173 1995 5247; baseline -0.011 -4"><span class='ocrx_word' id='word_1_361' title='bbox 421 5189 557 5244; x_wconf 71' lang='lat'><strong>1623</strong></span> <span class='ocrx_word' id='word_1_362' title='bbox 619 5185 879 5241; x_wconf 85' lang='lat' dir='ltr'><strong>Nicolaus</strong></span> <span class='ocrx_word' id='word_1_363' title='bbox 922 5181 1180 5236; x_wconf 85' lang='lat' dir='ltr'><strong>Vedelius</strong></span> <span class='ocrx_word' id='word_1_364' title='bbox 1242 5176 1549 5233; x_wconf 64' lang='lat' dir='ltr'><strong>Academiae</strong></span> <span class='ocrx_word' id='word_1_365' title='bbox 1594 5173 1897 5247; x_wconf 79' lang='lat' dir='ltr'><strong>professor,</strong></span> <span class='ocrx_word' id='word_1_366' title='bbox 1938 5179 1995 5226; x_wconf 85' lang='lat' dir='ltr'><strong>et</strong></span> 
     </span>
    </p>
   </div>
   <div class='ocr_carea' id='block_1_56' title="bbox 415 5264 1989 5338">
    <p class='ocr_par' dir='ltr' id='par_1_56' title="bbox 415 5264 1989 5338">
     <span class='ocr_line' id='line_1_56' title="bbox 415 5264 1989 5338; baseline -0.011 -1"><span class='ocrx_word' id='word_1_367' title='bbox 415 5280 751 5337; x_wconf 80' lang='lat' dir='ltr'><strong>Calviuianae</strong></span> <span class='ocrx_word' id='word_1_368' title='bbox 819 5285 983 5332; x_wconf 63' lang='lat' dir='ltr'><strong>secta:</strong></span> <span class='ocrx_word' id='word_1_369' title='bbox 1026 5274 1304 5338; x_wconf 90' lang='lat' dir='ltr'><strong>minister,</strong></span> <span class='ocrx_word' id='word_1_370' title='bbox 1364 5272 1627 5338; x_wconf 78' lang='lat' dir='ltr'><strong>castigata</strong></span> <span class='ocrx_word' id='word_1_371' title='bbox 1679 5276 1804 5338; x_wconf 86' lang='lat' dir='ltr'><strong>post</strong></span> <span class='ocrx_word' id='word_1_372' title='bbox 1859 5264 1989 5320; x_wconf 75' lang='lat' dir='ltr'><strong>Mae-</strong></span> 
     </span>
    </p>
   </div>
   <div class='ocr_carea' id='block_1_57' title="bbox 2090 2083 3665 2154">
    <p class='ocr_par' dir='ltr' id='par_1_57' title="bbox 2090 2083 3665 2154">
     <span class='ocr_line' id='line_1_57' title="bbox 2090 2083 3665 2154; baseline -0.002 -15"><span class='ocrx_word' id='word_1_373' title='bbox 2090 2085 2324 2139; x_wconf 88' lang='lat' dir='ltr'><strong>alterum</strong></span> <span class='ocrx_word' id='word_1_374' title='bbox 2368 2084 2421 2138; x_wconf 93' lang='lat' dir='ltr'><strong>in</strong></span> <span class='ocrx_word' id='word_1_375' title='bbox 2452 2084 2666 2154; x_wconf 87' lang='lat' dir='ltr'><strong>privata</strong></span> <span class='ocrx_word' id='word_1_376' title='bbox 2703 2083 2766 2138; x_wconf 92' lang='lat' dir='ltr'><strong>D.</strong></span> <span class='ocrx_word' id='word_1_377' title='bbox 2808 2084 3066 2139; x_wconf 85' lang='lat' dir='ltr'><strong>Richardi</strong></span> <span class='ocrx_word' id='word_1_378' title='bbox 3101 2084 3425 2139; x_wconf 82' lang='lat' dir='ltr'><strong>Montacutii</strong></span> <span class='ocrx_word' id='word_1_379' title='bbox 3462 2083 3665 2139; x_wconf 80' lang='lat' dir='ltr'><strong>Norwi-</strong></span> 
     </span>
    </p>
   </div>
   <div class='ocr_carea' id='block_1_58' title="bbox 2083 2177 3667 2248">
    <p class='ocr_par' dir='ltr' id='par_1_58' title="bbox 2083 2177 3667 2248">
     <span class='ocr_line' id='line_1_58' title="bbox 2083 2177 3667 2248; baseline -0.001 -17"><span class='ocrx_word' id='word_1_380' title='bbox 2083 2179 2265 2232; x_wconf 77' lang='lat' dir='ltr'><strong>censis</strong></span> <span class='ocrx_word' id='word_1_381' title='bbox 2289 2193 2461 2247; x_wconf 90' lang='lat' dir='ltr'><strong>nuper</strong></span> <span class='ocrx_word' id='word_1_382' title='bbox 2503 2178 2745 2248; x_wconf 91' lang='lat' dir='ltr'><strong>episcopi</strong></span> <span class='ocrx_word' id='word_1_383' title='bbox 2793 2178 3123 2232; x_wconf 90' lang='lat' dir='ltr'><strong>bibliotheca</strong></span> <span class='ocrx_word' id='word_1_384' title='bbox 3173 2180 3507 2247; x_wconf 90' lang='lat' dir='ltr'><strong>repositum.</strong></span> <span class='ocrx_word' id='word_1_385' title='bbox 3560 2177 3667 2230; x_wconf 86' lang='lat' dir='ltr'><strong>Duo</strong></span> 
     </span>
    </p>
   </div>
   <div class='ocr_carea' id='block_1_59' title="bbox 2085 2270 3667 2342">
    <p class='ocr_par' dir='ltr' id='par_1_59' title="bbox 2085 2270 3667 2342">
     <span class='ocr_line' id='line_1_59' title="bbox 2085 2270 3667 2342; baseline -0.001 -15"><span class='ocrx_word' id='word_1_386' title='bbox 2085 2283 2267 2327; x_wconf 89' lang='lat' dir='ltr'><strong>autem</strong></span> <span class='ocrx_word' id='word_1_387' title='bbox 2300 2271 2671 2341; x_wconf 89' lang='lat' dir='ltr'><strong>antiquissimi</strong></span> <span class='ocrx_word' id='word_1_388' title='bbox 2702 2270 2776 2324; x_wconf 93' lang='lat' dir='ltr'><strong>illi</strong></span> <span class='ocrx_word' id='word_1_389' title='bbox 2819 2271 3179 2341; x_wconf 91' lang='lat' dir='ltr'><strong>epistolarum</strong></span> <span class='ocrx_word' id='word_1_390' title='bbox 3226 2270 3426 2342; x_wconf 85' lang='lat' dir='ltr'><strong>lgnatii</strong></span> <span class='ocrx_word' id='word_1_391' title='bbox 3458 2273 3667 2326; x_wconf 84' lang='lat' dir='ltr'><strong>codices</strong></span> 
     </span>
    </p>
   </div>
   <div class='ocr_carea' id='block_1_60' title="bbox 2088 2363 3670 2435">
    <p class='ocr_par' dir='ltr' id='par_1_60' title="bbox 2088 2363 3670 2435">
     <span class='ocr_line' id='line_1_60' title="bbox 2088 2363 3670 2435; baseline 0.001 -17"><span class='ocrx_word' id='word_1_392' title='bbox 2088 2365 2343 2419; x_wconf 90' lang='lat' dir='ltr'><strong>Latinam</strong></span> <span class='ocrx_word' id='word_1_393' title='bbox 2366 2405 2381 2429; x_wconf 92' lang='lat'><strong>,</strong></span> <span class='ocrx_word' id='word_1_394' title='bbox 2415 2380 2526 2434; x_wconf 93' lang='lat' dir='ltr'><strong>qua</strong></span> <span class='ocrx_word' id='word_1_395' title='bbox 2557 2363 2830 2435; x_wconf 85' lang='lat' dir='ltr'><strong>genuinus</strong></span> <span class='ocrx_word' id='word_1_396' title='bbox 2867 2380 3057 2418; x_wconf 84' lang='lat' dir='ltr'><strong>earum</strong></span> <span class='ocrx_word' id='word_1_397' title='bbox 3085 2372 3267 2418; x_wconf 84' lang='lat' dir='ltr'><strong>textus</strong></span> <span class='ocrx_word' id='word_1_398' title='bbox 3300 2365 3515 2434; x_wconf 90' lang='lat' dir='ltr'><strong>absque</strong></span> <span class='ocrx_word' id='word_1_399' title='bbox 3551 2366 3670 2419; x_wconf 88' lang='lat' dir='ltr'><strong>ullis</strong></span> 
     </span>
    </p>
   </div>
   <div class='ocr_carea' id='block_1_61' title="bbox 2088 2456 3668 2528">
    <p class='ocr_par' dir='ltr' id='par_1_61' title="bbox 2088 2456 3668 2528">
     <span class='ocr_line' id='line_1_61' title="bbox 2088 2456 3668 2528; baseline -0.003 -14"><span class='ocrx_word' id='word_1_400' title='bbox 2088 2456 2611 2528; x_wconf 83' lang='lat' dir='ltr'><strong>interpolatiouibus</strong></span> <span class='ocrx_word' id='word_1_401' title='bbox 2660 2457 2741 2512; x_wconf 86' lang='lat' dir='ltr'><strong>vel</strong></span> <span class='ocrx_word' id='word_1_402' title='bbox 2789 2456 3197 2511; x_wconf 70' lang='lat' dir='ltr'><strong>additamentis</strong></span> <span class='ocrx_word' id='word_1_403' title='bbox 3224 2457 3512 2522; x_wconf 87' lang='lat' dir='ltr'><strong>redditur,</strong></span> <span class='ocrx_word' id='word_1_404' title='bbox 3549 2474 3668 2509; x_wconf 77' lang='lat' dir='ltr'><strong>ver-</strong></span> 
     </span>
    </p>
   </div>
   <div class='ocr_carea' id='block_1_62' title="bbox 2087 2548 3667 2620">
    <p class='ocr_par' dir='ltr' id='par_1_62' title="bbox 2087 2548 3667 2620">
     <span class='ocr_line' id='line_1_62' title="bbox 2087 2548 3667 2620; baseline -0.001 -14"><span class='ocrx_word' id='word_1_405' title='bbox 2087 2551 2301 2606; x_wconf 90' lang='lat' dir='ltr'><strong>sionem</strong></span> <span class='ocrx_word' id='word_1_406' title='bbox 2329 2558 2741 2620; x_wconf 68' lang='lat' dir='ltr'><strong>repraesentant.</strong></span> <span class='ocrx_word' id='word_1_407' title='bbox 2776 2550 2853 2604; x_wconf 88' lang='lat' dir='ltr'><strong>Ex</strong></span> <span class='ocrx_word' id='word_1_408' title='bbox 2884 2548 2971 2606; x_wconf 87' lang='lat' dir='ltr'><strong>his</strong></span> <span class='ocrx_word' id='word_1_409' title='bbox 3009 2548 3194 2620; x_wconf 69' lang='lat' dir='ltr'><strong>itaque</strong></span> <span class='ocrx_word' id='word_1_410' title='bbox 3225 2548 3450 2603; x_wconf 87' lang='lat' dir='ltr'><strong>duobus</strong></span> <span class='ocrx_word' id='word_1_411' title='bbox 3480 2550 3667 2614; x_wconf 86' lang='lat' dir='ltr'><strong>libris,</strong></span> 
     </span>
    </p>
   </div>
   <div class='ocr_carea' id='block_1_63' title="bbox 2088 2643 3669 2712">
    <p class='ocr_par' dir='ltr' id='par_1_63' title="bbox 2088 2643 3669 2712">
     <span class='ocr_line' id='line_1_63' title="bbox 2088 2643 3669 2712; baseline 0 -16"><span class='ocrx_word' id='word_1_412' title='bbox 2088 2651 2251 2712; x_wconf 86' lang='lat' dir='ltr'><strong>atque</strong></span> <span class='ocrx_word' id='word_1_413' title='bbox 2274 2643 2399 2697; x_wconf 91' lang='lat' dir='ltr'><strong>aliis</strong></span> <span class='ocrx_word' id='word_1_414' title='bbox 2428 2643 2607 2698; x_wconf 89' lang='lat' dir='ltr'><strong>tribus</strong></span> <span class='ocrx_word' id='word_1_415' title='bbox 2630 2658 2796 2712; x_wconf 91' lang='lat' dir='ltr'><strong>supra</strong></span> <span class='ocrx_word' id='word_1_416' title='bbox 2827 2643 3170 2710; x_wconf 89' lang='lat' dir='ltr'><strong>memoratis,</strong></span> <span class='ocrx_word' id='word_1_417' title='bbox 3188 2659 3393 2697; x_wconf 89' lang='lat' dir='ltr'><strong>novam</strong></span> <span class='ocrx_word' id='word_1_418' title='bbox 3425 2643 3669 2697; x_wconf 78' lang='lat' dir='ltr'><strong>oninium</strong></span> 
     </span>
    </p>
   </div>
   <div class='ocr_carea' id='block_1_64' title="bbox 2088 2733 3671 2805">
    <p class='ocr_par' dir='ltr' id='par_1_64' title="bbox 2088 2733 3671 2805">
     <span class='ocr_line' id='line_1_64' title="bbox 2088 2733 3671 2805; baseline -0.001 -16"><span class='ocrx_word' id='word_1_419' title='bbox 2088 2733 2495 2803; x_wconf 89' lang='lat' dir='ltr'><strong>lgnatianarum</strong></span> <span class='ocrx_word' id='word_1_420' title='bbox 2555 2733 2908 2803; x_wconf 87' lang='lat' dir='ltr'><strong>epistolarum</strong></span> <span class='ocrx_word' id='word_1_421' title='bbox 2962 2735 3295 2801; x_wconf 87' lang='lat' dir='ltr'><strong>editionem,</strong></span> <span class='ocrx_word' id='word_1_422' title='bbox 3339 2737 3564 2805; x_wconf 66' lang='lat' dir='ltr'><strong>praeﬁxa</strong></span> <span class='ocrx_word' id='word_1_423' title='bbox 3606 2736 3671 2788; x_wconf 91' lang='lat' dir='ltr'><strong>iis</strong></span> 
     </span>
    </p>
   </div>
   <div class='ocr_carea' id='block_1_65' title="bbox 2088 2826 3671 2898">
    <p class='ocr_par' dir='ltr' id='par_1_65' title="bbox 2088 2826 3671 2898">
     <span class='ocr_line' id='line_1_65' title="bbox 2088 2826 3671 2898; baseline 0 -17"><span class='ocrx_word' id='word_1_424' title='bbox 2088 2826 2372 2897; x_wconf 82' lang='lat' dir='ltr'><strong>Polycarpi</strong></span> <span class='ocrx_word' id='word_1_425' title='bbox 2405 2827 2471 2882; x_wconf 87' lang='lat' dir='ltr'><strong>ad</strong></span> <span class='ocrx_word' id='word_1_426' title='bbox 2490 2826 2873 2898; x_wconf 88' lang='lat' dir='ltr'><strong>Philippenses</strong></span> <span class='ocrx_word' id='word_1_427' title='bbox 2901 2828 3155 2898; x_wconf 85' lang='lat' dir='ltr'><strong>epistola,</strong></span> <span class='ocrx_word' id='word_1_428' title='bbox 3187 2829 3270 2884; x_wconf 89' lang='lat' dir='ltr'><strong>sic</strong></span> <span class='ocrx_word' id='word_1_429' title='bbox 3292 2830 3671 2884; x_wconf 75' lang='lat' dir='ltr'><strong>adornandum</strong></span> 
     </span>
    </p>
   </div>
   <div class='ocr_carea' id='block_1_66' title="bbox 2089 2922 3670 2996">
    <p class='ocr_par' dir='ltr' id='par_1_66' title="bbox 2089 2922 3670 2996">
     <span class='ocr_line' id='line_1_66' title="bbox 2089 2922 3670 2996; baseline -0.003 -13"><span class='ocrx_word' id='word_1_430' title='bbox 2089 2927 2351 2996; x_wconf 82' lang='lat' dir='ltr'><strong>suscepit.</strong></span> <span class='ocrx_word' id='word_1_431' title='bbox 2383 2923 2629 2979; x_wconf 91' lang='lat' dir='ltr'><strong>Primum</strong></span> <span class='ocrx_word' id='word_1_432' title='bbox 2664 2924 2917 2995; x_wconf 81' lang='lat' dir='ltr'><strong>genuinis</strong></span> <span class='ocrx_word' id='word_1_433' title='bbox 2968 2922 3163 2993; x_wconf 75' lang='lat' dir='ltr'><strong>lgnatii</strong></span> <span class='ocrx_word' id='word_1_434' title='bbox 3207 2924 3465 2995; x_wconf 89' lang='lat' dir='ltr'><strong>epistolis</strong></span> <span class='ocrx_word' id='word_1_435' title='bbox 3498 2926 3670 2978; x_wconf 88' lang='lat' dir='ltr'><strong>inter-</strong></span> 
     </span>
    </p>
   </div>
   <div class='ocr_carea' id='block_1_67' title="bbox 2090 3014 3674 3088">
    <p class='ocr_par' dir='ltr' id='par_1_67' title="bbox 2090 3014 3674 3088">
     <span class='ocr_line' id='line_1_67' title="bbox 2090 3014 3674 3088; baseline 0.002 -19"><span class='ocrx_word' id='word_1_436' title='bbox 2090 3017 2311 3088; x_wconf 88' lang='lat' dir='ltr'><strong>polatis,</strong></span> <span class='ocrx_word' id='word_1_437' title='bbox 2342 3014 2530 3071; x_wconf 65' lang='lat' dir='ltr'><strong>Graece</strong></span> <span class='ocrx_word' id='word_1_438' title='bbox 2556 3024 2612 3070; x_wconf 92' lang='lat' dir='ltr'><strong>et</strong></span> <span class='ocrx_word' id='word_1_439' title='bbox 2639 3014 2832 3069; x_wconf 87' lang='lat' dir='ltr'><strong>Latine</strong></span> <span class='ocrx_word' id='word_1_440' title='bbox 2859 3030 3100 3081; x_wconf 81' lang='lat' dir='ltr'><strong>excusis,</strong></span> <span class='ocrx_word' id='word_1_441' title='bbox 3132 3022 3316 3070; x_wconf 91' lang='lat' dir='ltr'><strong>locum</strong></span> <span class='ocrx_word' id='word_1_442' title='bbox 3347 3016 3500 3071; x_wconf 89' lang='lat' dir='ltr'><strong>dedit</strong></span> <span class='ocrx_word' id='word_1_443' title='bbox 3530 3035 3544 3083; x_wconf 91' lang='lat'><strong>;</strong></span> <span class='ocrx_word' id='word_1_444' title='bbox 3576 3017 3674 3072; x_wconf 84' lang='lat' dir='ltr'><strong>sed</strong></span> 
     </span>
    </p>
   </div>
   <div class='ocr_carea' id='block_1_68' title="bbox 2090 3105 3677 3177">
    <p class='ocr_par' dir='ltr' id='par_1_68' title="bbox 2090 3105 3677 3177">
     <span class='ocr_line' id='line_1_68' title="bbox 2090 3105 3677 3177; baseline 0 -14"><span class='ocrx_word' id='word_1_445' title='bbox 2090 3109 2315 3177; x_wconf 88' lang='lat' dir='ltr'><strong>antiqua</strong></span> <span class='ocrx_word' id='word_1_446' title='bbox 2343 3123 2533 3163; x_wconf 89' lang='lat' dir='ltr'><strong>earum</strong></span> <span class='ocrx_word' id='word_1_447' title='bbox 2562 3106 2756 3161; x_wconf 85' lang='lat' dir='ltr'><strong>Latina</strong></span> <span class='ocrx_word' id='word_1_448' title='bbox 2783 3107 3036 3163; x_wconf 90' lang='lat' dir='ltr'><strong>versione</strong></span> <span class='ocrx_word' id='word_1_449' title='bbox 3076 3105 3144 3161; x_wconf 93' lang='lat' dir='ltr'><strong>ad</strong></span> <span class='ocrx_word' id='word_1_450' title='bbox 3172 3116 3286 3162; x_wconf 89' lang='lat' dir='ltr'><strong>tres</strong></span> <span class='ocrx_word' id='word_1_451' title='bbox 3324 3109 3677 3177; x_wconf 79' lang='lat' dir='ltr'><strong>supradictas</strong></span> 
     </span>
    </p>
   </div>
   <div class='ocr_carea' id='block_1_69' title="bbox 2090 3198 3679 3270">
    <p class='ocr_par' dir='ltr' id='par_1_69' title="bbox 2090 3198 3679 3270">
     <span class='ocr_line' id='line_1_69' title="bbox 2090 3198 3679 3270; baseline -0.001 -15"><span class='ocrx_word' id='word_1_452' title='bbox 2090 3200 2312 3255; x_wconf 90' lang='lat' dir='ltr'><strong>codices</strong></span> <span class='ocrx_word' id='word_1_453' title='bbox 2338 3198 2741 3267; x_wconf 89' lang='lat' dir='ltr'><strong>manuscriptos</strong></span> <span class='ocrx_word' id='word_1_454' title='bbox 2768 3199 3054 3253; x_wconf 88' lang='lat' dir='ltr'><strong>emendata</strong></span> <span class='ocrx_word' id='word_1_455' title='bbox 3092 3213 3227 3253; x_wconf 89' lang='lat' dir='ltr'><strong>usus</strong></span> <span class='ocrx_word' id='word_1_456' title='bbox 3263 3207 3386 3266; x_wconf 89' lang='lat' dir='ltr'><strong>est;</strong></span> <span class='ocrx_word' id='word_1_457' title='bbox 3419 3210 3584 3270; x_wconf 86' lang='lat' dir='ltr'><strong>atque</strong></span> <span class='ocrx_word' id='word_1_458' title='bbox 3615 3208 3679 3253; x_wconf 93' lang='lat' dir='ltr'><strong>ut</strong></span> 
     </span>
    </p>
   </div>
   <div class='ocr_carea' id='block_1_70' title="bbox 2091 3286 3678 3362">
    <p class='ocr_par' dir='ltr' id='par_1_70' title="bbox 2091 3286 3678 3362">
     <span class='ocr_line' id='line_1_70' title="bbox 2091 3286 3678 3362; baseline 0 -15"><span class='ocrx_word' id='word_1_459' title='bbox 2091 3291 2545 3361; x_wconf 91' lang='lat' dir='ltr'><strong>iuterpolationes</strong></span> <span class='ocrx_word' id='word_1_460' title='bbox 2569 3291 2639 3345; x_wconf 90' lang='lat' dir='ltr'><strong>ab</strong></span> <span class='ocrx_word' id='word_1_461' title='bbox 2661 3290 2919 3346; x_wconf 91' lang='lat' dir='ltr'><strong>omnibus</strong></span> <span class='ocrx_word' id='word_1_462' title='bbox 2942 3289 3157 3346; x_wconf 79' lang='lat' dir='ltr'><strong>facilius</strong></span> <span class='ocrx_word' id='word_1_463' title='bbox 3181 3291 3519 3362; x_wconf 89' lang='lat' dir='ltr'><strong>deprehendi</strong></span> <span class='ocrx_word' id='word_1_464' title='bbox 3548 3286 3678 3362; x_wconf 80' lang='lat' dir='ltr'><strong>pos—</strong></span> 
     </span>
    </p>
   </div>
   <div class='ocr_carea' id='block_1_71' title="bbox 2095 3380 3679 3453">
    <p class='ocr_par' dir='ltr' id='par_1_71' title="bbox 2095 3380 3679 3453">
     <span class='ocr_line' id='line_1_71' title="bbox 2095 3380 3679 3453; baseline -0.001 -15"><span class='ocrx_word' id='word_1_465' title='bbox 2095 3392 2252 3449; x_wconf 83' lang='lat' dir='ltr'><strong>sent,</strong></span> <span class='ocrx_word' id='word_1_466' title='bbox 2291 3398 2387 3438; x_wconf 89' lang='lat' dir='ltr'><strong>eas</strong></span> <span class='ocrx_word' id='word_1_467' title='bbox 2430 3382 2601 3437; x_wconf 90' lang='lat' dir='ltr'><strong>minio</strong></span> <span class='ocrx_word' id='word_1_468' title='bbox 2629 3383 2843 3436; x_wconf 86' lang='lat' dir='ltr'><strong>exarari</strong></span> <span class='ocrx_word' id='word_1_469' title='bbox 2869 3381 3057 3451; x_wconf 88' lang='lat' dir='ltr'><strong>jussit.</strong></span> <span class='ocrx_word' id='word_1_470' title='bbox 3087 3380 3197 3436; x_wconf 82' lang='lat' dir='ltr'><strong>Has</strong></span> <span class='ocrx_word' id='word_1_471' title='bbox 3245 3382 3534 3452; x_wconf 81' lang='lat' dir='ltr'><strong>excipiunt</strong></span> <span class='ocrx_word' id='word_1_472' title='bbox 3560 3383 3679 3453; x_wconf 83' lang='lat' dir='ltr'><strong>epi—</strong></span> 
     </span>
    </p>
   </div>
   <div class='ocr_carea' id='block_1_72' title="bbox 2094 3473 3680 3545">
    <p class='ocr_par' dir='ltr' id='par_1_72' title="bbox 2094 3473 3680 3545">
     <span class='ocr_line' id='line_1_72' title="bbox 2094 3473 3680 3545; baseline -0.002 -14"><span class='ocrx_word' id='word_1_473' title='bbox 2094 3477 2248 3531; x_wconf 75' lang='lat' dir='ltr'><strong>stolae</strong></span> <span class='ocrx_word' id='word_1_474' title='bbox 2283 3474 2425 3530; x_wconf 85' lang='lat' dir='ltr'><strong>falso</strong></span> <span class='ocrx_word' id='word_1_475' title='bbox 2464 3474 2660 3545; x_wconf 87' lang='lat' dir='ltr'><strong>Ignatii</strong></span> <span class='ocrx_word' id='word_1_476' title='bbox 2716 3474 2941 3529; x_wconf 89' lang='lat' dir='ltr'><strong>nomine</strong></span> <span class='ocrx_word' id='word_1_477' title='bbox 2990 3473 3287 3543; x_wconf 64' lang='lat' dir='ltr'><strong>inscriptte,</strong></span> <span class='ocrx_word' id='word_1_478' title='bbox 3314 3475 3524 3543; x_wconf 89' lang='lat' dir='ltr'><strong>quibus</strong></span> <span class='ocrx_word' id='word_1_479' title='bbox 3563 3475 3680 3545; x_wconf 86' lang='lat' dir='ltr'><strong>epi-</strong></span> 
     </span>
    </p>
   </div>
   <div class='ocr_carea' id='block_1_73' title="bbox 2093 3563 3680 3636">
    <p class='ocr_par' dir='ltr' id='par_1_73' title="bbox 2093 3563 3680 3636">
     <span class='ocr_line' id='line_1_73' title="bbox 2093 3563 3680 3636; baseline -0.003 -13"><span class='ocrx_word' id='word_1_480' title='bbox 2093 3568 2289 3623; x_wconf 86' lang='lat' dir='ltr'><strong>stolam</strong></span> <span class='ocrx_word' id='word_1_481' title='bbox 2318 3566 2499 3622; x_wconf 75' lang='lat' dir='ltr'><strong>Maria:</strong></span> <span class='ocrx_word' id='word_1_482' title='bbox 2523 3565 2873 3621; x_wconf 73' lang='lat' dir='ltr'><strong>Cassobelita:</strong></span> <span class='ocrx_word' id='word_1_483' title='bbox 2899 3566 2967 3620; x_wconf 90' lang='lat' dir='ltr'><strong>ad</strong></span> <span class='ocrx_word' id='word_1_484' title='bbox 3000 3563 3267 3633; x_wconf 87' lang='lat' dir='ltr'><strong>lgnatium</strong></span> <span class='ocrx_word' id='word_1_485' title='bbox 3300 3566 3394 3621; x_wconf 89' lang='lat' dir='ltr'><strong>ille</strong></span> <span class='ocrx_word' id='word_1_486' title='bbox 3418 3566 3680 3636; x_wconf 70' lang='lat' dir='ltr'><strong>praeﬁxit,</strong></span> 
     </span>
    </p>
   </div>
   <div class='ocr_carea' id='block_1_74' title="bbox 2092 3657 3683 3728">
    <p class='ocr_par' dir='ltr' id='par_1_74' title="bbox 2092 3657 3683 3728">
     <span class='ocr_line' id='line_1_74' title="bbox 2092 3657 3683 3728; baseline -0.001 -15"><span class='ocrx_word' id='word_1_487' title='bbox 2092 3658 2337 3721; x_wconf 57' lang='lat' dir='ltr'><strong>et,trium</strong></span> <span class='ocrx_word' id='word_1_488' title='bbox 2375 3658 2815 3728; x_wconf 89' lang='lat' dir='ltr'><strong>supradictorum</strong></span> <span class='ocrx_word' id='word_1_489' title='bbox 2843 3657 3094 3712; x_wconf 86' lang='lat' dir='ltr'><strong>codicum</strong></span> <span class='ocrx_word' id='word_1_490' title='bbox 3122 3672 3225 3726; x_wconf 92' lang='lat' dir='ltr'><strong>ope</strong></span> <span class='ocrx_word' id='word_1_491' title='bbox 3254 3659 3444 3713; x_wconf 88' lang='lat' dir='ltr'><strong>varios</strong></span> <span class='ocrx_word' id='word_1_492' title='bbox 3468 3657 3683 3712; x_wconf 68' lang='lat' dir='ltr'><strong>Latina:</strong></span> 
     </span>
    </p>
   </div>
   <div class='ocr_carea' id='block_1_75' title="bbox 2092 3752 3682 3821">
    <p class='ocr_par' dir='ltr' id='par_1_75' title="bbox 2092 3752 3682 3821">
     <span class='ocr_line' id='line_1_75' title="bbox 2092 3752 3682 3821; baseline -0.001 -16"><span class='ocrx_word' id='word_1_493' title='bbox 2092 3766 2284 3806; x_wconf 89' lang='lat' dir='ltr'><strong>earum</strong></span> <span class='ocrx_word' id='word_1_494' title='bbox 2334 3752 2604 3806; x_wconf 91' lang='lat' dir='ltr'><strong>versionis</strong></span> <span class='ocrx_word' id='word_1_495' title='bbox 2658 3765 2843 3805; x_wconf 74' lang='lat' dir='ltr'><strong>mevos</strong></span> <span class='ocrx_word' id='word_1_496' title='bbox 2898 3752 3216 3821; x_wconf 84' lang='lat' dir='ltr'><strong>abstergcre</strong></span> <span class='ocrx_word' id='word_1_497' title='bbox 3276 3761 3516 3806; x_wconf 80' lang='lat' dir='ltr'><strong>conatus</strong></span> <span class='ocrx_word' id='word_1_498' title='bbox 3572 3759 3682 3806; x_wconf 87' lang='lat' dir='ltr'><strong>est.</strong></span> 
     </span>
    </p>
   </div>
   <div class='ocr_carea' id='block_1_76' title="bbox 2096 3841 3683 3913">
    <p class='ocr_par' dir='ltr' id='par_1_76' title="bbox 2096 3841 3683 3913">
     <span class='ocr_line' id='line_1_76' title="bbox 2096 3841 3683 3913; baseline -0.001 -16"><span class='ocrx_word' id='word_1_499' title='bbox 2096 3841 2300 3898; x_wconf 85' lang='lat' dir='ltr'><strong>Ultimo</strong></span> <span class='ocrx_word' id='word_1_500' title='bbox 2340 3842 2556 3898; x_wconf 88' lang='lat' dir='ltr'><strong>tandem</strong></span> <span class='ocrx_word' id='word_1_501' title='bbox 2591 3843 2715 3897; x_wconf 91' lang='lat' dir='ltr'><strong>loco</strong></span> <span class='ocrx_word' id='word_1_502' title='bbox 2743 3843 2967 3913; x_wconf 89' lang='lat' dir='ltr'><strong>ponitur</strong></span> <span class='ocrx_word' id='word_1_503' title='bbox 3004 3843 3393 3913; x_wconf 86' lang='lat' dir='ltr'><strong>antiquissima</strong></span> <span class='ocrx_word' id='word_1_504' title='bbox 3416 3888 3431 3909; x_wconf 90' lang='lat'><strong>,</strong></span> <span class='ocrx_word' id='word_1_505' title='bbox 3464 3844 3547 3898; x_wconf 91' lang='lat' dir='ltr'><strong>uti</strong></span> <span class='ocrx_word' id='word_1_506' title='bbox 3590 3844 3683 3897; x_wconf 76' lang='lat' dir='ltr'><strong>di-</strong></span> 
     </span>
    </p>
   </div>
   <div class='ocr_carea' id='block_1_77' title="bbox 2093 3921 3687 4004">
    <p class='ocr_par' dir='ltr' id='par_1_77' title="bbox 2093 3921 3687 4004">
     <span class='ocr_line' id='line_1_77' title="bbox 2093 3921 3687 4004; baseline -0.001 -15"><span class='ocrx_word' id='word_1_507' title='bbox 2093 3935 2277 3989; x_wconf 81' lang='lat' dir='ltr'><strong>ximus</strong></span> <span class='ocrx_word' id='word_1_508' title='bbox 2298 3976 2313 4002; x_wconf 93' lang='lat'><strong>,</strong></span> <span class='ocrx_word' id='word_1_509' title='bbox 2345 3935 2528 3989; x_wconf 89' lang='lat' dir='ltr'><strong>versio</strong></span> <span class='ocrx_word' id='word_1_510' title='bbox 2558 3921 2922 4004; x_wconf 67' lang='lat' dir='ltr'><strong>genuinarum</strong></span> <span class='ocrx_word' id='word_1_511' title='bbox 2969 3934 3164 4004; x_wconf 85' lang='lat' dir='ltr'><strong>lgnatii</strong></span> <span class='ocrx_word' id='word_1_512' title='bbox 3217 3935 3583 4004; x_wconf 89' lang='lat' dir='ltr'><strong>epistolarum</strong></span> <span class='ocrx_word' id='word_1_513' title='bbox 3607 3975 3626 4000; x_wconf 92' lang='lat'><strong>,</strong></span> <span class='ocrx_word' id='word_1_514' title='bbox 3654 3950 3687 3988; x_wconf 87' lang='lat' dir='ltr'><strong>e</strong></span> 
     </span>
    </p>
   </div>
   <div class='ocr_carea' id='block_1_78' title="bbox 2094 4026 3687 4099">
    <p class='ocr_par' dir='ltr' id='par_1_78' title="bbox 2094 4026 3687 4099">
     <span class='ocr_line' id='line_1_78' title="bbox 2094 4026 3687 4099; baseline -0.001 -18"><span class='ocrx_word' id='word_1_515' title='bbox 2094 4043 2332 4099; x_wconf 90' lang='lat' dir='ltr'><strong>quarum</strong></span> <span class='ocrx_word' id='word_1_516' title='bbox 2363 4042 2595 4082; x_wconf 87' lang='lat' dir='ltr'><strong>numero</strong></span> <span class='ocrx_word' id='word_1_517' title='bbox 2630 4026 2865 4098; x_wconf 90' lang='lat' dir='ltr'><strong>epistola</strong></span> <span class='ocrx_word' id='word_1_518' title='bbox 2894 4026 2962 4081; x_wconf 91' lang='lat' dir='ltr'><strong>ad</strong></span> <span class='ocrx_word' id='word_1_519' title='bbox 2989 4026 3355 4098; x_wconf 84' lang='lat' dir='ltr'><strong>Polycarpum</strong></span> <span class='ocrx_word' id='word_1_520' title='bbox 3398 4027 3687 4082; x_wconf 88' lang='lat' dir='ltr'><strong>immerito</strong></span> 
     </span>
    </p>
   </div>
   <div class='ocr_carea' id='block_1_79' title="bbox 2094 4118 2425 4174">
    <p class='ocr_par' dir='ltr' id='par_1_79' title="bbox 2094 4118 2425 4174">
     <span class='ocr_line' id='line_1_79' title="bbox 2094 4118 2425 4174; baseline -0.006 -1"><span class='ocrx_word' id='word_1_521' title='bbox 2094 4118 2425 4174; x_wconf 77' lang='lat' dir='ltr'><strong>excluditur.</strong></span> 
     </span>
    </p>
   </div>
   <div class='ocr_carea' id='block_1_80' title="bbox 2498 4263 3263 4336">
    <p class='ocr_par' dir='ltr' id='par_1_80' title="bbox 2498 4263 3263 4336">
     <span class='ocr_line' id='line_1_80' title="bbox 2498 4263 3263 4336; baseline 0.005 -13"><span class='ocrx_word' id='word_1_522' title='bbox 2498 4263 2526 4336; x_wconf 82' lang='lat'>§</span> <span class='ocrx_word' id='word_1_523' title='bbox 2557 4268 2647 4325; x_wconf 87' lang='lat' dir='ltr'><strong>IV.</strong></span> <span class='ocrx_word' id='word_1_524' title='bbox 2694 4267 2768 4326; x_wconf 89' lang='lat' dir='ltr'><strong>De</strong></span> <span class='ocrx_word' id='word_1_525' title='bbox 2796 4270 3026 4326; x_wconf 82' lang='lat' dir='ltr'><strong>editione</strong></span> <span class='ocrx_word' id='word_1_526' title='bbox 3070 4270 3263 4328; x_wconf 79' lang='lat' dir='ltr'><strong>Vossii.</strong></span> 
     </span>
    </p>
   </div>
   <div class='ocr_carea' id='block_1_81' title="bbox 2163 4405 3695 4479">
    <p class='ocr_par' dir='ltr' id='par_1_81' title="bbox 2163 4405 3695 4479">
     <span class='ocr_line' id='line_1_81' title="bbox 2163 4405 3695 4479; baseline 0.002 -17"><span class='ocrx_word' id='word_1_527' title='bbox 2163 4406 2301 4463; x_wconf 87' lang='lat' dir='ltr'><strong>Cum</strong></span> <span class='ocrx_word' id='word_1_528' title='bbox 2330 4405 2560 4461; x_wconf 86' lang='lat' dir='ltr'><strong>Vossius</strong></span> <span class='ocrx_word' id='word_1_529' title='bbox 2605 4406 2707 4460; x_wconf 88' lang='lat' dir='ltr'><strong>iter</strong></span> <span class='ocrx_word' id='word_1_530' title='bbox 2740 4406 2794 4460; x_wconf 92' lang='lat' dir='ltr'><strong>in</strong></span> <span class='ocrx_word' id='word_1_531' title='bbox 2824 4406 3032 4462; x_wconf 85' lang='lat' dir='ltr'><strong>Italiam</strong></span> <span class='ocrx_word' id='word_1_532' title='bbox 3073 4418 3280 4479; x_wconf 84' lang='lat' dir='ltr'><strong>ageret,</strong></span> <span class='ocrx_word' id='word_1_533' title='bbox 3307 4420 3362 4464; x_wconf 87' lang='lat' dir='ltr'><strong>et</strong></span> <span class='ocrx_word' id='word_1_534' title='bbox 3405 4408 3695 4466; x_wconf 85' lang='lat' dir='ltr'><strong>Florenti-</strong></span> 
     </span>
    </p>
   </div>
   <div class='ocr_carea' id='block_1_82' title="bbox 2094 4495 3693 4564">
    <p class='ocr_par' dir='ltr' id='par_1_82' title="bbox 2094 4495 3693 4564">
     <span class='ocr_line' id='line_1_82' title="bbox 2094 4495 3693 4564; baseline 0.003 -12"><span class='ocrx_word' id='word_1_535' title='bbox 2094 4514 2220 4552; x_wconf 89' lang='lat' dir='ltr'><strong>nam</strong></span> <span class='ocrx_word' id='word_1_536' title='bbox 2271 4496 2607 4552; x_wconf 87' lang='lat' dir='ltr'><strong>Ferdinandi</strong></span> <span class='ocrx_word' id='word_1_537' title='bbox 2648 4495 2690 4550; x_wconf 88' lang='lat' dir='ltr'><strong>ll</strong></span> <span class='ocrx_word' id='word_1_538' title='bbox 2735 4496 2967 4552; x_wconf 59' lang='lat' dir='ltr'><strong>Etruria</strong></span> <span class='ocrx_word' id='word_1_539' title='bbox 3017 4499 3214 4564; x_wconf 89' lang='lat' dir='ltr'><strong>ducis,</strong></span> <span class='ocrx_word' id='word_1_540' title='bbox 3271 4498 3693 4556; x_wconf 83' lang='lat' dir='ltr'><strong>Bibliothecam</strong></span> 
     </span>
    </p>
   </div>
   <div class='ocr_carea' id='block_1_83' title="bbox 2094 4568 3693 4659">
    <p class='ocr_par' dir='ltr' id='par_1_83' title="bbox 2094 4568 3693 4659">
     <span class='ocr_line' id='line_1_83' title="bbox 2094 4568 3693 4659; baseline 0.001 -15"><span class='ocrx_word' id='word_1_541' title='bbox 2094 4591 2493 4659; x_wconf 89' lang='lat' dir='ltr'><strong>perlustraret,</strong></span> <span class='ocrx_word' id='word_1_542' title='bbox 2546 4568 2742 4642; x_wconf 74' lang='lat' dir='ltr'><strong>incidit</strong></span> <span class='ocrx_word' id='word_1_543' title='bbox 2818 4588 2874 4642; x_wconf 91' lang='lat' dir='ltr'><strong>in</strong></span> <span class='ocrx_word' id='word_1_544' title='bbox 2926 4589 3172 4643; x_wconf 91' lang='lat' dir='ltr'><strong>codicem</strong></span> <span class='ocrx_word' id='word_1_545' title='bbox 3247 4590 3439 4645; x_wconf 68' lang='lat' dir='ltr'><strong>Grazca</strong></span> <span class='ocrx_word' id='word_1_546' title='bbox 3508 4608 3693 4646; x_wconf 82' lang='lat' dir='ltr'><strong>manu</strong></span> 
     </span>
    </p>
   </div>
   <div class='ocr_carea' id='block_1_84' title="bbox 2018 4664 3699 4747">
    <p class='ocr_par' dir='ltr' id='par_1_84' title="bbox 2018 4664 3699 4747">
     <span class='ocr_line' id='line_1_84' title="bbox 2018 4664 3699 4747; baseline -0.001 -14"><span class='ocrx_word' id='word_1_547' title='bbox 2018 4664 2420 4744; x_wconf 79' lang='lat' dir='ltr'><strong>Dexaratum,</strong></span> <span class='ocrx_word' id='word_1_548' title='bbox 2464 4676 2559 4747; x_wconf 89' lang='lat' dir='ltr'><strong>qui</strong></span> <span class='ocrx_word' id='word_1_549' title='bbox 2599 4676 2819 4731; x_wconf 90' lang='lat' dir='ltr'><strong>easdem</strong></span> <span class='ocrx_word' id='word_1_550' title='bbox 2871 4685 3036 4745; x_wconf 89' lang='lat' dir='ltr'><strong>atque</strong></span> <span class='ocrx_word' id='word_1_551' title='bbox 3089 4678 3159 4731; x_wconf 90' lang='lat' dir='ltr'><strong>ab</strong></span> <span class='ocrx_word' id='word_1_552' title='bbox 3203 4674 3431 4731; x_wconf 87' lang='lat' dir='ltr'><strong>Usserio</strong></span> <span class='ocrx_word' id='word_1_553' title='bbox 3486 4677 3699 4733; x_wconf 86' lang='lat' dir='ltr'><strong>Latine</strong></span> 
     </span>
    </p>
   </div>
   <div class='ocr_carea' id='block_1_85' title="bbox 2092 4768 3699 4840">
    <p class='ocr_par' dir='ltr' id='par_1_85' title="bbox 2092 4768 3699 4840">
     <span class='ocr_line' id='line_1_85' title="bbox 2092 4768 3699 4840; baseline -0.001 -15"><span class='ocrx_word' id='word_1_554' title='bbox 2092 4772 2293 4836; x_wconf 86' lang='lat' dir='ltr'><strong>editas,</strong></span> <span class='ocrx_word' id='word_1_555' title='bbox 2324 4769 2612 4840; x_wconf 82' lang='lat' dir='ltr'><strong>genuinas,</strong></span> <span class='ocrx_word' id='word_1_556' title='bbox 2640 4778 2693 4822; x_wconf 90' lang='lat' dir='ltr'><strong>et</strong></span> <span class='ocrx_word' id='word_1_557' title='bbox 2730 4769 2849 4824; x_wconf 89' lang='lat' dir='ltr'><strong>sine</strong></span> <span class='ocrx_word' id='word_1_558' title='bbox 2880 4768 3391 4838; x_wconf 88' lang='lat' dir='ltr'><strong>interpolationibus</strong></span> <span class='ocrx_word' id='word_1_559' title='bbox 3432 4778 3489 4823; x_wconf 88' lang='lat' dir='ltr'><strong>et</strong></span> <span class='ocrx_word' id='word_1_560' title='bbox 3528 4772 3699 4824; x_wconf 85' lang='lat' dir='ltr'><strong>addi—</strong></span> 
     </span>
    </p>
   </div>
   <div class='ocr_carea' id='block_1_86' title="bbox 2096 4859 3703 4931">
    <p class='ocr_par' dir='ltr' id='par_1_86' title="bbox 2096 4859 3703 4931">
     <span class='ocr_line' id='line_1_86' title="bbox 2096 4859 3703 4931; baseline -0.001 -12"><span class='ocrx_word' id='word_1_561' title='bbox 2096 4864 2354 4919; x_wconf 89' lang='lat' dir='ltr'><strong>tamentis</strong></span> <span class='ocrx_word' id='word_1_562' title='bbox 2400 4861 2659 4931; x_wconf 88' lang='lat' dir='ltr'><strong>epistolas</strong></span> <span class='ocrx_word' id='word_1_563' title='bbox 2708 4859 2902 4930; x_wconf 85' lang='lat' dir='ltr'><strong>lgnatii</strong></span> <span class='ocrx_word' id='word_1_564' title='bbox 2950 4860 3285 4915; x_wconf 88' lang='lat' dir='ltr'><strong>continebat.</strong></span> <span class='ocrx_word' id='word_1_565' title='bbox 3338 4861 3533 4916; x_wconf 85' lang='lat' dir='ltr'><strong>Codex</strong></span> <span class='ocrx_word' id='word_1_566' title='bbox 3601 4864 3703 4918; x_wconf 87' lang='lat' dir='ltr'><strong>ille</strong></span> 
     </span>
    </p>
   </div>
   <div class='ocr_carea' id='block_1_87' title="bbox 2093 4951 3700 5020">
    <p class='ocr_par' dir='ltr' id='par_1_87' title="bbox 2093 4951 3700 5020">
     <span class='ocr_line' id='line_1_87' title="bbox 2093 4951 3700 5020; baseline 0 -10"><span class='ocrx_word' id='word_1_567' title='bbox 2093 4964 2314 5011; x_wconf 91' lang='lat' dir='ltr'><strong>centum</strong></span> <span class='ocrx_word' id='word_1_568' title='bbox 2358 4961 2485 5006; x_wconf 91' lang='lat' dir='ltr'><strong>ante</strong></span> <span class='ocrx_word' id='word_1_569' title='bbox 2529 4951 2688 5007; x_wconf 81' lang='lat' dir='ltr'><strong>annis</strong></span> <span class='ocrx_word' id='word_1_570' title='bbox 2723 4968 2755 5007; x_wconf 90' lang='lat' dir='ltr'><strong>a</strong></span> <span class='ocrx_word' id='word_1_571' title='bbox 2798 4952 3097 5016; x_wconf 71' lang='lat' dir='ltr'><strong>Turn-iano,</strong></span> <span class='ocrx_word' id='word_1_572' title='bbox 3129 4962 3189 5007; x_wconf 87' lang='lat' dir='ltr'><strong>ut</strong></span> <span class='ocrx_word' id='word_1_573' title='bbox 3228 4954 3477 5007; x_wconf 88' lang='lat' dir='ltr'><strong>creditur</strong></span> <span class='ocrx_word' id='word_1_574' title='bbox 3503 4956 3700 5020; x_wconf 82' lang='lat' dir='ltr'><strong>visus,</strong></span> 
     </span>
    </p>
   </div>
   <div class='ocr_carea' id='block_1_88' title="bbox 2094 5042 3703 5116">
    <p class='ocr_par' dir='ltr' id='par_1_88' title="bbox 2094 5042 3703 5116">
     <span class='ocr_line' id='line_1_88' title="bbox 2094 5042 3703 5116; baseline 0.002 -17"><span class='ocrx_word' id='word_1_575' title='bbox 2094 5060 2199 5099; x_wconf 90' lang='lat' dir='ltr'><strong>nec</strong></span> <span class='ocrx_word' id='word_1_576' title='bbox 2228 5056 2385 5097; x_wconf 84' lang='lat' dir='ltr'><strong>veras</strong></span> <span class='ocrx_word' id='word_1_577' title='bbox 2406 5042 2611 5113; x_wconf 85' lang='lat' dir='ltr'><strong>&#39;Ignatii</strong></span> <span class='ocrx_word' id='word_1_578' title='bbox 2646 5044 2906 5112; x_wconf 90' lang='lat' dir='ltr'><strong>epistolas</strong></span> <span class='ocrx_word' id='word_1_579' title='bbox 2936 5058 2966 5097; x_wconf 93' lang='lat' dir='ltr'><strong>a</strong></span> <span class='ocrx_word' id='word_1_580' title='bbox 3003 5043 3155 5098; x_wconf 79' lang='lat' dir='ltr'><strong>falsis</strong></span> <span class='ocrx_word' id='word_1_581' title='bbox 3192 5046 3703 5116; x_wconf 87' lang='lat' dir='ltr'><strong>supposititiisque</strong></span> 
     </span>
    </p>
   </div>
   <div class='ocr_carea' id='block_1_89' title="bbox 2095 5132 3700 5207">
    <p class='ocr_par' dir='ltr' id='par_1_89' title="bbox 2095 5132 3700 5207">
     <span class='ocr_line' id='line_1_89' title="bbox 2095 5132 3700 5207; baseline 0.002 -16"><span class='ocrx_word' id='word_1_582' title='bbox 2095 5136 2410 5207; x_wconf 86' lang='lat' dir='ltr'><strong>distinguit,</strong></span> <span class='ocrx_word' id='word_1_583' title='bbox 2447 5148 2550 5188; x_wconf 92' lang='lat' dir='ltr'><strong>nec</strong></span> <span class='ocrx_word' id='word_1_584' title='bbox 2592 5132 2800 5204; x_wconf 81' lang='lat' dir='ltr'><strong>integer</strong></span> <span class='ocrx_word' id='word_1_585' title='bbox 2833 5142 2951 5201; x_wconf 88' lang='lat' dir='ltr'><strong>est;</strong></span> <span class='ocrx_word' id='word_1_586' title='bbox 2997 5134 3198 5204; x_wconf 89' lang='lat' dir='ltr'><strong>quippe</strong></span> <span class='ocrx_word' id='word_1_587' title='bbox 3232 5134 3328 5203; x_wconf 93' lang='lat' dir='ltr'><strong>qui</strong></span> <span class='ocrx_word' id='word_1_588' title='bbox 3378 5138 3700 5205; x_wconf 86' lang='lat' dir='ltr'><strong>epistolam</strong></span> 
     </span>
    </p>
   </div>
   <div class='ocr_carea' id='block_1_90' title="bbox 2096 5225 3705 5302">
    <p class='ocr_par' dir='ltr' id='par_1_90' title="bbox 2096 5225 3705 5302">
     <span class='ocr_line' id='line_1_90' title="bbox 2096 5225 3705 5302; baseline 0.002 -18"><span class='ocrx_word' id='word_1_589' title='bbox 2096 5229 2270 5284; x_wconf 72' lang='lat' dir='ltr'><strong>salicti</strong></span> <span class='ocrx_word' id='word_1_590' title='bbox 2299 5226 2559 5297; x_wconf 87' lang='lat' dir='ltr'><strong>martyris</strong></span> <span class='ocrx_word' id='word_1_591' title='bbox 2592 5225 2661 5279; x_wconf 90' lang='lat' dir='ltr'><strong>ad</strong></span> <span class='ocrx_word' id='word_1_592' title='bbox 2691 5225 2969 5281; x_wconf 87' lang='lat' dir='ltr'><strong>Romanos</strong></span> <span class='ocrx_word' id='word_1_593' title='bbox 2996 5242 3105 5280; x_wconf 87' lang='lat' dir='ltr'><strong>non</strong></span> <span class='ocrx_word' id='word_1_594' title='bbox 3128 5227 3387 5283; x_wconf 75' lang='lat' dir='ltr'><strong>exhibeat</strong></span> <span class='ocrx_word' id='word_1_595' title='bbox 3412 5232 3705 5302; x_wconf 82' lang='lat' dir='ltr'><strong>amplius.</strong></span> 
     </span>
    </p>
   </div>
   <div class='ocr_carea' id='block_1_91' title="bbox 2096 5317 3709 5387">
    <p class='ocr_par' dir='ltr' id='par_1_91' title="bbox 2096 5317 3709 5387">
     <span class='ocr_line' id='line_1_91' title="bbox 2096 5317 3709 5387; baseline 0.005 -13"><span class='ocrx_word' id='word_1_596' title='bbox 2096 5320 2331 5376; x_wconf 78' lang='lat' dir='ltr'><strong>Vossius</strong></span> <span class='ocrx_word' id='word_1_597' title='bbox 2360 5319 2545 5387; x_wconf 84' lang='lat' dir='ltr'><strong>itaque</strong></span> <span class='ocrx_word' id='word_1_598' title='bbox 2570 5317 2637 5371; x_wconf 88' lang='lat' dir='ltr'><strong>ad</strong></span> <span class='ocrx_word' id='word_1_599' title='bbox 2668 5334 2800 5373; x_wconf 87' lang='lat' dir='ltr'><strong>suos</strong></span> <span class='ocrx_word' id='word_1_600' title='bbox 2828 5319 3022 5385; x_wconf 84' lang='lat' dir='ltr'><strong>redux,</strong></span> <span class='ocrx_word' id='word_1_601' title='bbox 3043 5334 3240 5373; x_wconf 90' lang='lat' dir='ltr'><strong>novam</strong></span> <span class='ocrx_word' id='word_1_602' title='bbox 3271 5320 3709 5382; x_wconf 84' lang='lat' dir='ltr'><strong>Amstelodami</strong></span> 
     </span>
    </p>
   </div>
   <div class='ocr_carea' id='block_1_92' title="bbox 418 5359 1993 5438">
    <p class='ocr_par' dir='ltr' id='par_1_92' title="bbox 418 5359 1993 5438">
     <span class='ocr_line' id='line_1_92' title="bbox 418 5359 1993 5438; baseline -0.011 -8"><span class='ocrx_word' id='word_1_603' title='bbox 418 5385 639 5429; x_wconf 82' lang='lat' dir='ltr'><strong>straeum</strong></span> <span class='ocrx_word' id='word_1_604' title='bbox 682 5368 940 5426; x_wconf 85' lang='lat' dir='ltr'><strong>Vairnelii</strong></span> <span class='ocrx_word' id='word_1_605' title='bbox 984 5365 1150 5438; x_wconf 81' lang='lat' dir='ltr'><strong>Sylvii</strong></span> <span class='ocrx_word' id='word_1_606' title='bbox 1190 5365 1479 5430; x_wconf 89' lang='lat' dir='ltr'><strong>versione,</strong></span> <span class='ocrx_word' id='word_1_607' title='bbox 1532 5363 1750 5418; x_wconf 90' lang='lat' dir='ltr'><strong>easdem</strong></span> <span class='ocrx_word' id='word_1_608' title='bbox 1803 5359 1993 5414; x_wconf 62' lang='lat' dir='ltr'><strong>Graeco</strong></span> 
     </span>
    </p>
   </div>
   <div class='ocr_carea' id='block_1_93' title="bbox 417 5409 3708 5534">
    <p class='ocr_par' dir='ltr' id='par_1_93' title="bbox 417 5409 3708 5534">
     <span class='ocr_line' id='line_1_93' title="bbox 417 5409 3708 5519; baseline 0.014 -90"><span class='ocrx_word' id='word_1_609' title='bbox 417 5409 639 5519; x_wconf 54' lang='lat' dir='ltr'><strong>1:1“:qu</strong></span> <span class='ocrx_word' id='word_1_610' title='bbox 695 5409 940 5426; x_wconf 74' lang='lat' dir='ltr'><strong>nam-wu-</strong></span> <span class='ocrx_word' id='word_1_611' title='bbox 985 5409 1479 5485; x_wconf 48' lang='lat' dir='ltr'><strong>&quot;J&quot;&quot;.&#39;:&quot;&#39;.&quot;&quot;&#39;&quot;&quot;’</strong></span> <span class='ocrx_word' id='word_1_612' title='bbox 1536 5409 1750 5418; x_wconf 73' lang='lat'><strong>‘“&quot;&quot;&quot;“</strong></span> <span class='ocrx_word' id='word_1_613' title='bbox 1813 5409 1985 5414; x_wconf 73' lang='lat'><strong>&quot;&quot;&quot;</strong></span> <span class='ocrx_word' id='word_1_614' title='bbox 2092 5411 2406 5469; x_wconf 66' lang='lat' dir='ltr'><strong>anu01646</strong></span> <span class='ocrx_word' id='word_1_615' title='bbox 2445 5409 2799 5479; x_wconf 80' lang='lat' dir='ltr'><strong>epistolarum</strong></span> <span class='ocrx_word' id='word_1_616' title='bbox 2847 5409 3040 5482; x_wconf 80' lang='lat' dir='ltr'><strong>lgnatii</strong></span> <span class='ocrx_word' id='word_1_617' title='bbox 3086 5411 3385 5467; x_wconf 89' lang='lat' dir='ltr'><strong>editionem</strong></span> <span class='ocrx_word' id='word_1_618' title='bbox 3432 5414 3708 5475; x_wconf 81' lang='lat' dir='ltr'><strong>adorna-</strong></span> 
     </span>
     <span class='ocr_line' id='line_1_94' title="bbox 464 5457 3708 5534; baseline -0.003 -15"><span class='ocrx_word' id='word_1_619' title='bbox 464 5464 1321 5534; x_wconf 71' lang='lat' dir='ltr'><strong>atmoquecharactereemisitin</strong></span> <span class='ocrx_word' id='word_1_620' title='bbox 1360 5457 1559 5509; x_wconf 90' lang='lat' dir='ltr'><strong>lucem.</strong></span> <span class='ocrx_word' id='word_1_621' title='bbox 2216 5522 2319 5534; x_wconf 53' lang='lat' dir='ltr'><strong>mm</strong></span> <span class='ocrx_word' id='word_1_622' title='bbox 2346 5504 2565 5534; x_wconf 52' lang='lat' dir='ltr'><strong>mm“</strong></span> <span class='ocrx_word' id='word_1_623' title='bbox 2608 5520 2672 5534; x_wconf 54' lang='grc' dir='ltr'>Μ</span> <span class='ocrx_word' id='word_1_624' title='bbox 2718 5505 2810 5534; x_wconf 49' lang='lat' dir='ltr'><strong>mn</strong></span> <span class='ocrx_word' id='word_1_625' title='bbox 2840 5504 3154 5534; x_wconf 40' lang='lat' dir='ltr'><strong>mmmam</strong></span> <span class='ocrx_word' id='word_1_626' title='bbox 3199 5504 3387 5534; x_wconf 47' lang='lat' dir='ltr'><strong>mum</strong></span> <span class='ocrx_word' id='word_1_627' title='bbox 3451 5506 3474 5534; x_wconf 57' lang='grc' dir='ltr'><strong><em>π</em></strong></span> <span class='ocrx_word' id='word_1_628' title='bbox 3500 5512 3708 5534; x_wconf 33' lang='grc' dir='ltr'><strong>Δημ-</strong></span> 
     </span>
    </p>
   </div>
   <div class='ocr_carea' id='block_1_94' title="bbox 2090 5504 3715 5578">
    <p class='ocr_par' dir='ltr' id='par_1_94' title="bbox 2090 5504 3715 5578">
     <span class='ocr_line' id='line_1_95' title="bbox 2090 5504 3715 5578; baseline 0.003 -15"><span class='ocrx_word' id='word_1_629' title='bbox 2090 5510 2189 5574; x_wconf 88' lang='lat' dir='ltr'><strong>vit,</strong></span> <span class='ocrx_word' id='word_1_630' title='bbox 2214 5522 2324 5578; x_wconf 89' lang='lat' dir='ltr'><strong>qua</strong></span> <span class='ocrx_word' id='word_1_631' title='bbox 2346 5504 2569 5560; x_wconf 65' lang='lat' dir='ltr'><strong>Graecas</strong></span> <span class='ocrx_word' id='word_1_632' title='bbox 2607 5520 2676 5557; x_wconf 82' lang='lat' dir='ltr'><strong>ex</strong></span> <span class='ocrx_word' id='word_1_633' title='bbox 2718 5505 2811 5559; x_wconf 93' lang='lat' dir='ltr'><strong>illo</strong></span> <span class='ocrx_word' id='word_1_634' title='bbox 2840 5504 3156 5559; x_wconf 90' lang='lat' dir='ltr'><strong>Florentino</strong></span> <span class='ocrx_word' id='word_1_635' title='bbox 3197 5504 3410 5571; x_wconf 80' lang='lat' dir='ltr'><strong>codice,</strong></span> <span class='ocrx_word' id='word_1_636' title='bbox 3450 5506 3715 5568; x_wconf 77' lang='lat' dir='ltr'><strong>Latinas</strong></span> 
     </span>
    </p>
   </div>
   <div class='ocr_carea' id='block_1_95' title="bbox 2090 5595 3712 5675">
    <p class='ocr_par' dir='ltr' id='par_1_95' title="bbox 2090 5595 3712 5675">
     <span class='ocr_line' id='line_1_96' title="bbox 2090 5595 3712 5675; baseline 0.002 -17"><span class='ocrx_word' id='word_1_637' title='bbox 2090 5617 2222 5658; x_wconf 67' lang='lat' dir='ltr'><strong>vero</strong></span> <span class='ocrx_word' id='word_1_638' title='bbox 2249 5616 2318 5655; x_wconf 83' lang='lat' dir='ltr'><strong>ex</strong></span> <span class='ocrx_word' id='word_1_639' title='bbox 2356 5596 2744 5666; x_wconf 86' lang='lat' dir='ltr'><strong>antiquissima</strong></span> <span class='ocrx_word' id='word_1_640' title='bbox 2764 5597 3040 5665; x_wconf 85' lang='lat' dir='ltr'><strong>versione,</strong></span> <span class='ocrx_word' id='word_1_641' title='bbox 3071 5598 3140 5651; x_wconf 89' lang='lat' dir='ltr'><strong>ab</strong></span> <span class='ocrx_word' id='word_1_642' title='bbox 3167 5595 3399 5653; x_wconf 87' lang='lat' dir='ltr'><strong>Usserio</strong></span> <span class='ocrx_word' id='word_1_643' title='bbox 3431 5602 3712 5675; x_wconf 80' lang='lat' dir='ltr'><strong>vulgata,</strong></span> 
     </span>
    </p>
   </div>
   <div class='ocr_carea' id='block_1_96' title="bbox 2090 5689 3715 5785">
    <p class='ocr_par' dir='ltr' id='par_1_96' title="bbox 2090 5689 3715 5785">
     <span class='ocr_line' id='line_1_97' title="bbox 2090 5689 3715 5785; baseline 0.001 -34"><span class='ocrx_word' id='word_1_644' title='bbox 2090 5695 2271 5751; x_wconf 90' lang='lat' dir='ltr'><strong>emisit</strong></span> <span class='ocrx_word' id='word_1_645' title='bbox 2320 5694 2372 5746; x_wconf 81' lang='lat' dir='ltr'><strong>iu</strong></span> <span class='ocrx_word' id='word_1_646' title='bbox 2422 5690 2722 5759; x_wconf 70' lang='lat' dir='ltr'><strong>publicum.</strong></span> <span class='ocrx_word' id='word_1_647' title='bbox 2765 5690 2859 5746; x_wconf 89' lang='lat' dir='ltr'><strong>llis</strong></span> <span class='ocrx_word' id='word_1_648' title='bbox 2904 5705 3032 5747; x_wconf 88' lang='lat' dir='ltr'><strong>vero</strong></span> <span class='ocrx_word' id='word_1_649' title='bbox 3076 5689 3327 5760; x_wconf 82' lang='lat' dir='ltr'><strong>epistolis</strong></span> <span class='ocrx_word' id='word_1_650' title='bbox 3356 5691 3504 5750; x_wconf 86' lang='lat' dir='ltr'><strong>alias</strong></span> <span class='ocrx_word' id='word_1_651' title='bbox 3563 5714 3715 5785; x_wconf 58' lang='lat' dir='ltr'><strong>cum</strong></span> 
     </span>
    </p>
   </div>
   <div class='ocr_carea' id='block_1_97' title="bbox 808 5587 1600 5666">
    <p class='ocr_par' dir='ltr' id='par_1_97' title="bbox 808 5587 1600 5666">
     <span class='ocr_line' id='line_1_98' title="bbox 808 5587 1600 5666; baseline -0.009 -18"><span class='ocrx_word' id='word_1_652' title='bbox 808 5593 840 5666; x_wconf 56' lang='grc' dir='ltr'>ᾗ</span> <span class='ocrx_word' id='word_1_653' title='bbox 871 5592 959 5649; x_wconf 83' lang='grc' dir='ltr'>ιιι.</span> <span class='ocrx_word' id='word_1_654' title='bbox 1005 5591 1077 5647; x_wconf 89' lang='lat' dir='ltr'><strong>De</strong></span> <span class='ocrx_word' id='word_1_655' title='bbox 1110 5591 1339 5647; x_wconf 80' lang='lat' dir='ltr'><strong>editione</strong></span> <span class='ocrx_word' id='word_1_656' title='bbox 1375 5587 1600 5643; x_wconf 70' lang='lat' dir='ltr'><strong>Usserii.</strong></span> 
     </span>
    </p>
   </div>
   <div class='ocr_carea' id='block_1_98' title="bbox 452 5697 1982 5783">
    <p class='ocr_par' dir='ltr' id='par_1_98' title="bbox 452 5697 1982 5783">
     <span class='ocr_line' id='line_1_99' title="bbox 452 5697 1982 5783; baseline -0.007 -20"><span class='ocrx_word' id='word_1_657' title='bbox 452 5709 725 5783; x_wconf 41' lang='lat' dir='ltr'><strong>‘Jacobus</strong></span> <span class='ocrx_word' id='word_1_658' title='bbox 772 5704 1030 5765; x_wconf 82' lang='lat' dir='ltr'><strong>Usserius</strong></span> <span class='ocrx_word' id='word_1_659' title='bbox 1094 5703 1543 5775; x_wconf 84' lang='lat' dir='ltr'><strong>archiepiscopus</strong></span> <span class='ocrx_word' id='word_1_660' title='bbox 1599 5697 1982 5763; x_wconf 71' lang='lat' dir='ltr'><strong>Armachanus</strong></span> 
     </span>
    </p>
   </div>
  </div>
