3754 6206
40 285 124 339 557
991 283 1052 337 D.
1087 280 1223 337 NOU
1232 278 1374 334 RR“
1416 277 1605 334 DISSE

1771 278 1890 335 [‘10.
1934 312 2002 323 —-
2036 282 2215 337 PARS
2250 283 2341 342 Ill.

3184 286 3287 340 558

39 400 357 455 adulterinas
427 410 552 456 tum
615 403 970 471 interpolatas
1027 415 1152 455 eum
1203 407 1320 455 suis
1372 400 1613 469 antiquis
1645 405 1690 459 Α
1718 399 1966 466 ejusdem
2007 410 2190 456 textus
2229 402 2675 469 illustrationem,
2718 411 2882 473 atque
2913 399 3059 455 illius
3096 410 3288 456 contra

41 492 365 546 versionibus
399 490 635 549 Latinis
666 495 933 566 adjunxit.

43 608 151 677 μ.
194 609 265 664 De
309 611 561 669 editione
616 614 922 683 appendicis
963 612 1294 678 Usserianaa,
1330 612 1609 677 Cotelerii,

660 695 714 739 et
748 685 996 739 aliorum.

99 791 465 863 Snbsequenti
512 809 671 850 anno
706 793 979 862 Usserius,
1002 798 1117 851 visa
1140 795 1319 852 Vossii
1351 797 1612 863 editione,

42 880 352 951 lgnatiauam
408 882 666 940 Londini
732 887 1010 942 accuravit
1058 887 1449 957 appendicem,
1504 903 1612 958 qua

42 977 280 1041 genuinas
325 980 733 1035 tantummodo
772 980 959 1051 lgnatii
1009 983 1270 1053 epistolas
1317 981 1503 1037 Greece
1559 992 1614 1036 et

43 1065 208 1122 Latine
245 1071 587 1139 complexus
618 1081 725 1127 est.
757 1071 815 1126 ln
868 1090 929 1128 ea
961 1075 1140 1144 primo
1194 1074 1442 1129 Graecum
1475 1071 1615 1129 Vos-

43 1160 185 1214 siante
208 1161 479 1218 editionis
521 1172 737 1219 textum
769 1150 833 1221 ex
856 1166 1046 1221 Latina
1076 1168 1323 1222 versione
1346 1165 1613 1236 antiquis-

43 1254 177 1318 sima,
207 1263 260 1309 et
302 1252 462 1309 Junii
488 1256 791 1327 Vossiique
831 1259 1161 1328 conjecturis
1208 1259 1483 1327 corrigere
1517 1273 1613 1328 ag-

44 1361 257 1412 gressus,
291 1361 356 1400 ex
388 1347 622 1402 duabus
664 1347 865 1403 deinde
909 1348 1225 1402 earumdem
1255 1346 1609 1416 epistolarum

44 1438 361 1491 tersionibus
395 1437 623 1494 Latinis
644 1480 658 1505 ,
696 1439 869 1493 altera
916 1439 1301 1509 antiquissima
1324 1480 1338 1504 ,
1378 1439 1549 1493 altera
1579 1453 1609 1492 a

46 1524 205 1594 Sylvio
225 1528 394 1592 edita,
425 1546 603 1585 ttnam
634 1533 726 1585 ille
753 1532 1087 1601 composuit.
1120 1530 1393 1597 Quoniam
1425 1541 1607 1585 autem

48 1619 247 1684 epistola
276 1621 345 1674 ad
401 1620 706 1678 Romanos
753 1638 821 1678 ex
880 1625 1247 1693 manuscripto
1294 1622 1609 1677 Florentino

45 1710 191 1766 fuerat
225 1714 444 1776 avulsa,
482 1716 639 1769 illam
676 1732 801 1771 cum
834 1716 1035 1772 Graecis
1065 1717 1310 1788 martyrii
1344 1716 1608 1787 lguatiaui

45 1802 187 1868 Actis,
212 1814 320 1859 tam
353 1822 387 1860 a
437 1805 826 1877 Metaphraste
877 1810 1036 1865 editis
1058 1850 1073 1875 ,
1120 1825 1285 1879 quam
1318 1811 1441 1866 aliis
1470 1825 1499 1865 a
1550 1826 1610 1866 se

46 1897 273 1963 repertis,
321 1897 658 1971 ibidemque
708 1902 945 1972 primum
996 1901 1290 1972 publicatis
1319 1902 1606 1969 collatam,

47 1986 331 2059 tuendisque
353 2002 735 2062 expurgatam
760 1992 932 2047 voluit
960 1992 1171 2049 caeteris
1192 1993 1448 2048 omnibus
1475 1994 1610 2049 sub-

48 2079 181 2135 necti.

100 2171 390 2228 Cotelerius
422 2174 482 2228 in
514 2189 618 2229 sua
642 2171 884 2245 Operum
919 2171 1018 2228 SS.
1046 2171 1306 2237 Patrum,
1337 2173 1431 2243 qui
1467 2182 1609 2228 tem-

49 2262 238 2329 poribus
261 2265 600 2335 apostolicis
631 2264 955 2329 ﬂoruerunt,
978 2265 1217 2320 editione
1239 2280 1431 2321 omnes
1454 2268 1613 2335 lgna-

51 2354 96 2405 tii
122 2354 392 2422 epistolas,
431 2371 627 2421 veras,
664 2355 1043 2425 interpolatas,
1076 2355 1422 2419 subdititias,
1454 2356 1611 2411 adul-

53 2445 241 2513 terinas,
273 2448 372 2503 sed
406 2465 440 2502 a
474 2463 543 2502 se
576 2447 816 2502 invicem
848 2446 1135 2503 distinctas
1158 2489 1172 2513 ,
1217 2457 1273 2501 et
1307 2464 1408 2503 suo
1444 2464 1613 2519 quas-

52 2551 133 2604 que
168 2540 469 2596 collocatas
512 2540 570 2594 in
620 2539 849 2605 ordine,
894 2540 1035 2611 typis
1076 2540 1272 2593 iterum
1312 2541 1608 2595 mandavit.

54 2626 167 2682 Duas
194 2631 262 2684 ibi
307 2647 517 2686 earum
567 2631 719 2686 dedit
761 2632 1046 2686 versiones
1075 2629 1332 2695 Latinas,
1374 2646 1609 2701 quarum

53 2722 193 2786 prima
234 2725 521 2793 genuinas
548 2763 565 2789 ,
603 2722 845 2779 secunda
872 2723 1182 2793 suppositas
1225 2723 1611 2793 interpretatus

53 2822 131 2864 est.
172 2801 273 2868 Sed
327 2817 495 2884 prior
531 2813 743 2868 ultima:
769 2814 1042 2870 versiouis
1069 2814 1397 2881 Usserianae,
1428 2823 1612 2884 poste-

54 2904 139 2957 rior
157 2908 478 2963 versionum
501 2907 675 2979 Sylvii
705 2917 760 2961 et
787 2905 1034 2961 Maastraei
1064 2906 1250 2977 potius
1272 2907 1612 2963 emendatior

55 2996 396 3068 interpretatio
431 3000 673 3054 dicenda
700 3007 807 3066 est,
841 3013 1006 3068 quam
1040 3013 1204 3055 nova.

106 3088 327 3161 Denique
370 3091 638 3161 epistola:
674 3089 866 3161 lgnatii
903 3091 960 3146 in
1003 3092 1261 3147 omnibus
1309 3089 1610 3146 Bibliothe—
1636 3083 1679 3141 C

56 3194 207 3236 earum
250 3183 491 3237 Patrum
520 3182 863 3237 editionibds
910 3183 1219 3237 habuerunt
1265 3183 1479 3249 locum;
1515 3180 1610 3237 sed

60 3271 216 3327 nullibi
272 3274 389 3329 nisi
438 3274 496 3327 in
531 3272 929 3328 Caeco—latina
953 3275 1095 3344 typis
1146 3274 1349 3330 Graecis
1393 3291 1611 3332 excusas

65 3372 183 3418 sunt.
237 3364 293 3419 in
348 3365 487 3420 aliis
546 3380 681 3419 vero
728 3364 895 3420 varia:
941 3366 1269 3421 exhibentur
1326 3368 1611 3423 versiones

61 3449 256 3523 Latinae;
313 3466 375 3513 et
429 3456 663 3527 quidem
714 3457 766 3510 in
832 3457 1378 3529 Orthodoxographia
1430 3460 1611 3513 versio

60 3548 279 3618 antiqua;
326 3552 389 3604 in
428 3550 783 3604 Bibliotheca
834 3548 1133 3605 Parisiensi
1174 3560 1229 3606 et
1269 3551 1608 3619 Coloniensi,

64 3648 103 3690 et
128 3639 519 3697 Graeco-latina
548 3642 925 3710 interpretatio
947 3642 1115 3714 Sylvii
1137 3644 1372 3713 reposita
1412 3654 1515 3699 est.
1551 3645 1609 3698 ln

61 3730 355 3791 bibliotheca
400 3738 638 3791 demum
685 3732 1034 3805 Lugdunensi
1067 3736 1189 3792 dua:
1213 3748 1342 3791 sunt
1386 3752 1609 3793 earum-

58 3823 151 3878 dem
187 3830 553 3897 epistolarum
593 3828 1107 3896 interpretationes,
1137 3844 1371 3899 quarum
1404 3844 1512 3882 una
1543 3843 1611 3882 ex

61 3914 214 3985 Sylvii,
250 3923 423 3978 altera
454 3938 529 3977 ex
566 3920 748 3976 Vossii
784 3922 1023 3977 editione
1054 3922 1343 3991 desumpta
1388 3922 1609 3991 quidem

62 4005 167 4074 iuit;
191 4014 276 4067 sed
314 4014 427 4069 illa:
457 4014 517 4067 iu
558 4013 667 4067 hac
703 4013 1004 4083 posteriore
1047 4012 1396 4068 fraudulento
1443 4012 1613 4068 falso-

59 4117 139 4167 que
162 4108 531 4173 genuinarum
576 4102 775 4175 lgnatii
819 4104 1175 4175 epistolarum
1205 4104 1361 4160 titulo
1409 4104 1610 4159 inscri-

61 4190 245 4251 buntur.

656 4307 885 4362 CAPUT
925 4308 986 4364 ll.

1718 505 2047 560 novatores,
2099 494 2155 548 in
2207 496 2506 567 primisque
2563 495 2866 552 Scultetum
2911 495 3286 561 defensionem

1717 595 1848 639 sunt
1895 587 2076 641 editae.
2130 585 2236 643 Sed
2284 590 2482 658 cuique
2534 599 2794 661 praeterea
2830 588 3072 657 epistolae
3131 603 3291 642 suam

1720 678 1995 748 analysin,
2031 679 2209 750 iisque
2252 682 2508 738 omnibus
2547 683 2807 753 synopsiu
2844 681 2977 737 Vitae
3007 682 3197 753 lgnatii
3237 691 3292 737 et

1722 772 1971 825 omnium
2003 774 2358 843 epistolarum
2391 776 2694 846 apologiam
2736 777 3017 846 praemisit.
3046 777 3117 831 At
3143 787 3291 831 certe

1715 862 1762 917 si
1791 862 1883 917 ille
1933 862 1986 916 iu
2020 864 2184 919 rebus
2231 866 2438 921 criticis
2466 867 2639 939 magis
2698 867 2892 925 fuisset
2930 871 3287 937 exercitatus,

1716 955 1799 1008 vel
1826 961 1950 1024 post
1984 953 2191 1011 Usserii
2223 955 2513 1027 Vossiique
2539 960 2826 1027 editiones,
2868 977 3024 1017 suam
3049 963 3291 1018 dedisset

1714 1046 2044 1117 apologiam,
2070 1064 2351 1120 nunquam
2394 1050 2639 1120 proiecto
2674 1053 3012 1109 adulterinas
3034 1096 3049 1121 ,
3082 1070 3287 1125 suppo-

1714 1138 2029 1210 sititiasque
2058 1142 2339 1211 epistolas,
2369 1160 2525 1215 atque
2554 1161 2619 1201 ac
2645 1161 2804 1201 veras
2832 1144 3041 1216 lgnatio
3071 1147 3288 1217 adjudi-

1713 1234 1916 1288 caudas
1946 1249 2067 1290 esse
2093 1251 2258 1290 suum
2280 1236 2335 1291 in
2365 1238 2610 1292 animum
2643 1238 2969 1293 induxisset.

1782 1326 2043 1384 Nicolaus
2078 1328 2331 1384 Vedelius
2369 1340 2495 1399 post
2534 1331 2779 1401 singulas
2811 1346 3058 1401 quasque
3080 1332 3287 1401 episto-

1713 1419 1797 1476 las
1824 1420 2039 1492 longam
2077 1421 2555 1486 dissertationem,
2595 1422 2765 1478 variis
2795 1423 3066 1492 capitibus
3088 1423 3287 1479 distin-

1711 1521 1879 1578 ctam,
1900 1512 2209 1581 subjunxit,
2228 1529 2337 1583 qua
2368 1513 2701 1569 Calvinianaa
2725 1530 2839 1570 suae
2862 1524 3024 1570 sectae
3048 1530 3286 1578 errores,

1710 1613 1764 1657 et
1796 1603 1903 1657 alia
1946 1603 2195 1672 quaedam
2243 1604 2539 1671 doctrinae,
2573 1606 2989 1675 disciplinaque
3031 1605 3290 1661 ecclesia-

1713 1695 1865 1751 stiea:
1910 1686 2090 1765 capita
2142 1697 2406 1752 adversus
2458 1696 2851 1753 Bellarminum
2900 1713 2966 1753 ac
2992 1696 3287 1754 Baroniutn

1709 1791 2108 1861 prepugnanda
2161 1791 2428 1861 suscepit.
2490 1789 2549 1844 In
2602 1791 2753 1845 calce
2804 1800 2987 1846 autem
3039 1791 3287 1861 adjecit:

1715 1898 1734 1932 ι
1766 1880 1933 1936 Notas
1971 1882 2215 1946 criticas,
2253 1891 2308 1937 et
2356 1882 2772 1938 observationes
2804 1883 3070 1953 quasdam
3106 1883 3286 1953 philo-

1709 1971 1915 2042 logicas
1959 1972 2012 2025 in
2044 1973 2309 2042 epistolas
2337 1984 2546 2043 septem
2584 1988 2873 2045 germanas
2920 1972 3135 2045 lgnatii.
3167 1992 3185 2025 ι
3226 1974 3285 2029 ln

1711 2065 1781 2120 iis
1809 2067 2139 2137 quandoque
2174 2068 2486 2122 versionem
2521 2082 2677 2121 suam
2696 2108 2713 2135 ,
2741 2068 3073 2138 quandoque
3098 2070 3289 2140 genui-

1711 2172 1810 2211 nas
1839 2156 2034 2227 lgnatii
2089 2158 2349 2228 epistolas
2392 2167 2577 2213 tuetur
2603 2169 2658 2214 et
2696 2160 2917 2225 asserit,
2956 2161 3289 2229 quandoque

1711 2264 1901 2304 earum
1938 2251 2390 2320 interpolationes
2420 2251 2662 2317 indicat,
2688 2252 3020 2324 quandoque
3067 2254 3287 2309 tandem

1710 2346 1922 2393 textum
1944 2356 2135 2395 earum
2169 2342 2407 2411 explicat
2427 2352 2525 2397 aut
2545 2342 2794 2415 corrigit.

1784 2428 1980 2486 Billius
2020 2448 2241 2503 qquue
2289 2433 2581 2514 quasdam,
2629 2444 2690 2489 ut
2719 2434 2837 2505 ipse
2881 2436 2981 2502 ait,
3023 2436 3291 2491 observa-

1712 2523 1992 2578 tiunculas
2040 2525 2107 2579 ad
2140 2522 2410 2595 lgnatiaui
2453 2535 2637 2582 textus
2686 2526 2897 2595 Graeci,
2944 2529 3027 2584 vel
3083 2528 3292 2584 Latina:

1713 2615 1863 2673 illius
1890 2618 2160 2674 versionis
2187 2618 2627 2675 emendationem
2656 2620 2964 2690 posteritati
2988 2621 3229 2692 reliquit.

1715 2756 1746 2829 ς
1785 2753 1852 2809 ll.
1895 2754 1973 2811 De
2012 2754 2455 2878 adnotationibusl
2498 2754 2733 2837 Usserii,
2798 2755 2972 2815 Vossit'
3023 2768 3074 2815 et
3130 2758 3289 2815 Cote-

2457 2841 2579 2878 em.

2457 2841 2579 2880 ενιι.

1786 2940 2046 2999 Usserius
2090 2958 2222 2999 vero
2259 2944 2445 3013 plures
2492 2944 2664 3000 edidit
2708 2945 3121 3013 aduotatioues,
3180 2964 3200 2997 ι
3233 2945 3288 2998 in

1712 3036 1939 3105 quibus,
1969 3036 2145 3106 inquit
2171 3038 2282 3103 ille,
2316 3036 2627 3093 Graecorum
2659 3038 3077 3108 exemplarium,
3117 3045 3173 3091 et
3199 3037 3288 3091 in-

1714 3139 1795 3183 ter
1817 3146 1899 3197 se,
1930 3138 1984 3185 et
2013 3145 2138 3185 cum
2167 3141 2399 3200 utraque
2424 3139 2604 3185 vetere
2626 3129 2819 3184 Latina
2846 3129 3291 3199 interpretatione

1712 3224 2052 3293 comparatio
2100 3224 2432 3278 continetur.
2466 3242 2486 3275 ι
2543 3222 2648 3278 Sed
2696 3238 2821 3277 cum
2869 3222 2972 3276 illa:
3021 3223 3288 3293 genuinas

1712 3325 1926 3370 tantum
1959 3317 2222 3386 epistolas
2274 3316 2465 3386 lgnatii
2496 3324 2824 3385 spectarent,
2853 3316 2990 3371 alias
3039 3315 3094 3369 in
3134 3330 3289 3369 com-

1713 3409 1989 3465 mentitias
2012 3419 2067 3463 et
2092 3408 2432 3463 adulterinas
2457 3409 2511 3463 in
2554 3409 2868 3479 Appendice
2898 3425 2995 3465 sua
3046 3409 3291 3479 posthaec

1712 3501 1900 3556 edidit.
1936 3501 2155 3555 Priores
2195 3511 2254 3555 ut
2293 3500 2512 3571 praefert
2554 3502 2785 3566 titulus,
2822 3503 3087 3572 quasdam
3136 3500 3291 3573 lgna-

1712 3591 1849 3646 tiani
1879 3600 2062 3645 textus
2099 3590 2490 3657 correctiones,
2523 3601 2620 3645 aut
2662 3592 2938 3646 variantes
2972 3593 3286 3647 manuscri-

1713 3693 1934 3757 ptorttm
1970 3684 2222 3739 codicum
2246 3683 2508 3739 lectiones
2530 3685 2809 3739 exhibent.
2832 3683 3171 3741 Posteriores
3195 3700 3291 3741 ve-

1713 3793 1777 3832 ro
1806 3778 1891 3831 vel
1935 3777 2166 3831 aliarum
2195 3777 2550 3846 epistolarum
2600 3776 2914 3842 falsitatem,
2946 3786 3041 3832 aut
3071 3778 3287 3833 illarum

1712 3883 1838 3923 cum
1898 3869 2219 3938 apostolicis
2291 3868 2791 3923 Consﬂtutionibus
2870 3868 3290 3925 similitudinem

1713 3962 2053 4033 patefaciunt
2079 3970 2134 4017 et
2161 3963 2543 4016 demonstrant

1782 4054 2243 4110 Adnotationibus
2275 4052 2456 4110 Vossii
2497 4054 2648 4110 solus
2682 4056 3048 4126 genuiuarum
3086 4057 3293 4128 episto-

1713 4148 1893 4203 larum
1928 4148 2479 4225 textus‘castigatur,
2526 4156 2623 4203 aut
2661 4149 2965 4217 enodatur;
3013 4150 3293 4205 nonnullis

1713 4252 1919 4309 tamen,
1953 4242 2047 4297 sed
2070 4242 2420 4312 paucissimis
2446 4242 2810 4311 quarumdam
2842 4243 3043 4299 veritas
3087 4244 3294 4313 episto-

1714 4334 1893 4388 larum
1922 4335 2208 4388 asseritur.
2236 4332 2538 4403 Postquam
2584 4342 2767 4389 autem
2798 4333 3115 4390 Blondellus
3152 4351 3293 4389 nou-

62 4433 111 4475 Ds
148 4437 308 4482 unus
348 4442 404 4481 IN
462 4439 674 4480 tenuit
713 4440 1002 4479 EPISTOLAS
1040 4441 1200 4482 NOTIS
1238 4442 1308 4481 ΕΤ
1348 4441 1610 4481 οηειεεινλ-
1642 4418 1686 4473 D
1715 4424 1865 4479 nulla
1914 4426 2109 4479 harum
2166 4422 2710 4478 animadversionum
2764 4432 2945 4479 errata
2997 4424 3290 4495 arguisset,

687 4510 955 4550 TIONIBUS.

66 4601 549 4681 §l.__Deinotis_.et
604 4606 1069 4681 observetiouiltus
1114 4607 1369 4681 Vnirnelt'i
1409 4610 1609 4681 Sylvii,

141 4675 399 4732 Hartialis
443 4674 736 4740 sttrazi,
768 4674 983 4731 Νίσοιαί
1027 4677 1226 4734 Vedelii
1259 4691 1309 4735 et
1340 4674 1512 4736 Billii.

117 4786 179 4842 Ex
208 4791 268 4846 iis
291 4791 389 4861 qui
421 4789 675 4859 aliquam
712 4790 1066 4859 epistolarum
1092 4790 1283 4862 lgnatii
1314 4794 1611 4849 editionem

65 4880 475 4949 adornaverant,
532 4881 759 4953 plurimi
818 4883 941 4939 illas
999 4885 1147 4939 notis
1207 4885 1610 4941 observationi-

67 4968 239 5042 ilusque
268 4978 387 5032 suis
446 4976 730 5030 illustrare
777 4978 1017 5046 aggressi
1065 4986 1215 5033 sunt.
1264 4978 1341 5035 Ac
1371 4980 1609 5049 primum

65 5067 245 5128 quidem
268 5068 591 5123 Vairnelius
620 5065 837 5136 Sylvius
859 5069 1107 5137 quaedam
1133 5072 1185 5124 in
1218 5086 1311 5125 eas
1336 5072 1610 5137 observat,

68 5158 118 5208 ad
145 5170 305 5218 textus
348 5162 532 5217 ϐταιοί
578 5170 673 5216 aut
712 5164 983 5219 versiouis
1036 5180 1151 5219 sua:
1192 5164 1609 5234 explicationem

67 5252 431 5323 conducentia;
484 5254 586 5310 sed
631 5271 753 5325 qua:
796 5259 865 5311 ad
912 5264 1120 5311 textum
1167 5266 1447 5326 spectant,
1478 5274 1614 5327 pau-

69 5340 189 5398 ciora
238 5357 401 5414 sunt,
454 5348 803 5418 minorisqne
857 5349 1140 5403 momenti.
1190 5348 1267 5402 Ea
1314 5359 1495 5402 tamen
1554 5350 1609 5403 in

69 5440 290 5496 omnibus
310 5441 542 5497 Patrum
576 5440 928 5496 Bibliothecis
954 5441 1229 5511 publicata
1258 5443 1500 5497 fuerunt.

124 5529 363 5591 ilartialis
417 5535 725 5591 Maestraeus
789 5536 970 5603 plures
1008 5548 1232 5602 quoque
1281 5534 1336 5586 in
1388 5533 1606 5587 easdem

71 5622 541 5683 animadversiones
588 5624 851 5694 Vulgavit,
883 5639 1115 5693 quarum
1149 5623 1266 5676 alia:
1295 5623 1361 5676 ad
1400 5632 1607 5677 textum

72 5709 314 5789 Cacum,
355 5720 780 5789 versionemque
828 5732 983 5774 suam
1036 5714 1343 5787 pertinent;
1383 5715 1503 5770 alite
1542 5716 1610 5768 ad

1715 4524 1847 4571 tunc
1880 4513 2113 4570 Vossius
2155 4514 2383 4584 epistola
2406 4553 2423 4579 ,
2472 4515 2540 4568 ad
2574 4515 2827 4569 Rivetum
2858 4517 2984 4571 data
3005 4556 3019 4582 ,
3051 4523 3219 4585 atque
3258 4532 3293 4572 a

1713 4605 2013 4661 Pearsonio
2057 4606 2110 4659 in
2163 4606 2314 4660 calce
2351 4605 2725 4660 Vindiciarum
2772 4621 2998 4661 suarum
3051 4608 3291 4678 vulgata,

1715 4698 1783 4753 ad
1812 4700 1934 4753 illas
1964 4707 2190 4753 strenue
2220 4697 2645 4768 prOpugnandas
2681 4714 2977 4769 aggressus
3006 4708 3111 4754 est.

1784 4793 2073 4847 Postremo
2097 4790 2401 4845 Cotelerius
2428 4790 2482 4843 in
2513 4805 2708 4846 omnes
2746 4787 2939 4862 lgnatii
2972 4792 3144 4847 nostri
3179 4792 3291 4862 epi-

1716 4887 1889 4941 stolas
1922 4894 2081 4939 notas
2108 4883 2293 4938 emisit
2314 4893 2479 4953 atque
2504 4884 2948 4944 observationes.
2987 4884 3137 4953 Quas
3163 4900 3299 4939 vero

1714 4980 1769 5033 in
1801 4978 2069 5049 genuinas
2097 4976 2186 5031 ille
2218 4977 2466 5046 protulit,
2494 4992 2571 5031 eae
2613 4979 2825 5034 caeteris
2867 4978 3127 5033 omnibus
3167 4990 3299 5033 sont

1715 5070 2013 5138 longiores,
2058 5067 2235 5137 iisque
2273 5080 2381 5120 non
2418 5065 2596 5120 solum
2629 5076 2810 5121 textus
2843 5067 3168 5129 illustratur,
3200 5064 3297 5116 sed

1718 5166 1802 5219 ha:
1856 5163 2207 5234 potissimum
2253 5157 2760 5231 epistoltngnatio
2807 5159 3181 5213 vindicantur.
3236 5150 3295 5207 In

1716 5258 1840 5313 aliis
1870 5272 2034 5327 porro
2059 5252 2507 5310 adnotationibus
2534 5260 2741 5307 textum
2770 5250 3012 5304 auctoris
3036 5262 3103 5303 ex
3128 5248 3295 5304 variis

1716 5352 1953 5405 aliorum
1984 5348 2211 5403 Patrum
2244 5346 2577 5401 testimoniis
2611 5344 2884 5413 praecipue
2918 5340 3195 5409 explanat,
3229 5357 3296 5397 ac

1717 5443 2046 5513 quibusdam
2074 5443 2126 5495 in
2154 5440 2289 5496 locis
2331 5441 2397 5493 de
2423 5438 2732 5507 virginitate
2755 5474 2770 5499 ,
2806 5435 2874 5489 de
2919 5433 3292 5502 apostolorum

1717 5532 1995 5601 conjugio,
2032 5528 2420 5596 nonuullisque
2440 5527 2506 5580 de
2530 5526 2800 5580 haereticis
2830 5538 3140 5579 sermonem
3177 5526 3296 5580 dis-

1719 5624 2169 5693 putationemque
2215 5620 2471 5675 instituit.
2509 5619 2777 5672 Caeterum
2826 5632 3019 5671 oumes
3056 5617 3161 5672 illa:
3190 5618 3294 5673 do-

1721 5715 1961 5772 ctissimi
2000 5714 2108 5772 viri
2155 5711 2570 5768 observationes
2596 5710 2843 5780 ejusdem
2875 5716 3003 5766 sunt
3042 5712 3284 5781 generis,
