3746 6302
408 323 513 379 559

1462 303 1521 359 S.
1561 299 1914 358 lGNATlUS.
1959 329 2025 338 —-
2056 290 2594 351 PROLEGOMENA.

3561 271 3655 328 ἴω

410 458 474 497 ac
499 456 575 497 ea:
596 453 734 509 quas
758 436 811 490 in
841 431 1109 488 Barnabas
1127 426 1413 499 epistolam
1437 424 1627 479 edidit.
1652 421 1711 474 In
1738 420 1987 488 utrisque
2016 423 2061 476 Α
2089 416 2248 467 debet
2290 409 2539 465 adnotari
2564 450 2578 474 ,
2606 405 2750 476 quod
2803 402 3047 474 lgnatius
3090 401 3159 456 de
3199 414 3357 456 sacro
3401 393 3663 450 Christiao

411 543 593 587 tamen
616 570 630 594 ,
661 543 729 582 ne
758 525 887 598 quid
918 520 1332 578 dissimulemus
1354 557 1368 582 ,
1401 514 1536 568 illud
1587 510 1790 566 eruditi
1836 507 1990 563 desi-

411 626 625 689 derant,
657 633 765 675 uta
794 618 1074 689 proposito
1104 611 1349 668 auctoris
1378 608 1463 663 sui
1480 613 1631 661 textu
1649 605 1832 658 minus
1852 614 1993 669 saepe

408 724 495 777 ille
531 719 810 788 digressus
848 712 1062 779 fuisset,
1084 724 1186 765 nec
1206 705 1325 763 suis
1348 713 1459 760 tam
1483 699 1644 757 facile
1668 696 1994 754 indulsisset

405 827 504 865 con
513 805 769 876 jecturis.

1015 931 1247 991 CAPUT
1294 929 1382 985 lll.

405 1071 640 1121 ριῖιειηω
679 1068 829 1109 Νονιε
867 1058 1302 1105 οηεειιγλτιοκεε
1338 1058 1388 1096 ιω
1431 1053 1632 1095 ιωιλτιι
1680 1049 1993 1091 εριετοιλε.

805 1164 834 1234 ς
868 1163 909 1218 l.
954 1162 1029 1215 De
1068 1157 1268 1214 Christi
1304 1152 1605 1209 divinitate.

487 1282 586 1337 llis
632 1280 918 1334 doctorum
972 1274 1254 1329 hominum
1287 1264 1765 1325 observationibus
1808 1261 1853 1316 si
1898 1260 2001 1314 ali-

418 1375 550 1445 quid
607 1372 844 1442 adjicere
898 1366 1056 1421 nobis
1120 1364 1280 1417 liceat
1312 1403 1327 1428 ,
1381 1359 1559 1430 primo
1617 1352 2003 1411 adnotabimus

419 1443 730 1537 supremam
777 1460 985 1517 Christi
1025 1455 1242 1511 Domini
1286 1452 1625 1508 divinitatem
1678 1446 1749 1501 ab
1788 1443 2002 1516 lguatio

418 1535 610 1615 nostro
642 1557 788 1612 clare
816 1563 870 1609 et
893 1552 1181 1623 perspicue
1207 1548 1378 1603 asseri
1410 1553 1465 1599 et
1492 1540 1727 1597 defendi.
1763 1541 1808 1591 A
1848 1535 2005 1592 nobis

423 1650 701 1718 enimjam
745 1646 1183 1713 demonstratum
1231 1649 1317 1694 est
1371 1636 1531 1692 Verbi
1580 1633 1750 1689 divini
1781 1629 2003 1687 aeterni-

425 1755 592 1800 tatem
629 1743 697 1796 ab
727 1741 820 1794 illo
845 1740 1005 1808 plane
1037 1736 1265 1789 omnino
1304 1742 1360 1787 et
1400 1738 1585 1799 aperte
1626 1726 1711 1781 his
1742 1722 2004 1793 explicari

426 1835 641 1889 verbis:
676 1833 774 1895 ’Ὀς
807 1833 955 1884 ἐστιν
986 1826 1150 1881 αὐτοῦ
1182 1826 1339 1894 imo;
1362 1822 1549 1884 ἀΐδιος,
1572 1819 1671 1871 οὐκ
1702 1816 1810 1871 ἀπὸ
1845 1814 2006 1886 σιγῆς

428 1924 725 2001 προελθών,
764 1943 782 1975 ‹
822 1922 917 1992 qui
947 1930 1029 1977 est
1056 1920 1227 1989 ipsius
1264 1917 1490 1970 verbum
1532 1921 1797 1967 internum
1829 1924 1940 1963 non
1976 1923 2007 1962 a

425 1997 643 2073 silentio
678 2012 1030 2084 progrediens
1048 2011 1115 2065 ⁵⁸.
1146 2029 1164 2075 ρ
1201 2007 1364 2078 Atqui
1398 2007 1445 2061 si
1477 2004 1734 2059 Christus
1764 2010 1848 2057 est
1879 1997 2010 2054 Ver-

426 2112 556 2165 bum
588 2108 734 2162 Patri
767 2121 866 2160 suo
896 2112 1253 2168 comternum,
1282 2102 1329 2156 is
1356 2100 1473 2170 ipse
1513 2106 1567 2152 et
1604 2095 1849 2166 ejusdem
1879 2107 2009 2148 eum

428 2208 551 2274 ipso
590 2212 801 2256 naturae
828 2240 843 2263 ,
896 2199 1154 2269 idemque
1200 2211 1264 2251 ac
1302 2195 1394 2249 ille
1437 2193 1509 2248 sit
1560 2190 1733 2257 Deus,
1784 2188 2011 2244 omnino

428 2308 656 2349 necesse
697 2298 801 2345 est.

500 2403 691 2474 Neque
740 2404 813 2458 ibi
862 2410 1114 2465 tantum,
1169 2399 1262 2454 sed
1305 2398 1358 2451 in
1401 2397 1522 2451 aliis
1556 2396 1722 2450 etiam
1766 2392 2014 2464 epistolis

433 2497 551 2554 suis
615 2497 866 2552 eamdem
925 2492 1130 2548 Christi
1178 2491 1517 2545 divinitatem
1573 2486 2016 2543 constantissime

434 2590 595 2643 docet
639 2598 693 2642 et
728 2585 1030 2657 praedicat:
1086 2601 1104 2634 ι
1143 2580 1438 2645 Glorilico,
1489 2578 1665 2649 inquit
1700 2578 1782 2645 “,
1827 2574 2016 2631 Jesum

433 2680 716 2747 Christum
754 2677 946 2733 Deum.
979 2696 998 2729 ι
1030 2676 1173 2729 Alibi
1204 2688 1371 2729 vero:
1409 2690 1427 2723 ε
1466 2670 1623 2726 Unus
1658 2679 1743 2726 est
1772 2670 2017 2726 medicus

435 2771 675 2827 carnalis
699 2781 753 2824 et
777 2769 1101 2840 spiritualis,
1129 2765 1308 2822 factus
1337 2774 1390 2820 et
1413 2780 1521 2820 non
1552 2763 1751 2830 factus,
1778 2763 1832 2817 in
1854 2775 2020 2817 carne

437 2868 582 2921 Deus
598 2866 665 2919 ⁸⁷.
691 2884 708 2916 ι
747 2863 872 2917 Haec
894 2863 1093 2932 quippe
1126 2860 1317 2914 ultima
1349 2856 1544 2929 lgnatii
1568 2856 1733 2910 verba
1756 2854 1825 2909 ab
1845 2853 2019 2907 Atha-

437 2958 616 3022 nasio,
650 2953 1020 3017 Theodoreto,
1073 2949 1293 3006 Gelasio
1333 2955 1528 3002 contra
1572 2944 1830 3014 antiquos
1881 2943 2021 2997 divi—

437 3048 628 3102 nitatis
652 3045 855 3101 Christi
886 3044 1295 3114 impugnatores
1320 3039 1508 3104 citata,
1539 3037 1689 3091 illam
1719 3034 1795 3088 ita
1818 3033 2020 3087 invicte

439 3143 753 3212 exphcant,
800 3147 862 3195 ut

438 3234 741 3305 potuerint.

513 3328 882 3396 Quamobrem
905 3326 1126 3397 quidam
1153 3338 1184 3378 e
1200 3325 1620 3377 Socimanorum
1650 3326 1820 3385 secta,
1838 3325 2026 3372 neote-

442 3422 592 3477 ricus
643 3420 897 3490 scriptor,
928 3433 1054 3473 eum
1095 3415 1403 3472 claritatem
1453 3413 1685 3483 hujusce
1727 3408 2027 3466 testimonii

446 3513 615 3569 nullis
656 3512 838 3583 impiae
885 3510 1084 3566 mentis
1132 3508 1345 3563 artibus
1378 3506 1675 3560 obscurare
1720 3512 1923 3573 posset,
1960 3515 2027 3555 eo

450 3606 598 3661 venit
623 3603 997 3675 impudentiae,
1025 3610 1086 3656 ut
1118 3600 1359 3656 scribere
1385 3613 1555 3652 ausus
1598 3596 1706 3652 sit:
1740 3594 1796 3648 In
1831 3591 2027 3664 lgnatii

446 3698 697 3769 epistolis
724 3695 1130 3766 propositiones
1156 3692 1425 3763 quasdam
1452 3688 1836 3746 incommodas
1857 3694 1913 3740 et
1944 3684 2028 3739 in-

448 3791 632 3846 sulsas
660 3788 911 3858 reperiri,
950 3802 1015 3841 ac
1064 3785 1295 3855 proinde
1340 3798 1467 3838 eum
1501 3782 1557 3836 in
1600 3796 1701 3834 sua
1726 3779 1793 3833 de
1823 3776 2027 3833 Christi

451 3882 740 3935 divinitate
789 3879 1061 3934 sententia
1113 3876 1273 3930 facile
1319 3874 1499 3942 decipi
1540 3871 1784 3941 potuisse
1888 3888 1906 3919 ι
1964 3883 2030 3923 ex

448 3973 747 4027 traditione
768 3970 1008 4039 alicujus
1042 3965 1495 4038 pseudo-Christi
1516 4005 1532 4030 ,
1569 3972 1623 4017 et
1661 3961 2031 4032 pseudo-apo-

452 4067 602 4122 stoli.
635 4084 654 4117 ι

526 4156 636 4211 Sed
664 4155 850 4210 nullus
880 4166 1122 4222 unquam
1165 4150 1220 4202 in
1255 4146 1553 4219 lgnatianis
1584 4143 1835 4215 epistolis
1864 4141 2031 4196 ullam

454 4248 865 4303 mcummodam
906 4254 1001 4298 aut
1028 4242 1297 4297 insulsam
1326 4238 1755 4309 propositionem
1787 4236 2034 4305 assigna-

453 4338 556 4394 bit.
584 4337 787 4391 Deinde
816 4333 1070 4398 quamvis
1115 4331 1357 4402 lgnatius
1398 4330 1600 4383 alicubi
1633 4328 1690 4381 in
1729 4327 1893 4381 rebus
1918 4325 2036 4380 exi-

457 4432 580 4501 guis
615 4430 699 4485 vel
748 4428 952 4483 nullius
990 4424 1253 4480 momenti
1306 4421 1511 4491 aliquid
1560 4419 1787 4474 humani
1836 4432 2034 4487 passus

457 4533 632 4590 esset;
663 4510 1099 4578 eertum‘tamen
1139 4527 1224 4571 est
1262 4515 1443 4569 virum
1486 4512 1671 4575 illum,
1721 4525 1848 4564 vere
1904 4524 2037 4578 apo-

460 4618 751 4682 stolicum,
793 4622 847 4669 et
898 4609 1162 4681 martyrio
1220 4607 1447 4679 jamjam
1508 4601 1922 4667 eoronandum,
1981 4600 2039 4655 in

462 4724 679 4764 summo
727 4723 793 4762 ac
841 4706 1116 4776 prmeipuo
1180 4700 1347 4756 totius
1386 4697 1716 4755 Christianae
1756 4691 2041 4763 religionis

463 4800 640 4869 capite
668 4814 701 4854 a
731 4798 883 4853 nullo
914 4792 1376 4867 pseudo-Christo
1412 4800 1509 4845 aut
1559 4784 2039 4859 pseudo-apostolo

464 4892 641 4948 fuisse
687 4891 994 4959 deceptum.
1050 4885 1382 4942 Temeraria:
1420 4896 1551 4952 ergo
1593 4880 1701 4935 illa:
1745 4878 2039 4947 impiorum

466 4985 753 5040 hominum
808 4979 1195 5050 responsiones
1246 4973 1601 5046 explodendze
1651 4979 1821 5036 sunt,
1876 4967 2042 5037 eique

464 5079 732 5135 doctrina:
758 5073 1157 5136 inhaerendum,
1184 5084 1282 5140 pro
1305 5083 1413 5139 qua
1440 5081 1549 5121 non
1576 5064 1753 5120 solum
1778 5061 2042 5133 lgnatius,

468 5172 562 5227 sed
598 5166 873 5225 innumeri
897 5174 1167 5235 martyres
1196 5159 1520 5231 sanguinem
1548 5172 1713 5212 suum
1737 5150 2046 5210 constantia

468 5261 781 5318 admirabili
813 5258 1082 5329 planeque
1110 5253 1295 5309 divina
1319 5248 1703 5321 profuderunt.

684 5396 712 5467 θ
746 5394 808 5449 ιι.
852 5392 930 5446 De
970 5406 1125 5446 sacro
1171 5386 1600 5443 Christianorum
1635 5380 1827 5435 altari.

528 5530 731 5600 Neque
793 5528 926 5582 illud
984 5525 1147 5581 etiam
1214 5518 1593 5592 perfunctoria
1652 5511 2043 5571 observatione

2093 521 2289 561 norum
2328 502 2486 557 altari
2519 501 2583 554 ad
2611 497 2875 568 Ephesios
2903 494 3094 550 scribit
3125 510 3139 547 :
3172 511 3190 543 ι
3218 492 3277 546 Si
3308 489 3437 561 quis
3464 502 3569 541 non
3599 486 3665 539 sit

2094 600 2238 653 intra
2271 596 2464 658 altare,
2490 592 2586 645 τοῦ
2621 586 3035 659 θυσιαστηρίου,
3061 586 3305 655 privatur
3335 596 3478 651 pane
3502 578 3611 632 Dei.
3644 598 3660 627 ι

2096 691 2164 746 Et
2203 689 2272 745 ad
2320 685 2796 754 Philadelphmos:
2856 697 2875 731 ι
2926 677 3043 733 Una
3092 678 3240 732 enim
3277 688 3409 730 caro
3462 671 3665 725 Domini

2096 782 2271 841 nostri
2305 780 2432 836 Jesu
2468 776 2697 842 Christi,
2724 783 2780 830 et
2806 788 2951 828 unus
2981 770 3123 825 calix
3159 770 3215 823 in
3256 768 3522 822 unionem
3547 779 3668 817 san-

2097 874 2279 949 guinis
2308 873 2516 943 ipsius,
2564 884 2734 923 unum
2767 867 2958 930 altare,
2994 863 3053 916 ἓν
3086 862 3494 931 θυσιαστήριον.
3526 875 3545 909 ι
3581 854 3670 907 [lis

2101 971 2156 1025 in
2186 967 2323 1023 locis
2368 977 2555 1019 vocem
2593 958 2980 1030 θυσιαστήριον
3014 956 3069 1009 in
3110 969 3207 1009 sua
3246 951 3472 1021 propria
3495 992 3510 1016 ,
3552 965 3667 1003 vera

2100 1079 2165 1118 ac
2185 1060 2419 1133 genuina
2448 1054 2868 1126 significatione,
2886 1048 3145 1102 nimirum
3169 1060 3272 1116 pro
3292 1060 3449 1099 sacra
3471 1058 3667 1105 mensa,

2100 1157 2158 1210 in
2186 1169 2297 1225 qua
2322 1148 2527 1206 Christi
2569 1161 2770 1215 corpus
2817 1139 3159 1205 imm'olatur,
3188 1135 3446 1206 usurpari
3491 1134 3671 1188 certis-

2101 1248 2305 1304 simum
2348 1253 2451 1298 est.
2492 1239 2651 1295 Unde
2697 1236 2946 1307 profecto
2997 1231 3308 1289 refutantur
3337 1225 3669 1288 Calviniani,

2102 1340 2193 1412 qui
2225 1352 2413 1393 verum
2442 1333 2645 1390 Christi
2691 1345 2890 1399 corpus
2931 1329 2985 1381 in
3033 1323 3372 1380 eucharistia
3417 1320 3542 1375 eése
3588 1335 3672 1371 ue-

2104 1442 2313 1505 gantes,
2340 1443 2528 1485 vocem
2565 1439 2784 1495 quoque
2824 1420 3210 1489 θυσιαστήριον
3243 1416 3421 1469 altare
3466 1429 3591 1466 vero
3617 1428 3672 1464 ac

2104 1504 2326 1595 proprio
2367 1519 2677 1590 signiﬁcatu
2721 1529 2816 1583 per
2847 1512 2946 1566 tria
2981 1511 3154 1580 prima
3186 1506 3448 1562 Ecclesia:
3492 1504 3671 1559 saecula

2106 1617 2174 1671 ab
2198 1613 2438 1684 antiquis
2464 1608 2724 1665 Patribus
2753 1614 3029 1673 acceptam
3063 1601 3404 1656 intieiantur.

2176 1728 2400 1783 Frustra
2472 1731 2654 1778 autem
2722 1719 2913 1789 objicit
2987 1716 3243 1771 Vedelius
3297 1711 3675 1769 eucharistiam

2109 1819 2301 1891 Ignatii
2353 1826 2598 1885 tempore
2640 1810 2709 1865 ad
2756 1823 3004 1865 mensam
3039 1806 3308 1877 ligneam,
3347 1817 3477 1871 qua:
3526 1799 3677 1852 altare

2111 1911 2327 1983 proprie
2380 1908 2588 1961 dictum
2628 1918 2747 1957 non
2805 1909 2968 1963 erat,
3004 1899 3175 1953 fuisse
3223 1894 3677 1950 administratam.

2112 2004 2383 2058 Incertum
2440 2011 2679 2067 namque
2725 1992 2904 2064 primo
2954 1999 3041 2045 est
3084 1998 3269 2043 utrum
3310 1986 3403 2040 bis
3443 1983 3683 2038 Ecclishe

2110 2094 2448 2165 temporibus
2513 2084 2818 2144 Christiani
2865 2083 3052 2138 tabula
3112 2081 3290 2150 lignea
3341 2076 3432 2130 vel
3489 2074 3681 2143 lapidea

2113 2199 2414 2245 uterentur.
2469 2181 2747 2242 Secundo,
2795 2193 2903 2233 non
2949 2174 3206 2231 materies
3234 2169 3456 2240 lapidea
3496 2176 3588 2220 aut
3631 2167 3684 2217 li-

2114 2295 2273 2352 gnea.
2307 2276 2400 2332 sed
2434 2272 2764 2329 sacrificium
2803 2282 2969 2338 super
3002 2277 3248 2319 mensam
3272 2302 3287 2328 ,
3319 2259 3687 2329 cujuscunque

2116 2350 2363 2428 materiei
2414 2368 2517 2430 sit,
2576 2365 2644 2419 ab
2697 2359 3018 2416 hominibus
3058 2355 3170 2411 Deo
3200 2353 3492 2415 oblatum,
3538 2350 3687 2402 altare

2116 2462 2337 2537 proprie
2364 2460 2573 2515 dictum
2608 2452 2915 2511 constituit.

2187 2530 2373 2624 Neque
2405 2566 2535 2605 vero
2584 2549 2637 2602 id
2691 2544 2919 2615 majoris
2947 2537 3210 2595 momenti
3240 2544 3344 2599 est,
3374 2532 3526 2603 quod
3563 2530 3686 2584 idem

2120 2645 2376 2700 Vedelius
2424 2658 2489 2697 eo
2521 2640 2652 2711 quia
2705 2634 3029 2691 mulieribus
3054 2674 3069 2698 ,
3111 2646 3181 2685 ne
3216 2628 3286 2683 ad
3340 2628 3521 2681 altare
3554 2638 3690 2677 acce-

2122 2740 2340 2803 derent,
2376 2733 2657 2790 nonnullis
2702 2727 3003 2785 canonibus
3037 2724 3260 2779 vetitum
3288 2720 3537 2784 esset“,
3584 2717 3693 2770 inde

2120 2830 2390 2903 lgnatium
2421 2844 2531 2882 non
2564 2825 2631 2879 de
2657 2825 2845 2893 aliquo
2868 2817 3160 2881 materiali,
3192 2815 3287 2869 sed
3311 2814 3383 2867 de
3411 2809 3690 2880 spirituali,

2120 2938 2345 2997 precum
2398 2920 2609 2976 scilicet
2651 2925 2705 2971 et
2731 2914 3043 2970 orationum
3072 2908 3259 2975 altari,
3291 2906 3690 2973 intelligendum

2125 3032 2247 3073 esse
2274 3013 2573 3071 contendit.
2611 3008 2908 3063 Enimvero
2960 3004 3101 3058 idem
3133 3001 3249 3070 ipse
3290 2996 3562 3051 Vedelius
3586 3010 3693 3048 cum

912 3091 1292 3114 --τνο---ν--η
1495 3091 1508 3104 ,

912 3154 944 3192 a
992 3137 1145 3192 ηυιιο
1176 3137 1445 3191 hactenus
1477 3132 1746 3188 ίηίίηηπί
1776 3146 2019 3201 unquam
2047 3115 2093 3177 α
2123 3111 2229 3165 hos
2260 3107 2394 3162 citat
2423 3116 2685 3163 canones,
2714 3100 2808 3170 qui
2839 3111 3029 3152 vocem
3074 3091 3262 3147 altaris
3292 3104 3432 3143 vero
3484 3104 3549 3141 ac
3590 3100 3694 3155 ger.

2776 3200 2779 3201 ,
2908 3190 2918 3200 σ
3123 3186 3133 3195 -
3206 3182 3447 3201 ,,_.Aj__-_
3483 3179 3673 3201 2----.l‘.

2127 3216 2291 3257 mano
2321 3213 2484 3255 sensu
2516 3200 2811 3263 usurpant,
2844 3190 3085 3257 seipsum
3122 3182 3451 3252 imprudens
3475 3179 3692 3248 jugulat.

2126 3292 2331 3348 Deinde
2356 3289 2599 3361 Iguatius
2630 3286 2697 3340 de
2722 3281 3054 3339 eucharistia
3090 3277 3359 3346 loquitur,
3388 3288 3455 3327 ac
3491 3272 3697 3340 pmimle

2127 3402 2237 3441 non
2261 3384 2329 3438 de
2355 3378 2626 3451 spirituali
2662 3391 2727 3431 ac
2762 3372 3165 3441 metaphorico,
3202 3367 3299 3421 sed
3331 3367 3405 3419 de
3442 3362 3696 3417 materiali

2128 3489 2182 3533 et
2212 3489 2342 3531 vero
2382 3473 2540 3529 altari
2592 3484 2717 3525 eum
2758 3465 2909 3536 loqui
2943 3476 3164 3518 necesse
3211 3468 3317 3515 est.
3375 3458 3619 3525 Denique
3661 3454 3698 3505 si

2129 3566 2452 3622 mulieribus
2510 3561 2699 3617 altaris
2756 3571 2985 3613 accessu
3048 3553 3179 3608 olim
3236 3549 3698 3604 interdicebatur.

2129 3676 2227 3730 per
2255 3657 2427 3713 divini
2457 3664 2669 3710 tantum
2702 3651 2864 3706 oilieii
2901 3659 3147 3716 tempora
3169 3685 3183 3710 ,
3232 3659 3345 3696 non
3373 3652 3559 3695 autem
3591 3650 3698 3689 cum

2131 3751 2467 3807 eucharistia
2509 3746 2827 3819 accipienda
2868 3752 3043 3808 esset,
3086 3738 3217 3794 illud
3249 3738 3332 3792 eis
3376 3733 3700 3805 prohibitum

2133 3848 2259 3903 fuit.

2205 3938 2436 3994 lnstabis
2461 3934 2657 4006 primis
2680 3930 2937 3987 Ecclesiae
2963 3925 3179 3983 saeculis
3208 3936 3405 3976 vocem
3445 3938 3465 3971 ι
3505 3917 3667 3970 altare
3684 3932 3699 3962 ο

2132 4034 2315 4089 rarius
2358 4027 2656 4084 adhibitam
2706 4039 2737 4077 a
2788 4021 3064 4085 Patribus,
3114 4015 3210 4087 qui
3268 4028 3399 4069 cum
3455 4010 3704 4065 adversus

2134 4126 2383 4181 ethnicos
2411 4121 2771 4190 disputarent,
2808 4114 2917 4169 ulla
2946 4105 3280 4166 Christianis
3324 4102 3527 4157 altaria
3553 4098 3705 4153 fuisse

2137 4224 2452 4274 constanter
2481 4210 2870 4284 pernegabant.
2903 4206 3012 4260 Sed
3048 4203 3133 4257 his
3177 4198 3336 4254 facile
3386 4192 3707 4265 respondeas

2134 4311 2314 4382 primo
2358 4283 2546 4362 vocem
2595 4303 2744 4357 illam
2782 4318 2802 4353 ι
2842 4299 3015 4353 altare
3038 4294 3144 4348 iab
3172 4290 3411 4361 lgnatio,
3445 4283 3637 4356 quidni
3662 4288 3707 4332 et

2137 4404 2207 4458 ab
2244 4401 2367 4456 aliis
2389 4412 2634 4485 [quorum
2677 4393 2878 4461 scripta
2925 4388 3225 4460 perierunt,
3273 4396 3387 4436 nou
3423 4393 3579 4439 raro,
3628 4373 3707 4427 sed

2066 4466 2110 4521 D
2141 4509 2284 4565 saepe
2315 4466 2653 4561 usurpatam.
2684 4483 2958 4548 Secundo,
2983 4481 3030 4537 si
3062 4478 3220 4550 primi
3248 4474 3515 4529 Ecclesia:
3540 4470 3708 4523 Patres

2142 4560 2236 4641 in-
2259 4583 2375 4640 suis
2425 4560 2617 4637 contra
2650 4590 2894 4648 paganos
2921 4573 3138 4643 scriptis
3172 4578 3227 4624 et
3256 4560 3708 4636 disputationibus

2094 4695 2098 4699 ‘
2143 4678 2293 4733 nulla
2336 4670 2668 4730 Christianis
2712 4667 2907 4723 altaria
2956 4665 3126 4718 fuisse
3167 4661 3455 4723 dixerunt,
3500 4657 3557 4710 in
3604 4653 3711 4706 aliis

2145 4770 2426 4841 operibus,
2466 4772 2561 4819 aut
2603 4760 2954 4817 sermonibus
2990 4757 3057 4811 ad
3100 4754 3454 4808 Christianos
3501 4744 3709 4802 habitis.

2147 4880 2248 4922 sua
2283 4864 2431 4934 ipsos
2459 4857 2653 4914 altaria
2684 4853 2943 4909 habuisse
2978 4846 3319 4903 asserebant.
3355 4838 3710 4909 Quamobrem

2147 4972 2274 5013 cum
2305 4947 2674 5023 antiquissimi
2702 4946 2780 5000 illi
2813 4944 3113 5012 scriptores
3150 4938 3254 4993 sibi
3290 4936 3429 5006 ipsis
3462 4923 3711 4987 contrarii

2134 5054 2267 5103 'esse
2296 5060 2405 5100 non
2432 5015 2664 5114 possint,
2689 5036 2849 5091 iidem
2879 5030 3071 5103 procul
3100 5028 3271 5083 dubio
3309 5026 3405 5080 ubi
3438 5022 3570 5078 illud
3603 5015 3709 5070 inii-

2149 5142 2389 5202 ciantur,
2416 5108 2491 5191 ibi
2515 5133 2584 5189 de
2613 5128 2877 5186 altaribus
2902 5123 3153 5195 publicis,
3170 5123 3223 5176 in
3241 5120 3445 5191 quibus
3462 5108 3713 5171 sacriﬁcia

2152 5229 2395 5285 maximo
2424 5231 2691 5294 apparatu
2722 5228 2779 5273 et
2814 5228 3150 5289 paganorum
3181 5225 3337 5265 more
3363 5209 3577 5268 ﬁerent,
3602 5208 3713 5253 sunt

2155 5317 2511 5389 intelligendi.
2539 5314 2606 5368 Et
2632 5320 2781 5367 certe
2814 5324 2940 5364 cum
2974 5305 3075 5375 ipsi
3113 5301 3505 5358 eucharistiam
3539 5304 3709 5346 verum

2159 5410 2409 5481 corporis
2438 5408 2495 5462 et
2520 5400 2804 5474 sanguinis
2832 5396 3038 5453 Christi
3074 5393 3403 5450 sacrificium
3427 5402 3549 5444 esse
3581 5376 3712 5435 omni

2158 5499 2565 5559 asseveratione
2609 5494 2903 5558 afIirment,
2955 5488 3098 5558 apud
3151 5485 3490 5544 Christianos
3540 5484 3711 5529 verum

518 5731 564 5764 ⁵³
619 5730 751 5801 Sup.
787 5739 927 5800 part.
964 5745 1002 5796 l,
1030 5743 1149 5797 cap.
1184 5727 1270 5794 η,
1305 5725 1332 5795 §
1363 5726 1394 5779 5
1424 5734 1478 5779 et
1507 5722 1559 5776 6.
1635 5720 1681 5751 ⁸⁸
1707 5716 1877 5788 Epist.
1914 5712 1981 5767 ad
2014 5709 2189 5780 Smyr.
2268 5708 2311 5741 ⁸⁷
2338 5705 2513 5777 Epist.
2539 5702 2607 5759 ad
2639 5700 2818 5772 Ephes
2910 5697 2966 5775 f’
2990 5709 3147 5753 conc.
3179 5688 3396 5747 Laodic.
3419 5695 3543 5741 can.
3573 5674 3659 5731 “-
