  <div class='ocr_page' id='page_1' title='image "/cluster/home/n/w/nwhite01/storage/ocr_20150623/5/hvd.32044019206598/289.png"; bbox 0 0 3754 6206; ppageno 0'>
   <div class='ocr_carea' id='block_1_1' title="bbox 441 319 552 376">
    <p class='ocr_par' dir='ltr' id='par_1_1' title="bbox 441 319 552 376">
     <span class='ocr_line' id='line_1_1' title="bbox 441 319 552 376; baseline 0.018 -2"><span class='ocrx_word' id='word_1_1' title='bbox 441 319 552 376; x_wconf 67' lang='lat'><strong>565</strong></span> 
     </span>
    </p>
   </div>
   <div class='ocr_carea' id='block_1_2' title="bbox 1509 323 2644 408">
    <p class='ocr_par' dir='ltr' id='par_1_2' title="bbox 1509 323 2644 408">
     <span class='ocr_line' id='line_1_2' title="bbox 1509 323 2644 408; baseline 0.001 -29"><span class='ocrx_word' id='word_1_2' title='bbox 1509 324 1570 381; x_wconf 84' lang='lat' dir='ltr'><strong>S.</strong></span> <span class='ocrx_word' id='word_1_3' title='bbox 1607 323 1973 408; x_wconf 33' lang='lat' dir='ltr'><strong>lGNATiUSl</strong></span> <span class='ocrx_word' id='word_1_4' title='bbox 2001 356 2071 366; x_wconf 93' lang='lat'>—</span> <span class='ocrx_word' id='word_1_5' title='bbox 2108 325 2644 384; x_wconf 79' lang='lat' dir='ltr'><strong>PRULEGOMENA.</strong></span> 
     </span>
    </p>
   </div>
   <div class='ocr_carea' id='block_1_3' title="bbox 3587 330 3677 386">
    <p class='ocr_par' dir='ltr' id='par_1_3' title="bbox 3587 330 3677 386">
     <span class='ocr_line' id='line_1_3' title="bbox 3587 330 3677 386; baseline 0.011 -1"><span class='ocrx_word' id='word_1_6' title='bbox 3587 330 3677 386; x_wconf 61' lang='lat'><strong>50$</strong></span> 
     </span>
    </p>
   </div>
   <div class='ocr_carea' id='block_1_4' title="bbox 438 441 3681 526">
    <p class='ocr_par' dir='ltr' id='par_1_4' title="bbox 438 441 3681 526">
     <span class='ocr_line' id='line_1_4' title="bbox 438 441 3681 526; baseline 0.003 -30"><span class='ocrx_word' id='word_1_7' title='bbox 438 442 594 507; x_wconf 83' lang='lat' dir='ltr'><strong>hara,</strong></span> <span class='ocrx_word' id='word_1_8' title='bbox 628 457 694 496; x_wconf 93' lang='lat' dir='ltr'><strong>ac</strong></span> <span class='ocrx_word' id='word_1_9' title='bbox 727 457 871 513; x_wconf 74' lang='lat' dir='ltr'><strong>saepe</strong></span> <span class='ocrx_word' id='word_1_10' title='bbox 897 442 1096 513; x_wconf 67' lang='lat' dir='ltr'><strong>saepius</strong></span> <span class='ocrx_word' id='word_1_11' title='bbox 1142 441 1378 499; x_wconf 76' lang='lat' dir='ltr'><strong>obscura</strong></span> <span class='ocrx_word' id='word_1_12' title='bbox 1410 453 1465 500; x_wconf 84' lang='lat' dir='ltr'><strong>et</strong></span> <span class='ocrx_word' id='word_1_13' title='bbox 1489 444 1746 501; x_wconf 72' lang='lat' dir='ltr'><strong>difﬁcilis.</strong></span> <span class='ocrx_word' id='word_1_14' title='bbox 1792 446 2016 504; x_wconf 71' lang='lat' dir='ltr'><strong>Graecus</strong></span> <span class='ocrx_word' id='word_1_15' title='bbox 2044 451 2090 510; x_wconf 80' lang='grc' dir='ltr'>Α</span> <span class='ocrx_word' id='word_1_16' title='bbox 2117 455 2171 502; x_wconf 91' lang='lat' dir='ltr'><strong>et</strong></span> <span class='ocrx_word' id='word_1_17' title='bbox 2212 446 2498 526; x_wconf 88' lang='lat' dir='ltr'><strong>erroribus</strong></span> <span class='ocrx_word' id='word_1_18' title='bbox 2545 445 2747 501; x_wconf 74' lang='lat' dir='ltr'><strong>fmdato</strong></span> <span class='ocrx_word' id='word_1_19' title='bbox 2798 444 2855 499; x_wconf 91' lang='lat' dir='ltr'><strong>in</strong></span> <span class='ocrx_word' id='word_1_20' title='bbox 2911 445 3088 501; x_wconf 91' lang='lat' dir='ltr'><strong>lucem</strong></span> <span class='ocrx_word' id='word_1_21' title='bbox 3134 446 3491 516; x_wconf 83' lang='lat' dir='ltr'><strong>prodierunt?</strong></span> <span class='ocrx_word' id='word_1_22' title='bbox 3531 446 3681 505; x_wconf 83' lang='lat' dir='ltr'><strong>Nemo</strong></span> 
     </span>
    </p>
   </div>
   <div class='ocr_carea' id='block_1_5' title="bbox 440 532 2017 606">
    <p class='ocr_par' dir='ltr' id='par_1_5' title="bbox 440 532 2017 606">
     <span class='ocr_line' id='line_1_5' title="bbox 440 532 2017 606; baseline 0.006 -22"><span class='ocrx_word' id='word_1_23' title='bbox 440 547 606 602; x_wconf 75' lang='lat' dir='ltr'><strong>porro</strong></span> <span class='ocrx_word' id='word_1_24' title='bbox 646 532 999 588; x_wconf 84' lang='lat' dir='ltr'><strong>Florentinus</strong></span> <span class='ocrx_word' id='word_1_25' title='bbox 1050 533 1222 588; x_wconf 81' lang='lat' dir='ltr'><strong>codex</strong></span> <span class='ocrx_word' id='word_1_26' title='bbox 1263 545 1320 588; x_wconf 93' lang='lat' dir='ltr'><strong>et</strong></span> <span class='ocrx_word' id='word_1_27' title='bbox 1368 535 1556 605; x_wconf 86' lang='lat' dir='ltr'><strong>plures</strong></span> <span class='ocrx_word' id='word_1_28' title='bbox 1590 536 1763 603; x_wconf 87' lang='lat' dir='ltr'><strong>habet</strong></span> <span class='ocrx_word' id='word_1_29' title='bbox 1811 552 2017 606; x_wconf 62' lang='lat' dir='ltr'><strong>naevos,</strong></span> 
     </span>
    </p>
   </div>
   <div class='ocr_carea' id='block_1_6' title="bbox 438 624 2017 699">
    <p class='ocr_par' dir='ltr' id='par_1_6' title="bbox 438 624 2017 699">
     <span class='ocr_line' id='line_1_6' title="bbox 438 624 2017 699; baseline 0.007 -22"><span class='ocrx_word' id='word_1_30' title='bbox 438 641 539 680; x_wconf 86' lang='lat' dir='ltr'><strong>nec</strong></span> <span class='ocrx_word' id='word_1_31' title='bbox 569 624 796 695; x_wconf 76' lang='lat' dir='ltr'><strong>integer,</strong></span> <span class='ocrx_word' id='word_1_32' title='bbox 829 626 904 679; x_wconf 96' lang='lat' dir='ltr'><strong>uti</strong></span> <span class='ocrx_word' id='word_1_33' title='bbox 939 640 1105 695; x_wconf 83' lang='lat' dir='ltr'><strong>supra</strong></span> <span class='ocrx_word' id='word_1_34' title='bbox 1155 626 1493 694; x_wconf 88' lang='lat' dir='ltr'><strong>monuimus,</strong></span> <span class='ocrx_word' id='word_1_35' title='bbox 1522 628 1617 684; x_wconf 91' lang='lat' dir='ltr'><strong>sed</strong></span> <span class='ocrx_word' id='word_1_36' title='bbox 1650 629 1881 686; x_wconf 89' lang='lat' dir='ltr'><strong>mutilus</strong></span> <span class='ocrx_word' id='word_1_37' title='bbox 1912 641 2017 699; x_wconf 90' lang='lat' dir='ltr'><strong>est,</strong></span> 
     </span>
    </p>
   </div>
   <div class='ocr_carea' id='block_1_7' title="bbox 435 716 2021 790">
    <p class='ocr_par' dir='ltr' id='par_1_7' title="bbox 435 716 2021 790">
     <span class='ocr_line' id='line_1_7' title="bbox 435 716 2021 790; baseline 0.006 -22"><span class='ocrx_word' id='word_1_38' title='bbox 435 723 490 769; x_wconf 83' lang='lat' dir='ltr'><strong>et</strong></span> <span class='ocrx_word' id='word_1_39' title='bbox 528 716 814 785; x_wconf 79' lang='lat' dir='ltr'><strong>epistolam</strong></span> <span class='ocrx_word' id='word_1_40' title='bbox 860 716 929 771; x_wconf 92' lang='lat' dir='ltr'><strong>ad</strong></span> <span class='ocrx_word' id='word_1_41' title='bbox 981 716 1261 772; x_wconf 75' lang='lat' dir='ltr'><strong>Romanos</strong></span> <span class='ocrx_word' id='word_1_42' title='bbox 1307 733 1417 773; x_wconf 92' lang='lat' dir='ltr'><strong>non</strong></span> <span class='ocrx_word' id='word_1_43' title='bbox 1457 730 1832 790; x_wconf 82' lang='lat' dir='ltr'><strong>repraesentat.</strong></span> <span class='ocrx_word' id='word_1_44' title='bbox 1868 720 2021 778; x_wconf 79' lang='lat' dir='ltr'><strong>lianc</strong></span> 
     </span>
    </p>
   </div>
   <div class='ocr_carea' id='block_1_8' title="bbox 435 809 2020 879">
    <p class='ocr_par' dir='ltr' id='par_1_8' title="bbox 435 809 2020 879">
     <span class='ocr_line' id='line_1_8' title="bbox 435 809 2020 879; baseline 0.005 -17"><span class='ocrx_word' id='word_1_45' title='bbox 435 816 626 862; x_wconf 91' lang='lat' dir='ltr'><strong>noster</strong></span> <span class='ocrx_word' id='word_1_46' title='bbox 648 809 1029 866; x_wconf 90' lang='lat' dir='ltr'><strong>Theodoricus</strong></span> <span class='ocrx_word' id='word_1_47' title='bbox 1065 810 1391 879; x_wconf 85' lang='lat' dir='ltr'><strong>Ruinartus,</strong></span> <span class='ocrx_word' id='word_1_48' title='bbox 1440 829 1548 868; x_wconf 92' lang='lat' dir='ltr'><strong>una</strong></span> <span class='ocrx_word' id='word_1_49' title='bbox 1610 830 1734 870; x_wconf 91' lang='lat' dir='ltr'><strong>cum</strong></span> <span class='ocrx_word' id='word_1_50' title='bbox 1788 814 2020 870; x_wconf 89' lang='lat' dir='ltr'><strong>sinceris</strong></span> 
     </span>
    </p>
   </div>
   <div class='ocr_carea' id='block_1_9' title="bbox 436 895 2019 976">
    <p class='ocr_par' dir='ltr' id='par_1_9' title="bbox 436 895 2019 976">
     <span class='ocr_line' id='line_1_9' title="bbox 436 895 2019 976; baseline 0.008 -26"><span class='ocrx_word' id='word_1_51' title='bbox 436 895 631 966; x_wconf 84' lang='lat' dir='ltr'><strong>lgnatii</strong></span> <span class='ocrx_word' id='word_1_52' title='bbox 684 901 940 972; x_wconf 81' lang='lat' dir='ltr'><strong>martyrii</strong></span> <span class='ocrx_word' id='word_1_53' title='bbox 998 902 1152 958; x_wconf 86' lang='lat' dir='ltr'><strong>Actis</strong></span> <span class='ocrx_word' id='word_1_54' title='bbox 1196 919 1262 958; x_wconf 80' lang='lat' dir='ltr'><strong>ex</strong></span> <span class='ocrx_word' id='word_1_55' title='bbox 1295 904 1672 976; x_wconf 88' lang='lat' dir='ltr'><strong>manuscripto</strong></span> <span class='ocrx_word' id='word_1_56' title='bbox 1702 905 2019 963; x_wconf 89' lang='lat' dir='ltr'><strong>Colbertino</strong></span> 
     </span>
    </p>
   </div>
   <div class='ocr_carea' id='block_1_10' title="bbox 436 988 2017 1068">
    <p class='ocr_par' dir='ltr' id='par_1_10' title="bbox 436 988 2017 1068">
     <span class='ocr_line' id='line_1_10' title="bbox 436 988 2017 1068; baseline 0.007 -26"><span class='ocrx_word' id='word_1_57' title='bbox 436 988 578 1059; x_wconf 83' lang='lat' dir='ltr'><strong>typis</strong></span> <span class='ocrx_word' id='word_1_58' title='bbox 638 990 844 1048; x_wconf 70' lang='lat' dir='ltr'><strong>Graecis</strong></span> <span class='ocrx_word' id='word_1_59' title='bbox 890 993 1080 1049; x_wconf 89' lang='lat' dir='ltr'><strong>edidit.</strong></span> <span class='ocrx_word' id='word_1_60' title='bbox 1158 994 1307 1051; x_wconf 88' lang='lat' dir='ltr'><strong>Duos</strong></span> <span class='ocrx_word' id='word_1_61' title='bbox 1376 997 1601 1067; x_wconf 88' lang='lat' dir='ltr'><strong>insuper</strong></span> <span class='ocrx_word' id='word_1_62' title='bbox 1663 999 2017 1068; x_wconf 90' lang='lat' dir='ltr'><strong>epistolarum</strong></span> 
     </span>
    </p>
   </div>
   <div class='ocr_carea' id='block_1_11' title="bbox 434 1077 2018 1154">
    <p class='ocr_par' dir='ltr' id='par_1_11' title="bbox 434 1077 2018 1154">
     <span class='ocr_line' id='line_1_11' title="bbox 434 1077 2018 1154; baseline 0.008 -23"><span class='ocrx_word' id='word_1_63' title='bbox 434 1077 631 1149; x_wconf 78' lang='lat' dir='ltr'><strong>lgnatii</strong></span> <span class='ocrx_word' id='word_1_64' title='bbox 665 1084 1076 1154; x_wconf 90' lang='lat' dir='ltr'><strong>manuscriptos</strong></span> <span class='ocrx_word' id='word_1_65' title='bbox 1122 1087 1342 1143; x_wconf 91' lang='lat' dir='ltr'><strong>codices</strong></span> <span class='ocrx_word' id='word_1_66' title='bbox 1390 1103 1456 1142; x_wconf 85' lang='lat' dir='ltr'><strong>ex</strong></span> <span class='ocrx_word' id='word_1_67' title='bbox 1508 1088 1695 1143; x_wconf 90' lang='lat' dir='ltr'><strong>eadem</strong></span> <span class='ocrx_word' id='word_1_68' title='bbox 1743 1088 2018 1143; x_wconf 89' lang='lat' dir='ltr'><strong>ditissima</strong></span> 
     </span>
    </p>
   </div>
   <div class='ocr_carea' id='block_1_12' title="bbox 433 1171 2020 1235">
    <p class='ocr_par' dir='ltr' id='par_1_12' title="bbox 433 1171 2020 1235">
     <span class='ocr_line' id='line_1_12' title="bbox 433 1171 2020 1235; baseline 0.006 -10"><span class='ocrx_word' id='word_1_69' title='bbox 433 1171 799 1229; x_wconf 86' lang='lat' dir='ltr'><strong>illustrissimi</strong></span> <span class='ocrx_word' id='word_1_70' title='bbox 822 1174 1064 1230; x_wconf 84' lang='lat' dir='ltr'><strong>Colberti</strong></span> <span class='ocrx_word' id='word_1_71' title='bbox 1086 1176 1424 1233; x_wconf 90' lang='lat' dir='ltr'><strong>Bibliotheca</strong></span> <span class='ocrx_word' id='word_1_72' title='bbox 1455 1179 1596 1233; x_wconf 89' lang='lat' dir='ltr'><strong>nacti</strong></span> <span class='ocrx_word' id='word_1_73' title='bbox 1625 1195 1836 1235; x_wconf 84' lang='lat' dir='ltr'><strong>sumus.</strong></span> <span class='ocrx_word' id='word_1_74' title='bbox 1869 1179 2020 1234; x_wconf 82' lang='lat' dir='ltr'><strong>Alter</strong></span> 
     </span>
    </p>
   </div>
   <div class='ocr_carea' id='block_1_13' title="bbox 430 1263 2013 1341">
    <p class='ocr_par' dir='ltr' id='par_1_13' title="bbox 430 1263 2013 1341">
     <span class='ocr_line' id='line_1_13' title="bbox 430 1263 2013 1341; baseline 0.006 -22"><span class='ocrx_word' id='word_1_75' title='bbox 430 1263 659 1322; x_wconf 56' lang='lat' dir='ltr'><strong>Gracus</strong></span> <span class='ocrx_word' id='word_1_76' title='bbox 689 1275 794 1333; x_wconf 88' lang='lat' dir='ltr'><strong>est,</strong></span> <span class='ocrx_word' id='word_1_77' title='bbox 836 1269 930 1324; x_wconf 92' lang='lat' dir='ltr'><strong>sed</strong></span> <span class='ocrx_word' id='word_1_78' title='bbox 976 1285 1334 1341; x_wconf 84' lang='lat' dir='ltr'><strong>papyraceus,</strong></span> <span class='ocrx_word' id='word_1_79' title='bbox 1386 1287 1488 1327; x_wconf 90' lang='lat' dir='ltr'><strong>nec</strong></span> <span class='ocrx_word' id='word_1_80' title='bbox 1515 1281 1743 1327; x_wconf 79' lang='lat' dir='ltr'><strong>vetustae</strong></span> <span class='ocrx_word' id='word_1_81' title='bbox 1767 1288 1964 1328; x_wconf 90' lang='lat' dir='ltr'><strong>manus</strong></span> <span class='ocrx_word' id='word_1_82' title='bbox 1999 1291 2013 1327; x_wconf 90' lang='lat'><strong>:</strong></span> 
     </span>
    </p>
   </div>
   <div class='ocr_carea' id='block_1_14' title="bbox 436 1358 2016 1435">
    <p class='ocr_par' dir='ltr' id='par_1_14' title="bbox 436 1358 2016 1435">
     <span class='ocr_line' id='line_1_14' title="bbox 436 1358 2016 1435; baseline 0.006 -24"><span class='ocrx_word' id='word_1_83' title='bbox 436 1358 575 1412; x_wconf 87' lang='lat' dir='ltr'><strong>alter</strong></span> <span class='ocrx_word' id='word_1_84' title='bbox 609 1362 1013 1430; x_wconf 70' lang='lat' dir='ltr'><strong>pergaminazus</strong></span> <span class='ocrx_word' id='word_1_85' title='bbox 1047 1374 1173 1419; x_wconf 87' lang='lat' dir='ltr'><strong>ante</strong></span> <span class='ocrx_word' id='word_1_86' title='bbox 1196 1379 1373 1419; x_wconf 91' lang='lat' dir='ltr'><strong>annos</strong></span> <span class='ocrx_word' id='word_1_87' title='bbox 1399 1364 1728 1435; x_wconf 83' lang='lat' dir='ltr'><strong>quingentos</strong></span> <span class='ocrx_word' id='word_1_88' title='bbox 1757 1376 2016 1421; x_wconf 82' lang='lat' dir='ltr'><strong>exaratus</strong></span> 
     </span>
    </p>
   </div>
   <div class='ocr_carea' id='block_1_15' title="bbox 431 1450 2014 1528">
    <p class='ocr_par' dir='ltr' id='par_1_15' title="bbox 431 1450 2014 1528">
     <span class='ocr_line' id='line_1_15' title="bbox 431 1450 2014 1528; baseline 0.006 -26"><span class='ocrx_word' id='word_1_89' title='bbox 431 1459 538 1505; x_wconf 89' lang='lat' dir='ltr'><strong>est.</strong></span> <span class='ocrx_word' id='word_1_90' title='bbox 569 1450 812 1523; x_wconf 88' lang='lat' dir='ltr'><strong>Uterque</strong></span> <span class='ocrx_word' id='word_1_91' title='bbox 842 1469 971 1508; x_wconf 89' lang='lat' dir='ltr'><strong>vero</strong></span> <span class='ocrx_word' id='word_1_92' title='bbox 994 1469 1185 1510; x_wconf 90' lang='lat' dir='ltr'><strong>omnes</strong></span> <span class='ocrx_word' id='word_1_93' title='bbox 1208 1453 1399 1526; x_wconf 80' lang='lat' dir='ltr'><strong>lgnatii</strong></span> <span class='ocrx_word' id='word_1_94' title='bbox 1422 1456 1682 1525; x_wconf 87' lang='lat' dir='ltr'><strong>epistolas</strong></span> <span class='ocrx_word' id='word_1_95' title='bbox 1705 1472 2014 1528; x_wconf 88' lang='lat' dir='ltr'><strong>germanas,</strong></span> 
     </span>
    </p>
   </div>
   <div class='ocr_carea' id='block_1_16' title="bbox 432 1543 2017 1617">
    <p class='ocr_par' dir='ltr' id='par_1_16' title="bbox 432 1543 2017 1617">
     <span class='ocr_line' id='line_1_16' title="bbox 432 1543 2017 1617; baseline 0.006 -21"><span class='ocrx_word' id='word_1_96' title='bbox 432 1543 772 1612; x_wconf 83' lang='lat' dir='ltr'><strong>suppositas,</strong></span> <span class='ocrx_word' id='word_1_97' title='bbox 826 1546 1187 1612; x_wconf 87' lang='lat' dir='ltr'><strong>adulterinas,</strong></span> <span class='ocrx_word' id='word_1_98' title='bbox 1246 1547 1629 1617; x_wconf 90' lang='lat' dir='ltr'><strong>interpolatas,</strong></span> <span class='ocrx_word' id='word_1_99' title='bbox 1683 1548 1912 1605; x_wconf 85' lang='lat' dir='ltr'><strong>confuse</strong></span> <span class='ocrx_word' id='word_1_100' title='bbox 1961 1559 2017 1605; x_wconf 93' lang='lat' dir='ltr'><strong>ct</strong></span> 
     </span>
    </p>
   </div>
   <div class='ocr_carea' id='block_1_17' title="bbox 432 1636 2017 1711">
    <p class='ocr_par' dir='ltr' id='par_1_17' title="bbox 432 1636 2017 1711">
     <span class='ocr_line' id='line_1_17' title="bbox 432 1636 2017 1711; baseline 0.006 -21"><span class='ocrx_word' id='word_1_101' title='bbox 432 1636 699 1706; x_wconf 85' lang='lat' dir='ltr'><strong>permiste</strong></span> <span class='ocrx_word' id='word_1_102' title='bbox 735 1640 1003 1694; x_wconf 87' lang='lat' dir='ltr'><strong>continet.</strong></span> <span class='ocrx_word' id='word_1_103' title='bbox 1038 1639 1285 1711; x_wconf 85' lang='lat' dir='ltr'><strong>Denique</strong></span> <span class='ocrx_word' id='word_1_104' title='bbox 1307 1640 1641 1696; x_wconf 90' lang='lat' dir='ltr'><strong>Pearsonius</strong></span> <span class='ocrx_word' id='word_1_105' title='bbox 1668 1642 1836 1697; x_wconf 92' lang='lat' dir='ltr'><strong>alium</strong></span> <span class='ocrx_word' id='word_1_106' title='bbox 1867 1643 2017 1699; x_wconf 73' lang='lat' dir='ltr'><strong>Gne-</strong></span> 
     </span>
    </p>
   </div>
   <div class='ocr_carea' id='block_1_18' title="bbox 434 1731 2015 1806">
    <p class='ocr_par' dir='ltr' id='par_1_18' title="bbox 434 1731 2015 1806">
     <span class='ocr_line' id='line_1_18' title="bbox 434 1731 2015 1806; baseline 0.006 -23"><span class='ocrx_word' id='word_1_107' title='bbox 434 1744 560 1783; x_wconf 90' lang='lat' dir='ltr'><strong>cum</strong></span> <span class='ocrx_word' id='word_1_108' title='bbox 600 1731 881 1797; x_wconf 89' lang='lat' dir='ltr'><strong>codicem,</strong></span> <span class='ocrx_word' id='word_1_109' title='bbox 924 1741 1131 1802; x_wconf 86' lang='lat' dir='ltr'><strong>septem</strong></span> <span class='ocrx_word' id='word_1_110' title='bbox 1179 1734 1447 1804; x_wconf 88' lang='lat' dir='ltr'><strong>genuinas</strong></span> <span class='ocrx_word' id='word_1_111' title='bbox 1499 1733 1694 1806; x_wconf 87' lang='lat' dir='ltr'><strong>lgnatii</strong></span> <span class='ocrx_word' id='word_1_112' title='bbox 1756 1735 2015 1806; x_wconf 90' lang='lat' dir='ltr'><strong>epistolas</strong></span> 
     </span>
    </p>
   </div>
   <div class='ocr_carea' id='block_1_19' title="bbox 2122 536 3680 606">
    <p class='ocr_par' dir='ltr' id='par_1_19' title="bbox 2122 536 3680 606">
     <span class='ocr_line' id='line_1_19' title="bbox 2122 536 3680 606; baseline 0.003 -14"><span class='ocrx_word' id='word_1_113' title='bbox 2122 552 2275 603; x_wconf 87' lang='lat' dir='ltr'><strong>sane,</strong></span> <span class='ocrx_word' id='word_1_114' title='bbox 2307 536 2402 606; x_wconf 89' lang='lat' dir='ltr'><strong>qui</strong></span> <span class='ocrx_word' id='word_1_115' title='bbox 2443 537 2530 592; x_wconf 85' lang='lat' dir='ltr'><strong>vel</strong></span> <span class='ocrx_word' id='word_1_116' title='bbox 2577 537 2862 591; x_wconf 88' lang='lat' dir='ltr'><strong>minimam</strong></span> <span class='ocrx_word' id='word_1_117' title='bbox 2909 537 2963 590; x_wconf 92' lang='lat' dir='ltr'><strong>in</strong></span> <span class='ocrx_word' id='word_1_118' title='bbox 3010 538 3392 593; x_wconf 81' lang='lat' dir='ltr'><strong>examinandis</strong></span> <span class='ocrx_word' id='word_1_119' title='bbox 3421 539 3680 596; x_wconf 83' lang='lat' dir='ltr'><strong>codicibus</strong></span> 
     </span>
    </p>
   </div>
   <div class='ocr_carea' id='block_1_20' title="bbox 2122 629 3680 701">
    <p class='ocr_par' dir='ltr' id='par_1_20' title="bbox 2122 629 3680 701">
     <span class='ocr_line' id='line_1_20' title="bbox 2122 629 3680 701; baseline 0.003 -16"><span class='ocrx_word' id='word_1_120' title='bbox 2122 632 2512 701; x_wconf 88' lang='lat' dir='ltr'><strong>manuscriptis</strong></span> <span class='ocrx_word' id='word_1_121' title='bbox 2553 646 2775 701; x_wconf 86' lang='lat' dir='ltr'><strong>operam</strong></span> <span class='ocrx_word' id='word_1_122' title='bbox 2820 629 3131 697; x_wconf 77' lang='lat' dir='ltr'><strong>collocavit,</strong></span> <span class='ocrx_word' id='word_1_123' title='bbox 3167 631 3386 687; x_wconf 80' lang='lat' dir='ltr'><strong>diffiteri</strong></span> <span class='ocrx_word' id='word_1_124' title='bbox 3429 642 3601 701; x_wconf 80' lang='lat' dir='ltr'><strong>potest</strong></span> <span class='ocrx_word' id='word_1_125' title='bbox 3634 637 3680 690; x_wconf 90' lang='lat' dir='ltr'><strong>in</strong></span> 
     </span>
    </p>
   </div>
   <div class='ocr_carea' id='block_1_21' title="bbox 2121 722 3679 796">
    <p class='ocr_par' dir='ltr' id='par_1_21' title="bbox 2121 722 3679 796">
     <span class='ocr_line' id='line_1_21' title="bbox 2121 722 3679 796; baseline -0.001 -16"><span class='ocrx_word' id='word_1_126' title='bbox 2121 741 2327 796; x_wconf 91' lang='lat' dir='ltr'><strong>paucos</strong></span> <span class='ocrx_word' id='word_1_127' title='bbox 2359 724 2653 779; x_wconf 90' lang='lat' dir='ltr'><strong>admodum</strong></span> <span class='ocrx_word' id='word_1_128' title='bbox 2693 738 2751 778; x_wconf 92' lang='lat' dir='ltr'><strong>se</strong></span> <span class='ocrx_word' id='word_1_129' title='bbox 2786 722 3047 779; x_wconf 86' lang='lat' dir='ltr'><strong>incidisse</strong></span> <span class='ocrx_word' id='word_1_130' title='bbox 3075 723 3394 793; x_wconf 71' lang='lat' dir='ltr'><strong>huiusmodi</strong></span> <span class='ocrx_word' id='word_1_131' title='bbox 3422 724 3606 792; x_wconf 90' lang='lat' dir='ltr'><strong>libros,</strong></span> <span class='ocrx_word' id='word_1_132' title='bbox 3634 726 3679 779; x_wconf 91' lang='lat' dir='ltr'><strong>in</strong></span> 
     </span>
    </p>
   </div>
   <div class='ocr_carea' id='block_1_22' title="bbox 2122 814 3681 888">
    <p class='ocr_par' dir='ltr' id='par_1_22' title="bbox 2122 814 3681 888">
     <span class='ocr_line' id='line_1_22' title="bbox 2122 814 3681 888; baseline -0.001 -17"><span class='ocrx_word' id='word_1_133' title='bbox 2122 818 2323 888; x_wconf 86' lang='lat' dir='ltr'><strong>quibus</strong></span> <span class='ocrx_word' id='word_1_134' title='bbox 2354 816 2515 871; x_wconf 77' lang='lat' dir='ltr'><strong>nulla:</strong></span> <span class='ocrx_word' id='word_1_135' title='bbox 2545 816 2657 871; x_wconf 88' lang='lat' dir='ltr'><strong>sint</strong></span> <span class='ocrx_word' id='word_1_136' title='bbox 2682 815 2766 869; x_wconf 85' lang='lat' dir='ltr'><strong>vel</strong></span> <span class='ocrx_word' id='word_1_137' title='bbox 2806 814 3085 871; x_wconf 83' lang='lat' dir='ltr'><strong>breviores</strong></span> <span class='ocrx_word' id='word_1_138' title='bbox 3115 815 3199 870; x_wconf 87' lang='lat' dir='ltr'><strong>vel</strong></span> <span class='ocrx_word' id='word_1_139' title='bbox 3242 815 3517 886; x_wconf 80' lang='lat' dir='ltr'><strong>longiores</strong></span> <span class='ocrx_word' id='word_1_140' title='bbox 3548 817 3681 871; x_wconf 61' lang='lat' dir='ltr'><strong>lacu.</strong></span> 
     </span>
    </p>
   </div>
   <div class='ocr_carea' id='block_1_23' title="bbox 2121 906 3680 979">
    <p class='ocr_par' dir='ltr' id='par_1_23' title="bbox 2121 906 3680 979">
     <span class='ocr_line' id='line_1_23' title="bbox 2121 906 3680 979; baseline -0.003 -13"><span class='ocrx_word' id='word_1_141' title='bbox 2121 926 2223 975; x_wconf 73' lang='lat' dir='ltr'><strong>me,</strong></span> <span class='ocrx_word' id='word_1_142' title='bbox 2254 909 2305 963; x_wconf 90' lang='lat' dir='ltr'><strong>in</strong></span> <span class='ocrx_word' id='word_1_143' title='bbox 2346 908 2548 979; x_wconf 88' lang='lat' dir='ltr'><strong>quibus</strong></span> <span class='ocrx_word' id='word_1_144' title='bbox 2586 908 2723 962; x_wconf 86' lang='lat' dir='ltr'><strong>nulli</strong></span> <span class='ocrx_word' id='word_1_145' title='bbox 2757 907 2869 963; x_wconf 91' lang='lat' dir='ltr'><strong>sint</strong></span> <span class='ocrx_word' id='word_1_146' title='bbox 2903 907 3257 962; x_wconf 89' lang='lat' dir='ltr'><strong>oscitantium</strong></span> <span class='ocrx_word' id='word_1_147' title='bbox 3304 906 3393 961; x_wconf 89' lang='lat' dir='ltr'><strong>vel</strong></span> <span class='ocrx_word' id='word_1_148' title='bbox 3423 907 3680 977; x_wconf 83' lang='lat' dir='ltr'><strong>imperito-</strong></span> 
     </span>
    </p>
   </div>
   <div class='ocr_carea' id='block_1_24' title="bbox 2121 998 3681 1069">
    <p class='ocr_par' dir='ltr' id='par_1_24' title="bbox 2121 998 3681 1069">
     <span class='ocr_line' id='line_1_24' title="bbox 2121 998 3681 1069; baseline -0.001 -14"><span class='ocrx_word' id='word_1_149' title='bbox 2121 1017 2242 1055; x_wconf 88' lang='lat' dir='ltr'><strong>rum</strong></span> <span class='ocrx_word' id='word_1_150' title='bbox 2273 1000 2626 1056; x_wconf 88' lang='lat' dir='ltr'><strong>librariorum</strong></span> <span class='ocrx_word' id='word_1_151' title='bbox 2654 1000 2860 1069; x_wconf 87' lang='lat' dir='ltr'><strong>lapsus,</strong></span> <span class='ocrx_word' id='word_1_152' title='bbox 2891 999 2946 1053; x_wconf 92' lang='lat' dir='ltr'><strong>iu</strong></span> <span class='ocrx_word' id='word_1_153' title='bbox 2971 999 3175 1069; x_wconf 87' lang='lat' dir='ltr'><strong>quibus</strong></span> <span class='ocrx_word' id='word_1_154' title='bbox 3193 998 3330 1052; x_wconf 89' lang='lat' dir='ltr'><strong>nihil</strong></span> <span class='ocrx_word' id='word_1_155' title='bbox 3356 999 3574 1052; x_wconf 85' lang='lat' dir='ltr'><strong>omnino</strong></span> <span class='ocrx_word' id='word_1_156' title='bbox 3600 1000 3681 1054; x_wconf 84' lang='lat' dir='ltr'><strong>de-</strong></span> 
     </span>
    </p>
   </div>
   <div class='ocr_carea' id='block_1_25' title="bbox 2121 1088 3679 1161">
    <p class='ocr_par' dir='ltr' id='par_1_25' title="bbox 2121 1088 3679 1161">
     <span class='ocr_line' id='line_1_25' title="bbox 2121 1088 3679 1161; baseline -0.002 -13"><span class='ocrx_word' id='word_1_157' title='bbox 2121 1094 2409 1149; x_wconf 90' lang='lat' dir='ltr'><strong>sideretur.</strong></span> <span class='ocrx_word' id='word_1_158' title='bbox 2436 1091 2537 1145; x_wconf 88' lang='lat' dir='ltr'><strong>Cui</strong></span> <span class='ocrx_word' id='word_1_159' title='bbox 2563 1107 2693 1146; x_wconf 91' lang='lat' dir='ltr'><strong>vero</strong></span> <span class='ocrx_word' id='word_1_160' title='bbox 2716 1092 2936 1161; x_wconf 89' lang='lat' dir='ltr'><strong>aliquos</strong></span> <span class='ocrx_word' id='word_1_161' title='bbox 2982 1091 3099 1145; x_wconf 84' lang='lat' dir='ltr'><strong>sive</strong></span> <span class='ocrx_word' id='word_1_162' title='bbox 3139 1090 3326 1145; x_wconf 66' lang='lat' dir='ltr'><strong>Grazca</strong></span> <span class='ocrx_word' id='word_1_163' title='bbox 3366 1090 3483 1145; x_wconf 90' lang='lat' dir='ltr'><strong>sive</strong></span> <span class='ocrx_word' id='word_1_164' title='bbox 3508 1088 3679 1145; x_wconf 85' lang='lat' dir='ltr'><strong>Latina</strong></span> 
     </span>
    </p>
   </div>
   <div class='ocr_carea' id='block_1_26' title="bbox 2123 1179 3682 1250">
    <p class='ocr_par' dir='ltr' id='par_1_26' title="bbox 2123 1179 3682 1250">
     <span class='ocr_line' id='line_1_26' title="bbox 2123 1179 3682 1250; baseline -0.003 -12"><span class='ocrx_word' id='word_1_165' title='bbox 2123 1198 2287 1238; x_wconf 91' lang='lat' dir='ltr'><strong>manu</strong></span> <span class='ocrx_word' id='word_1_166' title='bbox 2317 1192 2572 1238; x_wconf 79' lang='lat' dir='ltr'><strong>exaratos</strong></span> <span class='ocrx_word' id='word_1_167' title='bbox 2604 1183 2820 1238; x_wconf 90' lang='lat' dir='ltr'><strong>codices</strong></span> <span class='ocrx_word' id='word_1_168' title='bbox 2847 1182 2929 1237; x_wconf 93' lang='lat' dir='ltr'><strong>fas</strong></span> <span class='ocrx_word' id='word_1_169' title='bbox 2953 1197 3059 1235; x_wconf 94' lang='lat' dir='ltr'><strong>non</strong></span> <span class='ocrx_word' id='word_1_170' title='bbox 3089 1179 3191 1235; x_wconf 92' lang='lat' dir='ltr'><strong>fuit</strong></span> <span class='ocrx_word' id='word_1_171' title='bbox 3214 1181 3418 1250; x_wconf 87' lang='lat' dir='ltr'><strong>legere,</strong></span> <span class='ocrx_word' id='word_1_172' title='bbox 3450 1179 3621 1245; x_wconf 89' lang='lat' dir='ltr'><strong>adeat,</strong></span> <span class='ocrx_word' id='word_1_173' title='bbox 3642 1180 3682 1235; x_wconf 86' lang='lat' dir='ltr'><strong>si</strong></span> 
     </span>
    </p>
   </div>
   <div class='ocr_carea' id='block_1_27' title="bbox 2120 1271 3683 1343">
    <p class='ocr_par' dir='ltr' id='par_1_27' title="bbox 2120 1271 3683 1343">
     <span class='ocr_line' id='line_1_27' title="bbox 2120 1271 3683 1343; baseline -0.004 -13"><span class='ocrx_word' id='word_1_174' title='bbox 2120 1277 2273 1341; x_wconf 88' lang='lat' dir='ltr'><strong>velit,</strong></span> <span class='ocrx_word' id='word_1_175' title='bbox 2307 1277 2391 1330; x_wconf 89' lang='lat' dir='ltr'><strong>vel</strong></span> <span class='ocrx_word' id='word_1_176' title='bbox 2420 1276 2599 1331; x_wconf 90' lang='lat' dir='ltr'><strong>solum</strong></span> <span class='ocrx_word' id='word_1_177' title='bbox 2632 1274 3131 1343; x_wconf 89' lang='lat' dir='ltr'><strong>manuscriptorum</strong></span> <span class='ocrx_word' id='word_1_178' title='bbox 3158 1274 3424 1327; x_wconf 87' lang='lat' dir='ltr'><strong>librorum</strong></span> <span class='ocrx_word' id='word_1_179' title='bbox 3450 1273 3503 1325; x_wconf 90' lang='lat' dir='ltr'><strong>in</strong></span> <span class='ocrx_word' id='word_1_180' title='bbox 3532 1271 3683 1325; x_wconf 80' lang='lat' dir='ltr'><strong>Allia-</strong></span> 
     </span>
    </p>
   </div>
   <div class='ocr_carea' id='block_1_28' title="bbox 2119 1364 3682 1437">
    <p class='ocr_par' dir='ltr' id='par_1_28' title="bbox 2119 1364 3682 1437">
     <span class='ocr_line' id='line_1_28' title="bbox 2119 1364 3682 1437; baseline -0.003 -15"><span class='ocrx_word' id='word_1_181' title='bbox 2119 1369 2284 1435; x_wconf 90' lang='lat' dir='ltr'><strong>nasii,</strong></span> <span class='ocrx_word' id='word_1_182' title='bbox 2335 1366 2648 1437; x_wconf 81' lang='lat' dir='ltr'><strong>Augustini,</strong></span> <span class='ocrx_word' id='word_1_183' title='bbox 2698 1368 3043 1437; x_wconf 90' lang='lat' dir='ltr'><strong>aliorumque</strong></span> <span class='ocrx_word' id='word_1_184' title='bbox 3064 1364 3284 1419; x_wconf 85' lang='lat' dir='ltr'><strong>Patrum</strong></span> <span class='ocrx_word' id='word_1_185' title='bbox 3317 1364 3473 1420; x_wconf 82' lang='lat' dir='ltr'><strong>novis</strong></span> <span class='ocrx_word' id='word_1_186' title='bbox 3509 1364 3682 1419; x_wconf 80' lang='lat' dir='ltr'><strong>editio-</strong></span> 
     </span>
    </p>
   </div>
   <div class='ocr_carea' id='block_1_29' title="bbox 2120 1454 3675 1525">
    <p class='ocr_par' dir='ltr' id='par_1_29' title="bbox 2120 1454 3675 1525">
     <span class='ocr_line' id='line_1_29' title="bbox 2120 1454 3675 1525; baseline -0.002 -15"><span class='ocrx_word' id='word_1_187' title='bbox 2120 1456 2285 1511; x_wconf 78' lang='lat' dir='ltr'><strong>nibus</strong></span> <span class='ocrx_word' id='word_1_188' title='bbox 2313 1456 2631 1522; x_wconf 86' lang='lat' dir='ltr'><strong>elenchum,</strong></span> <span class='ocrx_word' id='word_1_189' title='bbox 2663 1467 2717 1510; x_wconf 90' lang='lat' dir='ltr'><strong>et</strong></span> <span class='ocrx_word' id='word_1_190' title='bbox 2737 1472 2805 1511; x_wconf 82' lang='lat' dir='ltr'><strong>ex</strong></span> <span class='ocrx_word' id='word_1_191' title='bbox 2828 1471 2893 1510; x_wconf 89' lang='lat' dir='ltr'><strong>eo</strong></span> <span class='ocrx_word' id='word_1_192' title='bbox 2924 1457 3097 1511; x_wconf 91' lang='lat' dir='ltr'><strong>discet</strong></span> <span class='ocrx_word' id='word_1_193' title='bbox 3134 1454 3320 1525; x_wconf 88' lang='lat' dir='ltr'><strong>plures</strong></span> <span class='ocrx_word' id='word_1_194' title='bbox 3350 1470 3538 1509; x_wconf 85' lang='lat' dir='ltr'><strong>eorum</strong></span> <span class='ocrx_word' id='word_1_195' title='bbox 3580 1463 3675 1507; x_wconf 84' lang='lat' dir='ltr'><strong>tra-</strong></span> 
     </span>
    </p>
   </div>
   <div class='ocr_carea' id='block_1_30' title="bbox 2118 1548 3681 1618">
    <p class='ocr_par' dir='ltr' id='par_1_30' title="bbox 2118 1548 3681 1618">
     <span class='ocr_line' id='line_1_30' title="bbox 2118 1548 3681 1618; baseline -0.001 -16"><span class='ocrx_word' id='word_1_196' title='bbox 2118 1557 2319 1614; x_wconf 90' lang='lat' dir='ltr'><strong>ctatus,</strong></span> <span class='ocrx_word' id='word_1_197' title='bbox 2349 1548 2609 1618; x_wconf 86' lang='lat' dir='ltr'><strong>epistolas</strong></span> <span class='ocrx_word' id='word_1_198' title='bbox 2649 1557 2706 1603; x_wconf 92' lang='lat' dir='ltr'><strong>et</strong></span> <span class='ocrx_word' id='word_1_199' title='bbox 2745 1563 2988 1605; x_wconf 87' lang='lat' dir='ltr'><strong>canones</strong></span> <span class='ocrx_word' id='word_1_200' title='bbox 3032 1564 3098 1603; x_wconf 81' lang='lat' dir='ltr'><strong>ex</strong></span> <span class='ocrx_word' id='word_1_201' title='bbox 3148 1562 3259 1601; x_wconf 92' lang='lat' dir='ltr'><strong>uno</strong></span> <span class='ocrx_word' id='word_1_202' title='bbox 3294 1557 3505 1601; x_wconf 84' lang='lat' dir='ltr'><strong>tantum</strong></span> <span class='ocrx_word' id='word_1_203' title='bbox 3536 1563 3681 1601; x_wconf 88' lang='lat' dir='ltr'><strong>manu</strong></span> 
     </span>
    </p>
   </div>
   <div class='ocr_carea' id='block_1_31' title="bbox 2124 1636 3682 1710">
    <p class='ocr_par' dir='ltr' id='par_1_31' title="bbox 2124 1636 3682 1710">
     <span class='ocr_line' id='line_1_31' title="bbox 2124 1636 3682 1710; baseline -0.003 -17"><span class='ocrx_word' id='word_1_204' title='bbox 2124 1648 2354 1693; x_wconf 83' lang='lat' dir='ltr'><strong>exarato</strong></span> <span class='ocrx_word' id='word_1_205' title='bbox 2384 1641 2573 1695; x_wconf 87' lang='lat' dir='ltr'><strong>codice</strong></span> <span class='ocrx_word' id='word_1_206' title='bbox 2605 1640 2812 1710; x_wconf 85' lang='lat' dir='ltr'><strong>publici</strong></span> <span class='ocrx_word' id='word_1_207' title='bbox 2855 1639 3029 1695; x_wconf 90' lang='lat' dir='ltr'><strong>factos</strong></span> <span class='ocrx_word' id='word_1_208' title='bbox 3060 1639 3230 1695; x_wconf 91' lang='lat' dir='ltr'><strong>fuisse</strong></span> <span class='ocrx_word' id='word_1_209' title='bbox 3254 1639 3419 1709; x_wconf 91' lang='lat' dir='ltr'><strong>juris.</strong></span> <span class='ocrx_word' id='word_1_210' title='bbox 3449 1636 3682 1707; x_wconf 83' lang='lat' dir='ltr'><strong>Nunquid</strong></span> 
     </span>
    </p>
   </div>
   <div class='ocr_carea' id='block_1_32' title="bbox 2119 1730 3683 1803">
    <p class='ocr_par' dir='ltr' id='par_1_32' title="bbox 2119 1730 3683 1803">
     <span class='ocr_line' id='line_1_32' title="bbox 2119 1730 3683 1803; baseline -0.002 -18"><span class='ocrx_word' id='word_1_211' title='bbox 2119 1732 2283 1802; x_wconf 84' lang='lat' dir='ltr'><strong>igitur</strong></span> <span class='ocrx_word' id='word_1_212' title='bbox 2313 1741 2397 1787; x_wconf 89' lang='lat' dir='ltr'><strong>est</strong></span> <span class='ocrx_word' id='word_1_213' title='bbox 2420 1732 2624 1787; x_wconf 89' lang='lat' dir='ltr'><strong>idcirco</strong></span> <span class='ocrx_word' id='word_1_214' title='bbox 2653 1733 2963 1803; x_wconf 84' lang='lat' dir='ltr'><strong>negandum</strong></span> <span class='ocrx_word' id='word_1_215' title='bbox 2999 1732 3097 1787; x_wconf 87' lang='lat' dir='ltr'><strong>hos</strong></span> <span class='ocrx_word' id='word_1_216' title='bbox 3120 1730 3345 1786; x_wconf 91' lang='lat' dir='ltr'><strong>Patrum</strong></span> <span class='ocrx_word' id='word_1_217' title='bbox 3380 1730 3561 1788; x_wconf 87' lang='lat' dir='ltr'><strong>libros,</strong></span> <span class='ocrx_word' id='word_1_218' title='bbox 3585 1745 3683 1783; x_wconf 90' lang='lat' dir='ltr'><strong>ser-</strong></span> 
     </span>
    </p>
   </div>
   <div class='ocr_carea' id='block_1_33' title="bbox 434 1821 3685 1899">
    <p class='ocr_par' dir='ltr' id='par_1_33' title="bbox 434 1821 3685 1899">
     <span class='ocr_line' id='line_1_33' title="bbox 434 1821 3685 1899; baseline -0.002 -19"><span class='ocrx_word' id='word_1_219' title='bbox 434 1821 784 1877; x_wconf 79' lang='lat' dir='ltr'><strong>exhibeutem</strong></span> <span class='ocrx_word' id='word_1_220' title='bbox 815 1824 893 1891; x_wconf 80' lang='grc'><strong>⁸⁸,</strong></span> <span class='ocrx_word' id='word_1_221' title='bbox 935 1837 989 1881; x_wconf 91' lang='lat' dir='ltr'><strong>et</strong></span> <span class='ocrx_word' id='word_1_222' title='bbox 1019 1826 1067 1880; x_wconf 90' lang='lat' dir='ltr'><strong>ei</strong></span> <span class='ocrx_word' id='word_1_223' title='bbox 1100 1842 1211 1897; x_wconf 91' lang='lat' dir='ltr'><strong>quo</strong></span> <span class='ocrx_word' id='word_1_224' title='bbox 1245 1826 1518 1891; x_wconf 87' lang='lat' dir='ltr'><strong>Goharus,</strong></span> <span class='ocrx_word' id='word_1_225' title='bbox 1556 1828 1883 1885; x_wconf 84' lang='lat' dir='ltr'><strong>Anastasius</strong></span> <span class='ocrx_word' id='word_1_226' title='bbox 1918 1845 2017 1899; x_wconf 84' lang='lat' dir='ltr'><strong>pa-</strong></span> <span class='ocrx_word' id='word_1_227' title='bbox 2051 1831 2093 1885; x_wconf 85' lang='grc' dir='ltr'>Β</span> <span class='ocrx_word' id='word_1_228' title='bbox 2122 1839 2314 1880; x_wconf 90' lang='lat' dir='ltr'><strong>mones</strong></span> <span class='ocrx_word' id='word_1_229' title='bbox 2349 1833 2405 1879; x_wconf 90' lang='lat' dir='ltr'><strong>et</strong></span> <span class='ocrx_word' id='word_1_230' title='bbox 2438 1825 2721 1895; x_wconf 82' lang='lat' dir='ltr'><strong>epistolas,</strong></span> <span class='ocrx_word' id='word_1_231' title='bbox 2759 1840 2948 1879; x_wconf 88' lang='lat' dir='ltr'><strong>verum</strong></span> <span class='ocrx_word' id='word_1_232' title='bbox 2996 1824 3408 1894; x_wconf 87' lang='lat' dir='ltr'><strong>genuinumque</strong></span> <span class='ocrx_word' id='word_1_233' title='bbox 3447 1823 3685 1877; x_wconf 77' lang='lat' dir='ltr'><strong>exhibere</strong></span> 
     </span>
    </p>
   </div>
   <div class='ocr_carea' id='block_1_34' title="bbox 433 1915 2017 1990">
    <p class='ocr_par' dir='ltr' id='par_1_34' title="bbox 433 1915 2017 1990">
     <span class='ocr_line' id='line_1_34' title="bbox 433 1915 2017 1990; baseline 0.004 -22"><span class='ocrx_word' id='word_1_234' title='bbox 433 1915 676 1971; x_wconf 88' lang='lat' dir='ltr'><strong>triarcha</strong></span> <span class='ocrx_word' id='word_1_235' title='bbox 704 1916 1114 1983; x_wconf 84' lang='lat' dir='ltr'><strong>Antiochenus,</strong></span> <span class='ocrx_word' id='word_1_236' title='bbox 1164 1928 1329 1990; x_wconf 89' lang='lat' dir='ltr'><strong>atque</strong></span> <span class='ocrx_word' id='word_1_237' title='bbox 1359 1922 1715 1977; x_wconf 81' lang='lat' dir='ltr'><strong>Alexandrini</strong></span> <span class='ocrx_word' id='word_1_238' title='bbox 1752 1922 2017 1977; x_wconf 82' lang='lat' dir='ltr'><strong>Chronici</strong></span> 
     </span>
    </p>
   </div>
   <div class='ocr_carea' id='block_1_35' title="bbox 431 2011 2018 2079">
    <p class='ocr_par' dir='ltr' id='par_1_35' title="bbox 431 2011 2018 2079">
     <span class='ocr_line' id='line_1_35' title="bbox 431 2011 2018 2079; baseline 0.004 -17"><span class='ocrx_word' id='word_1_239' title='bbox 431 2017 627 2064; x_wconf 89' lang='lat' dir='ltr'><strong>auctor</strong></span> <span class='ocrx_word' id='word_1_240' title='bbox 657 2011 743 2066; x_wconf 90' lang='lat' dir='ltr'><strong>usi</strong></span> <span class='ocrx_word' id='word_1_241' title='bbox 770 2020 920 2079; x_wconf 90' lang='lat' dir='ltr'><strong>sunt,</strong></span> <span class='ocrx_word' id='word_1_242' title='bbox 948 2011 1175 2068; x_wconf 89' lang='lat' dir='ltr'><strong>omnino</strong></span> <span class='ocrx_word' id='word_1_243' title='bbox 1204 2013 1439 2070; x_wconf 88' lang='lat' dir='ltr'><strong>similem</strong></span> <span class='ocrx_word' id='word_1_244' title='bbox 1468 2030 1528 2071; x_wconf 88' lang='lat' dir='ltr'><strong>se</strong></span> <span class='ocrx_word' id='word_1_245' title='bbox 1553 2015 1759 2071; x_wconf 90' lang='lat' dir='ltr'><strong>vidisse</strong></span> <span class='ocrx_word' id='word_1_246' title='bbox 1786 2024 2018 2072; x_wconf 89' lang='lat' dir='ltr'><strong>testatus</strong></span> 
     </span>
    </p>
   </div>
   <div class='ocr_carea' id='block_1_36' title="bbox 430 2110 535 2157">
    <p class='ocr_par' dir='ltr' id='par_1_36' title="bbox 430 2110 535 2157">
     <span class='ocr_line' id='line_1_36' title="bbox 430 2110 535 2157; baseline -0.019 0"><span class='ocrx_word' id='word_1_247' title='bbox 430 2110 535 2157; x_wconf 89' lang='lat' dir='ltr'><strong>est.</strong></span> 
     </span>
    </p>
   </div>
   <div class='ocr_carea' id='block_1_37' title="bbox 434 2213 2017 2293">
    <p class='ocr_par' dir='ltr' id='par_1_37' title="bbox 434 2213 2017 2293">
     <span class='ocr_line' id='line_1_37' title="bbox 434 2213 2017 2293; baseline 0.002 -23"><span class='ocrx_word' id='word_1_248' title='bbox 434 2214 465 2287; x_wconf 63' lang='grc' dir='ltr'>ᾗ</span> <span class='ocrx_word' id='word_1_249' title='bbox 495 2213 605 2271; x_wconf 85' lang='lat' dir='ltr'><strong>VII.</strong></span> <span class='ocrx_word' id='word_1_250' title='bbox 642 2215 1195 2293; x_wconf 59' lang='lat' dir='ltr'><strong>SingularisErnesti</strong></span> <span class='ocrx_word' id='word_1_251' title='bbox 1234 2219 1497 2293; x_wconf 10' lang='lat' dir='ltr'><strong>Trentzelii</strong></span> <span class='ocrx_word' id='word_1_252' title='bbox 1528 2222 1593 2276; x_wconf 83' lang='lat' dir='ltr'><strong>de</strong></span> <span class='ocrx_word' id='word_1_253' title='bbox 1630 2223 1766 2278; x_wconf 73' lang='lat' dir='ltr'><strong>veris</strong></span> <span class='ocrx_word' id='word_1_254' title='bbox 1816 2220 2017 2293; x_wconf 83' lang='lat' dir='ltr'><strong>lgnatii</strong></span> 
     </span>
    </p>
   </div>
   <div class='ocr_carea' id='block_1_38' title="bbox 782 2290 1636 2361">
    <p class='ocr_par' dir='ltr' id='par_1_38' title="bbox 782 2290 1636 2361">
     <span class='ocr_line' id='line_1_38' title="bbox 782 2290 1636 2361; baseline 0.006 -19"><span class='ocrx_word' id='word_1_255' title='bbox 782 2290 1021 2358; x_wconf 79' lang='lat' dir='ltr'><strong>epistolis</strong></span> <span class='ocrx_word' id='word_1_256' title='bbox 1057 2292 1321 2345; x_wconf 77' lang='lat' dir='ltr'><strong>sententia</strong></span> <span class='ocrx_word' id='word_1_257' title='bbox 1350 2292 1636 2361; x_wconf 81' lang='lat' dir='ltr'><strong>refellitur.</strong></span> 
     </span>
    </p>
   </div>
   <div class='ocr_carea' id='block_1_39' title="bbox 502 2399 2015 2477">
    <p class='ocr_par' dir='ltr' id='par_1_39' title="bbox 502 2399 2015 2477">
     <span class='ocr_line' id='line_1_39' title="bbox 502 2399 2015 2477; baseline 0.006 -23"><span class='ocrx_word' id='word_1_258' title='bbox 502 2399 805 2472; x_wconf 85' lang='lat' dir='ltr'><strong>Postquam</strong></span> <span class='ocrx_word' id='word_1_259' title='bbox 828 2418 893 2458; x_wconf 89' lang='lat' dir='ltr'><strong>ea</strong></span> <span class='ocrx_word' id='word_1_260' title='bbox 924 2419 1047 2474; x_wconf 81' lang='lat' dir='ltr'><strong>quae</strong></span> <span class='ocrx_word' id='word_1_261' title='bbox 1080 2405 1148 2459; x_wconf 90' lang='lat' dir='ltr'><strong>de</strong></span> <span class='ocrx_word' id='word_1_262' title='bbox 1178 2406 1326 2460; x_wconf 85' lang='lat' dir='ltr'><strong>veris</strong></span> <span class='ocrx_word' id='word_1_263' title='bbox 1354 2414 1408 2459; x_wconf 92' lang='lat' dir='ltr'><strong>et</strong></span> <span class='ocrx_word' id='word_1_264' title='bbox 1442 2405 1596 2462; x_wconf 83' lang='lat' dir='ltr'><strong>falsis</strong></span> <span class='ocrx_word' id='word_1_265' title='bbox 1625 2406 1816 2477; x_wconf 85' lang='lat' dir='ltr'><strong>lgnatii</strong></span> <span class='ocrx_word' id='word_1_266' title='bbox 1843 2410 2015 2464; x_wconf 79' lang='lat' dir='ltr'><strong>nostri</strong></span> 
     </span>
    </p>
   </div>
   <div class='ocr_carea' id='block_1_40' title="bbox 433 2493 2015 2570">
    <p class='ocr_par' dir='ltr' id='par_1_40' title="bbox 433 2493 2015 2570">
     <span class='ocr_line' id='line_1_40' title="bbox 433 2493 2015 2570; baseline 0.006 -24"><span class='ocrx_word' id='word_1_267' title='bbox 433 2493 705 2562; x_wconf 84' lang='lat' dir='ltr'><strong>epistolis,</strong></span> <span class='ocrx_word' id='word_1_268' title='bbox 744 2510 776 2549; x_wconf 89' lang='lat' dir='ltr'><strong>a</strong></span> <span class='ocrx_word' id='word_1_269' title='bbox 812 2494 982 2550; x_wconf 82' lang='lat' dir='ltr'><strong>nobis</strong></span> <span class='ocrx_word' id='word_1_270' title='bbox 1010 2497 1279 2552; x_wconf 88' lang='lat' dir='ltr'><strong>hactenus</strong></span> <span class='ocrx_word' id='word_1_271' title='bbox 1318 2497 1614 2567; x_wconf 87' lang='lat' dir='ltr'><strong>disputata,</strong></span> <span class='ocrx_word' id='word_1_272' title='bbox 1650 2500 1790 2570; x_wconf 85' lang='lat' dir='ltr'><strong>typis</strong></span> <span class='ocrx_word' id='word_1_273' title='bbox 1815 2516 2015 2555; x_wconf 80' lang='lat' dir='ltr'><strong>excusa</strong></span> 
     </span>
    </p>
   </div>
   <div class='ocr_carea' id='block_1_41' title="bbox 433 2585 2013 2652">
    <p class='ocr_par' dir='ltr' id='par_1_41' title="bbox 433 2585 2013 2652">
     <span class='ocr_line' id='line_1_41' title="bbox 433 2585 2013 2652; baseline 0.005 -12"><span class='ocrx_word' id='word_1_274' title='bbox 433 2585 693 2652; x_wconf 82' lang='lat' dir='ltr'><strong>fuissent,</strong></span> <span class='ocrx_word' id='word_1_275' title='bbox 745 2587 800 2641; x_wconf 94' lang='lat' dir='ltr'><strong>in</strong></span> <span class='ocrx_word' id='word_1_276' title='bbox 864 2604 1064 2643; x_wconf 86' lang='lat' dir='ltr'><strong>manus</strong></span> <span class='ocrx_word' id='word_1_277' title='bbox 1114 2598 1335 2644; x_wconf 87' lang='lat' dir='ltr'><strong>nostras</strong></span> <span class='ocrx_word' id='word_1_278' title='bbox 1397 2602 1668 2645; x_wconf 86' lang='lat' dir='ltr'><strong>venerunt</strong></span> <span class='ocrx_word' id='word_1_279' title='bbox 1753 2591 2013 2648; x_wconf 82' lang='lat' dir='ltr'><strong>Willelmi</strong></span> 
     </span>
    </p>
   </div>
   <div class='ocr_carea' id='block_1_42' title="bbox 434 2676 2013 2752">
    <p class='ocr_par' dir='ltr' id='par_1_42' title="bbox 434 2676 2013 2752">
     <span class='ocr_line' id='line_1_42' title="bbox 434 2676 2013 2752; baseline 0.004 -22"><span class='ocrx_word' id='word_1_280' title='bbox 434 2676 650 2733; x_wconf 80' lang='lat' dir='ltr'><strong>Ernesti</strong></span> <span class='ocrx_word' id='word_1_281' title='bbox 676 2677 939 2734; x_wconf 84' lang='lat' dir='ltr'><strong>Tentzelii</strong></span> <span class='ocrx_word' id='word_1_282' title='bbox 968 2680 1185 2735; x_wconf 78' lang='lat' dir='ltr'><strong>selectae</strong></span> <span class='ocrx_word' id='word_1_283' title='bbox 1212 2682 1660 2746; x_wconf 78' lang='lat' dir='ltr'><strong>exercitationes,</strong></span> <span class='ocrx_word' id='word_1_284' title='bbox 1695 2697 1928 2752; x_wconf 90' lang='lat' dir='ltr'><strong>quarum</strong></span> <span class='ocrx_word' id='word_1_285' title='bbox 1961 2684 2013 2738; x_wconf 89' lang='lat' dir='ltr'><strong>iu</strong></span> 
     </span>
    </p>
   </div>
   <div class='ocr_carea' id='block_1_43' title="bbox 434 2769 2017 2844">
    <p class='ocr_par' dir='ltr' id='par_1_43' title="bbox 434 2769 2017 2844">
     <span class='ocr_line' id='line_1_43' title="bbox 434 2769 2017 2844; baseline 0.005 -23"><span class='ocrx_word' id='word_1_286' title='bbox 434 2769 598 2823; x_wconf 88' lang='lat' dir='ltr'><strong>tertia</strong></span> <span class='ocrx_word' id='word_1_287' title='bbox 625 2770 717 2824; x_wconf 93' lang='lat' dir='ltr'><strong>ille</strong></span> <span class='ocrx_word' id='word_1_288' title='bbox 745 2785 977 2840; x_wconf 87' lang='lat' dir='ltr'><strong>prorsus</strong></span> <span class='ocrx_word' id='word_1_289' title='bbox 1011 2771 1344 2842; x_wconf 78' lang='lat' dir='ltr'><strong>singularem</strong></span> <span class='ocrx_word' id='word_1_290' title='bbox 1369 2774 1437 2828; x_wconf 90' lang='lat' dir='ltr'><strong>de</strong></span> <span class='ocrx_word' id='word_1_291' title='bbox 1467 2774 1719 2842; x_wconf 79' lang='lat' dir='ltr'><strong>genuinis</strong></span> <span class='ocrx_word' id='word_1_292' title='bbox 1768 2774 1876 2829; x_wconf 90' lang='lat' dir='ltr'><strong>illis</strong></span> <span class='ocrx_word' id='word_1_293' title='bbox 1901 2776 2017 2844; x_wconf 85' lang='lat' dir='ltr'><strong>epi—</strong></span> 
     </span>
    </p>
   </div>
   <div class='ocr_carea' id='block_1_44' title="bbox 437 2860 2015 2934">
    <p class='ocr_par' dir='ltr' id='par_1_44' title="bbox 437 2860 2015 2934">
     <span class='ocr_line' id='line_1_44' title="bbox 437 2860 2015 2934; baseline 0.003 -20"><span class='ocrx_word' id='word_1_294' title='bbox 437 2860 597 2915; x_wconf 86' lang='lat' dir='ltr'><strong>stolis</strong></span> <span class='ocrx_word' id='word_1_295' title='bbox 640 2863 969 2918; x_wconf 88' lang='lat' dir='ltr'><strong>sententiam</strong></span> <span class='ocrx_word' id='word_1_296' title='bbox 1004 2864 1349 2934; x_wconf 86' lang='lat' dir='ltr'><strong>amplexatus</strong></span> <span class='ocrx_word' id='word_1_297' title='bbox 1374 2874 1476 2920; x_wconf 91' lang='lat' dir='ltr'><strong>est.</strong></span> <span class='ocrx_word' id='word_1_298' title='bbox 1512 2866 1650 2921; x_wconf 84' lang='lat' dir='ltr'><strong>Cum</strong></span> <span class='ocrx_word' id='word_1_299' title='bbox 1694 2866 1839 2921; x_wconf 93' lang='lat' dir='ltr'><strong>enim</strong></span> <span class='ocrx_word' id='word_1_300' title='bbox 1886 2865 2015 2919; x_wconf 85' lang='lat' dir='ltr'><strong>Flo-</strong></span> 
     </span>
    </p>
   </div>
   <div class='ocr_carea' id='block_1_45' title="bbox 434 2954 2012 3026">
    <p class='ocr_par' dir='ltr' id='par_1_45' title="bbox 434 2954 2012 3026">
     <span class='ocr_line' id='line_1_45' title="bbox 434 2954 2012 3026; baseline 0.003 -21"><span class='ocrx_word' id='word_1_301' title='bbox 434 2954 711 3008; x_wconf 88' lang='lat' dir='ltr'><strong>rentiuum</strong></span> <span class='ocrx_word' id='word_1_302' title='bbox 773 2970 870 3009; x_wconf 88' lang='lat' dir='ltr'><strong>seu</strong></span> <span class='ocrx_word' id='word_1_303' title='bbox 920 2954 1220 3011; x_wconf 87' lang='lat' dir='ltr'><strong>Mediceum</strong></span> <span class='ocrx_word' id='word_1_304' title='bbox 1277 2956 1556 3022; x_wconf 90' lang='lat' dir='ltr'><strong>codicem,</strong></span> <span class='ocrx_word' id='word_1_305' title='bbox 1611 2971 1776 3026; x_wconf 89' lang='lat' dir='ltr'><strong>quem</strong></span> <span class='ocrx_word' id='word_1_306' title='bbox 1836 2956 2012 3011; x_wconf 87' lang='lat' dir='ltr'><strong>solum</strong></span> 
     </span>
    </p>
   </div>
   <div class='ocr_carea' id='block_1_46' title="bbox 433 3044 2015 3119">
    <p class='ocr_par' dir='ltr' id='par_1_46' title="bbox 433 3044 2015 3119">
     <span class='ocr_line' id='line_1_46' title="bbox 433 3044 2015 3119; baseline 0.004 -20"><span class='ocrx_word' id='word_1_307' title='bbox 433 3044 654 3101; x_wconf 70' lang='lat' dir='ltr'><strong>Graecas</strong></span> <span class='ocrx_word' id='word_1_308' title='bbox 708 3046 902 3118; x_wconf 86' lang='lat' dir='ltr'><strong>lgnatii</strong></span> <span class='ocrx_word' id='word_1_309' title='bbox 963 3048 1174 3105; x_wconf 81' lang='lat' dir='ltr'><strong>litteras</strong></span> <span class='ocrx_word' id='word_1_310' title='bbox 1231 3052 1442 3119; x_wconf 90' lang='lat' dir='ltr'><strong>absque</strong></span> <span class='ocrx_word' id='word_1_311' title='bbox 1501 3048 2015 3119; x_wconf 86' lang='lat' dir='ltr'><strong>interpolationibus</strong></span> 
     </span>
    </p>
   </div>
   <div class='ocr_carea' id='block_1_47' title="bbox 433 3138 2013 3219">
    <p class='ocr_par' dir='ltr' id='par_1_47' title="bbox 433 3138 2013 3219">
     <span class='ocr_line' id='line_1_47' title="bbox 433 3138 2013 3219; baseline 0.004 -30"><span class='ocrx_word' id='word_1_312' title='bbox 433 3138 697 3194; x_wconf 78' lang='lat' dir='ltr'><strong>exhibere</strong></span> <span class='ocrx_word' id='word_1_313' title='bbox 737 3140 1013 3209; x_wconf 87' lang='lat' dir='ltr'><strong>diximus,</strong></span> <span class='ocrx_word' id='word_1_314' title='bbox 1055 3143 1328 3212; x_wconf 87' lang='lat' dir='ltr'><strong>integrum</strong></span> <span class='ocrx_word' id='word_1_315' title='bbox 1373 3156 1482 3196; x_wconf 92' lang='lat' dir='ltr'><strong>non</strong></span> <span class='ocrx_word' id='word_1_316' title='bbox 1526 3155 1669 3219; x_wconf 82' lang='lat' dir='ltr'><strong>esse,</strong></span> <span class='ocrx_word' id='word_1_317' title='bbox 1719 3142 1813 3196; x_wconf 90' lang='lat' dir='ltr'><strong>sed</strong></span> <span class='ocrx_word' id='word_1_318' title='bbox 1853 3141 2013 3196; x_wconf 79' lang='lat' dir='ltr'><strong>sicuti</strong></span> 
     </span>
    </p>
   </div>
   <div class='ocr_carea' id='block_1_48' title="bbox 434 3233 2014 3303">
    <p class='ocr_par' dir='ltr' id='par_1_48' title="bbox 434 3233 2014 3303">
     <span class='ocr_line' id='line_1_48' title="bbox 434 3233 2014 3303; baseline 0.003 -19"><span class='ocrx_word' id='word_1_319' title='bbox 434 3233 775 3300; x_wconf 84' lang='lat' dir='ltr'><strong>monuimus,</strong></span> <span class='ocrx_word' id='word_1_320' title='bbox 800 3235 1081 3303; x_wconf 87' lang='lat' dir='ltr'><strong>mutilum,</strong></span> <span class='ocrx_word' id='word_1_321' title='bbox 1113 3234 1525 3299; x_wconf 89' lang='lat' dir='ltr'><strong>detruncatum,</strong></span> <span class='ocrx_word' id='word_1_322' title='bbox 1555 3249 1621 3288; x_wconf 91' lang='lat' dir='ltr'><strong>ac</strong></span> <span class='ocrx_word' id='word_1_323' title='bbox 1646 3234 1817 3289; x_wconf 89' lang='lat' dir='ltr'><strong>variis</strong></span> <span class='ocrx_word' id='word_1_324' title='bbox 1842 3234 2014 3289; x_wconf 86' lang='lat' dir='ltr'><strong>libra-</strong></span> 
     </span>
    </p>
   </div>
   <div class='ocr_carea' id='block_1_49' title="bbox 436 3324 2013 3394">
    <p class='ocr_par' dir='ltr' id='par_1_49' title="bbox 436 3324 2013 3394">
     <span class='ocr_line' id='line_1_49' title="bbox 436 3324 2013 3394; baseline 0.001 -18"><span class='ocrx_word' id='word_1_325' title='bbox 436 3324 640 3377; x_wconf 84' lang='lat' dir='ltr'><strong>riorum</strong></span> <span class='ocrx_word' id='word_1_326' title='bbox 696 3326 910 3381; x_wconf 90' lang='lat' dir='ltr'><strong>mendis</strong></span> <span class='ocrx_word' id='word_1_327' title='bbox 964 3334 1020 3380; x_wconf 86' lang='lat' dir='ltr'><strong>et</strong></span> <span class='ocrx_word' id='word_1_328' title='bbox 1066 3326 1349 3380; x_wconf 86' lang='lat' dir='ltr'><strong>erroribus</strong></span> <span class='ocrx_word' id='word_1_329' title='bbox 1397 3332 1716 3394; x_wconf 91' lang='lat' dir='ltr'><strong>corruptum</strong></span> <span class='ocrx_word' id='word_1_330' title='bbox 1757 3324 2013 3391; x_wconf 88' lang='lat' dir='ltr'><strong>vidisset;</strong></span> 
     </span>
    </p>
   </div>
   <div class='ocr_carea' id='block_1_50' title="bbox 435 3414 2014 3482">
    <p class='ocr_par' dir='ltr' id='par_1_50' title="bbox 435 3414 2014 3482">
     <span class='ocr_line' id='line_1_50' title="bbox 435 3414 2014 3482; baseline 0.004 -15"><span class='ocrx_word' id='word_1_331' title='bbox 435 3414 563 3471; x_wconf 85' lang='lat' dir='ltr'><strong>hinc</strong></span> <span class='ocrx_word' id='word_1_332' title='bbox 584 3415 673 3471; x_wconf 90' lang='lat' dir='ltr'><strong>ille</strong></span> <span class='ocrx_word' id='word_1_333' title='bbox 696 3432 856 3470; x_wconf 87' lang='lat' dir='ltr'><strong>suum</strong></span> <span class='ocrx_word' id='word_1_334' title='bbox 896 3417 1119 3472; x_wconf 67' lang='lat' dir='ltr'><strong>induxit</strong></span> <span class='ocrx_word' id='word_1_335' title='bbox 1152 3418 1205 3471; x_wconf 93' lang='lat' dir='ltr'><strong>in</strong></span> <span class='ocrx_word' id='word_1_336' title='bbox 1238 3418 1484 3472; x_wconf 91' lang='lat' dir='ltr'><strong>animum</strong></span> <span class='ocrx_word' id='word_1_337' title='bbox 1520 3417 1574 3471; x_wconf 92' lang='lat' dir='ltr'><strong>in</strong></span> <span class='ocrx_word' id='word_1_338' title='bbox 1606 3431 1673 3471; x_wconf 92' lang='lat' dir='ltr'><strong>eo</strong></span> <span class='ocrx_word' id='word_1_339' title='bbox 1704 3432 1805 3471; x_wconf 88' lang='lat' dir='ltr'><strong>nec</strong></span> <span class='ocrx_word' id='word_1_340' title='bbox 1834 3432 2014 3482; x_wconf 90' lang='lat' dir='ltr'><strong>veras,</strong></span> 
     </span>
    </p>
   </div>
   <div class='ocr_carea' id='block_1_51' title="bbox 432 3509 2017 3580">
    <p class='ocr_par' dir='ltr' id='par_1_51' title="bbox 432 3509 2017 3580">
     <span class='ocr_line' id='line_1_51' title="bbox 432 3509 2017 3580; baseline 0.004 -21"><span class='ocrx_word' id='word_1_341' title='bbox 432 3522 535 3561; x_wconf 88' lang='lat' dir='ltr'><strong>nec</strong></span> <span class='ocrx_word' id='word_1_342' title='bbox 565 3509 834 3577; x_wconf 87' lang='lat' dir='ltr'><strong>genuinas</strong></span> <span class='ocrx_word' id='word_1_343' title='bbox 876 3510 1283 3580; x_wconf 64' lang='lat' dir='ltr'><strong>repraesentari,</strong></span> <span class='ocrx_word' id='word_1_344' title='bbox 1322 3526 1527 3580; x_wconf 86' lang='lat' dir='ltr'><strong>easque</strong></span> <span class='ocrx_word' id='word_1_345' title='bbox 1571 3510 1763 3564; x_wconf 92' lang='lat' dir='ltr'><strong>nullibi</strong></span> <span class='ocrx_word' id='word_1_346' title='bbox 1799 3520 2017 3566; x_wconf 80' lang='lat' dir='ltr'><strong>exstare</strong></span> 
     </span>
    </p>
   </div>
   <div class='ocr_carea' id='block_1_52' title="bbox 432 3601 2017 3674">
    <p class='ocr_par' dir='ltr' id='par_1_52' title="bbox 432 3601 2017 3674">
     <span class='ocr_line' id='line_1_52' title="bbox 432 3601 2017 3674; baseline 0.007 -22"><span class='ocrx_word' id='word_1_347' title='bbox 432 3601 688 3670; x_wconf 86' lang='lat' dir='ltr'><strong>amplius.</strong></span> <span class='ocrx_word' id='word_1_348' title='bbox 716 3601 771 3656; x_wconf 92' lang='lat' dir='ltr'><strong>In</strong></span> <span class='ocrx_word' id='word_1_349' title='bbox 805 3602 972 3673; x_wconf 90' lang='lat' dir='ltr'><strong>hujus</strong></span> <span class='ocrx_word' id='word_1_350' title='bbox 994 3613 1177 3659; x_wconf 87' lang='lat' dir='ltr'><strong>autem</strong></span> <span class='ocrx_word' id='word_1_351' title='bbox 1212 3604 1511 3674; x_wconf 78' lang='lat' dir='ltr'><strong>Opinionis,</strong></span> <span class='ocrx_word' id='word_1_352' title='bbox 1544 3619 1575 3658; x_wconf 91' lang='lat' dir='ltr'><strong>a</strong></span> <span class='ocrx_word' id='word_1_353' title='bbox 1604 3607 1817 3669; x_wconf 52' lang='lat' dir='ltr'><strong>caeteris</strong></span> <span class='ocrx_word' id='word_1_354' title='bbox 1840 3606 2017 3663; x_wconf 88' lang='lat' dir='ltr'><strong>omni-</strong></span> 
     </span>
    </p>
   </div>
   <div class='ocr_carea' id='block_1_53' title="bbox 432 3690 2018 3770">
    <p class='ocr_par' dir='ltr' id='par_1_53' title="bbox 432 3690 2018 3770">
     <span class='ocr_line' id='line_1_53' title="bbox 432 3690 2018 3770; baseline 0.007 -27"><span class='ocrx_word' id='word_1_355' title='bbox 432 3690 537 3744; x_wconf 82' lang='lat' dir='ltr'><strong>bus</strong></span> <span class='ocrx_word' id='word_1_356' title='bbox 571 3693 709 3746; x_wconf 83' lang='lat' dir='ltr'><strong>adeo</strong></span> <span class='ocrx_word' id='word_1_357' title='bbox 760 3692 1127 3756; x_wconf 83' lang='lat' dir='ltr'><strong>abhorrentis,</strong></span> <span class='ocrx_word' id='word_1_358' title='bbox 1160 3695 1638 3754; x_wconf 77' lang='lat' dir='ltr'><strong>confirmationem</strong></span> <span class='ocrx_word' id='word_1_359' title='bbox 1693 3701 1844 3754; x_wconf 88' lang='lat' dir='ltr'><strong>varia</strong></span> <span class='ocrx_word' id='word_1_360' title='bbox 1893 3716 2018 3770; x_wconf 88' lang='lat' dir='ltr'><strong>pro-</strong></span> 
     </span>
    </p>
   </div>
   <div class='ocr_carea' id='block_1_54' title="bbox 434 3780 2020 3865">
    <p class='ocr_par' dir='ltr' id='par_1_54' title="bbox 434 3780 2020 3865">
     <span class='ocr_line' id='line_1_54' title="bbox 434 3780 2020 3865; baseline 0.009 -31"><span class='ocrx_word' id='word_1_361' title='bbox 434 3780 538 3838; x_wconf 88' lang='lat' dir='ltr'><strong>fert</strong></span> <span class='ocrx_word' id='word_1_362' title='bbox 558 3786 893 3855; x_wconf 78' lang='lat' dir='ltr'><strong>testimonia,</strong></span> <span class='ocrx_word' id='word_1_363' title='bbox 912 3802 977 3844; x_wconf 79' lang='lat' dir='ltr'><strong>ex</strong></span> <span class='ocrx_word' id='word_1_364' title='bbox 1003 3787 1091 3847; x_wconf 91' lang='lat' dir='ltr'><strong>his</strong></span> <span class='ocrx_word' id='word_1_365' title='bbox 1113 3788 1311 3849; x_wconf 76' lang='lat' dir='ltr'><strong>litteris</strong></span> <span class='ocrx_word' id='word_1_366' title='bbox 1333 3809 1363 3848; x_wconf 89' lang='lat' dir='ltr'><strong>a</strong></span> <span class='ocrx_word' id='word_1_367' title='bbox 1393 3793 1763 3859; x_wconf 89' lang='lat' dir='ltr'><strong>Theodoreto,</strong></span> <span class='ocrx_word' id='word_1_368' title='bbox 1789 3797 2020 3865; x_wconf 81' lang='lat' dir='ltr'><strong>aliisque</strong></span> 
     </span>
    </p>
   </div>
   <div class='ocr_carea' id='block_1_55' title="bbox 434 3874 2017 3957">
    <p class='ocr_par' dir='ltr' id='par_1_55' title="bbox 434 3874 2017 3957">
     <span class='ocr_line' id='line_1_55' title="bbox 434 3874 2017 3957; baseline 0.007 -28"><span class='ocrx_word' id='word_1_369' title='bbox 434 3874 765 3946; x_wconf 78' lang='lat' dir='ltr'><strong>quibusdam</strong></span> <span class='ocrx_word' id='word_1_370' title='bbox 812 3881 1218 3950; x_wconf 84' lang='lat' dir='ltr'><strong>antiquissimis</strong></span> <span class='ocrx_word' id='word_1_371' title='bbox 1269 3884 1635 3954; x_wconf 87' lang='lat' dir='ltr'><strong>scriptoribus</strong></span> <span class='ocrx_word' id='word_1_372' title='bbox 1672 3886 2017 3957; x_wconf 88' lang='lat' dir='ltr'><strong>deprompta,</strong></span> 
     </span>
    </p>
   </div>
   <div class='ocr_carea' id='block_1_56' title="bbox 434 3973 2021 4049">
    <p class='ocr_par' dir='ltr' id='par_1_56' title="bbox 434 3973 2021 4049">
     <span class='ocr_line' id='line_1_56' title="bbox 434 3973 2021 4049; baseline 0.008 -27"><span class='ocrx_word' id='word_1_373' title='bbox 434 3985 558 4039; x_wconf 70' lang='lat' dir='ltr'><strong>qua:</strong></span> <span class='ocrx_word' id='word_1_374' title='bbox 600 3986 709 4027; x_wconf 90' lang='lat' dir='ltr'><strong>non</strong></span> <span class='ocrx_word' id='word_1_375' title='bbox 754 3973 945 4029; x_wconf 90' lang='lat' dir='ltr'><strong>eodem</strong></span> <span class='ocrx_word' id='word_1_376' title='bbox 986 3991 1217 4045; x_wconf 89' lang='lat' dir='ltr'><strong>prorsus</strong></span> <span class='ocrx_word' id='word_1_377' title='bbox 1248 3978 1413 4033; x_wconf 90' lang='lat' dir='ltr'><strong>modo</strong></span> <span class='ocrx_word' id='word_1_378' title='bbox 1459 3987 1625 4049; x_wconf 90' lang='lat' dir='ltr'><strong>atque</strong></span> <span class='ocrx_word' id='word_1_379' title='bbox 1664 3978 1721 4033; x_wconf 90' lang='lat' dir='ltr'><strong>in</strong></span> <span class='ocrx_word' id='word_1_380' title='bbox 1770 3980 1865 4035; x_wconf 89' lang='lat' dir='ltr'><strong>illo</strong></span> <span class='ocrx_word' id='word_1_381' title='bbox 1896 3980 2021 4034; x_wconf 85' lang='lat' dir='ltr'><strong>Flo-</strong></span> 
     </span>
    </p>
   </div>
   <div class='ocr_carea' id='block_1_57' title="bbox 438 4064 2024 4140">
    <p class='ocr_par' dir='ltr' id='par_1_57' title="bbox 438 4064 2024 4140">
     <span class='ocr_line' id='line_1_57' title="bbox 438 4064 2024 4140; baseline 0.005 -23"><span class='ocrx_word' id='word_1_382' title='bbox 438 4064 657 4119; x_wconf 90' lang='lat' dir='ltr'><strong>rentino</strong></span> <span class='ocrx_word' id='word_1_383' title='bbox 697 4066 887 4121; x_wconf 90' lang='lat' dir='ltr'><strong>codice</strong></span> <span class='ocrx_word' id='word_1_384' title='bbox 935 4068 1213 4138; x_wconf 87' lang='lat' dir='ltr'><strong>leguntur.</strong></span> <span class='ocrx_word' id='word_1_385' title='bbox 1247 4068 1327 4124; x_wconf 81' lang='lat' dir='ltr'><strong>Ex</strong></span> <span class='ocrx_word' id='word_1_386' title='bbox 1352 4070 1556 4140; x_wconf 90' lang='lat' dir='ltr'><strong>quibus</strong></span> <span class='ocrx_word' id='word_1_387' title='bbox 1590 4070 1785 4126; x_wconf 92' lang='lat' dir='ltr'><strong>doctus</strong></span> <span class='ocrx_word' id='word_1_388' title='bbox 1823 4071 1913 4125; x_wconf 90' lang='lat' dir='ltr'><strong>ille</strong></span> <span class='ocrx_word' id='word_1_389' title='bbox 1938 4070 2024 4125; x_wconf 89' lang='lat' dir='ltr'><strong>vir</strong></span> 
     </span>
    </p>
   </div>
   <div class='ocr_carea' id='block_1_58' title="bbox 436 4157 2024 4234">
    <p class='ocr_par' dir='ltr' id='par_1_58' title="bbox 436 4157 2024 4234">
     <span class='ocr_line' id='line_1_58' title="bbox 436 4157 2024 4234; baseline 0.006 -24"><span class='ocrx_word' id='word_1_390' title='bbox 436 4157 718 4212; x_wconf 86' lang='lat' dir='ltr'><strong>concludit</strong></span> <span class='ocrx_word' id='word_1_391' title='bbox 751 4173 853 4213; x_wconf 91' lang='lat' dir='ltr'><strong>nos</strong></span> <span class='ocrx_word' id='word_1_392' title='bbox 881 4174 980 4229; x_wconf 89' lang='lat' dir='ltr'><strong>pro</strong></span> <span class='ocrx_word' id='word_1_393' title='bbox 1014 4176 1144 4216; x_wconf 85' lang='lat' dir='ltr'><strong>vere</strong></span> <span class='ocrx_word' id='word_1_394' title='bbox 1176 4160 1462 4234; x_wconf 88' lang='lat' dir='ltr'><strong>lgnatiano</strong></span> <span class='ocrx_word' id='word_1_395' title='bbox 1490 4162 1629 4217; x_wconf 87' lang='lat' dir='ltr'><strong>nihil</strong></span> <span class='ocrx_word' id='word_1_396' title='bbox 1674 4178 1900 4232; x_wconf 89' lang='lat' dir='ltr'><strong>prorsus</strong></span> <span class='ocrx_word' id='word_1_397' title='bbox 1926 4164 2024 4219; x_wconf 88' lang='lat' dir='ltr'><strong>ha-</strong></span> 
     </span>
    </p>
   </div>
   <div class='ocr_carea' id='block_1_59' title="bbox 434 4247 2024 4324">
    <p class='ocr_par' dir='ltr' id='par_1_59' title="bbox 434 4247 2024 4324">
     <span class='ocr_line' id='line_1_59' title="bbox 434 4247 2024 4324; baseline 0.005 -23"><span class='ocrx_word' id='word_1_398' title='bbox 434 4247 585 4315; x_wconf 84' lang='lat' dir='ltr'><strong>bere,</strong></span> <span class='ocrx_word' id='word_1_399' title='bbox 619 4250 725 4304; x_wconf 91' lang='lat' dir='ltr'><strong>nisi</strong></span> <span class='ocrx_word' id='word_1_400' title='bbox 749 4251 894 4320; x_wconf 90' lang='lat' dir='ltr'><strong>quod</strong></span> <span class='ocrx_word' id='word_1_401' title='bbox 928 4252 997 4307; x_wconf 89' lang='lat' dir='ltr'><strong>ab</strong></span> <span class='ocrx_word' id='word_1_402' title='bbox 1040 4251 1299 4309; x_wconf 73' lang='lat' dir='ltr'><strong>Ecclesiae</strong></span> <span class='ocrx_word' id='word_1_403' title='bbox 1333 4252 1613 4320; x_wconf 86' lang='lat' dir='ltr'><strong>Patribus,</strong></span> <span class='ocrx_word' id='word_1_404' title='bbox 1661 4254 1756 4323; x_wconf 92' lang='lat' dir='ltr'><strong>qui</strong></span> <span class='ocrx_word' id='word_1_405' title='bbox 1790 4264 2024 4324; x_wconf 88' lang='lat' dir='ltr'><strong>quatuor</strong></span> 
     </span>
    </p>
   </div>
   <div class='ocr_carea' id='block_1_60' title="bbox 434 4340 2024 4415">
    <p class='ocr_par' dir='ltr' id='par_1_60' title="bbox 434 4340 2024 4415">
     <span class='ocr_line' id='line_1_60' title="bbox 434 4340 2024 4415; baseline 0.006 -22"><span class='ocrx_word' id='word_1_406' title='bbox 434 4340 629 4410; x_wconf 82' lang='lat' dir='ltr'><strong>primis</strong></span> <span class='ocrx_word' id='word_1_407' title='bbox 665 4342 1005 4415; x_wconf 89' lang='lat' dir='ltr'><strong>postlgnatii</strong></span> <span class='ocrx_word' id='word_1_408' title='bbox 1030 4358 1263 4401; x_wconf 81' lang='lat' dir='ltr'><strong>mortem</strong></span> <span class='ocrx_word' id='word_1_409' title='bbox 1300 4346 1516 4402; x_wconf 79' lang='lat' dir='ltr'><strong>saeculis</strong></span> <span class='ocrx_word' id='word_1_410' title='bbox 1542 4345 2024 4413; x_wconf 86' lang='lat' dir='ltr'><strong>floruerunt,con-</strong></span> 
     </span>
    </p>
   </div>
   <div class='ocr_carea' id='block_1_61' title="bbox 436 4437 1193 4504">
    <p class='ocr_par' dir='ltr' id='par_1_61' title="bbox 436 4437 1193 4504">
     <span class='ocr_line' id='line_1_61' title="bbox 436 4437 1193 4504; baseline 0.009 -18"><span class='ocrx_word' id='word_1_411' title='bbox 436 4449 632 4504; x_wconf 83' lang='lat' dir='ltr'><strong>gruum</strong></span> <span class='ocrx_word' id='word_1_412' title='bbox 658 4437 729 4491; x_wconf 83' lang='lat' dir='ltr'><strong>sit</strong></span> <span class='ocrx_word' id='word_1_413' title='bbox 754 4448 809 4493; x_wconf 88' lang='lat' dir='ltr'><strong>ct</strong></span> <span class='ocrx_word' id='word_1_414' title='bbox 838 4437 1193 4495; x_wconf 90' lang='lat' dir='ltr'><strong>conveniens.</strong></span> 
     </span>
    </p>
   </div>
   <div class='ocr_carea' id='block_1_62' title="bbox 509 4527 2095 4608">
    <p class='ocr_par' dir='ltr' id='par_1_62' title="bbox 509 4527 2095 4608">
     <span class='ocr_line' id='line_1_62' title="bbox 509 4527 2095 4608; baseline 0.003 -23"><span class='ocrx_word' id='word_1_415' title='bbox 509 4529 612 4585; x_wconf 83' lang='lat' dir='ltr'><strong>Sed</strong></span> <span class='ocrx_word' id='word_1_416' title='bbox 648 4530 767 4587; x_wconf 72' lang='lat' dir='ltr'><strong>haec</strong></span> <span class='ocrx_word' id='word_1_417' title='bbox 800 4548 953 4587; x_wconf 89' lang='lat' dir='ltr'><strong>mera</strong></span> <span class='ocrx_word' id='word_1_418' title='bbox 987 4543 1136 4608; x_wconf 86' lang='lat' dir='ltr'><strong>sunt,</strong></span> <span class='ocrx_word' id='word_1_419' title='bbox 1174 4533 1320 4588; x_wconf 88' lang='lat' dir='ltr'><strong>absit</strong></span> <span class='ocrx_word' id='word_1_420' title='bbox 1356 4543 1539 4589; x_wconf 90' lang='lat' dir='ltr'><strong>tamen</strong></span> <span class='ocrx_word' id='word_1_421' title='bbox 1578 4533 1745 4588; x_wconf 91' lang='lat' dir='ltr'><strong>verbo</strong></span> <span class='ocrx_word' id='word_1_422' title='bbox 1790 4533 2015 4600; x_wconf 90' lang='lat' dir='ltr'><strong>invidia,</strong></span> <span class='ocrx_word' id='word_1_423' title='bbox 2053 4527 2095 4581; x_wconf 83' lang='grc' dir='ltr'><strong>Ι)</strong></span> 
     </span>
    </p>
   </div>
   <div class='ocr_carea' id='block_1_63' title="bbox 435 4620 2021 4697">
    <p class='ocr_par' dir='ltr' id='par_1_63' title="bbox 435 4620 2021 4697">
     <span class='ocr_line' id='line_1_63' title="bbox 435 4620 2021 4697; baseline 0.005 -23"><span class='ocrx_word' id='word_1_424' title='bbox 435 4620 680 4679; x_wconf 84' lang='lat' dir='ltr'><strong>hominis</strong></span> <span class='ocrx_word' id='word_1_425' title='bbox 706 4624 985 4694; x_wconf 82' lang='lat' dir='ltr'><strong>vigilantis</strong></span> <span class='ocrx_word' id='word_1_426' title='bbox 1044 4626 1283 4691; x_wconf 90' lang='lat' dir='ltr'><strong>somnia,</strong></span> <span class='ocrx_word' id='word_1_427' title='bbox 1346 4641 1612 4696; x_wconf 73' lang='lat' dir='ltr'><strong>vanzeque</strong></span> <span class='ocrx_word' id='word_1_428' title='bbox 1662 4642 1727 4681; x_wconf 92' lang='lat' dir='ltr'><strong>ac</strong></span> <span class='ocrx_word' id='word_1_429' title='bbox 1792 4642 2021 4697; x_wconf 89' lang='lat' dir='ltr'><strong>prorsus</strong></span> 
     </span>
    </p>
   </div>
   <div class='ocr_carea' id='block_1_64' title="bbox 436 4710 2021 4787">
    <p class='ocr_par' dir='ltr' id='par_1_64' title="bbox 436 4710 2021 4787">
     <span class='ocr_line' id='line_1_64' title="bbox 436 4710 2021 4787; baseline 0.005 -22"><span class='ocrx_word' id='word_1_430' title='bbox 436 4710 645 4768; x_wconf 64' lang='lat' dir='ltr'><strong>frivolae</strong></span> <span class='ocrx_word' id='word_1_431' title='bbox 671 4716 960 4784; x_wconf 91' lang='lat' dir='ltr'><strong>opiniones</strong></span> <span class='ocrx_word' id='word_1_432' title='bbox 982 4726 1035 4772; x_wconf 91' lang='lat' dir='ltr'><strong>et</strong></span> <span class='ocrx_word' id='word_1_433' title='bbox 1065 4718 1425 4787; x_wconf 63' lang='lat' dir='ltr'><strong>conjecturae.</strong></span> <span class='ocrx_word' id='word_1_434' title='bbox 1451 4716 1589 4772; x_wconf 85' lang='lat' dir='ltr'><strong>Nam</strong></span> <span class='ocrx_word' id='word_1_435' title='bbox 1624 4717 1670 4771; x_wconf 90' lang='lat' dir='ltr'><strong>si</strong></span> <span class='ocrx_word' id='word_1_436' title='bbox 1694 4734 1761 4772; x_wconf 82' lang='lat' dir='ltr'><strong>ex</strong></span> <span class='ocrx_word' id='word_1_437' title='bbox 1793 4733 1857 4773; x_wconf 90' lang='lat' dir='ltr'><strong>eo</strong></span> <span class='ocrx_word' id='word_1_438' title='bbox 1877 4719 2021 4787; x_wconf 92' lang='lat' dir='ltr'><strong>quod</strong></span> 
     </span>
    </p>
   </div>
   <div class='ocr_carea' id='block_1_65' title="bbox 435 4804 2026 4878">
    <p class='ocr_par' dir='ltr' id='par_1_65' title="bbox 435 4804 2026 4878">
     <span class='ocr_line' id='line_1_65' title="bbox 435 4804 2026 4878; baseline 0.004 -23"><span class='ocrx_word' id='word_1_439' title='bbox 435 4817 539 4857; x_wconf 84' lang='lat' dir='ltr'><strong>nec</strong></span> <span class='ocrx_word' id='word_1_440' title='bbox 574 4804 801 4859; x_wconf 91' lang='lat' dir='ltr'><strong>omnino</strong></span> <span class='ocrx_word' id='word_1_441' title='bbox 852 4806 1233 4876; x_wconf 90' lang='lat' dir='ltr'><strong>incorruptum</strong></span> <span class='ocrx_word' id='word_1_442' title='bbox 1277 4822 1380 4861; x_wconf 89' lang='lat' dir='ltr'><strong>nec</strong></span> <span class='ocrx_word' id='word_1_443' title='bbox 1422 4808 1584 4876; x_wconf 87' lang='lat' dir='ltr'><strong>plane</strong></span> <span class='ocrx_word' id='word_1_444' title='bbox 1628 4807 1903 4878; x_wconf 86' lang='lat' dir='ltr'><strong>integrum</strong></span> <span class='ocrx_word' id='word_1_445' title='bbox 1952 4808 2026 4863; x_wconf 90' lang='lat' dir='ltr'><strong>sit</strong></span> 
     </span>
    </p>
   </div>
   <div class='ocr_carea' id='block_1_66' title="bbox 435 4898 2021 4967">
    <p class='ocr_par' dir='ltr' id='par_1_66' title="bbox 435 4898 2021 4967">
     <span class='ocr_line' id='line_1_66' title="bbox 435 4898 2021 4967; baseline 0.005 -20"><span class='ocrx_word' id='word_1_446' title='bbox 435 4898 639 4952; x_wconf 88' lang='lat' dir='ltr'><strong>veteris</strong></span> <span class='ocrx_word' id='word_1_447' title='bbox 674 4898 912 4967; x_wconf 85' lang='lat' dir='ltr'><strong>alicujus</strong></span> <span class='ocrx_word' id='word_1_448' title='bbox 950 4899 1468 4967; x_wconf 87' lang='lat' dir='ltr'><strong>antiquissimorum</strong></span> <span class='ocrx_word' id='word_1_449' title='bbox 1509 4899 1768 4955; x_wconf 79' lang='lat' dir='ltr'><strong>Ecclesiae</strong></span> <span class='ocrx_word' id='word_1_450' title='bbox 1795 4900 2021 4955; x_wconf 89' lang='lat' dir='ltr'><strong>Patrum</strong></span> 
     </span>
    </p>
   </div>
   <div class='ocr_carea' id='block_1_67' title="bbox 436 4988 2023 5063">
    <p class='ocr_par' dir='ltr' id='par_1_67' title="bbox 436 4988 2023 5063">
     <span class='ocr_line' id='line_1_67' title="bbox 436 4988 2023 5063; baseline 0.002 -20"><span class='ocrx_word' id='word_1_451' title='bbox 436 4988 838 5045; x_wconf 90' lang='lat' dir='ltr'><strong>lucubrationis</strong></span> <span class='ocrx_word' id='word_1_452' title='bbox 890 4990 1211 5055; x_wconf 85' lang='lat' dir='ltr'><strong>exemplar,</strong></span> <span class='ocrx_word' id='word_1_453' title='bbox 1264 4991 1399 5045; x_wconf 92' lang='lat' dir='ltr'><strong>illud</strong></span> <span class='ocrx_word' id='word_1_454' title='bbox 1458 4990 1667 5047; x_wconf 91' lang='lat' dir='ltr'><strong>idcirco</strong></span> <span class='ocrx_word' id='word_1_455' title='bbox 1725 4994 2023 5063; x_wconf 85' lang='lat' dir='ltr'><strong>genuinum</strong></span> 
     </span>
    </p>
   </div>
   <div class='ocr_carea' id='block_1_68' title="bbox 436 5080 2022 5154">
    <p class='ocr_par' dir='ltr' id='par_1_68' title="bbox 436 5080 2022 5154">
     <span class='ocr_line' id='line_1_68' title="bbox 436 5080 2022 5154; baseline 0.003 -20"><span class='ocrx_word' id='word_1_456' title='bbox 436 5080 583 5135; x_wconf 90' lang='lat' dir='ltr'><strong>illius</strong></span> <span class='ocrx_word' id='word_1_457' title='bbox 616 5095 754 5151; x_wconf 91' lang='lat' dir='ltr'><strong>opus</strong></span> <span class='ocrx_word' id='word_1_458' title='bbox 773 5096 1119 5152; x_wconf 89' lang='lat' dir='ltr'><strong>nequaquam</strong></span> <span class='ocrx_word' id='word_1_459' title='bbox 1144 5090 1538 5152; x_wconf 80' lang='lat' dir='ltr'><strong>repraesentare</strong></span> <span class='ocrx_word' id='word_1_460' title='bbox 1578 5083 1816 5149; x_wconf 88' lang='lat' dir='ltr'><strong>dicatur,</strong></span> <span class='ocrx_word' id='word_1_461' title='bbox 1848 5085 2022 5154; x_wconf 91' lang='lat' dir='ltr'><strong>pluri-</strong></span> 
     </span>
    </p>
   </div>
   <div class='ocr_carea' id='block_1_69' title="bbox 435 5175 2021 5247">
    <p class='ocr_par' dir='ltr' id='par_1_69' title="bbox 435 5175 2021 5247">
     <span class='ocr_line' id='line_1_69' title="bbox 435 5175 2021 5247; baseline 0.004 -21"><span class='ocrx_word' id='word_1_462' title='bbox 435 5188 538 5227; x_wconf 64' lang='lat' dir='ltr'><strong>mae</strong></span> <span class='ocrx_word' id='word_1_463' title='bbox 572 5189 706 5229; x_wconf 87' lang='lat' dir='ltr'><strong>sane</strong></span> <span class='ocrx_word' id='word_1_464' title='bbox 749 5190 815 5230; x_wconf 87' lang='lat' dir='ltr'><strong>ac</strong></span> <span class='ocrx_word' id='word_1_465' title='bbox 854 5177 1252 5247; x_wconf 85' lang='lat' dir='ltr'><strong>propemodum</strong></span> <span class='ocrx_word' id='word_1_466' title='bbox 1303 5175 1528 5231; x_wconf 64' lang='lat' dir='ltr'><strong>infinitae</strong></span> <span class='ocrx_word' id='word_1_467' title='bbox 1593 5186 1755 5232; x_wconf 92' lang='lat' dir='ltr'><strong>erunt</strong></span> <span class='ocrx_word' id='word_1_468' title='bbox 1801 5178 2021 5233; x_wconf 92' lang='lat' dir='ltr'><strong>illorum</strong></span> 
     </span>
    </p>
   </div>
   <div class='ocr_carea' id='block_1_70' title="bbox 435 5268 2025 5339">
    <p class='ocr_par' dir='ltr' id='par_1_70' title="bbox 435 5268 2025 5339">
     <span class='ocr_line' id='line_1_70' title="bbox 435 5268 2025 5339; baseline 0.005 -21"><span class='ocrx_word' id='word_1_469' title='bbox 435 5268 1167 5339; x_wconf 89' lang='lat' dir='ltr'><strong>commentationes,quibus</strong></span> <span class='ocrx_word' id='word_1_470' title='bbox 1184 5268 1376 5324; x_wconf 90' lang='lat' dir='ltr'><strong>eadem</strong></span> <span class='ocrx_word' id='word_1_471' title='bbox 1404 5268 1658 5325; x_wconf 89' lang='lat' dir='ltr'><strong>falsitatis</strong></span> <span class='ocrx_word' id='word_1_472' title='bbox 1685 5278 1811 5326; x_wconf 86' lang='lat' dir='ltr'><strong>nota</strong></span> <span class='ocrx_word' id='word_1_473' title='bbox 1831 5272 2025 5327; x_wconf 88' lang='lat' dir='ltr'><strong>debeat</strong></span> 
     </span>
    </p>
   </div>
   <div class='ocr_carea' id='block_1_71' title="bbox 434 5356 2020 5427">
    <p class='ocr_par' dir='ltr' id='par_1_71' title="bbox 434 5356 2020 5427">
     <span class='ocr_line' id='line_1_71' title="bbox 434 5356 2020 5427; baseline 0.006 -18"><span class='ocrx_word' id='word_1_474' title='bbox 434 5356 602 5411; x_wconf 87' lang='lat' dir='ltr'><strong>inuri.</strong></span> <span class='ocrx_word' id='word_1_475' title='bbox 642 5358 788 5425; x_wconf 88' lang='lat' dir='ltr'><strong>Quot</strong></span> <span class='ocrx_word' id='word_1_476' title='bbox 831 5362 1003 5424; x_wconf 91' lang='lat' dir='ltr'><strong>enim,</strong></span> <span class='ocrx_word' id='word_1_477' title='bbox 1055 5361 1200 5417; x_wconf 87' lang='lat' dir='ltr'><strong>Deus</strong></span> <span class='ocrx_word' id='word_1_478' title='bbox 1242 5362 1407 5427; x_wconf 87' lang='lat' dir='ltr'><strong>bone,</strong></span> <span class='ocrx_word' id='word_1_479' title='bbox 1440 5362 1758 5417; x_wconf 91' lang='lat' dir='ltr'><strong>eorumdem</strong></span> <span class='ocrx_word' id='word_1_480' title='bbox 1796 5362 2020 5418; x_wconf 88' lang='lat' dir='ltr'><strong>Patrum</strong></span> 
     </span>
    </p>
   </div>
   <div class='ocr_carea' id='block_1_72' title="bbox 434 5450 2017 5525">
    <p class='ocr_par' dir='ltr' id='par_1_72' title="bbox 434 5450 2017 5525">
     <span class='ocr_line' id='line_1_72' title="bbox 434 5450 2017 5525; baseline 0.004 -21"><span class='ocrx_word' id='word_1_481' title='bbox 434 5450 657 5521; x_wconf 76' lang='lat' dir='ltr'><strong>scripta,</strong></span> <span class='ocrx_word' id='word_1_482' title='bbox 692 5463 977 5517; x_wconf 81' lang='lat' dir='ltr'><strong>tractatus,</strong></span> <span class='ocrx_word' id='word_1_483' title='bbox 1012 5454 1137 5509; x_wconf 89' lang='lat' dir='ltr'><strong>libri</strong></span> <span class='ocrx_word' id='word_1_484' title='bbox 1170 5464 1224 5510; x_wconf 92' lang='lat' dir='ltr'><strong>et</strong></span> <span class='ocrx_word' id='word_1_485' title='bbox 1273 5454 1380 5508; x_wconf 89' lang='lat' dir='ltr'><strong>alia</strong></span> <span class='ocrx_word' id='word_1_486' title='bbox 1409 5453 1740 5523; x_wconf 81' lang='lat' dir='ltr'><strong>ejuscemodi</strong></span> <span class='ocrx_word' id='word_1_487' title='bbox 1759 5471 1922 5525; x_wconf 88' lang='lat' dir='ltr'><strong>opera</strong></span> <span class='ocrx_word' id='word_1_488' title='bbox 1956 5474 2017 5511; x_wconf 73' lang='lat' dir='ltr'><strong>ex</strong></span> 
     </span>
    </p>
   </div>
   <div class='ocr_carea' id='block_1_73' title="bbox 438 5546 2023 5619">
    <p class='ocr_par' dir='ltr' id='par_1_73' title="bbox 438 5546 2023 5619">
     <span class='ocr_line' id='line_1_73' title="bbox 438 5546 2023 5619; baseline 0.004 -26"><span class='ocrx_word' id='word_1_489' title='bbox 438 5555 547 5594; x_wconf 87' lang='lat' dir='ltr'><strong>uno</strong></span> <span class='ocrx_word' id='word_1_490' title='bbox 595 5553 804 5599; x_wconf 91' lang='lat' dir='ltr'><strong>tantum</strong></span> <span class='ocrx_word' id='word_1_491' title='bbox 857 5548 1237 5619; x_wconf 87' lang='lat' dir='ltr'><strong>manuscripto</strong></span> <span class='ocrx_word' id='word_1_492' title='bbox 1286 5546 1476 5601; x_wconf 84' lang='lat' dir='ltr'><strong>codice</strong></span> <span class='ocrx_word' id='word_1_493' title='bbox 1536 5547 1752 5611; x_wconf 91' lang='lat' dir='ltr'><strong>mutilo,</strong></span> <span class='ocrx_word' id='word_1_494' title='bbox 1810 5547 2023 5601; x_wconf 83' lang='lat' dir='ltr'><strong>lacunis</strong></span> 
     </span>
    </p>
   </div>
   <div class='ocr_carea' id='block_1_74' title="bbox 436 5632 2024 5708">
    <p class='ocr_par' dir='ltr' id='par_1_74' title="bbox 436 5632 2024 5708">
     <span class='ocr_line' id='line_1_74' title="bbox 436 5632 2024 5708; baseline 0.005 -23"><span class='ocrx_word' id='word_1_495' title='bbox 436 5632 644 5700; x_wconf 86' lang='lat' dir='ltr'><strong>hiante,</strong></span> <span class='ocrx_word' id='word_1_496' title='bbox 668 5640 947 5708; x_wconf 83' lang='lat' dir='ltr'><strong>variisque</strong></span> <span class='ocrx_word' id='word_1_497' title='bbox 977 5640 1398 5695; x_wconf 87' lang='lat' dir='ltr'><strong>amanuensinm</strong></span> <span class='ocrx_word' id='word_1_498' title='bbox 1431 5639 1785 5693; x_wconf 80' lang='lat' dir='ltr'><strong>librariorum</strong></span> <span class='ocrx_word' id='word_1_499' title='bbox 1810 5642 2024 5694; x_wconf 80' lang='lat' dir='ltr'><strong>mendis</strong></span> 
     </span>
    </p>
   </div>
   <div class='ocr_carea' id='block_1_75' title="bbox 596 5826 1495 5904">
    <p class='ocr_par' dir='ltr' id='par_1_75' title="bbox 596 5826 1495 5904">
     <span class='ocr_line' id='line_1_75' title="bbox 596 5826 1495 5904; baseline 0.002 -21"><span class='ocrx_word' id='word_1_500' title='bbox 596 5826 801 5883; x_wconf 75' lang='lat' dir='ltr'><strong>l&#39;iuaic.</strong></span> <span class='ocrx_word' id='word_1_501' title='bbox 833 5827 1005 5897; x_wconf 75' lang='lat' dir='ltr'><strong>Epist.</strong></span> <span class='ocrx_word' id='word_1_502' title='bbox 1038 5828 1194 5904; x_wconf 80' lang='lat' dir='ltr'><strong>[gnat</strong></span> <span class='ocrx_word' id='word_1_503' title='bbox 1250 5847 1372 5902; x_wconf 76' lang='lat' dir='ltr'><strong>pag.</strong></span> <span class='ocrx_word' id='word_1_504' title='bbox 1416 5832 1495 5885; x_wconf 67' lang='lat'><strong>58.</strong></span> 
     </span>
    </p>
   </div>
   <div class='ocr_carea' id='block_1_76' title="bbox 2122 1909 3684 1984">
    <p class='ocr_par' dir='ltr' id='par_1_76' title="bbox 2122 1909 3684 1984">
     <span class='ocr_line' id='line_1_76' title="bbox 2122 1909 3684 1984; baseline -0.004 -16"><span class='ocrx_word' id='word_1_505' title='bbox 2122 1914 2338 1969; x_wconf 91' lang='lat' dir='ltr'><strong>illorum</strong></span> <span class='ocrx_word' id='word_1_506' title='bbox 2372 1930 2510 1984; x_wconf 91' lang='lat' dir='ltr'><strong>opus</strong></span> <span class='ocrx_word' id='word_1_507' title='bbox 2549 1924 2604 1968; x_wconf 89' lang='lat' dir='ltr'><strong>et</strong></span> <span class='ocrx_word' id='word_1_508' title='bbox 2651 1911 3145 1968; x_wconf 81' lang='lat' dir='ltr'><strong>commentarium?</strong></span> <span class='ocrx_word' id='word_1_509' title='bbox 3180 1909 3442 1980; x_wconf 80' lang='lat' dir='ltr'><strong>Nunquid</strong></span> <span class='ocrx_word' id='word_1_510' title='bbox 3498 1910 3684 1964; x_wconf 89' lang='lat' dir='ltr'><strong>idcirco</strong></span> 
     </span>
    </p>
   </div>
   <div class='ocr_carea' id='block_1_77' title="bbox 2121 2002 3684 2068">
    <p class='ocr_par' dir='ltr' id='par_1_77' title="bbox 2121 2002 3684 2068">
     <span class='ocr_line' id='line_1_77' title="bbox 2121 2002 3684 2068; baseline -0.004 -8"><span class='ocrx_word' id='word_1_511' title='bbox 2121 2007 2257 2061; x_wconf 87' lang='lat' dir='ltr'><strong>nihil</strong></span> <span class='ocrx_word' id='word_1_512' title='bbox 2292 2007 2439 2061; x_wconf 92' lang='lat' dir='ltr'><strong>aliud</strong></span> <span class='ocrx_word' id='word_1_513' title='bbox 2490 2007 2542 2061; x_wconf 91' lang='lat' dir='ltr'><strong>in</strong></span> <span class='ocrx_word' id='word_1_514' title='bbox 2590 2010 2670 2064; x_wconf 92' lang='lat' dir='ltr'><strong>eis</strong></span> <span class='ocrx_word' id='word_1_515' title='bbox 2704 2006 2817 2060; x_wconf 89' lang='lat' dir='ltr'><strong>veri</strong></span> <span class='ocrx_word' id='word_1_516' title='bbox 2848 2015 2902 2060; x_wconf 90' lang='lat' dir='ltr'><strong>et</strong></span> <span class='ocrx_word' id='word_1_517' title='bbox 2930 2002 3132 2059; x_wconf 88' lang='lat' dir='ltr'><strong>sinceri</strong></span> <span class='ocrx_word' id='word_1_518' title='bbox 3162 2018 3284 2058; x_wconf 89' lang='lat' dir='ltr'><strong>esse</strong></span> <span class='ocrx_word' id='word_1_519' title='bbox 3325 2002 3557 2068; x_wconf 85' lang='lat' dir='ltr'><strong>dicetur,</strong></span> <span class='ocrx_word' id='word_1_520' title='bbox 3594 2002 3684 2055; x_wconf 85' lang='lat' dir='ltr'><strong>nisi</strong></span> 
     </span>
    </p>
   </div>
   <div class='ocr_carea' id='block_1_78' title="bbox 2120 2092 3684 2168">
    <p class='ocr_par' dir='ltr' id='par_1_78' title="bbox 2120 2092 3684 2168">
     <span class='ocr_line' id='line_1_78' title="bbox 2120 2092 3684 2168; baseline -0.005 -17"><span class='ocrx_word' id='word_1_521' title='bbox 2120 2096 2266 2167; x_wconf 92' lang='lat' dir='ltr'><strong>quod</strong></span> <span class='ocrx_word' id='word_1_522' title='bbox 2300 2097 2441 2151; x_wconf 90' lang='lat' dir='ltr'><strong>intra</strong></span> <span class='ocrx_word' id='word_1_523' title='bbox 2483 2097 2914 2168; x_wconf 81' lang='lat' dir='ltr'><strong>quadringentos</strong></span> <span class='ocrx_word' id='word_1_524' title='bbox 2940 2095 3009 2149; x_wconf 89' lang='lat' dir='ltr'><strong>ab</strong></span> <span class='ocrx_word' id='word_1_525' title='bbox 3040 2092 3284 2148; x_wconf 90' lang='lat' dir='ltr'><strong>auctoris</strong></span> <span class='ocrx_word' id='word_1_526' title='bbox 3320 2102 3496 2146; x_wconf 89' lang='lat' dir='ltr'><strong>morte</strong></span> <span class='ocrx_word' id='word_1_527' title='bbox 3524 2106 3684 2144; x_wconf 75' lang='lat' dir='ltr'><strong>annos</strong></span> 
     </span>
    </p>
   </div>
   <div class='ocr_carea' id='block_1_79' title="bbox 2119 2181 3686 2259">
    <p class='ocr_par' dir='ltr' id='par_1_79' title="bbox 2119 2181 3686 2259">
     <span class='ocr_line' id='line_1_79' title="bbox 2119 2181 3686 2259; baseline -0.006 -15"><span class='ocrx_word' id='word_1_528' title='bbox 2119 2190 2189 2244; x_wconf 85' lang='lat' dir='ltr'><strong>ab</strong></span> <span class='ocrx_word' id='word_1_529' title='bbox 2219 2189 2343 2244; x_wconf 88' lang='lat' dir='ltr'><strong>aliis</strong></span> <span class='ocrx_word' id='word_1_530' title='bbox 2364 2189 2723 2259; x_wconf 90' lang='lat' dir='ltr'><strong>scriptoribus</strong></span> <span class='ocrx_word' id='word_1_531' title='bbox 2752 2188 2977 2243; x_wconf 90' lang='lat' dir='ltr'><strong>citatum</strong></span> <span class='ocrx_word' id='word_1_532' title='bbox 3002 2184 3271 2257; x_wconf 79' lang='lat' dir='ltr'><strong>legimus?</strong></span> <span class='ocrx_word' id='word_1_533' title='bbox 3289 2183 3432 2250; x_wconf 85' lang='lat' dir='ltr'><strong>Quid</strong></span> <span class='ocrx_word' id='word_1_534' title='bbox 3449 2183 3613 2237; x_wconf 85' lang='lat' dir='ltr'><strong>vero?</strong></span> <span class='ocrx_word' id='word_1_535' title='bbox 3636 2181 3686 2236; x_wconf 90' lang='lat' dir='ltr'><strong>Si</strong></span> 
     </span>
    </p>
   </div>
   <div class='ocr_carea' id='block_1_80' title="bbox 2042 2275 3685 2357">
    <p class='ocr_par' dir='ltr' id='par_1_80' title="bbox 2042 2275 3685 2357">
     <span class='ocr_line' id='line_1_80' title="bbox 2042 2275 3685 2357; baseline -0.007 -20"><span class='ocrx_word' id='word_1_536' title='bbox 2042 2330 2049 2337; x_wconf 89' lang='lat'><strong>.</strong></span> <span class='ocrx_word' id='word_1_537' title='bbox 2099 2285 2675 2357; x_wconf 85' lang='lat' dir='ltr'><strong>seriptoresilli,utnon</strong></span> <span class='ocrx_word' id='word_1_538' title='bbox 2691 2282 2763 2336; x_wconf 91' lang='lat' dir='ltr'><strong>ita</strong></span> <span class='ocrx_word' id='word_1_539' title='bbox 2778 2296 2901 2335; x_wconf 87' lang='lat' dir='ltr'><strong>raro</strong></span> <span class='ocrx_word' id='word_1_540' title='bbox 2912 2275 3337 2341; x_wconf 91' lang='lat' dir='ltr'><strong>usuvenit,nihil</strong></span> <span class='ocrx_word' id='word_1_541' title='bbox 3352 2292 3421 2330; x_wconf 83' lang='lat' dir='ltr'><strong>ex</strong></span> <span class='ocrx_word' id='word_1_542' title='bbox 3450 2276 3533 2329; x_wconf 89' lang='lat' dir='ltr'><strong>his</strong></span> <span class='ocrx_word' id='word_1_543' title='bbox 3549 2290 3685 2330; x_wconf 90' lang='lat' dir='ltr'><strong>com-</strong></span> 
     </span>
    </p>
   </div>
   <div class='ocr_carea' id='block_1_81' title="bbox 2118 2367 3688 2438">
    <p class='ocr_par' dir='ltr' id='par_1_81' title="bbox 2118 2367 3688 2438">
     <span class='ocr_line' id='line_1_81' title="bbox 2118 2367 3688 2438; baseline -0.005 -10"><span class='ocrx_word' id='word_1_544' title='bbox 2118 2374 2554 2429; x_wconf 90' lang='lat' dir='ltr'><strong>mentationibus</strong></span> <span class='ocrx_word' id='word_1_545' title='bbox 2594 2372 2959 2436; x_wconf 87' lang='lat' dir='ltr'><strong>laudaverint,</strong></span> <span class='ocrx_word' id='word_1_546' title='bbox 3007 2368 3256 2438; x_wconf 89' lang='lat' dir='ltr'><strong>nunquid</strong></span> <span class='ocrx_word' id='word_1_547' title='bbox 3323 2367 3529 2423; x_wconf 90' lang='lat' dir='ltr'><strong>idcirco</strong></span> <span class='ocrx_word' id='word_1_548' title='bbox 3588 2368 3688 2421; x_wconf 62' lang='lat' dir='ltr'><strong>hac</strong></span> 
     </span>
    </p>
   </div>
   <div class='ocr_carea' id='block_1_82' title="bbox 2118 2460 3688 2532">
    <p class='ocr_par' dir='ltr' id='par_1_82' title="bbox 2118 2460 3688 2532">
     <span class='ocr_line' id='line_1_82' title="bbox 2118 2460 3688 2532; baseline -0.004 -13"><span class='ocrx_word' id='word_1_549' title='bbox 2118 2466 2441 2521; x_wconf 76' lang='lat' dir='ltr'><strong>veneranda:</strong></span> <span class='ocrx_word' id='word_1_550' title='bbox 2476 2473 2826 2520; x_wconf 89' lang='lat' dir='ltr'><strong>monumenta</strong></span> <span class='ocrx_word' id='word_1_551' title='bbox 2862 2461 3207 2532; x_wconf 86' lang='lat' dir='ltr'><strong>antiquitatis</strong></span> <span class='ocrx_word' id='word_1_552' title='bbox 3234 2460 3531 2531; x_wconf 83' lang='lat' dir='ltr'><strong>rejicienda</strong></span> <span class='ocrx_word' id='word_1_553' title='bbox 3572 2465 3688 2515; x_wconf 87' lang='lat' dir='ltr'><strong>sunt</strong></span> 
     </span>
    </p>
   </div>
   <div class='ocr_carea' id='block_1_83' title="bbox 2118 2555 2891 2629">
    <p class='ocr_par' dir='ltr' id='par_1_83' title="bbox 2118 2555 2891 2629">
     <span class='ocr_line' id='line_1_83' title="bbox 2118 2555 2891 2629; baseline -0.005 -16"><span class='ocrx_word' id='word_1_554' title='bbox 2118 2573 2183 2613; x_wconf 85' lang='lat' dir='ltr'><strong>ac</strong></span> <span class='ocrx_word' id='word_1_555' title='bbox 2208 2558 2424 2629; x_wconf 88' lang='lat' dir='ltr'><strong>penitus</strong></span> <span class='ocrx_word' id='word_1_556' title='bbox 2454 2555 2891 2628; x_wconf 85' lang='lat' dir='ltr'><strong>proscribenda?</strong></span> 
     </span>
    </p>
   </div>
   <div class='ocr_carea' id='block_1_84' title="bbox 2188 2642 3681 2721">
    <p class='ocr_par' dir='ltr' id='par_1_84' title="bbox 2188 2642 3681 2721">
     <span class='ocr_line' id='line_1_84' title="bbox 2188 2642 3681 2721; baseline -0.006 -18"><span class='ocrx_word' id='word_1_557' title='bbox 2188 2651 2301 2721; x_wconf 88' lang='lat' dir='ltr'><strong>Age</strong></span> <span class='ocrx_word' id='word_1_558' title='bbox 2327 2666 2475 2716; x_wconf 88' lang='lat' dir='ltr'><strong>vero,</strong></span> <span class='ocrx_word' id='word_1_559' title='bbox 2506 2649 2657 2719; x_wconf 88' lang='lat' dir='ltr'><strong>quid,</strong></span> <span class='ocrx_word' id='word_1_560' title='bbox 2688 2662 2893 2718; x_wconf 83' lang='lat' dir='ltr'><strong>quaeso,</strong></span> <span class='ocrx_word' id='word_1_561' title='bbox 2922 2661 2988 2701; x_wconf 83' lang='lat' dir='ltr'><strong>ex</strong></span> <span class='ocrx_word' id='word_1_562' title='bbox 3021 2646 3123 2702; x_wconf 90' lang='lat' dir='ltr'><strong>hac</strong></span> <span class='ocrx_word' id='word_1_563' title='bbox 3148 2642 3569 2716; x_wconf 84' lang='lat' dir='ltr'><strong>argumentandi</strong></span> <span class='ocrx_word' id='word_1_564' title='bbox 3598 2657 3681 2695; x_wconf 86' lang='lat' dir='ltr'><strong>ra-</strong></span> 
     </span>
    </p>
   </div>
   <div class='ocr_carea' id='block_1_85' title="bbox 2120 2735 3691 2809">
    <p class='ocr_par' dir='ltr' id='par_1_85' title="bbox 2120 2735 3691 2809">
     <span class='ocr_line' id='line_1_85' title="bbox 2120 2735 3691 2809; baseline -0.007 -12"><span class='ocrx_word' id='word_1_565' title='bbox 2120 2743 2267 2798; x_wconf 89' lang='lat' dir='ltr'><strong>tione</strong></span> <span class='ocrx_word' id='word_1_566' title='bbox 2290 2744 2356 2797; x_wconf 91' lang='lat' dir='ltr'><strong>de</strong></span> <span class='ocrx_word' id='word_1_567' title='bbox 2380 2742 2503 2797; x_wconf 88' lang='lat' dir='ltr'><strong>aliis</strong></span> <span class='ocrx_word' id='word_1_568' title='bbox 2534 2741 2625 2795; x_wconf 81' lang='lat' dir='ltr'><strong>fiet</strong></span> <span class='ocrx_word' id='word_1_569' title='bbox 2646 2741 2868 2794; x_wconf 89' lang='lat' dir='ltr'><strong>Patrum</strong></span> <span class='ocrx_word' id='word_1_570' title='bbox 2895 2739 3175 2809; x_wconf 90' lang='lat' dir='ltr'><strong>operibus,</strong></span> <span class='ocrx_word' id='word_1_571' title='bbox 3201 2753 3325 2807; x_wconf 76' lang='lat' dir='ltr'><strong>qua:</strong></span> <span class='ocrx_word' id='word_1_572' title='bbox 3356 2735 3607 2806; x_wconf 84' lang='lat' dir='ltr'><strong>quamvis</strong></span> <span class='ocrx_word' id='word_1_573' title='bbox 3631 2748 3691 2785; x_wconf 74' lang='lat' dir='ltr'><strong>ex</strong></span> 
     </span>
    </p>
   </div>
   <div class='ocr_carea' id='block_1_86' title="bbox 2119 2825 3692 2905">
    <p class='ocr_par' dir='ltr' id='par_1_86' title="bbox 2119 2825 3692 2905">
     <span class='ocr_line' id='line_1_86' title="bbox 2119 2825 3692 2905; baseline -0.009 -16"><span class='ocrx_word' id='word_1_574' title='bbox 2119 2836 2368 2905; x_wconf 90' lang='lat' dir='ltr'><strong>pluribus</strong></span> <span class='ocrx_word' id='word_1_575' title='bbox 2416 2833 2803 2902; x_wconf 87' lang='lat' dir='ltr'><strong>manuscriptis</strong></span> <span class='ocrx_word' id='word_1_576' title='bbox 2851 2830 3135 2886; x_wconf 89' lang='lat' dir='ltr'><strong>codicibus</strong></span> <span class='ocrx_word' id='word_1_577' title='bbox 3185 2844 3392 2883; x_wconf 79' lang='lat' dir='ltr'><strong>excusa</strong></span> <span class='ocrx_word' id='word_1_578' title='bbox 3450 2836 3502 2882; x_wconf 93' lang='lat' dir='ltr'><strong>et</strong></span> <span class='ocrx_word' id='word_1_579' title='bbox 3562 2825 3692 2895; x_wconf 71' lang='lat' dir='ltr'><strong>typis</strong></span> 
     </span>
    </p>
   </div>
   <div class='ocr_carea' id='block_1_87' title="bbox 2119 2922 3695 2996">
    <p class='ocr_par' dir='ltr' id='par_1_87' title="bbox 2119 2922 3695 2996">
     <span class='ocr_line' id='line_1_87' title="bbox 2119 2922 3695 2996; baseline -0.008 -12"><span class='ocrx_word' id='word_1_580' title='bbox 2119 2931 2285 2996; x_wconf 74' lang='lat' dir='ltr'><strong>edita,</strong></span> <span class='ocrx_word' id='word_1_581' title='bbox 2348 2930 2533 2983; x_wconf 92' lang='lat' dir='ltr'><strong>nullus</strong></span> <span class='ocrx_word' id='word_1_582' title='bbox 2586 2940 2763 2983; x_wconf 82' lang='lat' dir='ltr'><strong>tamen</strong></span> <span class='ocrx_word' id='word_1_583' title='bbox 2806 2940 2871 2979; x_wconf 77' lang='lat' dir='ltr'><strong>ex</strong></span> <span class='ocrx_word' id='word_1_584' title='bbox 2912 2925 3106 2979; x_wconf 88' lang='lat' dir='ltr'><strong>iisdem</strong></span> <span class='ocrx_word' id='word_1_585' title='bbox 3152 2923 3445 2978; x_wconf 88' lang='lat' dir='ltr'><strong>codicibus</strong></span> <span class='ocrx_word' id='word_1_586' title='bbox 3495 2922 3695 2989; x_wconf 80' lang='lat' dir='ltr'><strong>integer</strong></span> 
     </span>
    </p>
   </div>
   <div class='ocr_carea' id='block_1_88' title="bbox 2119 3014 3692 3086">
    <p class='ocr_par' dir='ltr' id='par_1_88' title="bbox 2119 3014 3692 3086">
     <span class='ocr_line' id='line_1_88' title="bbox 2119 3014 3692 3086; baseline -0.008 -11"><span class='ocrx_word' id='word_1_587' title='bbox 2119 3020 2369 3085; x_wconf 90' lang='lat' dir='ltr'><strong>omnino,</strong></span> <span class='ocrx_word' id='word_1_588' title='bbox 2398 3020 2473 3073; x_wconf 90' lang='lat' dir='ltr'><strong>uti</strong></span> <span class='ocrx_word' id='word_1_589' title='bbox 2495 3034 2637 3086; x_wconf 67' lang='lat' dir='ltr'><strong>smpe</strong></span> <span class='ocrx_word' id='word_1_590' title='bbox 2659 3016 2858 3085; x_wconf 76' lang='lat' dir='ltr'><strong>saepius</strong></span> <span class='ocrx_word' id='word_1_591' title='bbox 2879 3014 3099 3078; x_wconf 90' lang='lat' dir='ltr'><strong>accidit,</strong></span> <span class='ocrx_word' id='word_1_592' title='bbox 3128 3023 3183 3069; x_wconf 90' lang='lat' dir='ltr'><strong>et</strong></span> <span class='ocrx_word' id='word_1_593' title='bbox 3203 3014 3560 3082; x_wconf 81' lang='lat' dir='ltr'><strong>incorruptus</strong></span> <span class='ocrx_word' id='word_1_594' title='bbox 3587 3019 3692 3071; x_wconf 88' lang='lat' dir='ltr'><strong>est;</strong></span> 
     </span>
    </p>
   </div>
   <div class='ocr_carea' id='block_1_89' title="bbox 2120 3104 3696 3173">
    <p class='ocr_par' dir='ltr' id='par_1_89' title="bbox 2120 3104 3696 3173">
     <span class='ocr_line' id='line_1_89' title="bbox 2120 3104 3696 3173; baseline -0.008 -7"><span class='ocrx_word' id='word_1_595' title='bbox 2120 3112 2211 3167; x_wconf 92' lang='lat' dir='ltr'><strong>scd</strong></span> <span class='ocrx_word' id='word_1_596' title='bbox 2240 3112 2293 3165; x_wconf 91' lang='lat' dir='ltr'><strong>iu</strong></span> <span class='ocrx_word' id='word_1_597' title='bbox 2331 3112 2416 3166; x_wconf 90' lang='lat' dir='ltr'><strong>his</strong></span> <span class='ocrx_word' id='word_1_598' title='bbox 2446 3110 2705 3165; x_wconf 90' lang='lat' dir='ltr'><strong>omnibus</strong></span> <span class='ocrx_word' id='word_1_599' title='bbox 2730 3107 2923 3161; x_wconf 90' lang='lat' dir='ltr'><strong>menda</strong></span> <span class='ocrx_word' id='word_1_600' title='bbox 2951 3113 3276 3169; x_wconf 90' lang='lat' dir='ltr'><strong>occurrunt,</strong></span> <span class='ocrx_word' id='word_1_601' title='bbox 3306 3104 3516 3173; x_wconf 81' lang='lat' dir='ltr'><strong>lapsus,</strong></span> <span class='ocrx_word' id='word_1_602' title='bbox 3554 3115 3696 3156; x_wconf 83' lang='lat' dir='ltr'><strong>erro-</strong></span> 
     </span>
    </p>
   </div>
   <div class='ocr_carea' id='block_1_90' title="bbox 2122 3196 3696 3269">
    <p class='ocr_par' dir='ltr' id='par_1_90' title="bbox 2122 3196 3696 3269">
     <span class='ocr_line' id='line_1_90' title="bbox 2122 3196 3696 3269; baseline -0.008 -11"><span class='ocrx_word' id='word_1_603' title='bbox 2122 3221 2230 3269; x_wconf 89' lang='lat' dir='ltr'><strong>res,</strong></span> <span class='ocrx_word' id='word_1_604' title='bbox 2261 3205 2441 3259; x_wconf 89' lang='lat' dir='ltr'><strong>hiatus</strong></span> <span class='ocrx_word' id='word_1_605' title='bbox 2490 3214 2545 3258; x_wconf 76' lang='grc' dir='ltr'><strong>ω,</strong></span> <span class='ocrx_word' id='word_1_606' title='bbox 2581 3204 2809 3265; x_wconf 72' lang='lat' dir='ltr'><strong>lacuum,</strong></span> <span class='ocrx_word' id='word_1_607' title='bbox 2835 3214 2958 3269; x_wconf 66' lang='lat' dir='ltr'><strong>quae</strong></span> <span class='ocrx_word' id='word_1_608' title='bbox 2997 3214 3062 3252; x_wconf 83' lang='lat' dir='ltr'><strong>ex</strong></span> <span class='ocrx_word' id='word_1_609' title='bbox 3092 3196 3242 3250; x_wconf 83' lang='lat' dir='ltr'><strong>nullo</strong></span> <span class='ocrx_word' id='word_1_610' title='bbox 3264 3211 3457 3250; x_wconf 87' lang='lat' dir='ltr'><strong>eorum</strong></span> <span class='ocrx_word' id='word_1_611' title='bbox 3482 3209 3583 3247; x_wconf 90' lang='lat' dir='ltr'><strong>nec</strong></span> <span class='ocrx_word' id='word_1_612' title='bbox 3611 3206 3696 3246; x_wconf 81' lang='lat' dir='ltr'><strong>sa-</strong></span> 
     </span>
    </p>
   </div>
   <div class='ocr_carea' id='block_1_91' title="bbox 2122 3284 3694 3366">
    <p class='ocr_par' dir='ltr' id='par_1_91' title="bbox 2122 3284 3694 3366">
     <span class='ocr_line' id='line_1_91' title="bbox 2122 3284 3694 3366; baseline -0.01 -16"><span class='ocrx_word' id='word_1_613' title='bbox 2122 3296 2240 3351; x_wconf 88' lang='lat' dir='ltr'><strong>nari</strong></span> <span class='ocrx_word' id='word_1_614' title='bbox 2273 3302 2505 3366; x_wconf 86' lang='lat' dir='ltr'><strong>possunt</strong></span> <span class='ocrx_word' id='word_1_615' title='bbox 2528 3308 2627 3348; x_wconf 88' lang='lat' dir='ltr'><strong>nec</strong></span> <span class='ocrx_word' id='word_1_616' title='bbox 2646 3286 3233 3357; x_wconf 85' lang='lat' dir='ltr'><strong>emendari?Nunquid</strong></span> <span class='ocrx_word' id='word_1_617' title='bbox 3257 3302 3389 3357; x_wconf 83' lang='lat' dir='ltr'><strong>ergo</strong></span> <span class='ocrx_word' id='word_1_618' title='bbox 3410 3284 3694 3339; x_wconf 85' lang='lat' dir='ltr'><strong>dicendum</strong></span> 
     </span>
    </p>
   </div>
   <div class='ocr_carea' id='block_1_92' title="bbox 2121 3377 3697 3456">
    <p class='ocr_par' dir='ltr' id='par_1_92' title="bbox 2121 3377 3697 3456">
     <span class='ocr_line' id='line_1_92' title="bbox 2121 3377 3697 3456; baseline -0.01 -12"><span class='ocrx_word' id='word_1_619' title='bbox 2121 3401 2204 3444; x_wconf 87' lang='lat' dir='ltr'><strong>est</strong></span> <span class='ocrx_word' id='word_1_620' title='bbox 2233 3389 2416 3443; x_wconf 85' lang='lat' dir='ltr'><strong>omnia</strong></span> <span class='ocrx_word' id='word_1_621' title='bbox 2447 3384 2780 3456; x_wconf 90' lang='lat' dir='ltr'><strong>ejuscemodi</strong></span> <span class='ocrx_word' id='word_1_622' title='bbox 2814 3382 3036 3436; x_wconf 86' lang='lat' dir='ltr'><strong>Patrum</strong></span> <span class='ocrx_word' id='word_1_623' title='bbox 3074 3395 3265 3450; x_wconf 87' lang='lat' dir='ltr'><strong>opera,</strong></span> <span class='ocrx_word' id='word_1_624' title='bbox 3296 3379 3479 3434; x_wconf 75' lang='lat' dir='ltr'><strong>dubia:</strong></span> <span class='ocrx_word' id='word_1_625' title='bbox 3517 3377 3697 3431; x_wconf 90' lang='lat' dir='ltr'><strong>tandiu</strong></span> 
     </span>
    </p>
   </div>
   <div class='ocr_carea' id='block_1_93' title="bbox 2119 3470 3699 3550">
    <p class='ocr_par' dir='ltr' id='par_1_93' title="bbox 2119 3470 3699 3550">
     <span class='ocr_line' id='line_1_93' title="bbox 2119 3470 3699 3550; baseline -0.01 -13"><span class='ocrx_word' id='word_1_626' title='bbox 2119 3498 2242 3538; x_wconf 89' lang='lat' dir='ltr'><strong>esse</strong></span> <span class='ocrx_word' id='word_1_627' title='bbox 2266 3480 2409 3548; x_wconf 71' lang='lat' dir='ltr'><strong>ﬁdei,</strong></span> <span class='ocrx_word' id='word_1_628' title='bbox 2441 3479 2681 3550; x_wconf 81' lang='lat' dir='ltr'><strong>quandiu</strong></span> <span class='ocrx_word' id='word_1_629' title='bbox 2711 3475 2932 3546; x_wconf 91' lang='lat' dir='ltr'><strong>aliquod</strong></span> <span class='ocrx_word' id='word_1_630' title='bbox 2977 3474 3195 3529; x_wconf 90' lang='lat' dir='ltr'><strong>illorum</strong></span> <span class='ocrx_word' id='word_1_631' title='bbox 3222 3471 3503 3542; x_wconf 82' lang='lat' dir='ltr'><strong>exemplar</strong></span> <span class='ocrx_word' id='word_1_632' title='bbox 3531 3470 3699 3525; x_wconf 82' lang='lat' dir='ltr'><strong>omni-</strong></span> 
     </span>
    </p>
   </div>
   <div class='ocr_carea' id='block_1_94' title="bbox 2121 3567 3696 3637">
    <p class='ocr_par' dir='ltr' id='par_1_94' title="bbox 2121 3567 3696 3637">
     <span class='ocr_line' id='line_1_94' title="bbox 2121 3567 3696 3637; baseline -0.012 -4"><span class='ocrx_word' id='word_1_633' title='bbox 2121 3576 2227 3633; x_wconf 84' lang='lat' dir='ltr'><strong>bus</strong></span> <span class='ocrx_word' id='word_1_634' title='bbox 2257 3575 2372 3632; x_wconf 84' lang='lat' dir='ltr'><strong>suis</strong></span> <span class='ocrx_word' id='word_1_635' title='bbox 2402 3572 2651 3629; x_wconf 76' lang='lat' dir='ltr'><strong>numeris</strong></span> <span class='ocrx_word' id='word_1_636' title='bbox 2682 3570 3017 3635; x_wconf 82' lang='lat' dir='ltr'><strong>absolutum,</strong></span> <span class='ocrx_word' id='word_1_637' title='bbox 3044 3579 3098 3622; x_wconf 88' lang='lat' dir='ltr'><strong>et</strong></span> <span class='ocrx_word' id='word_1_638' title='bbox 3139 3567 3562 3637; x_wconf 86' lang='lat' dir='ltr'><strong>integerrimum</strong></span> <span class='ocrx_word' id='word_1_639' title='bbox 3596 3578 3696 3616; x_wconf 88' lang='lat' dir='ltr'><strong>non</strong></span> 
     </span>
    </p>
   </div>
   <div class='ocr_carea' id='block_1_95' title="bbox 2120 3657 3695 3740">
    <p class='ocr_par' dir='ltr' id='par_1_95' title="bbox 2120 3657 3695 3740">
     <span class='ocr_line' id='line_1_95' title="bbox 2120 3657 3695 3740; baseline -0.011 -15"><span class='ocrx_word' id='word_1_640' title='bbox 2120 3669 2458 3740; x_wconf 83' lang='lat' dir='ltr'><strong>reperietur?</strong></span> <span class='ocrx_word' id='word_1_641' title='bbox 2488 3666 2657 3721; x_wconf 88' lang='lat' dir='ltr'><strong>Nemo</strong></span> <span class='ocrx_word' id='word_1_642' title='bbox 2682 3673 2827 3719; x_wconf 88' lang='lat' dir='ltr'><strong>certe</strong></span> <span class='ocrx_word' id='word_1_643' title='bbox 2849 3677 2957 3716; x_wconf 89' lang='lat' dir='ltr'><strong>non</strong></span> <span class='ocrx_word' id='word_1_644' title='bbox 2982 3659 3128 3714; x_wconf 87' lang='lat' dir='ltr'><strong>videt</strong></span> <span class='ocrx_word' id='word_1_645' title='bbox 3150 3666 3421 3728; x_wconf 88' lang='lat' dir='ltr'><strong>quantum</strong></span> <span class='ocrx_word' id='word_1_646' title='bbox 3455 3657 3572 3711; x_wconf 65' lang='lat' dir='ltr'><strong>hinc</strong></span> <span class='ocrx_word' id='word_1_647' title='bbox 3591 3670 3695 3709; x_wconf 86' lang='lat' dir='ltr'><strong>om-</strong></span> 
     </span>
    </p>
   </div>
   <div class='ocr_carea' id='block_1_96' title="bbox 2122 3742 3702 3825">
    <p class='ocr_par' dir='ltr' id='par_1_96' title="bbox 2122 3742 3702 3825">
     <span class='ocr_line' id='line_1_96' title="bbox 2122 3742 3702 3825; baseline -0.013 -7"><span class='ocrx_word' id='word_1_648' title='bbox 2122 3765 2213 3818; x_wconf 88' lang='lat' dir='ltr'><strong>nia</strong></span> <span class='ocrx_word' id='word_1_649' title='bbox 2261 3762 2500 3817; x_wconf 87' lang='lat' dir='ltr'><strong>absurda</strong></span> <span class='ocrx_word' id='word_1_650' title='bbox 2547 3768 2603 3814; x_wconf 91' lang='lat' dir='ltr'><strong>et</strong></span> <span class='ocrx_word' id='word_1_651' title='bbox 2647 3758 2714 3813; x_wconf 85' lang='lat' dir='ltr'><strong>ab</strong></span> <span class='ocrx_word' id='word_1_652' title='bbox 2752 3756 2902 3810; x_wconf 90' lang='lat' dir='ltr'><strong>omni</strong></span> <span class='ocrx_word' id='word_1_653' title='bbox 2944 3768 3174 3825; x_wconf 91' lang='lat' dir='ltr'><strong>prorsus</strong></span> <span class='ocrx_word' id='word_1_654' title='bbox 3222 3742 3702 3806; x_wconf 83' lang='lat' dir='ltr'><strong>verisimilitudine</strong></span> 
     </span>
    </p>
   </div>
   <div class='ocr_carea' id='block_1_97' title="bbox 2122 3855 2448 3909">
    <p class='ocr_par' dir='ltr' id='par_1_97' title="bbox 2122 3855 2448 3909">
     <span class='ocr_line' id='line_1_97' title="bbox 2122 3855 2448 3909; baseline -0.009 -1"><span class='ocrx_word' id='word_1_655' title='bbox 2122 3855 2231 3909; x_wconf 89' lang='lat' dir='ltr'><strong>sint</strong></span> <span class='ocrx_word' id='word_1_656' title='bbox 2253 3855 2448 3907; x_wconf 88' lang='lat' dir='ltr'><strong>aliena.</strong></span> 
     </span>
    </p>
   </div>
   <div class='ocr_carea' id='block_1_98' title="bbox 2194 3931 3702 4015">
    <p class='ocr_par' dir='ltr' id='par_1_98' title="bbox 2194 3931 3702 4015">
     <span class='ocr_line' id='line_1_98' title="bbox 2194 3931 3702 4015; baseline -0.014 -13"><span class='ocrx_word' id='word_1_657' title='bbox 2194 3947 2415 4001; x_wconf 89' lang='lat' dir='ltr'><strong>Certum</strong></span> <span class='ocrx_word' id='word_1_658' title='bbox 2454 3944 2619 4015; x_wconf 81' lang='lat' dir='ltr'><strong>igitur</strong></span> <span class='ocrx_word' id='word_1_659' title='bbox 2647 3951 2939 4012; x_wconf 86' lang='lat' dir='ltr'><strong>ratumque</strong></span> <span class='ocrx_word' id='word_1_660' title='bbox 2960 3952 3085 3993; x_wconf 88' lang='lat' dir='ltr'><strong>esse</strong></span> <span class='ocrx_word' id='word_1_661' title='bbox 3114 3936 3278 3991; x_wconf 89' lang='lat' dir='ltr'><strong>debet</strong></span> <span class='ocrx_word' id='word_1_662' title='bbox 3322 3934 3450 3989; x_wconf 91' lang='lat' dir='ltr'><strong>illas</strong></span> <span class='ocrx_word' id='word_1_663' title='bbox 3484 3931 3702 3985; x_wconf 89' lang='lat' dir='ltr'><strong>Patrum</strong></span> 
     </span>
    </p>
   </div>
   <div class='ocr_carea' id='block_1_99' title="bbox 2122 4028 3702 4105">
    <p class='ocr_par' dir='ltr' id='par_1_99' title="bbox 2122 4028 3702 4105">
     <span class='ocr_line' id='line_1_99' title="bbox 2122 4028 3702 4105; baseline -0.009 -12"><span class='ocrx_word' id='word_1_664' title='bbox 2122 4036 2612 4093; x_wconf 89' lang='lat' dir='ltr'><strong>commentationes</strong></span> <span class='ocrx_word' id='word_1_665' title='bbox 2651 4051 2808 4089; x_wconf 89' lang='lat' dir='ltr'><strong>veras</strong></span> <span class='ocrx_word' id='word_1_666' title='bbox 2849 4045 2904 4089; x_wconf 91' lang='lat' dir='ltr'><strong>et</strong></span> <span class='ocrx_word' id='word_1_667' title='bbox 2928 4033 3195 4105; x_wconf 85' lang='lat' dir='ltr'><strong>genuinas</strong></span> <span class='ocrx_word' id='word_1_668' title='bbox 3226 4046 3350 4087; x_wconf 87' lang='lat' dir='ltr'><strong>esse</strong></span> <span class='ocrx_word' id='word_1_669' title='bbox 3379 4028 3702 4086; x_wconf 86' lang='lat' dir='ltr'><strong>censendas,</strong></span> 
     </span>
    </p>
   </div>
   <div class='ocr_carea' id='block_1_100' title="bbox 2123 4118 3704 4200">
    <p class='ocr_par' dir='ltr' id='par_1_100' title="bbox 2123 4118 3704 4200">
     <span class='ocr_line' id='line_1_100' title="bbox 2123 4118 3704 4200; baseline -0.008 -17"><span class='ocrx_word' id='word_1_670' title='bbox 2123 4146 2243 4200; x_wconf 67' lang='lat' dir='ltr'><strong>quae</strong></span> <span class='ocrx_word' id='word_1_671' title='bbox 2270 4146 2335 4183; x_wconf 74' lang='lat' dir='ltr'><strong>ex</strong></span> <span class='ocrx_word' id='word_1_672' title='bbox 2365 4144 2499 4193; x_wconf 90' lang='lat' dir='ltr'><strong>uno,</strong></span> <span class='ocrx_word' id='word_1_673' title='bbox 2530 4128 2624 4183; x_wconf 88' lang='lat' dir='ltr'><strong>sed</strong></span> <span class='ocrx_word' id='word_1_674' title='bbox 2654 4128 2881 4196; x_wconf 88' lang='lat' dir='ltr'><strong>antiquo</strong></span> <span class='ocrx_word' id='word_1_675' title='bbox 2912 4137 2964 4181; x_wconf 95' lang='lat' dir='ltr'><strong>et</strong></span> <span class='ocrx_word' id='word_1_676' title='bbox 2987 4126 3207 4195; x_wconf 54' lang='lat' dir='ltr'><strong>optimae</strong></span> <span class='ocrx_word' id='word_1_677' title='bbox 3235 4133 3380 4178; x_wconf 81' lang='lat' dir='ltr'><strong>notae</strong></span> <span class='ocrx_word' id='word_1_678' title='bbox 3411 4118 3704 4189; x_wconf 78' lang='lat' dir='ltr'><strong>exemplari</strong></span> 
     </span>
    </p>
   </div>
   <div class='ocr_carea' id='block_1_101' title="bbox 2124 4214 3705 4286">
    <p class='ocr_par' dir='ltr' id='par_1_101' title="bbox 2124 4214 3705 4286">
     <span class='ocr_line' id='line_1_101' title="bbox 2124 4214 3705 4286; baseline -0.009 -10"><span class='ocrx_word' id='word_1_679' title='bbox 2124 4223 2198 4277; x_wconf 91' lang='lat' dir='ltr'><strong>ita</strong></span> <span class='ocrx_word' id='word_1_680' title='bbox 2228 4231 2496 4276; x_wconf 90' lang='lat' dir='ltr'><strong>eruuntur</strong></span> <span class='ocrx_word' id='word_1_681' title='bbox 2518 4258 2536 4286; x_wconf 91' lang='lat'><strong>,</strong></span> <span class='ocrx_word' id='word_1_682' title='bbox 2571 4229 2631 4274; x_wconf 93' lang='lat' dir='ltr'><strong>ut</strong></span> <span class='ocrx_word' id='word_1_683' title='bbox 2658 4220 2711 4273; x_wconf 89' lang='lat' dir='ltr'><strong>in</strong></span> <span class='ocrx_word' id='word_1_684' title='bbox 2744 4219 2838 4274; x_wconf 90' lang='lat' dir='ltr'><strong>illo</strong></span> <span class='ocrx_word' id='word_1_685' title='bbox 2862 4234 2970 4271; x_wconf 91' lang='lat' dir='ltr'><strong>non</strong></span> <span class='ocrx_word' id='word_1_686' title='bbox 3002 4233 3063 4272; x_wconf 90' lang='lat' dir='ltr'><strong>ea</strong></span> <span class='ocrx_word' id='word_1_687' title='bbox 3088 4227 3327 4280; x_wconf 84' lang='lat' dir='ltr'><strong>tantum,</strong></span> <span class='ocrx_word' id='word_1_688' title='bbox 3372 4231 3496 4285; x_wconf 70' lang='lat' dir='ltr'><strong>quae</strong></span> <span class='ocrx_word' id='word_1_689' title='bbox 3521 4214 3593 4267; x_wconf 88' lang='lat' dir='ltr'><strong>ab</strong></span> <span class='ocrx_word' id='word_1_690' title='bbox 3616 4228 3705 4264; x_wconf 86' lang='lat' dir='ltr'><strong>an-</strong></span> 
     </span>
    </p>
   </div>
   <div class='ocr_carea' id='block_1_102' title="bbox 2124 4300 3707 4383">
    <p class='ocr_par' dir='ltr' id='par_1_102' title="bbox 2124 4300 3707 4383">
     <span class='ocr_line' id='line_1_102' title="bbox 2124 4300 3707 4383; baseline -0.01 -16"><span class='ocrx_word' id='word_1_691' title='bbox 2124 4312 2295 4383; x_wconf 86' lang='lat' dir='ltr'><strong>tiquis</strong></span> <span class='ocrx_word' id='word_1_692' title='bbox 2331 4311 2695 4377; x_wconf 88' lang='lat' dir='ltr'><strong>scriptoribus</strong></span> <span class='ocrx_word' id='word_1_693' title='bbox 2737 4310 2864 4364; x_wconf 91' lang='lat' dir='ltr'><strong>inde</strong></span> <span class='ocrx_word' id='word_1_694' title='bbox 2897 4309 3118 4363; x_wconf 89' lang='lat' dir='ltr'><strong>laudata</strong></span> <span class='ocrx_word' id='word_1_695' title='bbox 3156 4307 3414 4377; x_wconf 88' lang='lat' dir='ltr'><strong>legimus,</strong></span> <span class='ocrx_word' id='word_1_696' title='bbox 3452 4305 3549 4359; x_wconf 90' lang='lat' dir='ltr'><strong>sed</strong></span> <span class='ocrx_word' id='word_1_697' title='bbox 3580 4300 3707 4357; x_wconf 86' lang='lat' dir='ltr'><strong>nihil</strong></span> 
     </span>
    </p>
   </div>
   <div class='ocr_carea' id='block_1_103' title="bbox 2125 4400 3703 4473">
    <p class='ocr_par' dir='ltr' id='par_1_103' title="bbox 2125 4400 3703 4473">
     <span class='ocr_line' id='line_1_103' title="bbox 2125 4400 3703 4473; baseline -0.009 -13"><span class='ocrx_word' id='word_1_698' title='bbox 2125 4407 2312 4470; x_wconf 85' lang='lat' dir='ltr'><strong>etiam,</strong></span> <span class='ocrx_word' id='word_1_699' title='bbox 2359 4404 2465 4459; x_wconf 93' lang='lat' dir='ltr'><strong>nisi</strong></span> <span class='ocrx_word' id='word_1_700' title='bbox 2501 4413 2727 4458; x_wconf 89' lang='lat' dir='ltr'><strong>auctore</strong></span> <span class='ocrx_word' id='word_1_701' title='bbox 2763 4418 2867 4457; x_wconf 92' lang='lat' dir='ltr'><strong>suo</strong></span> <span class='ocrx_word' id='word_1_702' title='bbox 2907 4400 3299 4473; x_wconf 87' lang='lat' dir='ltr'><strong>dignissimum</strong></span> <span class='ocrx_word' id='word_1_703' title='bbox 3342 4400 3703 4453; x_wconf 85' lang='lat' dir='ltr'><strong>contineatur.</strong></span> 
     </span>
    </p>
   </div>
   <div class='ocr_carea' id='block_1_104' title="bbox 2124 4488 3711 4565">
    <p class='ocr_par' dir='ltr' id='par_1_104' title="bbox 2124 4488 3711 4565">
     <span class='ocr_line' id='line_1_104' title="bbox 2124 4488 3711 4565; baseline -0.008 -16"><span class='ocrx_word' id='word_1_704' title='bbox 2124 4495 2289 4565; x_wconf 88' lang='lat' dir='ltr'><strong>Atqui</strong></span> <span class='ocrx_word' id='word_1_705' title='bbox 2313 4494 2506 4565; x_wconf 89' lang='lat' dir='ltr'><strong>lgnatii</strong></span> <span class='ocrx_word' id='word_1_706' title='bbox 2537 4493 2714 4548; x_wconf 88' lang='lat' dir='ltr'><strong>nostri</strong></span> <span class='ocrx_word' id='word_1_707' title='bbox 2743 4493 3025 4563; x_wconf 88' lang='lat' dir='ltr'><strong>epistolas,</strong></span> <span class='ocrx_word' id='word_1_708' title='bbox 3055 4506 3121 4545; x_wconf 82' lang='lat' dir='ltr'><strong>ex</strong></span> <span class='ocrx_word' id='word_1_709' title='bbox 3158 4490 3483 4545; x_wconf 86' lang='lat' dir='ltr'><strong>Florentino</strong></span> <span class='ocrx_word' id='word_1_710' title='bbox 3528 4488 3711 4543; x_wconf 84' lang='lat' dir='ltr'><strong>codice</strong></span> 
     </span>
    </p>
   </div>
   <div class='ocr_carea' id='block_1_105' title="bbox 2120 4580 3709 4658">
    <p class='ocr_par' dir='ltr' id='par_1_105' title="bbox 2120 4580 3709 4658">
     <span class='ocr_line' id='line_1_105' title="bbox 2120 4580 3709 4658; baseline -0.009 -14"><span class='ocrx_word' id='word_1_711' title='bbox 2120 4589 2448 4658; x_wconf 87' lang='lat' dir='ltr'><strong>divulgatas,</strong></span> <span class='ocrx_word' id='word_1_712' title='bbox 2482 4586 2619 4641; x_wconf 87' lang='lat' dir='ltr'><strong>tales</strong></span> <span class='ocrx_word' id='word_1_713' title='bbox 2654 4600 2777 4639; x_wconf 90' lang='lat' dir='ltr'><strong>esse</strong></span> <span class='ocrx_word' id='word_1_714' title='bbox 2830 4583 3236 4648; x_wconf 79' lang='lat' dir='ltr'><strong>invictissimis,</strong></span> <span class='ocrx_word' id='word_1_715' title='bbox 3264 4581 3346 4635; x_wconf 91' lang='lat' dir='ltr'><strong>uti</strong></span> <span class='ocrx_word' id='word_1_716' title='bbox 3370 4580 3595 4650; x_wconf 90' lang='lat' dir='ltr'><strong>quidem</strong></span> <span class='ocrx_word' id='word_1_717' title='bbox 3626 4592 3709 4630; x_wconf 86' lang='lat' dir='ltr'><strong>ar-</strong></span> 
     </span>
    </p>
   </div>
   <div class='ocr_carea' id='block_1_106' title="bbox 2121 4671 3705 4748">
    <p class='ocr_par' dir='ltr' id='par_1_106' title="bbox 2121 4671 3705 4748">
     <span class='ocr_line' id='line_1_106' title="bbox 2121 4671 3705 4748; baseline -0.011 -14"><span class='ocrx_word' id='word_1_718' title='bbox 2121 4680 2414 4743; x_wconf 89' lang='lat' dir='ltr'><strong>bitramur,</strong></span> <span class='ocrx_word' id='word_1_719' title='bbox 2440 4675 2805 4748; x_wconf 90' lang='lat' dir='ltr'><strong>argumentis,</strong></span> <span class='ocrx_word' id='word_1_720' title='bbox 2841 4673 3099 4743; x_wconf 90' lang='lat' dir='ltr'><strong>superius</strong></span> <span class='ocrx_word' id='word_1_721' title='bbox 3123 4671 3569 4725; x_wconf 84' lang='lat' dir='ltr'><strong>deiuonstratum</strong></span> <span class='ocrx_word' id='word_1_722' title='bbox 3611 4672 3705 4719; x_wconf 85' lang='lat' dir='ltr'><strong>est.</strong></span> 
     </span>
    </p>
   </div>
   <div class='ocr_carea' id='block_1_107' title="bbox 2122 4758 3714 4839">
    <p class='ocr_par' dir='ltr' id='par_1_107' title="bbox 2122 4758 3714 4839">
     <span class='ocr_line' id='line_1_107' title="bbox 2122 4758 3714 4839; baseline -0.012 -13"><span class='ocrx_word' id='word_1_723' title='bbox 2122 4771 2393 4826; x_wconf 76' lang='lat' dir='ltr'><strong>Caeterum</strong></span> <span class='ocrx_word' id='word_1_724' title='bbox 2444 4769 2553 4824; x_wconf 71' lang='lat' dir='ltr'><strong>illa:</strong></span> <span class='ocrx_word' id='word_1_725' title='bbox 2586 4766 2782 4839; x_wconf 82' lang='lat' dir='ltr'><strong>lgnatii</strong></span> <span class='ocrx_word' id='word_1_726' title='bbox 2829 4764 3078 4835; x_wconf 69' lang='lat' dir='ltr'><strong>epistolae</strong></span> <span class='ocrx_word' id='word_1_727' title='bbox 3112 4779 3220 4818; x_wconf 90' lang='lat' dir='ltr'><strong>non</strong></span> <span class='ocrx_word' id='word_1_728' title='bbox 3265 4763 3323 4816; x_wconf 83' lang='lat' dir='ltr'><strong>in</strong></span> <span class='ocrx_word' id='word_1_729' title='bbox 3361 4762 3485 4817; x_wconf 88' lang='lat' dir='ltr'><strong>solo</strong></span> <span class='ocrx_word' id='word_1_730' title='bbox 3530 4758 3714 4814; x_wconf 86' lang='lat' dir='ltr'><strong>codice</strong></span> 
     </span>
    </p>
   </div>
   <div class='ocr_carea' id='block_1_108' title="bbox 2123 4855 3714 4933">
    <p class='ocr_par' dir='ltr' id='par_1_108' title="bbox 2123 4855 3714 4933">
     <span class='ocr_line' id='line_1_108' title="bbox 2123 4855 3714 4933; baseline -0.008 -16"><span class='ocrx_word' id='word_1_731' title='bbox 2123 4864 2441 4919; x_wconf 88' lang='lat' dir='ltr'><strong>Florentino</strong></span> <span class='ocrx_word' id='word_1_732' title='bbox 2463 4872 2692 4933; x_wconf 65' lang='lat' dir='ltr'><strong>reperta:</strong></span> <span class='ocrx_word' id='word_1_733' title='bbox 2716 4868 2876 4927; x_wconf 89' lang='lat' dir='ltr'><strong>sunt;</strong></span> <span class='ocrx_word' id='word_1_734' title='bbox 2903 4857 3163 4914; x_wconf 89' lang='lat' dir='ltr'><strong>Usserius</strong></span> <span class='ocrx_word' id='word_1_735' title='bbox 3184 4856 3337 4910; x_wconf 90' lang='lat' dir='ltr'><strong>enim</strong></span> <span class='ocrx_word' id='word_1_736' title='bbox 3358 4855 3497 4909; x_wconf 89' lang='lat' dir='ltr'><strong>alios</strong></span> <span class='ocrx_word' id='word_1_737' title='bbox 3525 4862 3714 4907; x_wconf 85' lang='lat' dir='ltr'><strong>nactus</strong></span> 
     </span>
    </p>
   </div>
   <div class='ocr_carea' id='block_1_109' title="bbox 2121 4945 3714 5025">
    <p class='ocr_par' dir='ltr' id='par_1_109' title="bbox 2121 4945 3714 5025">
     <span class='ocr_line' id='line_1_109' title="bbox 2121 4945 3714 5025; baseline -0.01 -15"><span class='ocrx_word' id='word_1_738' title='bbox 2121 4965 2225 5021; x_wconf 91' lang='lat' dir='ltr'><strong>est,</strong></span> <span class='ocrx_word' id='word_1_739' title='bbox 2252 4955 2347 5025; x_wconf 88' lang='lat' dir='ltr'><strong>qui</strong></span> <span class='ocrx_word' id='word_1_740' title='bbox 2372 4953 2623 5025; x_wconf 90' lang='lat' dir='ltr'><strong>quamvis</strong></span> <span class='ocrx_word' id='word_1_741' title='bbox 2660 4950 2840 5006; x_wconf 88' lang='lat' dir='ltr'><strong>Latini</strong></span> <span class='ocrx_word' id='word_1_742' title='bbox 2881 4951 3016 5015; x_wconf 86' lang='lat' dir='ltr'><strong>sint,</strong></span> <span class='ocrx_word' id='word_1_743' title='bbox 3071 4948 3201 5018; x_wconf 88' lang='lat' dir='ltr'><strong>quia</strong></span> <span class='ocrx_word' id='word_1_744' title='bbox 3234 4956 3423 5001; x_wconf 88' lang='lat' dir='ltr'><strong>tamen</strong></span> <span class='ocrx_word' id='word_1_745' title='bbox 3464 4945 3714 5000; x_wconf 86' lang='lat' dir='ltr'><strong>eumdem</strong></span> 
     </span>
    </p>
   </div>
   <div class='ocr_carea' id='block_1_110' title="bbox 2123 5035 3717 5117">
    <p class='ocr_par' dir='ltr' id='par_1_110' title="bbox 2123 5035 3717 5117">
     <span class='ocr_line' id='line_1_110' title="bbox 2123 5035 3717 5117; baseline -0.01 -15"><span class='ocrx_word' id='word_1_746' title='bbox 2123 5065 2188 5103; x_wconf 88' lang='lat' dir='ltr'><strong>ac</strong></span> <span class='ocrx_word' id='word_1_747' title='bbox 2229 5048 2581 5103; x_wconf 86' lang='lat' dir='ltr'><strong>Florentinus</strong></span> <span class='ocrx_word' id='word_1_748' title='bbox 2627 5044 2819 5117; x_wconf 86' lang='lat' dir='ltr'><strong>lgnatii</strong></span> <span class='ocrx_word' id='word_1_749' title='bbox 2854 5052 3061 5098; x_wconf 77' lang='lat' dir='ltr'><strong>textum</strong></span> <span class='ocrx_word' id='word_1_750' title='bbox 3095 5040 3383 5102; x_wconf 72' lang='lat' dir='ltr'><strong>exhibent,</strong></span> <span class='ocrx_word' id='word_1_751' title='bbox 3410 5039 3467 5092; x_wconf 92' lang='lat' dir='ltr'><strong>in</strong></span> <span class='ocrx_word' id='word_1_752' title='bbox 3503 5038 3577 5093; x_wconf 91' lang='lat' dir='ltr'><strong>iis</strong></span> <span class='ocrx_word' id='word_1_753' title='bbox 3606 5035 3717 5090; x_wconf 86' lang='lat' dir='ltr'><strong>sin-</strong></span> 
     </span>
    </p>
   </div>
   <div class='ocr_carea' id='block_1_111' title="bbox 2123 5127 3715 5210">
    <p class='ocr_par' dir='ltr' id='par_1_111' title="bbox 2123 5127 3715 5210">
     <span class='ocr_line' id='line_1_111' title="bbox 2123 5127 3715 5210; baseline -0.01 -16"><span class='ocrx_word' id='word_1_754' title='bbox 2123 5156 2279 5194; x_wconf 88' lang='lat' dir='ltr'><strong>ceras</strong></span> <span class='ocrx_word' id='word_1_755' title='bbox 2306 5139 2686 5210; x_wconf 89' lang='lat' dir='ltr'><strong>genuinasque</strong></span> <span class='ocrx_word' id='word_1_756' title='bbox 2712 5136 2859 5190; x_wconf 89' lang='lat' dir='ltr'><strong>illius</strong></span> <span class='ocrx_word' id='word_1_757' title='bbox 2890 5132 3151 5204; x_wconf 90' lang='lat' dir='ltr'><strong>epistolas</strong></span> <span class='ocrx_word' id='word_1_758' title='bbox 3180 5128 3577 5199; x_wconf 60' lang='lat' dir='ltr'><strong>representari</strong></span> <span class='ocrx_word' id='word_1_759' title='bbox 3596 5127 3715 5179; x_wconf 82' lang='lat' dir='ltr'><strong>nul-</strong></span> 
     </span>
    </p>
   </div>
   <div class='ocr_carea' id='block_1_112' title="bbox 2124 5230 3039 5303">
    <p class='ocr_par' dir='ltr' id='par_1_112' title="bbox 2124 5230 3039 5303">
     <span class='ocr_line' id='line_1_112' title="bbox 2124 5230 3039 5303; baseline -0.01 -15"><span class='ocrx_word' id='word_1_760' title='bbox 2124 5236 2210 5289; x_wconf 88' lang='lat' dir='ltr'><strong>lus</strong></span> <span class='ocrx_word' id='word_1_761' title='bbox 2241 5235 2400 5303; x_wconf 88' lang='lat' dir='ltr'><strong>plane</strong></span> <span class='ocrx_word' id='word_1_762' title='bbox 2438 5230 2723 5287; x_wconf 89' lang='lat' dir='ltr'><strong>dubitandi</strong></span> <span class='ocrx_word' id='word_1_763' title='bbox 2758 5230 3039 5283; x_wconf 88' lang='lat' dir='ltr'><strong>locusest.</strong></span> 
     </span>
    </p>
   </div>
   <div class='ocr_carea' id='block_1_113' title="bbox 2197 5338 3720 5415">
    <p class='ocr_par' dir='ltr' id='par_1_113' title="bbox 2197 5338 3720 5415">
     <span class='ocr_line' id='line_1_113' title="bbox 2197 5338 3720 5415; baseline -0.009 -12"><span class='ocrx_word' id='word_1_764' title='bbox 2197 5350 2277 5405; x_wconf 87' lang='lat' dir='ltr'><strong>Ad</strong></span> <span class='ocrx_word' id='word_1_765' title='bbox 2310 5347 2575 5403; x_wconf 87' lang='lat' dir='ltr'><strong>Tentzelii</strong></span> <span class='ocrx_word' id='word_1_766' title='bbox 2600 5348 2786 5415; x_wconf 89' lang='lat' dir='ltr'><strong>itaque</strong></span> <span class='ocrx_word' id='word_1_767' title='bbox 2814 5344 3163 5412; x_wconf 88' lang='lat' dir='ltr'><strong>conjecturas</strong></span> <span class='ocrx_word' id='word_1_768' title='bbox 3185 5340 3337 5411; x_wconf 90' lang='lat' dir='ltr'><strong>quod</strong></span> <span class='ocrx_word' id='word_1_769' title='bbox 3368 5340 3593 5403; x_wconf 84' lang='lat' dir='ltr'><strong>attinet,</strong></span> <span class='ocrx_word' id='word_1_770' title='bbox 3624 5338 3720 5391; x_wconf 63' lang='lat' dir='ltr'><strong>illm</strong></span> 
     </span>
    </p>
   </div>
   <div class='ocr_carea' id='block_1_114' title="bbox 2125 5433 3718 5513">
    <p class='ocr_par' dir='ltr' id='par_1_114' title="bbox 2125 5433 3718 5513">
     <span class='ocr_line' id='line_1_114' title="bbox 2125 5433 3718 5513; baseline -0.008 -14"><span class='ocrx_word' id='word_1_771' title='bbox 2125 5444 2297 5499; x_wconf 92' lang='lat' dir='ltr'><strong>dubio</strong></span> <span class='ocrx_word' id='word_1_772' title='bbox 2326 5441 2536 5513; x_wconf 85' lang='lat' dir='ltr'><strong>procul,</strong></span> <span class='ocrx_word' id='word_1_773' title='bbox 2567 5440 2720 5494; x_wconf 91' lang='lat' dir='ltr'><strong>nullo</strong></span> <span class='ocrx_word' id='word_1_774' title='bbox 2744 5436 2978 5506; x_wconf 88' lang='lat' dir='ltr'><strong>amplius</strong></span> <span class='ocrx_word' id='word_1_775' title='bbox 3006 5433 3236 5488; x_wconf 88' lang='lat' dir='ltr'><strong>feriente</strong></span> <span class='ocrx_word' id='word_1_776' title='bbox 3255 5445 3354 5487; x_wconf 88' lang='lat' dir='ltr'><strong>aut</strong></span> <span class='ocrx_word' id='word_1_777' title='bbox 3383 5434 3718 5502; x_wconf 87' lang='lat' dir='ltr'><strong>impellente,</strong></span> 
     </span>
    </p>
   </div>
   <div class='ocr_carea' id='block_1_115' title="bbox 2129 5526 3720 5606">
    <p class='ocr_par' dir='ltr' id='par_1_115' title="bbox 2129 5526 3720 5606">
     <span class='ocr_line' id='line_1_115' title="bbox 2129 5526 3720 5606; baseline -0.009 -13"><span class='ocrx_word' id='word_1_778' title='bbox 2129 5539 2222 5594; x_wconf 88' lang='lat' dir='ltr'><strong>sed</strong></span> <span class='ocrx_word' id='word_1_779' title='bbox 2260 5553 2319 5593; x_wconf 91' lang='lat' dir='ltr'><strong>se</strong></span> <span class='ocrx_word' id='word_1_780' title='bbox 2354 5535 2488 5606; x_wconf 87' lang='lat' dir='ltr'><strong>ipsis</strong></span> <span class='ocrx_word' id='word_1_781' title='bbox 2514 5542 2684 5587; x_wconf 89' lang='lat' dir='ltr'><strong>ruunt</strong></span> <span class='ocrx_word' id='word_1_782' title='bbox 2714 5542 2769 5587; x_wconf 91' lang='lat' dir='ltr'><strong>et</strong></span> <span class='ocrx_word' id='word_1_783' title='bbox 2791 5536 3148 5586; x_wconf 86' lang='lat' dir='ltr'><strong>evanescunt.</strong></span> <span class='ocrx_word' id='word_1_784' title='bbox 3185 5526 3251 5580; x_wconf 86' lang='lat' dir='ltr'><strong>Et</strong></span> <span class='ocrx_word' id='word_1_785' title='bbox 3274 5543 3410 5582; x_wconf 85' lang='lat' dir='ltr'><strong>vero</strong></span> <span class='ocrx_word' id='word_1_786' title='bbox 3437 5527 3480 5580; x_wconf 91' lang='lat' dir='ltr'><strong>si</strong></span> <span class='ocrx_word' id='word_1_787' title='bbox 3514 5543 3643 5597; x_wconf 60' lang='lat' dir='ltr'><strong>qua</strong></span> <span class='ocrx_word' id='word_1_788' title='bbox 3673 5528 3720 5579; x_wconf 89' lang='lat' dir='ltr'><strong>in</strong></span> 
     </span>
    </p>
   </div>
   <div class='ocr_carea' id='block_1_116' title="bbox 2131 5622 3723 5691">
    <p class='ocr_par' dir='ltr' id='par_1_116' title="bbox 2131 5622 3723 5691">
     <span class='ocr_line' id='line_1_116' title="bbox 2131 5622 3723 5691; baseline -0.006 -3"><span class='ocrx_word' id='word_1_789' title='bbox 2131 5632 2455 5690; x_wconf 87' lang='lat' dir='ltr'><strong>memoratis</strong></span> <span class='ocrx_word' id='word_1_790' title='bbox 2496 5629 2781 5686; x_wconf 89' lang='lat' dir='ltr'><strong>codicibus</strong></span> <span class='ocrx_word' id='word_1_791' title='bbox 2811 5626 3086 5683; x_wconf 88' lang='lat' dir='ltr'><strong>variantes</strong></span> <span class='ocrx_word' id='word_1_792' title='bbox 3117 5624 3410 5691; x_wconf 85' lang='lat' dir='ltr'><strong>lectiones,</strong></span> <span class='ocrx_word' id='word_1_793' title='bbox 3448 5636 3547 5680; x_wconf 87' lang='lat' dir='ltr'><strong>aut</strong></span> <span class='ocrx_word' id='word_1_794' title='bbox 3585 5622 3723 5679; x_wconf 78' lang='lat' dir='ltr'><strong>leves</strong></span> 
     </span>
    </p>
   </div>
  </div>
