3746 6308
84 292 177 345 565

79 415 268 481 hiatus,
290 422 344 468 et
372 414 579 472 lacunae
604 425 919 476 occurrunt.
940 423 1087 473 certe
1115 416 1361 488 plerique
1384 418 1623 487 codices,

76 522 132 560 ex
169 506 364 576 quibus
397 508 502 563 alia
531 508 752 565 Patrum
780 525 944 579 opera
980 511 1033 565 in
1064 511 1261 581 vulgus
1291 511 1629 581 prodierunt,

76 615 164 654 nec
206 600 497 657 levioribus
542 617 644 657 nec
696 603 1227 673 infrequentioribus
1266 604 1630 675 inquinantur

74 690 273 746 erratis.
304 692 375 746 At
403 692 516 747 haec
539 704 730 748 contra
747 692 1065 749 eorumdem
1094 708 1317 763 operum
1346 696 1627 752 veritatem

73 784 461 857 ειγνησιότητα
506 800 749 857 pugnare
771 785 950 841 nullus
990 789 1185 842 merito
1228 801 1468 858 unquam
1505 788 1629 860 jure

72 876 277 932 dixerit.

137 965 334 1021 Deinde
358 982 488 1022 vero
516 982 625 1022 non
656 967 795 1023 alios
822 967 1127 1025 Florentini
1175 970 1382 1028 codicis
1410 985 1627 1030 errores

74 1055 369 1113 Tentzelius
394 1057 552 1112 nobis
574 1057 782 1127 objicit,
813 1074 978 1129 quam
1028 1060 1151 1116 illos
1196 1062 1293 1131 qui
1349 1062 1507 1132 prius
1554 1064 1626 1119 ab

74 1148 303 1215 Usserio,
334 1149 531 1205 Vossio
550 1159 605 1204 et
631 1148 926 1207 Pearsonio
953 1152 1172 1209 indicati
1202 1153 1443 1210 luerunt.
1474 1154 1626 1222 Quo-

72 1241 220 1295 modo
250 1241 414 1312 igitur
453 1242 749 1311 scriptores
790 1242 892 1308 illi,
947 1259 1087 1313 quos
1133 1244 1275 1305 idem
1307 1244 1625 1302 Tentzelius

72 1337 275 1403 lynceos
295 1341 350 1388 et
369 1333 614 1390 oculatus
650 1334 848 1390 merito
876 1336 1127 1407 appellat,
1152 1352 1219 1394 eo
1242 1338 1631 1408 caecitatisitar-

1107 294 1411 351 ANDREIE
1451 297 1823 357 GALLANDII
1859 302 2224 361 PROG‘IVIA.

3201 318 3302 371 566

1653 438 1699 494 Α
1727 422 2017 495 ditatisque
2046 425 2412 493 devenerunt,
2457 437 2521 483 ut
2561 428 2684 485 inde
2715 431 3118 503 lgnatianarum
3156 437 3304 494 litte-

1732 532 1917 571 rarum
1949 518 2109 573 ﬁdem
2130 519 2387 576 vacillare
2427 529 2481 577 et
2518 525 2737 580 concuti
2763 540 2871 581 non
2902 528 3302 585 animadverte-

1730 609 1880 663 rint?
1908 608 2065 664 Nulla
2107 626 2242 666 sane
2281 613 2385 666 alia
2419 629 2585 669 causa
2616 615 2740 684 fuit,
2770 617 2877 672 nisi
2908 619 3037 689 quia
3072 621 3302 677 acrioris

1729 703 2097 773 aequiorisque
2123 704 2228 774 ipsi
2255 717 2411 763 erant
2434 708 2648 778 judicii,
2670 726 2835 781 quam
2866 719 2928 766 ut
2956 721 3178 783 pr0pter
3198 730 3301 769 va-

1726 790 1839 847 rios
1871 794 2136 862 quosdam
2170 795 2516 852 librariorum
2540 814 2776 867 errores,
2809 810 3009 857 certam
3040 803 3303 859 harumce

1725 884 2101 955 epistularum,
2122 887 2206 941 vel
2232 888 2460 946 alterius
2479 891 2772 962 cujuslibet
2793 894 3187 951 lucubrationis
3208 912 3302 951 ve-

1728 973 1946 1029 ritatem
1977 982 2172 1031 nutare
2192 977 2499 1035 crederent.
2524 979 2630 1036 Sed
2659 982 2775 1038 haec
2806 983 2984 1040 fusius
3007 987 3296 1057 prosequi,

1725 1074 1779 1120 et
1808 1066 1865 1120 in
1880 1066 1983 1122 hac
1999 1067 2282 1137 opinione,
2302 1086 2426 1140 qua:
2450 1081 2563 1128 tam
2604 1074 2674 1130 ab
2710 1076 2945 1132 aliorum
2990 1079 3297 1145 sententiis,

1727 1173 1891 1227 quam
1924 1158 1993 1213 ab
2016 1158 2130 1228 ipsa
2160 1162 2389 1218 veritate
2416 1165 2555 1219 adeo
2585 1166 2865 1232 abhorret,
2897 1168 3108 1224 diutius
3135 1170 3297 1226 refel-

1727 1246 1884 1303 lenda
1903 1248 2207 1319 immorari,
2240 1252 2577 1324 superﬂuum
2608 1258 2834 1314 omnino
2848 1268 2901 1315 et
2925 1260 3115 1318 inutile
3138 1262 3296 1319 nobis

1726 1338 1955 1395 videtur.

89 1524 3289 1576 Ἢ-

725 1690 1535 1823 ANDBEE
1630 1697 2653 1822 GALLANDII

1374 1946 1952 2042 PROfEMIA

364 2158 473 2221 AD
523 2161 964 2226 EPISTOLAS
1020 2163 1304 2227 SANCTI
1348 2165 1657 2231 IGNATII
1710 2171 1815 2232 ET
1879 2169 2089 2234 ACTA
2124 2173 2529 2238 MARTYRII
2578 2176 2956 2246 EIUSDEM.

802 2323 1055 2386 (Veterum
1076 2328 1284 2379 Patrum
1303 2325 1549 2391 Biblioth,
1575 2334 1612 2380 ι.
1636 2330 1676 2394 I,
1699 2330 1927 2384 Venetiis
1950 2334 2087 2398 1765,
2112 2339 2335 2405 Proleg.,
2352 2355 2403 2407 p.
2427 2344 2546 2407 uv.)

537 2546 766 2604 CAPUT
797 2547 1091 2607 PRIMUM.

70 2630 253 2702 Septem
280 2637 533 2715 epistolas
558 2642 851 2715 scripsit‘S.
883 2641 1145 2715 Ignatius.
1184 2641 1391 2698 Harum
1420 2646 1615 2715 duplex

123 2707 381 2786 mmptar
407 2725 427 2763 :
469 2710 693 2786 alterum
728 2707 1014 2786 sinceram,
1036 2714 1287 2786 alterum
1324 2707 1616 2786 interpola-

125 2784 245 2828 tum.
278 2776 447 2832 Misso
470 2782 778 2857 posteriore,
807 2783 987 2857 agitur
1010 2782 1074 2837 de
1097 2786 1301 2857 priore,
1326 2776 1480 2856 cujus
1494 2804 1617 2857 pro-

121 2849 670 2928 ponuntur_gditione_s
722 2849 1026 2928 prtecipuw.
1090 2849 1342 2910 Omnium
1384 2849 1612 2928 optima,

125 2931 234 2984 quia
263 2926 343 2970 est
372 2917 583 2974 Thema:
618 2917 835 2979 Smitlu'.

122 3027 451 3099 Scriptorum
486 3035 985 3092 ecclesiasticorum
1021 3039 1282 3094 sarculum
1318 3054 1357 3094 ll
1392 3039 1618 3095 inchoat

70 3114 117 3169 S.
150 3117 417 3189 lgnatius,
444 3125 734 3196 episcopus
782 3128 1156 3186 Antiochenus
1213 3140 1269 3187 et
1307 3141 1546 3202 martyr;
1584 3147 1616 3187 a

68 3224 158 3275 quo
186 3213 427 3281 epistola:
454 3231 551 3279 vn,
577 3215 867 3287 Smyrnaeis
896 3263 911 3288 ,
970 3221 1267 3291 Polycarpo
1287 3265 1304 3291 ,
1349 3224 1613 3295 Ephesiis,

70 3300 351 3371 ﬁlaguesiis,
376 3302 949 3381 Philadelphiensibus,
978 3313 1268 3370 Trallianis
1308 3325 1473 3387 atque
1503 3318 1616 3372 Ro-

71 3394 214 3446 manis
263 3395 537 3466 inscripta:
578 3411 900 3457 noscuntur.
958 3403 1161 3461 Harum
1198 3407 1399 3478 duplex
1438 3420 1618 3468 exstat

68 3480 281 3539 (“meum
320 3490 633 3558 exemplar:
683 3493 917 3550 alterum
970 3496 1235 3563 brevius.
1293 3515 1615 3570 germanum

67 3582 203 3641 atque
263 3577 580 3649 sincerum;
634 3584 866 3640 alterum
908 3587 1126 3659 longius
1151 3630 1169 3659 ,
1202 3590 1612 3661 interpolatum.

71 3659 208 3721 Misso
237 3671 561 3738 posteriore,
602 3673 671 3727 ad
697 3684 947 3733 nostrum
973 3679 1285 3737 institutum
1314 3659 1463 3739 haud
1488 3699 1616 3755 per—

70 3755 260 3827 tinente,
288 3761 355 3816 de
388 3764 572 3832 priore
603 3782 749 3821 nunc
771 3783 951 3825 sermo
976 3770 1280 3831 habendus.

124 3847 391 3909 Breviores
424 3856 594 3926 igitur
623 3860 904 3929 epistolas,
936 3879 1074 3933 quas
1099 3864 1289 3921 habuit
1317 3866 1609 3936 Eusebius,
1640 3890 1683 3950 ε

69 3954 183 4007 quas
210 3946 375 4001 edidit
407 3946 760 4021 Polycarpus,
816 3970 955 4024 quas
987 3958 1207 4027 scripsit
1262 3958 1525 4031 lgnatius,
1552 3972 1614 4019 ut

73 4046 172 4090 cum
229 4036 530 4097 Pearsonio
580 4044 794 4114 loquar,
833 4049 1044 4116 primus
1094 4051 1149 4105 in
1193 4051 1371 4107 lucem
1420 4055 1615 4109 extulit

70 4122 425 4186 Amstelodami
460 4133 618 4198 1646,
641 4136 729 4202 4ο,
754 4135 975 4194 lsaacus
1015 4141 1245 4198 Vossius
1270 4159 1338 4198 ex
1370 4160 1482 4200 uno
1513 4161 1612 4201 su-

70 4221 259 4283 perstite
286 4225 633 4284 bibliothecae
651 4228 903 4287 Medicete
919 4233 1109 4289 codice
1139 4251 1243 4290 ms.
1262 4246 1613 4308 veteremque

69 4304 284 4368 Latinam
322 4318 634 4373 versionem
669 4320 917 4385 addidit,
954 4340 1119 4393 quam
1175 4326 1366 4382 Graeco
1420 4342 1611 4382 exem—

68 4403 177 4465 ptari
192 4408 583 4477 propemodum
608 4409 665 4464 in
689 4413 948 4469 omnibus
968 4417 1389 4485 respondentem
1411 4418 1610 4475 Oxonii

68 4492 181 4548 16.14
211 4498 457 4568 vulgarat
506 4499 749 4558 Jacobus
800 4502 1081 4562 Usserius.
1136 4507 1336 4565 Verum
1390 4526 1515 4566 cum
1552 4511 1611 4567 in

70 4597 120 4633 eo
143 4588 312 4643 codice
343 4590 660 4650 Florentino
694 4595 910 4653 deesset
942 4600 1172 4669 epistola
1204 4602 1272 4657 ad
1311 4603 1608 4671 Romanos,

70 4673 187 4729 illam
220 4693 285 4733 ex
319 4681 774 4752 interpolatarum
826 4688 1064 4744 editione
1096 4691 1471 4763 desumptam,
1507 4694 1609 4749 du-

70 4776 191 4822 ctore
209 4782 391 4827 vetere
428 4773 721 4844 interprete
745 4819 762 4844 ,
800 4794 914 4834 suae
968 4780 1265 4852 integritati
1319 4786 1610 4843 restituere

69 4857 261 4918 adortus
293 4874 397 4919 est.
460 4864 616 4924 llanc
667 4878 850 4925 autem
901 4870 1226 4930 Vossianam
1287 4877 1607 4947 editionem,

68 4957 106 4998 et
132 4954 333 5019 quidem
358 4958 787 5030 castigatiorem,
823 4964 1021 5020 iterum
1044 4967 1389 5038 evulgarunt,
1438 4969 1609 5027 Usse-

74 5039 162 5095 rius
189 5047 417 5113 primum
456 5049 694 5106 Londini
723 5054 885 5122 1647,
925 5057 1124 5115 deinde
1162 5061 1470 5119 Cotelerius
1502 5063 1607 5119 Pa-

74 5130 191 5187 risiis
216 5137 371 5195 1672.

1649 2559 1693 2613 Β
1722 2554 1833 2610 tine
1859 2558 2157 2613 redditam:
2191 2574 2359 2629 quam
2389 2561 2649 2634 deinceps
2698 2581 2864 2622 unam
2888 2608 2904 2635 ,
2959 2584 3083 2625 cum
3141 2570 3293 2629 Actis

1718 2646 1985 2717 Ignatiani
2013 2652 2285 2723 martyrii,
2310 2668 2455 2710 anno
2486 2656 2625 2712 1699
2649 2658 2701 2712 in
2734 2659 3006 2732 Spicilegii
3049 2661 3149 2720 SS.
3177 2664 3293 2719 Pa-

1719 2750 1858 2795 trum
1880 2743 2158 2800 volumine
2180 2745 2225 2799 II
2252 2745 2491 2805 Joannes
2520 2750 2785 2809 Ernestus
2830 2753 3064 2811 Grabius
3091 2757 3292 2815 Oxonii

1717 2834 1939 2903 prodire
1996 2835 2182 2905 jussit.
2220 2836 2361 2895 Hinc
2413 2850 2597 2897 autem
2644 2842 2884 2903 Joannes
2953 2849 3199 2905 Clericus
3234 2852 3291 2907 in

1718 2925 1954 2981 editione
1979 2926 2345 2998 Coteleriana,
2377 2935 2545 2989 semel
2580 2935 2888 3008 iterumque
2908 2956 3039 2995 ann.
3070 2942 3208 2998 1698
3237 2952 3294 2998 et

1719 3016 2272 3077 1724Amstelodami
2311 3025 2565 3093 repetita,
2609 3030 2853 3085 eamdem
2885 3032 2952 3086 ad
3011 3033 3292 3092 Romanos

1718 3109 2301 3179 epistolam,versione
2336 3114 2695 3176 Ruinartiana
2726 3122 2926 3179 refecta
2952 3166 2968 3191 ,
3012 3142 3107 3181 sex
3157 3130 3291 3183 reli-

1718 3201 1845 3271 quis
1873 3202 2105 3261 sinceris
2140 3206 2416 3265 addidisse
2459 3214 2832 3283 comperitur:
2872 3216 2927 3270 in
2966 3232 3076 3287 qua
3108 3228 3292 3274 tamen

1717 3293 1925 3350 edenda
1953 3336 1969 3362 ,
2011 3313 2075 3353 ea
2110 3298 2362 3357 libertate
2394 3319 2556 3358 usum
2606 3307 2874 3384 novimus.
2909 3326 3033 3380 quae
3066 3311 3293 3367 minime

1717 3388 1998 3457 probanda
2019 3390 2257 3459 videtur,
2292 3404 2352 3449 ut
2377 3410 2445 3450 ex
2476 3410 2602 3453 mox
2620 3399 2867 3457 dicendis
2886 3403 3109 3472 patebit.

1788 3478 1997 3537 Exinde
2022 3498 2171 3548 vero,
2205 3485 2481 3544 eMedicei
2526 3490 2731 3548 codicis
2782 3496 3101 3564 exemplari,
3142 3499 3290 3567 quod

1717 3584 1863 3627 novo
1889 3582 1943 3628 et
1963 3578 2381 3634 accuratissimo
2405 3581 2589 3636 studio
2611 3585 3056 3654 exscripseratV.
3090 3588 3152 3643 C.
3179 3590 3294 3644 An-

1718 3665 1901 3721 tonius
1965 3667 2135 3723 Maria
2188 3668 2500 3738 Salvinius,
2561 3674 2724 3729 aliam
2756 3678 3050 3734 editionem
3106 3682 3293 3737 emisit

1716 3754 1914 3813 Oxonii
1968 3759 2107 3814 1708
2139 3759 2203 3816 C.
2259 3763 2593 3834 Aldrichius,
2641 3767 2735 3837 qui
2784 3778 2989 3826 textum
3038 3772 3289 3828 Grzecum

1716 3858 1883 3919 prout
1918 3851 2071 3906 illum
2088 3853 2306 3935 exhibet
2336 3872 2439 3913 ms.
2479 3867 2671 3914 exacte
2705 3875 2804 3930 pro
2832 3862 3042 3919 viribus
3095 3866 3292 3935 impri-

1715 3942 1976 4041 mendpm
2026 3933 2258 4002 curavit.
2300 3948 2377 4005 De
2404 3950 2510 4006 hac
2559 3961 2742 4008 autem
2778 3955 3017 4012 editione
3065 3933 3292 4027 peracre

1709 4033 1979 4104 judicium
2008 4038 2132 4092 tulit
2159 4038 2401 4097 Thomas
2433 4042 2680 4100 Smithus
2712 4047 2767 4101 in
2826 4049 3054 4118 epistola
3102 4049 3292 4108 West-

1713 4127 2049 4183 monasterio
2076 4129 2164 4186 die
2188 4131 2223 4185 5
2260 4130 2438 4188 Martii
2476 4134 2678 4192 1708-9
2698 4138 2767 4193 ad
2799 4138 3066 4197 Thomam
3117 4142 3291 4200 Hear-

1712 4217 1866 4273 nium
1890 4220 2047 4275 data:
2092 4223 2149 4277 in
2195 4239 2258 4279 ea
2291 4226 2564 4296 siquidem
2611 4246 2723 4287 non
2779 4234 2956 4288 solum
2997 4247 3176 4291 errata
3212 4238 3291 4293 le-

1710 4309 1862 4364 viora
1891 4320 2043 4368 notat
2073 4315 2273 4383 quibus
2329 4319 2559 4391 singula:
2601 4323 2814 4395 pagina:
2865 4336 3097 4396 scatent,
3144 4329 3291 4385 unde

1711 4415 1930 4473 quoque
1946 4405 2152 4475 pluries
2172 4409 2474 4467 deformata
2496 4413 2688 4482 lectio;
2711 4432 2897 4471 verum
2927 4420 3088 4473 etiam
3112 4435 3290 4489 pauca

1711 4506 1742 4545 e
1778 4496 1963 4552 multis
1997 4498 2103 4553 alia
2136 4500 2190 4554 in
2226 4502 2465 4558 medium
2492 4505 2718 4574 profert,
2747 4524 2869 4578 qua:
2885 4510 2999 4565 sive
3020 4526 3292 4581 gramma'

1713 4584 1832 4640 ticae
1888 4588 2097 4659 legibus
2152 4592 2269 4647 sive
2298 4595 2541 4651 auctoris
2570 4599 2738 4653 menti
2770 4612 3094 4671 repugnant.
3133 4602 3288 4661 Hanc

1712 4686 1894 4732 autem
1952 4679 2150 4735 Smithi
2181 4684 2470 4752 epistolam
2518 4704 2643 4743 cum
2690 4691 2814 4748 aliis
2861 4694 2928 4747 ad
2976 4692 3289 4765 Ignatianas

1712 4769 1982 4838 Epistolas
2012 4777 2432 4847 pertinentibus,
2464 4780 2519 4836 in
2545 4782 2721 4838 lucem
2753 4786 3111 4844 emittendam
3150 4807 3287 4846 cen-

1711 4863 1823 4916 suit
1856 4863 2086 4932 ipsemet
2109 4864 2380 4925 Hearnius
2404 4872 2458 4927 in
2490 4874 2804 4943 Appendice
2857 4879 2925 4934 ad
2965 4881 3217 4936 volumen
3241 4881 3286 4935 il

1712 4955 1960 5009 Chronici
1983 4956 2209 5013 Joannis
2238 4962 2621 5022 Clastoniensis
2648 4972 2911 5038 monac/ti,
2947 4989 3106 5046 pagg.
3157 4975 3284 5029 461-

1710 5044 1836 5111 469,
1870 5064 1998 5103 ann.
2042 5051 2179 5106 1726
2211 5056 2473 5127 evulgati.

1782 5161 2107 5233 Insequente
2140 5176 2321 5223 autem
2373 5187 2503 5227 ann.
2532 5174 2671 5229 1709
2703 5179 3054 5246 prodiititem
3088 5177 3284 5235 Oxonii

124 5224 261 5284 Anno
279 5243 460 5288 autem
491 5235 629 5291 1689
661 5239 952 5309 epistolam
985 5244 1055 5295 ad
1080 5243 1367 5315 Romanas,
1392 5264 1515 5319 qua:
1549 5249 1606 5303 in
1638 5230 1684 5285 Ῑ)
1711 5224 2161 5324 praestantissima
2186 5224 2852 5323 laudatiVTh‘omaevSrrniih-i
2889 5224 3088 5337 editio;
3117 5286 3286 5339 quam

71 5318 225 5376 codice
252 5340 354 5381 ms.
389 5327 632 5385 Mediceo
667 5332 1103 5401 desiderabatur,
1142 5338 1409 5394 intextum
1470 5358 1609 5412 quo-

74 5422 155 5472 que
176 5410 227 5465 S.
259 5413 458 5485 Ignatii
494 5424 806 5491 martyrium
824 5424 1220 5496 praeferentem,
1246 5440 1409 5500 atque
1430 5410 1600 5489 veteri

74 5497 315 5596 tawrpreti
392 5510 689 5571 Usseriano
747 5518 1085 5575 adamussim
1155 5524 1547 5593 aaquiparatam
1584 5570 1603 5596 ,

74 5584 262 5653 Parisiis
290 5602 486 5669 publici
510 5606 651 5675 juris
681 5607 811 5663 fecit
856 5584 1236 5671 Theodericus
1274 5584 1603 5678 Iiuinartius

77 5680 117 5732 in
141 5687 271 5746 Actis
292 5710 586 5768 martyrum
614 5701 862 5772 sinceris,
883 5703 952 5759 ab
995 5704 1113 5777 ipso
1149 5705 1218 5763 cl.
1260 5709 1466 5767 editorc
1502 5711 1604 5768 La-

1707 5347 1926 5416 quidem
1976 5350 2101 5405 licet
2133 5367 2162 5406 a
2198 5352 2410 5411 Clerico
2434 5358 2660 5429 insuper
2683 5361 2921 5416 habitam
2951 5363 3004 5417 in
3042 5363 3283 5418 secunda

1649 5466 1668 5482 ο
1705 5436 2066 5505 Coteleriana,
2124 5444 2381 5515 deinceps
2430 5457 2608 5503 tamen
2644 5460 2773 5505 sunt
2828 5452 2999 5507 secuti
3040 5452 3281 5509 Joannes

1708 5532 2015 5592 Ludovicus
2031 5536 2169 5609 Frey
2200 5548 2253 5595 et
2278 5539 2589 5599 Richardus
2609 5542 2804 5601 Russel
2821 5565 2834 5601 :
2854 5554 2907 5601 et
2942 5547 3032 5603 ille
3055 5547 3279 5617 quidem

1705 5624 1757 5677 in
1797 5625 2054 5695 Epistolis
2102 5627 2203 5683 SS.
2236 5629 2463 5684 Patrum
2516 5634 2948 5703 apostolicorum,
2985 5652 3107 5706 quae
3147 5653 3275 5692 ann.

1710 5718 1844 5773 1712
1874 5718 2101 5777 Basilcae
2130 5722 2270 5793 typis
2307 5724 2751 5795 cxcusa:_lucrc;
2795 5727 2883 5803 hic
2921 5742 3051 5784 vero
3082 5728 3135 5784 in
3182 5744 3276 5783 eo—
