3754 6206
437 249 539 304 567

1488 242 1545 301 Sy.
1588 240 1938 300 lGNATlUS.
1971 272 2042 282 —
2064 240 2593 300 PROLEGOMENA.

435 367 684 422 rumdem
715 366 815 421 SS.
846 367 1071 422 Patrum
1094 365 1507 434 npostolicorum
1542 364 1783 434 operibus
1833 381 2013 435 gemu-
2043 372 2085 425 Α
2116 365 2354 434 scriptis.
2386 356 2682 434 Septimam
2710 378 2867 429 vero,
2918 365 2990 433 ad_
3023 362 3288 418 Romanos
3309 403 3324 428 ,
3375 376 3483 417 una
3544 376 3656 416 eum

435 460 541 526 nis,
574 457 804 512 Londini
840 474 968 512 ann.
1010 457 1148 513 1746
1184 458 1237 512 in
1264 458 1461 526 vulgus
1483 458 1721 512 emissis.
1747 457 2006 523 Quando-

432 551 651 619 quidem
697 565 825 604 vero
886 550 1027 603 hanc
1063 549 1261 604 Smithi
1301 550 1591 603 editionem
1648 564 1757 617 prae
1794 551 2004 606 caeteris

433 642 537 709 ipsi
582 656 803 710 quoque
851 640 1185 709 sequendam
1242 639 1540 705 duximus;
1581 649 1869 710 propterea
1916 641 2004 695 hic

430 733 739 787 describere
780 742 1003 801 praestat
1028 747 1201 801 “qua:
1233 731 1299 783 de
1343 746 1443 785 suo
1482 731 1731 787 instituto
1768 748 1893 787 eum
1946 733 2002 787 in

431 820 741 890 przefatione
779 831 894 877 tum
921 824 977 877 in
1007 823 1236 892 epistola
1268 823 1335 876 ad
1366 821 1658 878 Hearnium
1688 825 1849 880 modo
1878 824 2000 879 lau-

428 910 552 966 data
578 914 833 969 edisserit
853 914 924 969 cl.
955 915 1155 970 editor.

499 1000 758 1058 Testatur
816 1004 999 1074 itaque
1059 1005 1307 1063 Smithus
1368 1016 1770 1078 peropportune
1822 1009 1890 1064 ad
1941 1023 2002 1065 se

429 1094 785 1150 transmissas
838 1094 1066 1153 Joannis
1116 1097 1379 1169 Lcdgardi
1437 1100 1667 1157 schedas
1696 1142 1710 1166 ,
1742 1099 2001 1156 editionis

429 1181 711 1240 Vossianre
733 1187 1079 1243 collationem
1119 1206 1242 1244 cum
1268 1190 1507 1247 Mediceo
1529 1193 1728 1248 codice
1757 1194 2000 1262 comple-

428 1283 658 1337 ctcn'es,
697 1292 863 1345 quam
894 1277 984 1331 ille
1031 1278 1159 1331 dum
1201 1277 1491 1333 Florentia:
1538 1289 1723 1350 ageret
1771 1278 2001 1335 Joannis

427 1362 711 1421 I’earsonii
753 1377 944 1439 rogatu
969 1370 1314 1433 confecerat;
1367 1382 1655 1442 monetque
1707 1373 1998 1428 consilium

427 1456 699 1524 ejusmodi
718 1458 1016 1516 Pearsonio
1044 1463 1387 1531 suggessisse
1407 1464 1702 1534 ipsummet
1718 1464 1997 1519 Vossium:

427 1548 521 1615 qui
559 1548 689 1602 dum
751 1550 803 1602 in
857 1552 1219 1607 exscribenda
1249 1568 1316 1608 eo
1370 1555 1559 1609 codice
1610 1567 1994 1625 occuparetur,

429 1639 662 1705 paucula
697 1641 945 1709 quaedam
994 1657 1279 1712 perperam
1315 1644 1551 1715 legisse,
1595 1645 1811 1716 aliaque
1862 1661 1999 1701 non-

426 1731 577 1785 nulla
616 1748 726 1800 pra:
772 1733 1116 1789 festinatione
1146 1749 1210 1791 ac
1244 1736 1406 1790 taedio
1445 1738 1860 1806 praetermisisse
1907 1753 2001 1794 su-

425 1828 760 1896 spicabatur.
797 1828 914 1895 Quo
942 1831 1161 1899 quidem
1194 1846 1441 1893 munere,
1476 1833 1593 1902 pari
1624 1834 1907 1887 oculorum
1936 1850 2001 1889 ac

425 1916 627 1987 ingenii
655 1919 792 1983 acie,
820 1921 1024 1988 optima
1057 1922 1161 1976 fide
1182 1921 1503 1992 perfunctus
1544 1921 1717 1978 fuisse
1769 1938 1992 1993 compe-

424 2010 564 2064 ritur
598 2010 947 2082 Ledgardus;
978 2014 1066 2068 cui
1103 2030 1167 2070 ex
1216 2016 1331 2071 otio
1377 2018 1642 2072 maturior
1673 2018 1994 2073 deliberatio

420 2108 478 2153 et
537 2100 751 2155 facilior
804 2118 1067 2159 excusem
1122 2106 1402 2175 exemplar
1433 2122 1558 2161 cum
1622 2108 1997 2177 manuscripto

421 2194 772 2261 comparandi
807 2209 972 2264 opera
1014 2196 1364 2266 obtingebat:
1420 2213 1485 2252 eo
1514 2214 1685 2268 usque
1725 2199 1993 2268 siquidem

421 2287 708 2353 processit,
735 2298 793 2341 ut
823 2291 1156 2345 variationes
1192 2292 1537 2361 perexiguas,
1579 2308 1649 2347 ne
1676 2291 1854 2346 dicam
1884 2293 1996 2345 titi-

418 2377 614 2443 vititia,
646 2394 784 2447 pene
819 2380 890 2434 ad
918 2397 1179 2437 nauseam
1208 2383 1405 2437 litteris
1440 2383 1795 2453 consignarit.
1844 2382 1995 2439 Hanc

420 2476 601 2522 autem
627 2469 893 2541 integram
929 2473 1275 2529 collationem
1308 2473 1738 2543 Lcdgardianam
1781 2476 1994 2531 duabus

418 2558 664 2625 ejusdem
699 2558 897 2615 Smithi
927 2561 1174 2630 epistolis
1196 2562 1263 2617 ad
1291 2561 1572 2633 lgnatiana
1599 2564 1991 2633 spectantibus,

418 2651 457 2704 l.
492 2665 544 2704 c.
575 2650 808 2722 subjecit
840 2651 1137 2709 Hearnius.

489 2741 604 2798 Hoc
654 2744 818 2815 igitur
850 2746 997 2801 haud
1033 2763 1166 2804 sane
1192 2748 1454 2805 mediOcri
1481 2749 1726 2805 subsidio
1771 2750 1991 2820 adjutus

414 2833 501 2887 vir
525 2835 578 2889 in
607 2836 711 2891 boc
762 2839 1071 2894 studiorum
1105 2855 1302 2911 genere
1351 2842 1871 2909 exercitatissimus,
1922 2844 1989 2898 ad

414 2942 571 2983 suam
604 2929 899 2985 editionem
954 2931 1329 2989 adornandam
1364 2949 1422 2989 se
1462 2935 1717 2990 contulit.
1772 2934 1903 3002 Quae
1934 2936 1988 2989 in

2104 454 2251 507 Actis
2276 454 2522 523 martyrii
2554 452 2612 507 S.
2640 452 2872 523 lgnatii,
2904 466 2972 507 ex
3014 452 3255 508 editione
3311 449 3656 504 Ruiuartiana

2107 546 2357 602 Smitbus
2384 546 2716 615 desumpsit;
2746 561 2979 615 eamque
3007 544 3174 600 nimis
3193 544 3414 600 curiose
3442 552 3657 599 assecta-

2103 648 2212 703 tus,
2244 638 2312 693 ad
2346 638 2584 693 litteram
2622 636 2735 691 fere
2777 636 3089 706 expressit,
3146 650 3214 689 ne
3265 634 3562 703 quidquam
3606 633 3654 685 in

2102 738 2251 783 textu
2279 737 2480 784 temere
2532 737 2775 783 mutasse
2797 728 3120 782 videretur:
3165 727 3396 784 mendas
3458 724 3655 779 interim

2101 822 2296 891 quaain
2332 820 2523 876 oculos
2560 821 2833 886 insiliunt,
2870 820 2925 874 in
2971 819 3117 874 uotis
3170 818 3528 889 corrigendas
3562 817 3655 873 sibi

2102 928 2358 968 reservati
2367 930 2414 970 8.

2172 1005 2253 1061 Ad
2289 1005 2404 1060 haec
2451 1005 2622 1061 textui
2652 1004 2842 1061 Graaco
2873 1012 3111 1059 veterem
3158 1002 3413 1059 Latinam
3469 1002 3657 1082 versio~

2100 1113 2248 1163 nem,
2278 1098 2569 1152 barbaram
2601 1097 2824 1167 quidem
2865 1097 3035 1161 illam,
3063 1095 3157 1151 sed
3191 1094 3261 1148 ad
3294 1094 3523 1149 verbum
3543 1094 3656 1147 lide-

2103 1190 2228 1244 liter
2264 1204 2578 1259 expressam
2609 1196 2991 1258 exactamque,
3046 1185 3247 1256 adjecit
3275 1185 3420 1239 idem
3454 1184 3646 1243 editor;

2102 1299 2269 1353 quam
2302 1291 2357 1338 et
2381 1297 2525 1337 novo
2549 1282 2735 1340 studio
2764 1281 2993 1337 contulit
3017 1295 3141 1335 eum
3176 1293 3282 1333 ms.
3306 1277 3501 1332 codice
3530 1275 3655 1329 Can-

2072 1373 2437 1449 rtabrigiensi,
2468 1374 2731 1429 correctis
2762 1373 2983 1441 insuper
3012 1371 3158 1425 illius
3209 1366 3653 1429 aberrationibus,

2098 1466 2258 1535 cujus
2277 1480 2442 1535 opera
2474 1480 2609 1520 usus
2637 1464 2817 1520 fuerat
2848 1462 3108 1519 Usserius
3136 1460 3233 1531 qui
3285 1474 3412 1515 eam
3462 1458 3653 1529 primus

2102 1557 2156 1611 in
2192 1557 2367 1610 lucem
2401 1555 2609 1610 emisit.

2173 1648 2325 1703 Licet
2356 1656 2539 1702 autem
2583 1646 2637 1700 in
2682 1661 2781 1701 sua
2816 1644 3096 1715 lgnatiana
3154 1640 3396 1697 editione
3448 1638 3658 1693 conciu-

2102 1743 2279 1797 nanda
2308 1741 2532 1795 multam
2564 1738 2814 1794 Smithcs
2843 1738 3178 1808 diligentiam
3228 1731 3561 1795 adhibuerit,
3611 1740 3657 1783 ut

2098 1848 2163 1885 ex
2199 1834 2462 1887 hactenus
2489 1831 2650 1886 dictis
2671 1830 2804 1886 satis
2836 1838 3174 1897 compertum
3206 1828 3285 1888 fit,
3313 1840 3429 1878 non
3453 1820 3657 1877 defuere

2102 1934 2280 1981 tamen
2330 1926 2422 1995 qui
2450 1940 2574 1978 eum
2617 1924 2799 1979 minus
2830 1929 3084 1976 accurate
3120 1920 3365 1973 codicem
3404 1915 3657 1969 Florenti-

2101 2034 2229 2071 num
2261 2018 2601 2087 expressisse
2636 2013 2977 2069 alIirmarint.
3036 2010 3351 2065 Gronovius
3396 2008 3658 2061 enimvero

2097 2112 2274 2165 dicam
2307 2110 2355 2163 ei
2384 2109 2644 2179 grandem
2675 2106 2926 2176 impingit
2961 2104 3072 2175 (l),
3109 2103 3238 2155 dum
3281 2100 3539 2154 Vossium
3583 2115 3657 2151 rc-

2097 2204 2417 2275 prchendit:
2453 2202 2677 2273 perinde
2726 2215 2791 2254 ac
2825 2200 2871 2254 si
2915 2197 3080 2267 hujus
3125 2195 3291 2248 ductu
3322 2193 3407 2245 vel
3461 2191 3513 2244 in
3560 2202 3659 2243 sum

2095 2295 2422 2352 Oxoniensis
2468 2294 2723 2349 editionis
2751 2290 3016 2354 exordio,
3060 2288 3113 2340 in
3145 2287 3261 2355 ipsa
3300 2283 3511 2338 scilicet
3558 2280 3659 2348 cpi-

2096 2390 2250 2445 stola:
2276 2389 2344 2442 ad
2377 2387 2678 2458 Smyrmeos
2710 2382 3087 2451 inscriptione,
3128 2385 3449 2445 corruptam
3491 2373 3658 2427 istius-

2095 2480 2243 2534 modi
2300 2478 2620 2542 lectionem,
2675 2473 2942 2543 πνεύματι
2979 2470 3068 2523 καὶ
3105 2469 3253 2534 λόγῳ
3296 2464 3459 2530 Θεοῦ,
3510 2463 3658 2517 nobis

2093 2570 2395 2627 obtruserit
2434 2569 2553 2633 ille;
2583 2582 2709 2620 cum
2745 2574 2948 2628 tamen,
2982 2561 3027 2616 si
3054 2560 3231 2615 virum
3266 2558 3522 2613 criticum
3567 2568 3656 2607 au-

2093 2660 2235 2725 dias,
2272 2668 2399 2713 nota
2433 2674 2540 2712 ms.
2565 2655 2790 2710 Mcdicei
2825 2651 3235 2722 compendiaria
3269 2648 3467 2701 fuisset
3498 2642 3654 2699 inani-

2092 2752 2231 2807 feste
2256 2749 2504 2820 legenda,
2529 2743 2883 2816 πνευματικῴ
2918 2742 3060 2812 λόγῳ
3089 2736 3247 2793 Θεοῦ.
3297 2742 3369 2791 At
3402 2735 3657 2795 Smithus,

2092 2846 2439 2900 collationem
2473 2840 2901 2912 Ledgardianam
2938 2845 3181 2899 secutus,
3218 2834 3272 2887 in
3325 2830 3550 2886 scholiis
3597 2827 3657 2880 ad

2091 2941 2337 2996 eamdem
2378 2937 2659 3007 epistolam
2690 2934 2907 2988 obviam
2942 2929 3218 2998 przeivisse
3273 2925 3554 2981 Gronovio
3585 2922 3658 2975 vi-

414 3015 682 3073 Vossiana
716 3017 933 3076 fuerant
964 3023 1079 3077 sive
1119 3034 1323 3079 temere
1370 3024 1575 3079 omissa
1630 3025 1745 3079 sive
1779 3040 1987 3094 praepo-

2128 3044 2249 3088 etur
2275 3032 2361 3086 bis
2391 3028 2603 3084 verbis:
2647 3045 2665 3077 ί
2691 3025 2797 3079 Καὶ
2831 3024 2987 3093 λόγῳ
3025 3018 3194 3073 Θεοῦ.
3232 3019 3306 3072 Ita
3342 3031 3559 3087 quoque
3590 3014 3658 3067 leo

411 3119 556 3163 stare
579 3110 888 3179 exscripta,
930 3128 998 3166 ex
1047 3130 1189 3169 nova
1238 3114 1340 3169 ista
1394 3113 1655 3185 Ledgardi
1698 3116 1988 3171 collatione

410 3202 683 3271 supplevit
705 3206 1153 3275 emendavitque,
1206 3205 1407 3261 additis
1433 3224 1649 3277 quoque
1681 3208 1884 3277 passim
1920 3208 1987 3263 ad

409 3296 621 3366 paginte
649 3298 877 3351 limbum
929 3298 1223 3353 breviculis
1275 3298 1500 3354 scholiis
1546 3310 1602 3354 et
1631 3298 1985 3367 conjecturis,

409 3388 687 3455 quibusin
717 3391 906 3446 oculos
943 3389 1102 3445 facile
1145 3390 1556 3446 incurrentibus
1600 3398 1781 3444 textus
1825 3389 1986 3446 lectio

407 3477 665 3533 reddatur
686 3481 900 3551 planior
924 3491 1088 3552 atque
1116 3482 1479 3537 emendatior.

480 3569 667 3640 Neque
702 3572 791 3628 hic
823 3572 1189 3628 omittendum
1218 3573 1367 3643 quod
1395 3573 1653 3627 admonet
1678 3572 1850 3627 solers
1873 3569 1989 3624 edi-

406 3668 495 3714 tor
523 3673 711 3717 noster
734 3661 785 3715 in
810 3661 1031 3732 praefata
1051 3663 1117 3716 ad
1146 3661 1444 3717 licarnium
1482 3662 1746 3732 epistola,
1787 3661 1879 3715 ubi
1918 3659 1987 3714 de

406 3754 475 3810 iis
518 3754 682 3810 verba
716 3754 845 3810 facit
893 3756 986 3825 qui
1035 3756 1262 3810 editioni
1320 3754 1684 3809 Aldrichianae
1730 3753 1987 3809 curanda:

406 3846 743 3915 praefuerunt
776 3865 790 3899 :
824 3866 843 3900 ι
868 3848 1235 3917 Rigidissimis
1263 3847 1604 3910 censoribus,
1656 3847 1855 3916 inquit,
1885 3862 1985 3916 pa-

406 3956 530 3993 rum
567 3942 915 3996 excusandus
945 3942 1160 3995 videtur
1194 3940 1256 3992 Ι).
1277 3938 1544 4003 Vossius.
1590 3941 1685 4010 qui
1738 3940 1791 3993 in
1823 3942 1981 4009 epist.

408 4032 478 4083 ad
531 4030 590 4086 S.
630 4030 1019 4102 Polycarpum,
1057 4042 1190 4088 sect.
1219 4034 1271 4100 5,
1305 4033 1628 4102 particulam
1679 4032 1982 4101 ncgativam

399 4121 488 4191 μή
514 4122 655 4176 inter
688 4126 933 4193 ὁμιλίαν
958 4134 1011 4179 et
1042 4124 1215 4178 ποιοῦ
1247 4126 1516 4190 inseruit,
1560 4141 1683 4179 cum
1737 4142 1765 4180 e
1797 4129 1984 4183 codice

407 4211 725 4271 Florentino
744 4217 904 4286 plane
933 4217 1097 4283 absit,
1130 4226 1189 4271 ut
1225 4217 1340 4288 ipse
1374 4218 1427 4271 in
1464 4218 1737 4273 adnotatis
1791 4219 1980 4275 obser-

403 4306 675 4370 vavi,nec
704 4308 759 4361 in
789 4302 890 4362 suo
945 4309 1131 4364 codice
1176 4309 1387 4381 legebat
1441 4320 1597 4366 vetus
1654 4309 1979 4367 Usserianus

401 4395 702 4467 interpres:
733 4399 892 4468 cujus
919 4402 1224 4455 reverentia
1249 4410 1303 4455 et
1332 4402 1658 4456 auctoritate
1706 4412 1890 4458 motus
1913 4420 1980 4458 ex
2013 4395 2057 4452 Ι)

403 4489 591 4545 codice
625 4506 746 4547 meo
770 4491 919 4547 illam
956 4493 1150 4559 delevi,
1181 4493 1263 4547 vel
1292 4494 1507 4560 saltem,
1533 4503 1592 4548 ut
1622 4495 1837 4551 uncinis
1883 4496 1979 4564 qui

400 4583 831 4639 additamentum
865 4585 998 4639 illud
1054 4585 1360 4640 indicarent
1399 4585 1774 4641 includeretur
1798 4626 1813 4650 ,
1861 4605 1980 4642 om-

401 4680 535 4733 nino
560 4678 846 4732 volebam:
884 4679 979 4733 sed
1006 4678 1193 4733 nescio
1223 4693 1334 4749 quo
1388 4694 1520 4733 casu
1556 4682 1825 4734 correctio
1876 4684 1977 4737 ista

401 4773 606 4826 omissa
624 4780 761 4825 erat.
788 4770 845 4825 In
870 4772 1059 4826 eadem
1080 4772 1209 4825 item
1235 4770 1395 4841 epist.
1428 4772 1496 4824 ad
1520 4771 1577 4827 Sr.
1600 4771 1973 4843 Polycarpum,

402 4871 539 4918 sect.
568 4862 622 4929 7,
645 4871 700 4916 et
731 4861 783 4914 in
810 4862 967 4931 epist.
1019 4861 1089 4913 ad
1147 4859 1631 4931 Philadelphienses
1661 4903 1679 4930 ,
1722 4876 1857 4921 sect.
1912 4868 1977 4921 10

398 4955 556 5023 (qua:
580 4954 847 5008 correctio
870 4954 934 5007 ad
969 4954 1128 5008 finem
1161 4954 1370 5024 paginae
1418 4954 1525 5024 ibi)
1573 4955 1805 5012 habetur
1844 4959 1976 5013 ἐπεὶ

396 5043 465 5099 δέ
497 5061 594 5115 pro
626 5044 853 5111 ἐπειδή,
887 5055 946 5100 ut
972 5062 1037 5101 ex
1068 5047 1282 5102 schedis
1317 5047 1377 5100 ι).
1418 5046 1684 5117 Ledgardi
1714 5052 1927 5105 correxi
1960 5070 1975 5120 ;

395 5137 492 5191 sed
522 5137 662 5190 inter
698 5138 967 5193 tumultus
1013 5140 1145 5208 prcli
1193 5139 1589 5210 negligebatur.
1630 5158 1648 5192 ι
1699 5141 1972 5199 Hactenus

396 5228 465 5281 cl.
511 5228 794 5285 Smithus:
830 5231 917 5285 cui
946 5232 1167 5301 quidem
1200 5233 1516 5286 admonenti
1546 5249 1754 5289 morem
1781 5252 1971 5306 geren-

394 5328 496 5383 tes,
528 5321 820 5390 utrobique
868 5323 1126 5376 mendum
1162 5322 1486 5377 sustulimus
1510 5363 1525 5387 ,
1559 5340 1623 5379 ac
1678 5336 1965 5395 negantem

396 5410 716 5477 particulam
753 5414 826 5483 μή
859 5413 1137 5467 uncinulis
1180 5414 1720 5483 circumscripsimus
1756 5435 1769 5470 :
1820 5418 1966 5486 quod

394 5516 529 5555 sane
574 5502 1004 5569 prtecedentibus
1034 5503 1370 5559 editionibus
1424 5520 1693 5572 nusquam
1736 5507 1962 5563 factum.

466 5591 582 5645 llue
612 5609 785 5662 usque
811 5596 878 5648 de
907 5610 1002 5649 sex
1026 5596 1274 5664 epistolis
1302 5612 1333 5650 e
1364 5598 1553 5653 codice
1592 5598 1833 5654 Medieco
1873 5600 1966 5655 dc-

469 5704 546 5775 ll)
575 5706 811 5764 Gronov.
846 5710 1069 5779 l’rarfat.
1108 5713 1176 5765 ad
1206 5712 1485 5781 Ilcrodot.,
1515 5731 1635 5783 pag.
1668 5714 1718 5769 1.

2092 3124 2288 3195 gebant
2310 3126 2674 3175 vetusnoster
2697 3117 2960 3183 interpres
2988 3119 3041 3164 et
3072 3109 3452 3177 interpolator,
3481 3103 3659 3195 distin-

2088 3194 2217 3270 etim
2241 3224 2294 3266 et
2317 3209 2637 3280 separatim,
2680 3222 2788 3260 non
2840 3219 2935 3273 per
2968 3199 3397 3271 appositionem,
3455 3204 3515 3248 ut
3545 3194 3650 3263 qui.

2088 3307 2213 3359 dam
2236 3304 2321 3357 vir
2355 3303 2547 3356 doctus
2578 3315 2642 3353 ex
2667 3298 2889 3352 fortuita
2927 3294 3090 3363 hujus
3122 3290 3408 3361 particula:
3436 3288 3655 3357 conjun-

2087 3396 2246 3451 ctiva:
2305 3392 2607 3447 emissione
2671 3390 2725 3442 in
2778 3387 3030 3441 versione
3073 3380 3345 3436 Vossiana
3403 3375 3659 3449 (vetere)

2085 3486 2497 3555 interpretatur.
2535 3500 2554 3533 ›
2585 3478 2856 3535 llaacille:
2896 3487 2955 3530 ut
2980 3474 3207 3545 proinde
3248 3470 3523 3525 immerito
3568 3482 3658 3521 su-

2087 3586 2354 3646 spectam.
2383 3590 2491 3629 non
2529 3573 2709 3627 solum
2738 3585 2861 3624 eam
2886 3567 3201 3629 lectionem,
3254 3563 3349 3617 sed
3398 3563 3658 3630 integram

2086 3682 2305 3739 quoque
2330 3668 2505 3736 ipsam
2548 3663 2912 3718 Smithianam
2945 3658 3269 3722 editionem,
3307 3654 3532 3709 reddere
3563 3666 3629 3704 vo

2086 3759 2257 3814 luisse
2288 3761 2370 3811 vir
2399 3756 2648 3811 eruditus
2668 3759 2976 3808 censeatur.

2716 3925 2943 3982 CAPUT
2979 3926 3042 3981 ll.

2088 4074 2303 4129 Thema:
2334 4071 2528 4126 Smithi
2559 4069 2724 4121 editio
2755 4068 2889 4137 typis
2921 4064 3146 4137 tradita,
3176 4065 3396 4118 scholiis
3444 4058 3657 4116 editoris

2154 4144 2401 4198 omissis:
2438 4156 2657 4210 quorum
2682 4136 2817 4201 loco,
2853 4136 3127 4210 praemissa
3155 4137 3389 4210 primum
3418 4139 3654 4210 excerpta

2155 4223 2384 4268 veterum
2415 4201 2639 4265 Patrum
2661 4201 2884 4277 integra,
2916 4223 2981 4259 ex
3005 4201 3242 4273 epistolis
3279 4204 3519 4277 genuinis
3566 4201 3657 4250 tle--

2249 4285 2398 4347 ipta:
2453 4281 2688 4347 subjecta
2734 4272 2920 4330 dieinde
2971 4272 3657 4347 ea'runtdemiepistolarum

2156 4342 2475 4424 fragmenta,
2510 4342 2771 4424 quotquot
2788 4356 2996 4424 castattt
3037 4347 3089 4398 in
3122 4345 3410 4424 Parallelis
3457 4342 3655 4424 (larua:

2156 4415 2375 4478 scehicis
2420 4415 2876 4489 Rupcfuc’aldinis.
2931 4415 3135 4489 Horum
3188 4415 3425 4489 subsidio
3486 4421 3653 4463 textus

2155 4496 2394 4547 sincerus
2414 4492 2490 4544 vel
2504 4484 2780 4558 'ﬁrmatur,
2797 4486 2873 4541 uel
2891 4487 3195 4555 corrigitur,
3222 4484 3297 4537 rel
3319 4485 3476 4536 etiam
3494 4495 3653 4549 quau-

2150 4567 2318 4633 doque
2343 4564 2638 4631 suppletur.

2154 4679 2291 4731 Dum
2345 4691 2476 4730 vero
2531 4673 2686 4743 Angli
2723 4673 2888 4743 hujus
2920 4670 3145 4727 editoris
3170 4669 3478 4724 institutum
3503 4666 3553 4718 in
3586 4664 3647 4717 S.

2080 4768 2273 4842 lgnatii
2309 4767 2556 4839 epistolis
2589 4766 2821 4820 sinceris
2864 4763 3087 4819 edendis
3128 4778 3322 4817 sumus
3363 4757 3651 4831 persecuti,

2083 4873 2326 4916 nostrum
2358 4860 2486 4915 item
2515 4857 2922 4929 quodammodo
2939 4854 3315 4922 exposuimus,
3345 4853 3506 4921 utqui
3530 4849 3656 4916 ejus

2081 4955 2359 5023 exemplar
2426 4968 2538 5023 pra:
2613 4951 2826 5005 caeteris
2881 4946 3264 5002 exeudcndum
3338 4944 3650 5012 selegimus.

2082 5046 2303 5101 Scholia
2339 5055 2521 5100 tamen
2557 5059 2680 5098 cum
2711 5042 2956 5112 ejusdem
3003 5039 3200 5092 Smithi
3228 5052 3341 5092 tum
3372 5034 3654 5091 Pearsouii

2078 5139 2422 5207 aliorumque
2471 5139 2714 5190 virorum
2774 5134 3113 5187 eruditorum
3169 5126 3651 5201 praetermittenda,

2076 5246 2143 5286 ne
2173 5247 2311 5299 opus
2350 5232 2514 5285 nimis
2546 5235 2888 5284 excreseeret
2911 5266 2925 5291 ,
2959 5223 3414 5278 existimavimus.
3464 5220 3648 5286 Quan-

2075 5338 2240 5392 quam
2277 5322 2511 5377 fortasse
2542 5320 2859 5390 hujusmodi
2900 5316 3188 5373 consilium
3246 5317 3471 5370 moleste
3516 5310 3649 5380 quis

2074 5416 2233 5481 ferat,
2260 5431 2384 5469 eum
2420 5416 2722 5483 praesertim
2756 5423 2934 5467 textus
2962 5412 3160 5467 alicubi
3185 5409 3397 5464 mendis
3433 5405 3650 5460 obsitus

2074 5518 2348 5571 occurrat,
2384 5524 2545 5578 quem
2580 5507 2824 5577 profecto
2857 5508 3046 5561 saltem
3092 5506 3145 5559 in
3183 5505 3331 5558 notis
3367 5498 3649 5557 emacula»

2072 5610 2188 5655 tum
2226 5610 2483 5671 βαθεῖαι-ε
2509 5600 2815 5671 oportebat.
2841 5599 2979 5665 Quid
3025 5598 3257 5667 loquar?
3316 5595 3394 5650 Eo
3425 5590 3649 5665 quidem
