3754 6206
96 249 180 306 569
1121 249 1427 311 ANDREE
1465 249 1664 308 GALLJ

1821 247 1838 306 Ι
1876 247 2236 306 ΡΒΟαζΜΙΑ.

3225 249 3331 306 570

98 390 289 454 munere
318 390 427 448 pro
461 375 687 432 viribus
715 374 984 446 perfuncti
1011 373 1291 431 fueramus
1313 375 1367 430 in
1390 374 1649 430 observa-
1677 377 1725 435 Α
1753 371 1980 442 proinde
2010 385 2072 426 ea
2098 371 2312 426 ratione
2348 369 2598 426 emollire
2641 368 2911 426 studebat.
2953 367 3022 425 Et
3051 369 3176 440 jure
3211 370 3333 440 qui-

97 467 308 524 tionibus
358 466 761 536 subiiciendis,
816 467 1006 522 eadem
1047 464 1222 522 ferme
1270 464 1485 520 ratione
1519 479 1656 519 con-

101 558 258 626 textis,
293 573 408 628 qua
470 558 566 614 usi
599 573 794 613 sumus
835 555 904 611 ad
961 556 1328 613 Clementinas
1367 554 1653 625 epistolas:

95 650 286 718 jamque
311 648 750 704 observationes
789 649 927 714 istae,
969 647 1498 717 cujusmodicunque
1536 644 1658 700 fue-

98 737 206 804 rint,
228 738 279 792 in
307 745 586 809 promptu
611 747 800 802 erant;
826 753 1016 794 verum
1039 737 1161 792 illas
1190 738 1466 800 novimus,
1499 734 1659 790 nobis

98 829 230 898 plane
260 828 455 884 invitis
477 870 496 896 ,
561 830 749 884 nescio
782 844 892 899 quo
925 844 1058 884 casu
1092 828 1351 894 omissas,
1379 828 1509 882 dum
1543 825 1660 896 epi-

97 921 221 975 stolze
248 917 560 990 lgnatian'ae
594 923 742 992 prelo
776 919 1281 980 committebantur.
1315 920 1385 973 At
1417 918 1661 973 huicin-

98 1013 393 1079 tommodo,
434 1023 715 1083 quantum
759 1013 813 1066 in
849 1011 1008 1068 nobis
1039 1011 1172 1079 fuit,
1204 1011 1515 1068 consultum
1558 1024 1658 1063 vo-

100 1105 293 1169 luimus,
330 1120 441 1160 nec
478 1105 681 1160 leviter
713 1105 1013 1168 enimvero,
1051 1113 1112 1158 ut
1157 1103 1374 1173 quidem
1425 1101 1655 1156 arbitra-

100 1212 216 1251 mur.
246 1196 505 1252 Primum
545 1197 815 1266 siquidem
851 1197 993 1250 inter
1041 1205 1286 1250 veterum
1323 1193 1658 1262 testimonia,

99 1289 280 1359 integra
303 1289 398 1344 illa
432 1287 840 1360 descripsimus
855 1304 922 1344 ex
949 1291 1178 1355 lrenazo,
1205 1287 1462 1354 Eusebio,
1481 1287 1661 1342 Theo-

99 1382 251 1435 dorito
283 1380 535 1450 aliisque
574 1379 805 1436 vetustis
836 1379 1179 1443 auctoribus,
1219 1379 1275 1433 in
1312 1379 1512 1450 quibus
1561 1378 1662 1432 ali-

101 1473 202 1542 quis
253 1482 441 1528 textus
501 1471 774 1542 lgnatiani
832 1472 988 1528 locus
1035 1480 1254 1527 exstare
1287 1471 1654 1542 comperitur:

101 1579 190 1633 quo
229 1564 497 1617 nimirum
537 1563 712 1618 lector
743 1577 810 1617 ex
861 1561 1059 1618 Stnithi
1109 1563 1314 1619 notulis
1344 1563 1657 1619 admonitus

100 1653 362 1724 confugere
390 1654 603 1724 possit,
638 1653 728 1707 ubi
768 1653 974 1709 haerere
1003 1653 1304 1724 contingat.

156 1743 216 1799 Ut
259 1754 446 1799 autem
492 1745 664 1814 hujus
692 1744 921 1799 subsidii
963 1745 1195 1815 pretium
1253 1744 1660 1816 quodammodo

99 1843 297 1901 constet,
345 1851 534 1890 unum
575 1835 662 1889 vel
695 1835 926 1889 alterum
955 1835 1261 1904 exemplum
1317 1835 1368 1888 in
1419 1835 1660 1889 medium

99 1925 441 1996 proferamus.
479 1925 540 1980 In
574 1926 805 1996 epistola
842 1926 880 1993 I,
919 1925 1215 1998 Smyrnaeis
1261 1925 1556 1995 inscripta,
1580 1927 1661 1980 sic

97 2017 295 2086 lrginz'ts
318 2017 429 2088 (‘2):
478 2016 1146 2086 Πεπληροφορημένους
1177 2019 1264 2082 εἷς
1298 2015 1403 2068 τὸν
1444 2018 1662 2085 Κύριον

93 2105 252 2176 ἡμῶν,
282 2105 540 2174 ἀληθῶς
575 2105 722 2158 ὄντα
746 2147 760 2159 .
782 2144 796 2159 .
816 2143 832 2158 .
906 2104 1043 2158 Υἱόν
1076 2103 1221 2158 Θεοῦ
1255 2103 1404 2157 κατὰ
1436 2104 1662 2173 θέλημα

92 2201 168 2254 καὶ
197 2199 458 2268 δύναμιν
502 2198 679 2252 Θεοῦ.
723 2198 818 2253 Ubi
842 2196 1159 2251 Tbcodorit.
1217 2197 1364 2250 Dial.
1416 2197 1663 2250 texcitat

93 2291 270 2362 Anglus
291 2293 503 2346 editor.
536 2288 593 2343 Si
635 2303 763 2343 vero
792 2296 1033 2343 veterum
1069 2287 1381 2342 testimonia
1415 2286 1662 2356 epistolis

94 2381 356 2451 lgnatianis
397 2383 698 2452 prmmissa
717 2380 1002 2434 consulere
1024 2379 1180 2446 velis,
1216 2387 1413 2448 praesto
1441 2377 1532 2432 tibi
1558 2377 1663 2431 erit

96 2474 226 2529 lectio
250 2475 486 2538 codicis,
551 2489 665 2542 quo
699 2481 824 2527 ante
877 2473 1026 2525 mille
1077 2481 1130 2527 et
1166 2480 1440 2525 trecentos
1484 2486 1659 2527 annos

96 2580 204 2618 usus
233 2574 314 2618 est
343 2563 750 2617 Theodoritns.
785 2560 875 2616 Sic
910 2571 1092 2616 autem
1123 2576 1182 2617 se
1197 2562 1389 2615 habet:
1421 2564 1631 2628 Πεπλη
1658 2592 1664 2598 -

91 2658 518 2726 pegomérovc
553 2654 793 2722 ἀληθῶς
820 2657 905 2720 εἷς
927 2653 1032 2707 τὸν
1063 2655 1282 2722 Κύριον
1307 2653 1495 2722 ἡμῶν,
1521 2653 1665 2707 ὄντα

197 2750 328 2803 Υἱὸν
389 2748 552 2803 Θεοῦ
585 2748 737 2801 κατὰ
775 2749 1022 2814 θεότητα
1055 2745 1161 2800 παὶ
1194 2746 1470 2816 δύναμιν.
1526 2744 1665 2801 Hinc

97 2840 267 2906 disces,
312 2839 613 2912 quomodo
660 2838 851 2909 legerit
886 2838 974 2891 hic
1008 2837 1135 2908 Cyri
1192 2837 1510 2907 episcopus;
1569 2837 1663 2906 qui

98 2933 397 3002 transposita
426 2946 576 2986 voce
610 2929 866 2998 ἀληθῶς,
891 2939 946 2984 et
968 2931 1170 2984 omissa
1188 2938 1466 2998 postrema
1491 2927 1660 2993 Θεοῦ,

94 3039 172 3090 pro
200 3024 345 3078 κατὰ
378 3022 628 3092 θέλημα
650 3038 749 3075 ms.
773 3019 1016 3086 Medicei,
1045 3021 1194 3073 κατὰ
1227 3021 1474 3086 θεότητα
1510 3017 1657 3088 legit.

92 3114 238 3172 Probe
289 3127 484 3172 autem
530 3113 770 3168 notanda
835 3113 987 3166 varia
1036 3111 1350 3181 hujusmodi
1397 3111 1591 3172 lectio;
1629 3126 1660 3164 a

92 3223 176 3275 qua
205 3224 328 3263 cum
361 3220 619 3262 veterem
647 3204 995 3273 interpretem
1022 3243 1037 3268 ,
1086 3212 1202 3257 tum
1260 3201 1504 3256 codicem
1537 3199 1662 3255 Flo—

93 3300 337 3355 rcnlinum
368 3298 659 3355 dissidere
693 3296 882 3366 liquet.
909 3295 1039 3349 Eant
1076 3295 1434 3349 nihilominus
1470 3301 1656 3348 tuetur

92 3389 468 3462 Wesselingius
499 3391 583 3460 (5)
629 3388 695 3444 ν.
735 3389 799 3444 C.
835 3398 1115 3459 permotus
1162 3387 1462 3457 exemplari
1518 3386 1664 3440 anti-

91 3483 330 3549 quissimo
346 3481 509 3554 quod
544 3479 918 3536 Theodoritus
949 3496 1061 3550 prae
1092 3479 1267 3534 oculis
1320 3478 1548 3541 habuit,
1579 3477 1662 3546 ip-

91 3576 288 3646 siusque
322 3577 379 3630 in
417 3574 627 3646 primis
662 3573 854 3644 lgnatii
897 3572 1188 3637 sententia,
1219 3571 1364 3625 unde
1387 3569 1522 3624 nihil
1557 3569 1663 3624 hoc

92 3667 206 3722 alit:
241 3668 450 3738 quibus
488 3665 745 3730 accedit,
782 3665 1011 3733 exprimi
1047 3663 1182 3718 satis
1211 3669 1465 3716 accurate
1512 3659 1662 3714 hisce

97 3760 286 3827 verbis,
322 3759 478 3830 quod
517 3756 728 3813 Paulus
761 3755 828 3810 ad
863 3754 1140 3810 Romanos
1193 3751 1514 3824 perscripsit
1560 3751 1661 3822 (4).

95 3849 318 3905 Attamen
350 3849 620 3904 Smithus
645 3864 674 3902 a
712 3862 816 3901 ms.
833 3845 1134 3901 Florentini
1159 3845 1392 3901 lectione
1415 3851 1523 3900 stat
1540 3859 1668 3899 con«

95 3948 249 4003 stans;
292 3941 581 4008 simulque
645 3937 920 3992 existimat
981 3937 1200 4006 genium
1262 3950 1424 3991 suum
1481 3935 1668 4005 potius

96 4048 234 4099 quam
268 4034 524 4090 codicem
553 4031 733 4086 fuisse
764 4030 1154 4085 Theodoritum
1191 4039 1464 4093 secutum,
1501 4029 1665 4100 quasi

97 4124 301 4181 nimium
354 4124 537 4182 cruda
574 4121 656 4177 illi
708 4121 986 4177 videretur
1019 4122 1191 4177 altera
1247 4121 1451 4188 lectio,
1501 4134 1668 4190 quam

1759 465 1880 520 dem
1917 480 1931 517 :
1979 462 2170 534 lgnatii
2211 462 2356 517 enim
2381 503 2396 529 ,
2431 460 2655 530 Justini,
2691 462 2907 518 Tatiani
2933 502 2950 529 ,
3000 461 3328 519 Tertulliani

1758 556 2100 626 aliorumque
2129 548 2627 610 vetustissimorum
2662 554 2886 617 Patrum
2929 555 3200 612 sententia
3259 555 3332 612 de

1758 646 1897 702 Filio
1918 640 2018 702 'Dei
2060 647 2242 718 genito
2276 647 2426 701 κατὰ
2457 645 2686 716 θέλημα
2718 647 2887 710 Θεοῦ,
2949 662 3016 703 eo
3046 664 3210 703 sensu
3244 655 3328 703 est

1758 738 2092 810 accipienda,
2120 754 2230 808 quo
2251 738 2398 792 illam
2434 745 2656 792 strenue
2680 736 3201 807 defenditdocteque
3233 755 3331 792 ex—

1757 835 1922 905 plicat
1939 836 2024 888 vir
2047 833 2320 888 maximus
2341 831 2582 887 Jacobus
2603 831 2879 901 Bcnignus
2904 831 3201 887 Bossuetus
3222 833 3322 902 (5).

1834 925 2127 996 Pergamus
2146 938 2329 994 porro.
2356 924 2412 977 In
2437 923 2624 977 eadem
2643 923 2711 976 ad
2743 921 3054 994 Smyrnteos
3070 923 3324 994 epistola,

1759 1014 1875 1070 haec
1896 1014 2053 1068 verba
2090 1021 2385 1068 occurrunt
2404 1011 2510 1084 (6):
2535 1013 2918 1080 εὐχαριστίας
2939 1013 3037 1068 καὶ
3069 1031 3326 1082 προσευ-

1759 1103 1876 1174 χῆς
1906 1105 2248 1174 ἀπέχονται.
2275 1101 2378 1170 Qui
2407 1103 2625 1172 quidem
2675 1104 2830 1159 locus
2861 1105 2940 1159 sic
2971 1105 3113 1174 apud
3141 1102 3326 1159 Theo-

1759 1197 1993 1251 doritum
2024 1194 2246 1249 eﬂ'ertur
2288 1193 2399 1264 (7):
2432 1194 2816 1262 εὐχαριστίας
2846 1195 2942 1248 καὶ
2979 1197 3328 1265 προσφορὰς

1757 1291 1870 1343 οὐκ
1901 1284 2316 1355 ἀποδέχονται.
2343 1285 2414 1338 At
2433 1285 2638 1340 codicis
2671 1284 2892 1341 Medicei
2927 1287 3144 1342 lectioni
3185 1287 3331 1341 favet

1757 1387 1915 1433 vetus
1937 1377 2205 1447 interpres
2247 1376 2608 1442 Usserianus;
2636 1391 2760 1447 quae
2799 1377 3027 1446 proinde
3075 1393 3187 1449 prae
3238 1378 3330 1432 illa

1758 1467 2080 1524 Theodoriti
2142 1467 2424 1523 retinenda
2478 1468 2716 1524 videtur.
2763 1467 2903 1526 Huic
2957 1479 3139 1525 autem
3209 1471 3332 1524 loco

1759 1576 1930 1615 unum
1961 1559 2140 1614 adhuc
2164 1558 2434 1629 insignem
2459 1559 2745 1626 addamus,
2770 1575 2934 1630 quem
2985 1561 3189 1630 praebet
3215 1559 3334 1629 epi-

1759 1652 1897 1710 stola
1917 1652 1984 1706 ad
2013 1648 2296 1720 Ephesios.
2315 1648 2517 1720 Estque
2545 1651 2854 1721 hujusmodi
2879 1649 2988 1721 (8):
3009 1646 3113 1718 Εἴς
3139 1651 3336 1718 ἱατρός

1689 1729 1734 1784 Β
1761 1741 1930 1796 ἐστιν
1955 1780 1970 1795 .
2001 1780 2015 1794 .
2047 1779 2062 1794 .
2088 1740 2158 1793 ἐν
2175 1741 2353 1809 σαρκὶ
2389 1741 2709 1810 γενόμενος
2732 1741 2907 1808 Θεὸς,
2950 1741 3021 1794 ἐν
3063 1739 3332 1803 ἀθανάτῳ

1763 1830 1876 1901 ζωῇ
1898 1830 2190 1900 ἀληθινῆς
2220 1847 2343 1901 qua:
2365 1847 2498 1886 sane
2528 1842 2800 1902 postrema
2835 1832 2909 1887 ita
2935 1848 3153 1903 quoque
3189 1833 3336 1902 lege-

1762 1924 1854 1978 bat
1881 1924 1936 1978 in
1977 1938 2079 1981 suo
2101 1923 2398 1992 exemplari
2429 1932 2582 1978 vetns
2614 1924 2919 1994 interpres:
2961 1924 3124 1978 vertit
3165 1922 3334 1985 enim,

1759 2032 1816 2070 tu
1844 2014 2134 2068 immortali
2156 2013 2264 2068 vita
2294 2031 2438 2069 vera.
2471 2013 2575 2069 Sed
2607 2024 2895 2070 contextus
2923 2025 3219 2085 repugnat;
3252 2028 3340 2066 re-

1761 2106 2217 2177 scribendumque
2237 2108 2482 2173 omnino,
2503 2108 2573 2160 ἐν
2612 2106 2845 2171 θανάτῳ
2898 2107 3010 2176 ζωὴ
3056 2106 3335 2175 ἀληθινή,

1761 2199 1814 2252 in
1851 2205 2016 2250 morte
2048 2198 2155 2250 vita
2178 2213 2330 2252 vera:
2360 2197 2634 2266 quomodo
2663 2198 2714 2250 in
2741 2197 2856 2252 suis
2887 2197 3166 2254 codicibus
3194 2197 3316 2265 lege

1760 2289 1884 2343 bant
1911 2289 2116 2342 vetusti
2143 2287 2354 2354 Patres,
2390 2289 2748 2353 Athanasius,
2782 2288 3147 2344 Theodoritus
3173 2298 3338 2358 atque

1761 2381 2034 2444 Gelasius,
2055 2389 2114 2434 ut
2140 2396 2207 2435 ex
2238 2380 2416 2435 allatis
2442 2378 2582 2434 infra
2609 2395 2798 2435 eorum
2833 2380 2968 2436 locis
2994 2389 3334 2450 compertum

1762 2473 1840 2527 fit.
1877 2472 1946 2526 At
1979 2474 2092 2528 haec
2132 2472 2266 2528 satis
2299 2481 2493 2538 sunto;
2527 2489 2593 2527 ex
2620 2474 2821 2544 quibus
2844 2474 3146 2544 perspicias
3163 2489 3339 2544 quan-

1765 2572 1878 2619 tum
1907 2562 2035 2616 hinc
2061 2561 2290 2617 subsidii
2318 2561 2541 2616 accedat
2564 2563 2731 2617 textui
2765 2564 3146 2630 emaculando,
3177 2565 3224 2620 si
3251 2566 3336 2620 cui

1763 2657 1830 2712 de
1853 2656 2002 2710 illius
2030 2655 2341 2726 integritate
2369 2655 2609 2724 suspicio
2641 2657 2820 2725 aliqua
2843 2656 2969 2726 jure
2998 2658 3336 2713 suboriatur.

1835 2743 2036 2800 Verum
2091 2746 2144 2799 in
2193 2745 2336 2798 idem
2368 2745 2658 2799 consilium
2703 2747 2932 2803 ulterius
2984 2749 3163 2802 adhuc
3214 2765 3338 2818 pro-

1763 2853 1950 2908 gressa
1975 2846 2055 2892 est
2084 2852 2214 2892 cura
2261 2847 2469 2893 nostra.
2520 2836 2826 2907 Nimirum,
2865 2839 3184 2911 fragmentis
3234 2842 3342 2897 illis

1763 2944 1884 2997 qua:
1909 2928 2101 2998 lgnatii
2138 2929 2397 2998 epistolas
2428 2929 2864 2998 subsequuntur,
2907 2942 3160 3002 excerpta
3197 2948 3342 3002 qua:-

1764 3020 1888 3074 dam
1916 3020 2251 3089 subjecimus
2285 3037 2350 3076 ex
2386 3031 2608 3075 auctore
2651 3021 3042 3076 Parallelorum
3094 3022 3340 3092 Rupefu-

1767 3111 2130 3179 caldinorum,
2158 3129 2320 3182 quem
2355 3113 2426 3167 cl.
2454 3111 2786 3184 Lequienius
2834 3115 3028 3169 merito
3065 3116 3342 3169 existimat

1767 3203 1980 3273 integro
2016 3204 2218 3258 saeculo
2239 3203 2577 3261 Damasceno
2599 3205 2987 3275 antiquiorem.
3017 3204 3143 3260 Haec
3159 3215 3340 3260 autem

1765 3304 2020 3366 excerpta
2044 3312 2204 3350 nemo
2231 3312 2363 3350 sane
2385 3297 2586 3352 dixerit
2631 3299 2776 3353 haud
2845 3301 3027 3369 magni
3063 3298 3342 3361 facienda;

1767 3402 1894 3443 cum
1925 3395 2074 3440 certo
2097 3394 2312 3440 constet
2334 3387 2652 3456 scriptorem
2681 3388 2832 3440 illum
2851 3429 2866 3453 ,
2902 3389 3216 3457 quicunque
3246 3386 3342 3438 dc—

1768 3492 1921 3532 mum
1970 3475 2153 3542 fuerit,
2209 3491 2276 3529 ex
2303 3476 2536 3531 sinceris
2571 3475 2767 3545 lgnatii
2826 3478 3092 3548 epistolis,
3125 3479 3173 3533 si
3222 3493 3342 3532 eam

1766 3568 2006 3638 excipias
2027 3583 2150 3638 quae
2170 3566 2434 3623 Romanis
2470 3568 2794 3623 inscribitur
2810 3611 2826 3632 .
2850 3570 2941 3624 illa
2964 3571 3345 3640 descripsisse,

1765 3663 2122 3730 codicemque
2146 3660 2386 3715 Mediceo
2423 3661 2850 3717 emendatiorem
2885 3663 3235 3718 adhibuisse;
3286 3671 3349 3718 ut

1770 3752 1997 3824 proinde
2028 3758 2211 3806 textus
2240 3750 2442 3820 vulgati
2477 3751 2636 3806 lectio
2659 3767 2726 3805 ex
2765 3751 2834 3807 iis
2869 3768 2978 3808 non
3008 3752 3184 3808 solum
3213 3768 3344 3807 con-

1770 3846 2035 3909 ﬁrmetur,
2069 3857 2256 3898 verum
2286 3841 2452 3896 etiam
2481 3842 2803 3896 emendetur
2851 3843 3134 3913 multoque
3183 3843 3348 3898 casti-

1771 3935 1947 4007 gatior
1999 3934 2326 4004 plerumque
2377 3933 2655 3990 reddatur.
2718 3933 2840 4000 Quo
2907 3944 3086 3988 autem
3138 3934 3346 4003 aliquot

1771 4026 2037 4098 exemplis
2058 4042 2147 4082 res
2173 4025 2580 4095 comprobetur,
2605 4026 2726 4082 loca
2748 4026 3009 4082 nonnulla
3051 4041 3174 4081 cum
3201 4027 3349 4082 edito

1773 4118 1968 4174 collata
1999 4118 2091 4173 hic
2118 4117 2313 4174 sistere
2337 4116 2558 4188 juverit.

1351 4289 1615 4331 EPISTOLA
1659 4291 1726 4328 AD
1773 4288 2083 4330 SIYRMEOS.

525 4394 684 4450 Edit.
715 4409 782 4449 ea:
810 4394 927 4449 cod.
956 4394 1210 4450 Mediceo.

152 4508 274 4581 Cap.
307 4511 402 4564 IX.
456 4508 766 4578 Ἀνανῆψαι
790 4547 804 4560 .
835 4546 850 4561 .
883 4547 898 4561 .
931 4507 1146 4578 ἔχομεν.

151 4603 270 4673 Cap.
299 4606 392 4657 XI.
411 4603 680 4657 Θέλουσιν
707 4601 818 4672 γὰρ
841 4603 976 4672 ἡμῖν
1000 4600 1350 4672 εὐπράσσειν,
1369 4600 1504 4665 Θεὸς
1527 4599 1666 4654 ἕτοι-

99 4709 180 4760 μος
210 4697 289 4760 εἰς
314 4695 377 4750 τὸ
398 4695 738 4766 παρασχεῖν.

2174 4391 2259 4447 Ex
2289 4391 2552 4448 Parallel.
2581 4391 2934 4464 Rupefucald.

1849 4506 2145 4578 ’Δνανῆψαι
2171 4508 2338 4578 ἡμᾶς.
2361 4547 2376 4560 .
2402 4546 2417 4559 .
2441 4546 2456 4560 .
2501 4506 2719 4577 ἔχομεν.

1834 4597 2060 4650 Θέλουσι
2086 4597 2198 4669 γὰρ
2225 4598 2358 4667 ἡμῖν
2383 4592 2443 4650 εὖ
2493 4598 2791 4668 πράττειν,
2833 4596 2966 4659 Θεὸς
3002 4596 3218 4665 ἕτοιμος
3266 4593 3346 4654 εἰς

1768 4690 1828 4743 τὸ
1853 4689 2133 4761 παρέχειν.

1483 4823 1550 4860 ΑΙ)
1603 4821 1970 4861 ροιϊολιινωι.

155 4929 278 5002 Cap.
311 4932 355 4986 1.
395 4929 701 5003 Γρηγόρει,
739 4928 1036 5001 ἀκοίμητον
1067 4928 1280 5000 πνεῦμα
1302 4927 1658 5001 κεκτημένος.
1690 4959 1698 4968 -

1838 4926 2128 4999 Γρηγόρει,
2151 4926 2449 4998 ἀκοίμητον
2475 4924 2631 4997 ὄμμα
2652 4924 3005 4996 κεκτημένος.

1505 5063 1573 5102 ΔΙ)
1626 5061 1902 5103 εριιεειοε.

159 5168 282 5241 Cap.
310 5171 398 5226 VI.
435 5167 686 5226 Εἱὼθασί
703 5186 848 5234 τινες
871 5169 1008 5242 δόλῳ
1031 5168 1253 5242 πονηρῷ
1278 5167 1337 5222 τὸ
1371 5167 1539 5240 ὄνομα
1572 5186 1670 5222 πε-

106 5262 340 5333 ριφέρειν.

165 5404 238 5478 (2)
266 5408 432 5478 limat.
464 5407 750 5478 Episttad
771 5405 1020 5478 Satyro"
1044 5422 1166 5476 cap.
1196 5409 1248 5463 1.

111 5476 249 5600 1
265 5476 600 5550 Wesseling.
643 5476 922 5532 Probabil.
949 5477 1044 5536 lib.
1078 5480 1241 5549 sing.,
1271 5493 1392 5547 cap.
1423 5480 1513 5546 35,
1544 5496 1667 5551 pag.

169 5622 240 5684 (4)
269 5617 415 5674 Rom.
451 5636 491 5686 ι,
517 5620 576 5684 3,
604 5618 634 5671 Ι

169 5686 242 5758 (5)
277 5688 523 5756 Bessuct,
566 5701 642 5744 vn"
687 5686 936 5744 Avertiss.
967 5705 1074 5745 ονε
1117 5687 1388 5758 Protest.,
1437 5701 1455 5743 ι
1501 5698 1663 5758 part.,

1842 5169 2078 5223 Εἰὼθασι
2123 5187 2270 5235 τινες
2313 5170 2451 5242 δόλῳ
2499 5165 2721 5239 πονηρῷ
2763 5167 2824 5220 τὸ
2868 5163 3039 5235 ὅνομα
3097 5151 3349 5229 Χριστοῦ

1773 5263 2114 5334 περιφέρειν.

1779 5420 1892 5483 art.
1911 5411 2022 5483 v,§
2044 5414 2133 5469 54.

1848 5482 1928 5546 (6)
1954 5473 2136 5548 Ἰξιιειι.
2178 5479 2350 5550 Epist.
2377 5480 2448 5534 ad
2471 5477 2708 5547 Smyrn.,
2740 5490 2862 5550 cap.
2892 5473 2926 5528 7

1849 5553 1925 5625 (7)
1957 5545 2276 5625 Tltcodori't.
2306 5551 2450 5625 Dial.
2471 5545 2577 5625 in,
2605 5562 2728 5616 pag.
2759 5545 2885 5625 155».

1847 5614 1926 5693 (8)
1956 5625 2124 5694 lgnat.
2157 5620 2332 5692 Epist.
2366 5620 2435 5674 ad
2462 5614 2884 5687 Ephesq'capJ.
