3746 6326
107 318 199 371 573

1150 322 1449 379 ANDREE
1486 322 1855 380 CALLANDII
1890 325 2250 381 PROtEMIA.

3230 326 3335 380 57A

102 445 278 490 auctor
304 436 728 508 prolegomenwn
756 440 824 495 ad
854 449 1061 497 tomum
1080 442 1147 497 111
1171 444 1437 501 versionis
1459 445 1669 500 Lxx-vio
1698 447 1741 502 Α
1836 446 1977 513 Quid
2002 447 2243 516 quaeris?
2268 445 2453 501 Mirari
2497 444 2646 501 subit
2681 444 2959 500 enimvero
3004 458 3181 509 neque
3222 442 3337 497 Til-

100 531 223 584 ralis
256 528 508 585 eJitionis
546 530 833 589 Grabianze
855 534 989 605 (l8),
1022 536 1115 606 qui
1147 536 1419 593 Nobilium
1465 538 1659 604 secuti,

100 624 159 678 ad
193 621 320 675 illud
354 622 556 692 pariter
594 621 747 678 Isaia)
792 641 870 690 rx,
903 626 956 691 6,
984 627 1233 682 eumdem
1274 630 1451 684 locum
1492 645 1558 684 ex
1599 644 1663 686 ea

98 714 316 784 epistola
354 714 823 787 pseudepigrapha
867 727 1127 789 tanquam
1167 736 1292 776 vere
1323 720 1661 792 lgnatianum

96 806 421 860 excitarunt.

165 897 271 953 Hac
297 899 421 954 item
452 908 666 970 arrepta
688 901 974 958 occasione
1000 903 1145 959 haud
1169 904 1405 960 otiosum
1431 905 1663 963 fortasse

100 989 256 1045 fuerit
299 993 616 1048 meminisse
660 993 806 1049 illius
855 994 1166 1068 fragmepti,
1203 998 1346 1068 quod
1376 1014 1407 1054 e
1435 999 1663 1056 Joannis

100 1083 461 1154 Chrysostomi
489 1087 713 1141 homilia
751 1085 823 1141 De
856 1104 957 1142 non
986 1090 1497 1145 unathematizandis
1533 1094 1661 1147 vivis

100 1177 170 1230 re!
200 1177 459 1246 defunctis
505 1179 617 1250 (l9)
646 1180 1027 1250 desumptum,
1074 1181 1322 1253 epistolis
1369 1182 1662 1253 lgnatianis

99 1269 263 1336 primo
291 1269 414 1324 loco
442 1269 790 1339 subiecimus.
839 1270 931 1326 Sic
958 1281 1138 1327 autem
1182 1272 1381 1327 habet:
1414 1276 1509 1327 ‘Ov
1534 1274 1661 1345 τρό-

100 1378 189 1414 πον
227 1364 256 1416 ὁ
289 1362 530 1435 πριθεὶς
570 1364 745 1434 ἐαυτῷ
780 1361 1068 1436 ἁλουργίδα
1121 1365 1404 1436 βασιλικὴν
1449 1363 1661 1436 ἰδιώτης

99 1454 383 1522 τυγχάνων,
413 1456 575 1519 αὐτός
608 1473 666 1509 τε
697 1456 789 1509 καὶ
830 1458 879 1509 οἱ
921 1455 1070 1527 αὐτῷ
1108 1459 1557 1529 συνεργήσαντες,
1585 1457 1661 1520 ὡς

98 1545 334 1617 τύραννοι
370 1547 747 1618 ἀναιροῦνταιο
787 1548 979 1613 οὕτως,
1015 1548 1139 1620 ἔφη,
1184 1551 1231 1602 οἱ
1263 1553 1327 1621 τῇ
1366 1550 1656 1618 δεσποτικῇ

100 1638 350 1705 ἀποφάσει
379 1640 732 1710 χρησάμενοι,
778 1640 868 1693 καὶ
908 1641 1165 1713 ἀνάθημα
1199 1643 1298 1713 τῆς
1340 1642 1659 1714 Ἐκκλησίας

97 1732 403 1803 ποιήσαντες
431 1733 735 1804 ἄνθρωπον,
776 1736 855 1797 είς
886 1734 1122 1804 παντελῆ
1166 1734 1385 1806 ὄλεθρον
1411 1735 1658 1803 ἀπάγου-

98 1839 172 1874 σιν
200 1823 442 1887 ἑαυτοὺς,
497 1824 596 1895 τὴν
642 1824 799 1889 ἀξίαν
848 1825 941 1879 τοῦ
1022 1825 1154 1880 Υἰοῢ
1208 1826 1643 1899 ἀφαρπάζοντες.

99 1914 147 1968 ld
178 1924 301 1970 est:
343 1916 798 1979 Quemadmodum
843 1917 890 1970 si
941 1917 1081 1988 quis,
1140 1917 1376 1986 privatus
1407 1933 1523 1969 cum
1563 1917 1656 1984 sit,

99 2010 278 2079 regiam
306 2025 598 2077 purpuram
632 2009 881 2075 induerit,
912 2021 1024 2064 tum
1052 2011 1162 2080 ipse
1201 2020 1311 2063 tum
1343 2009 1661 2063 commilita-

99 2118 175 2154 nes
203 2102 333 2169 ejus,
362 2102 517 2171 quasi
542 2102 755 2171 tyranni
780 2101 1170 2171 interﬁciuntur
1192 2118 1211 2156 :
1234 2105 1330 2168 sic,
1357 2104 1548 2172 inquit,
1569 2103 1660 2171 qui

98 2191 357 2245 Dominico
383 2200 607 2244 utuntur
630 2192 857 2258 decreto,
884 2202 931 2245 et
962 2192 1221 2246 hominem
1248 2192 1497 2247 Ecclesia:
1526 2211 1661 2247 ana-

100 2282 256 2334 thema
286 2281 514 2349 faciunt,
545 2282 601 2335 in
629 2290 918 2335 extremam
945 2299 999 2336 se
1044 2284 1325 2351 perniciem
1369 2284 1658 2351 abducunt,

101 2370 218 2423 Filii
236 2372 549 2441 dignitatem
577 2382 911 2441 usurpantes.
938 2371 1053 2427 Hoc
1076 2382 1255 2429 autem
1286 2372 1493 2429 dictum
1520 2375 1663 2430 inter

97 2464 287 2532 reliqua
337 2463 619 2530 lgnatiana
667 2479 790 2534 qua:
838 2464 891 2518 in
944 2465 1191 2534 epistolis
1234 2466 1467 2522 sinceris
1515 2467 1659 2522 haud

97 2562 311 2620 exstant,
342 2554 714 2624 reponendum
759 2556 1095 2621 censuimus,
1129 2556 1188 2611 S.
1225 2558 1467 2614 doctoris
1516 2574 1664 2620 rere;

100 2647 253 2699 rentia
279 2655 332 2700 et
360 2646 692 2701 auctoritate
715 2648 977 2716 permoti;
1011 2649 1104 2717 qui
1130 2648 1402 2718 ejusmodi
1432 2649 1659 2705 eﬂatum

98 2735 483 2799 euuutiaturus,
520 2750 651 2791 suos
681 2735 958 2791 auditores
987 2736 1072 2791 his
1096 2738 1277 2792 verbis
1319 2738 1616 2807 alloquitur
1641 2755 1657 2791 :

102 2844 120 2877 ι
160 2827 413 2883 Βούλεσθε
447 2827 658 2899 μαθεῖν,
707 2821 795 2881 οἷά
824 2846 906 2892 τις
931 2827 1230 2898 ἐφθέγξατο
1260 2830 1411 2898 ἅγιος
1432 2830 1538 2884 τῶν
1559 2829 1664 2902 πρὸ

98 2918 238 2986 ἡμῶν
293 2919 395 2989 τῆς
446 2918 696 2991 διαδοχῆς
750 2919 860 2973 τῶν
912 2920 1223 2975 ἀποστόλων
1262 2921 1567 2992 γενόμενος,
1605 2920 1664 2985 ὃς

101 3009 178 3060 καὶ
206 3009 503 3082 μαρτυρίου
534 3010 775 3081 ὴξίωτος
824 3030 842 3062 ι
890 3009 1060 3065 Vultis
1106 3013 1307 3067 discere
1349 3013 1477 3083 quid
1515 3014 1664 3067 dixe-

101 3101 160 3151 rit
184 3101 255 3153 vir
278 3102 522 3170 quidam,
551 3104 641 3172 qui
662 3112 784 3156 ante
806 3118 900 3156 nos
929 3112 979 3155 et
1006 3105 1072 3156 de
1098 3104 1422 3158 successione
1451 3113 1664 3174 aposto-

98 3187 248 3241 lorum
274 3190 402 3258 fuit,
439 3206 503 3243 ac
544 3191 798 3260 martyrio
834 3190 1085 3261 dignatus
1130 3194 1247 3246 est?
1294 3192 1467 3260 Quem
1513 3196 1658 3249 enim

100 3278 245 3333 alium
275 3291 573 3351 martyrem
607 3297 675 3336 ex
714 3283 1087 3352 apostolorum
1126 3284 1496 3351 successione,
1526 3301 1658 3355 pro-

102 3370 263 3424 tulerit
322 3371 755 3443 Chrysostomus
799 3373 1118 3430 ‘Antiochiae
1172 3375 1438 3445 loquens,
1493 3393 1657 3447 quam

103 3457 345 3527 lapatium
381 3461 786 3517 Antiocheuum
827 3464 1188 3533 episcopum?
1217 3474 1276 3519 ut
1313 3466 1438 3535 jure
1481 3465 1660 3535 arguit

101 3553 157 3605 cl.
188 3552 626 3609 Moutfaueonius
658 3554 792 3624 (20).
826 3555 1096 3613 Baronius
1123 3558 1217 3627 qui
1247 3557 1456 3626 primus
1478 3558 1656 3613 locum

99 3643 276 3698 deterit
305 3645 445 3715 (21),
483 3645 770 3715 epistolam
796 3647 865 3701 ad
904 3646 1213 3719 Smyrnazos
1236 3647 1295 3703 S.
1335 3649 1485 3703 Patri
1534 3658 1661 3704 ante

100 3736 261 3792 oculos
286 3738 633 3793 obversatam
672 3736 842 3793 fuisse
883 3740 1138 3809 conjecit,
1175 3741 1270 3795 ubi
1311 3742 1428 3797 haec
1472 3743 1660 3813 legun-

102 3836 175 3880 tur
197 3829 345 3892 (2‘2):
380 3848 400 3881 ‹
438 3831 504 3882 Et
538 3830 647 3901 γὰρ
679 3832 707 3883 ὁ
735 3829 1045 3900 βασιλεῦσιν
1098 3834 1537 3905 ἐπεγειρόμενος,
1572 3854 1663 3889 κο-

102 3917 281 3984 λάσεως
321 3923 469 3987 ἄξιος
508 3924 732 3988 δικαίως
782 3926 1091 3996 γενήσεται,
1137 3923 1211 3989 ὥς
1256 3943 1320 3994 γε
1370 3928 1661 3999 παραλύων

102 4012 183 4082 τὴν
211 4016 385 4087 κοινὴν
427 4016 715 4087 εὐνομίαν·
751 4017 901 4087 πόσῳ
927 4017 1133 4072 δοκεῖτε
1159 4020 1396 4091 χείρονος
1425 4019 1661 4092 ἀξιωθή-

103 4120 232 4158 σεται
261 4107 551 4179 τιμωρίας,
584 4109 612 4160 ὁ
642 4108 770 4162 ἄνευ
820 4109 1119 4162 ἐπισκόπου
1160 4109 1214 4162 τί
1257 4114 1434 4164 ποιεῖν
1462 4129 1663 4183 ,προαι-

103 4197 352 4268 ρούμενος,
384 4200 478 4253 καὶ
513 4199 611 4269 τὴν
639 4200 891 4269 ὁμόνοιαν
923 4199 1187 4265 διασπῶν,
1230 4201 1324 4254 καὶ
1367 4202 1465 4272 τὴν
1499 4203 1662 4256 εὐτα-

102 4286 201 4350 ξίαν
215 4293 450 4363 συγχέων
470 4310 518 4357 ;›
555 4292 613 4348 Si
641 4296 778 4347 enim
801 4296 924 4365 jure
943 4296 1042 4349 erit
1061 4311 1216 4362 pmna
1239 4296 1429 4365 dignus
1446 4297 1536 4365 qui
1564 4296 1664 4348 ad-

104 4391 251 4431 tersus
289 4397 430 4450 reges
477 4383 737 4453 insurgit,
792 4394 850 4437 ut
901 4385 993 4454 qui
1056 4384 1285 4439 resolvat
1338 4402 1663 4439 communem

1767 537 2086 592 lemontium
2132 553 2308 608 neque
2354 537 2842 603 Moutfauconium,
2894 536 2987 604 qui
3034 544 3091 589 et
3130 543 3337 589 textura

1767 630 2012 686 Graecum
2038 630 2414 701 ,lgnatianum,
2452 640 2513 684 ut
2551 629 2771 701 quidem
2807 636 2978 699 putat,
3013 628 3067 681 in
3099 627 3337 682 medium

1763 722 1990 792 profert,
2045 723 2098 776 in
2141 721 2504 791 suspicionem
2561 720 2705 775 haud
2746 719 2982 783 venisse.
3025 719 3191 774 verba
3244 718 3334 772 illa

1764 828 1872 868 non
1908 813 1978 867 ab
2009 811 2238 882 lgnatio,
2270 812 2362 866 sed
2399 815 2469 865 ab
2504 809 2828 877 lgnatiastro
2870 807 3040 864 fuisse
3088 808 3335 864 conscri-

1764 916 1876 976 pta,
1910 920 2011 960 nec
2035 905 2089 957 in
2114 904 2347 969 sincera,
2374 903 2470 958 sed
2499 906 2551 956 in
2578 901 2898 971 interpolata
2927 901 2993 956 ad
3024 900 3336 971 Smyrnmns

1761 997 1987 1066 epistola
2012 1004 2250 1051 exstare.
2272 993 2506 1049 Baronio
2527 993 2714 1062 utique
2736 991 3123 1063 indulgendum
3146 990 3335 1045 eodem

1762 1088 2004 1150 nomine,
2029 1102 2140 1171 quo
2162 1085 2324 1155 paulo
2352 1094 2477 1139 ante
2503 1082 2776 1137 Nobilium
2807 1090 3128 1137 excusatum
3159 1078 3337 1131 volui-

1764 1192 1905 1231 mus.
1931 1176 2069 1243 Quid
2099 1176 2282 1247 igitur,
2308 1175 2540 1245 inquies,
2573 1173 2641 1228 de
2673 1173 3069 1245 Clirysostomo
3092 1181 3337 1226 statuen-

1761 1267 1892 1322 dum
1922 1266 2123 1322 fuerit?
2154 1266 2230 1322 De
2273 1282 2340 1320 eo
2382 1266 2640 1319 nimirum
2671 1265 2745 1319 ita
2776 1264 3116 1320 sentiendum
3145 1262 3339 1317 existi-

1761 1375 2014 1414 mamus:
2062 1358 2144 1414 vel
2204 1359 2424 1429 aliquod
2479 1358 2539 1413 S.
2601 1357 2855 1428 martyris
2910 1356 3171 1424 scriptum
3228 1355 3344 1408 sive

1761 1452 2103 1521 epistolicum
2131 1451 2246 1505 sive
2273 1451 2414 1505 alius
2439 1450 2654 1519 generis
2688 1464 2833 1503 nunc
2864 1447 3203 1517 deperditum
3252 1461 3341 1499 re-

1757 1542 2001 1612 Spexisse
2047 1539 2104 1595 S.
2155 1541 2431 1596 doctorem
2461 1559 2473 1594 :
2500 1540 2604 1605 vel,
2650 1539 2696 1594 si
2730 1540 2944 1604 mavis,
2994 1537 3186 1607 lgnatii
3223 1537 3343 1607 epi-

1759 1632 2026 1689 stolarum
2057 1632 2299 1687 codicem
2330 1629 2713 1699 interpolatum
2762 1628 2817 1682 in
2863 1627 2983 1697 ejus
3024 1642 3220 1681 manus
3246 1626 3346 1679 ali-

1760 1724 1981 1793 quando
2028 1723 2323 1787 incidisse,
2367 1736 2531 1791 quem
2575 1718 2781 1790 putarit
2821 1734 2941 1773 esse
2990 1733 3344 1787 germanum;

1760 1816 1905 1885 quod
1950 1824 2132 1870 tamen
2182 1813 2272 1867 vix
2324 1812 2649 1868 crediderim
2692 1828 2706 1865 :
2755 1810 2839 1865 vel
2885 1809 3120 1878 denique
3164 1807 3342 1875 ipsum

1759 1909 1995 1963 fortasse
2019 1908 2074 1962 in
2099 1906 2265 1961 alium
2294 1906 2363 1961 ab
2390 1906 2597 1974 lgnatio
2623 1904 2985 1975 apostolicum
3010 1904 3185 1956 virum
3216 1916 3347 1955 ocu-

1761 2005 1842 2060 los
1885 2003 2201 2058 intendisse.
2251 2002 2319 2055 At
2362 2001 2429 2055 de
2475 2000 2561 2055 his
2605 2000 2787 2054 satis:
2821 2012 2943 2068 quae
2980 1996 3197 2067 quidem
3235 2010 3344 2047 non

1760 2098 1937 2153 solum
1964 2102 2249 2165 eapropter
2281 2092 2591 2147 adnotanda
2640 2090 2973 2154 censuimus,
3004 2103 3071 2142 ne
3100 2087 3344 2140 virorqu

1759 2190 2203 2245 doctissimorum
2246 2184 2543 2239 auctoritas
2579 2181 2874 2237 incuriosis
2914 2179 3208 2234 lectoribus
3255 2176 3343 2229 fu-

1759 2299 1883 2338 cum
1936 2281 2131 2346 faciat,
2173 2279 2267 2334 sed
2314 2278 2477 2333 etiam
2528 2277 2583 2331 in
2629 2275 2821 2345 primis
2863 2284 2923 2328 ut
2968 2270 3214 2341 epistolis
3254 2284 3345 2337 ge-

1759 2372 1945 2427 nuinis
1982 2371 2197 2429 debitus
2238 2369 2417 2422 honor
2456 2368 2509 2422 in
2551 2377 2669 2423 tuto
2710 2366 2925 2437 positus
2968 2363 3181 2418 ﬁrmius
3213 2374 3347 2416 con-

1762 2467 1940 2522 sistat.
2473 2527 2484 2534 ἱ

1836 2557 2033 2613 Verum
2086 2565 2379 2627 antequam
2423 2555 2532 2610 alio
2579 2569 2638 2609 se
2683 2559 2964 2608 convertat
3015 2550 3222 2613 oratio,
3275 2547 3345 2603 de

1760 2650 1953 2721 lguatii
1999 2649 2224 2719 epistola
2277 2648 2541 2703 Romanis
2574 2645 2838 2715 inscripta
2889 2657 3011 2713 quae
3057 2643 3111 2696 in
3158 2638 3350 2696 codice

1765 2745 2007 2802 Mediceo
2038 2746 2399 2809 desideratur,
2448 2742 2710 2797 nonnulla
2761 2741 2850 2795 hic
2883 2736 3218 2793 admouenda
3251 2749 3351 2789 oc-

1761 2847 2013 2902 currunt,
2060 2838 2236 2908 iisque
2282 2836 2554 2898 addenda,
2594 2850 2715 2902 qua:
2761 2831 3013 2901 superius
3062 2843 3126 2883 ea
3178 2827 3244 2881 de
3288 2840 3351 2879 re

1763 2930 2063 3000 attigimus.
2117 2928 2268 2984 Hanc
2315 2928 2481 2998 igitur
2526 2926 2813 2995 epistolam
2858 2923 2997 2994 typis
3045 2918 3347 2990 consigna-

1767 3022 1895 3085 turi,
1932 3020 2130 3074 Smithi
2160 3019 2436 3088 exemplar
2469 3017 2533 3071 ad
2565 3015 2837 3069 Ruinartii
2876 3014 3082 3069 editum
3114 3012 3349 3080 diligen-

1692 3115 1738 3178 C
1769 3123 1852 3168 ter
1891 3122 2143 3168 exactum
2196 3110 2527 3180 selegimus:
2564 3122 2739 3177 neque
2788 3106 2934 3159 enim
2977 3102 3248 3157 Clericum
3292 3100 3348 3153 in

1762 3210 1999 3267 secunda
2030 3207 2373 3263 Coteleriana
2402 3203 2625 3258 Patrum
2650 3200 3075 3270 apostolicorum
3107 3195 3348 3251 editione

1761 3302 1915 3369 sequi
1961 3298 2184 3369 placuit,
2234 3297 2351 3367 qui,
2399 3311 2468 3350 ne
2515 3295 2717 3349 lectore
2768 3291 2988 3361 quidem
3043 3285 3345 3349 admonito,

1766 3400 1973 3446 textum
2009 3390 2123 3445 sive
2158 3388 2333 3457 ipsius
2363 3384 2605 3456 epistolae
2648 3384 2762 3437 sive
2805 3383 3065 3436 Actorum
3100 3376 3347 3447 martyrii

1762 3481 2029 3552 lgnatiani
2065 3478 2299 3535 subinde
2338 3476 2575 3539 refinxit,
2606 3473 2889 3541 eidemque
2931 3476 3090 3539 prout
3138 3466 3241 3521 sibi
3279 3466 3347 3519 li—

1760 3573 1878 3627 buit
1907 3573 2193 3625 immutato
2214 3584 2366 3624 suam
2398 3565 2897 3635 interpretationem
2922 3560 3141 3630 adjecit.
3166 3556 3347 3611 Unum

1759 3665 1844 3719 vel
1873 3664 2105 3717 alterum
2139 3662 2304 3731 hujus
2339 3660 2482 3714 haud
2529 3655 2765 3712 ferenda:
2797 3651 3029 3707 licentia:
3069 3649 3345 3720 specimen

1761 3755 1966 3824 accipe.
1995 3753 2051 3806 In
2081 3752 2321 3822 epistola:
2364 3748 2720 3819 inscriptione
2767 3742 3128 3799 Ruiuartiana
3177 3739 3347 3793 editio

1761 3847 1946 3909 habet,
1966 3845 2197 3911 Πατρὸς
2217 3843 2504 3911 ὑψίστου.
2536 3839 2615 3893 Ita
2647 3851 2865 3907 quoque
2896 3831 3241 3903 Logotbetes.
3270 3827 3342 3880 At

1760 3937 2003 3992 Clericus
2043 3951 2167 3990 cum
2212 3932 2464 3998 Usserio,
2500 3930 2773 3999 (ὑψίστου
2830 3925 3079 3992 Πατρός.
3140 3919 3347 3975 Ibidem

1761 4029 1905 4098 apud
1937 4027 2284 4081 Ruinartium
2305 4067 2320 4091 ,
2351 4024 2450 4078 καὶ
2492 4020 2695 4089 Ἰησοῦ
2727 4016 2980 4087 Χριστοῦ
3021 4013 3125 4067 τοῦ
3157 4011 3348 4081 μόνου

1774 4119 1911 4173 Υἱοῦ
1966 4116 2179 4172 αὐτοῦ.
2256 4115 2455 4170 Vocem
2502 4114 2695 4183 μόνου
2752 4110 2913 4165 habet
2965 4106 3128 4161 etiam
3180 4102 3347 4157 Meta-

1761 4212 2030 4281 phrastes,
2082 4210 2319 4279 legitque
2366 4209 2418 4267 in
2467 4221 2570 4261 suo
2616 4204 2806 4259 codice
2850 4211 3009 4255 vetus
3054 4198 3344 4263 interpres.

1760 4303 2006 4359 Clericus
2040 4311 2218 4355 tamen
2262 4300 2459 4353 maluit
2510 4313 2636 4352 cum
2685 4294 2928 4358 Usserio,
2976 4286 3348 4360 μονογενοῦς

1761 4394 1947 4449 αὑτοῦ
2008 4392 2164 4446 Υίοῦ.
2198 4391 2403 4446 Ibidem
2438 4389 2712 4450 Ruinart.,
2756 4387 2887 4453 ἣτις
2916 4383 3011 4437 καί
3053 4378 3348 4449 προκάθη-

104 4469 343 4535 quictem:
374 4482 573 4541 quanto
619 4476 819 4542 putatis
868 4476 1081 4545 gravius
1136 4476 1421 4530 merebitur
1468 4478 1666 4547 suppli-
1695 4486 1882 4549 υται,
1931 4481 2035 4537 Ubi
2086 4482 2329 4551 apposite
2381 4481 2638 4534 observat
2690 4475 2969 4536 Smitlius,
3022 4469 3345 4541 particulam

103 4558 240 4624 cium,
267 4565 354 4632 qui
375 4566 490 4618 sine
523 4566 761 4635 episcopo
800 4568 927 4636 quid
954 4566 1087 4622 volet
1117 4584 1287 4638 agere,
1319 4571 1657 4624 concordiam

104 4665 317 4720 rumpens
350 4666 399 4709 et
436 4656 625 4708 bonum
658 4658 896 4711 ordinem
941 4659 1307 4729 confundens?
1332 4661 1503 4729 Cujus
1536 4662 1660 4731 qui-

104 4738 203 4794 dem
254 4743 354 4799 loci
410 4747 554 4813 vim,
600 4762 710 4801 non
763 4748 930 4804 verba
973 4750 1275 4807 reddidisse
1326 4751 1657 4823 Chrysosto—

105 4844 249 4899 mum,
290 4846 455 4907 atque
497 4838 564 4892 ad
606 4841 945 4909 propositum
978 4842 1110 4896 illud
1152 4859 1312 4898 suum
1355 4844 1653 4912 inﬂexisse,

106 4924 266 4979 statuit
294 4927 435 4983 idem
458 4929 747 4984 Annalium
781 4933 1279 4989 ecclesiasticorum
1314 4951 1530 5005 parens.
1558 4937 1656 4992 δε-
1706 4942 1715 4955 ’

108 5029 188 5071 cus
209 5034 336 5075 vero
360 5024 657 5079 arbitratur
684 5024 1065 5083 Tillemoutius
1097 5028 1233 5099 (25),
1264 5031 1352 5084 cui
1382 5030 1535 5086 locus
1568 5032 1655 5087 hic

110 5104 389 5175 lgnatianus
412 5131 535 5170 cum
567 5116 661 5172 illo
688 5117 1066 5189 Chrysostomi
1107 5121 1199 5175 vix
1226 5122 1504 5193 quidpiam
1537 5124 1654 5178 alii-

110 5197 265 5257 nitatis
307 5204 508 5261 habere
571 5207 808 5263 videtur.
860 5208 1302 5267 Montfaueonius
1362 5223 1545 5268 tamen
1599 5215 1651 5269 in

112 5285 299 5349 Baronii
324 5298 650 5353 sententiam
673 5300 944 5356 concedit.

168 5450 265 5530 (18)
288 5452 405 5509 Vet.
431 5456 581 5513 Test.
598 5474 661 5513 ex
691 5475 832 5514 vers.
853 5460 993 5515 LXX
1014 5463 1143 5517 edit.
1185 5462 1374 5530 Grab.,
1398 5472 1530 5518 tom.
1563 5462 1649 5530 lll,

112 5522 375 5603 prolegom.
406 5543 461 5579 η.
496 5544 569 5594 IV,
606 5530 710 5584 sub
751 5531 843 5584 lin.
881 5531 940 5603 §§
969 5531 1095 5585 Jam
1132 5550 1197 5587 ea:
1228 5534 1324 5587 hoc
1363 5522 1647 5600 schemate,

113 5596 155 5639 et
179 5588 282 5644 Duo
306 5602 476 5648 tamen
502 5588 647 5653 sunt.

114 5659 267 5782 “(fligi
294 5662 447 5788 Istam
480 5666 763 5739 Chrysost.
797 5667 933 5741 Opp.
967 5680 1099 5728 tom.
1139 5670 1182 5742 1,
1230 5688 1352 5744 pag.
1384 5673 1488 5729 595
1517 5674 1646 5730 edit.

1761 4575 2124 4644 emphaticam
2160 4574 2269 4625 καί.
2296 4572 2435 4625 male
2478 4570 2642 4623 fuisse
2683 4567 2737 4621 in
2771 4563 3003 4634 vulgatis
3042 4561 3342 4613 omissam:

1759 4682 1922 4737 quam
1975 4665 2327 4719 nihilominus
2400 4661 2684 4725 Clericus,
2737 4656 3019 4712 Usserium
3085 4658 3342 4712 secutus,

1758 4760 2012 4814 omisisse
2046 4758 2398 4825 comperitur.
2450 4753 2655 4807 Ibidem
2708 4750 2811 4806 sub
2856 4749 3019 4802 linem
3070 4740 3343 4798 Ruinartii
3422 4794 3425 4801 ,

1757 4852 2057 4920 exemplar,
2107 4848 2178 4901 ἐν
2222 4845 2426 4914 Ἰησοῦ
2475 4842 2706 4913 Χριστῷ
2754 4840 2833 4908 τῷ
2899 4838 3039 4905 Θεῷ.
3098 4835 3344 4891 Clericus

1759 4955 1907 5003 vero,
1941 4940 2010 4991 ἐν
2039 4939 2234 5006 Κυρίῳ
2267 4935 2467 5004 Ἰησοῦ
2497 4933 2726 5003 Χριστῷ
2756 4930 2895 4997 Θεῷ.
2926 4930 3097 4984 liabet
3125 4927 3341 4996 quidem

1761 5030 2013 5087 Usserius
2064 5031 2279 5098 Κυρίῳ,
2327 5028 2423 5084 sed
2482 5028 2680 5082 retinet
2725 5024 3012 5079 articulum
3061 5019 3139 5084 τῷ
3185 5020 3273 5077 Θ..
3310 5031 3343 5071 a

1755 5124 1968 5178 C’erico
2000 5122 2431 5192 prmtermissum
2462 5138 2475 5175 :
2513 5120 2656 5190 quod
2697 5118 2749 5171 in
2784 5115 2976 5186 primis
3019 5112 3339 5167 notandum.

1758 5213 1878 5269 Uno
1913 5216 2097 5276 verbo,
2134 5212 2312 5268 editor
2342 5209 2888 5270 Amstelodamensis,
2926 5204 3109 5260 relicta
3135 5201 3339 5271 passim

1757 5306 2118 5361 Ruinartiana
2150 5304 2411 5372 editione,
2453 5302 2731 5359 Usserium
2762 5300 2961 5369 ubique
2994 5296 3162 5352 ferme
3191 5307 3343 5348 asse-

1828 5463 1941 5577 (20)
1972 5462 2269 5519 Montfauc.
2304 5462 2359 5517 in
2387 5462 2669 5577 Chrgsost.
2703 5457 2861 5523 ibid.,
2894 5463 3009 5510 not.
3039 5469 3091 5510 ο.

1851 5537 1942 5577 9n
1972 5534 2171 5577 Ras-nn-
2208 5534 2273 5577 ml
2302 5549 2389 5577 :m-
2421 5532 2489 5577 38
2533 5571 2547 5577 -
2576 5530 2602 5577 8
2629 5544 2725 5577 ut.

1851 5530 1942 5603 21)
1971 5534 2172 5588 Baron.
2196 5534 2273 5603 ad
2302 5549 2389 5586 an.
2421 5530 2547 5603 582,
2576 5530 2602 5599 ς
2629 5544 2725 5581 ιιι.

1980 5604 2151 5671 lgnat.
2179 5602 2351 5671 Epist.
2377 5602 2445 5654 ad
2478 5594 2692 5667 Smgrn.
2719 5598 3082 5671 interp.,_oa_p.
3106 5594 3163 5652 9.

1854 5607 1945 5671 22)
1980 5606 2151 5671 lgnat.
2179 5606 2351 5671 Epist.
2377 5606 2445 5654 ad
2478 5606 2692 5667 Smyrn.
2719 5606 2932 5661 interp.,
2963 5608 3056 5662 cap

1830 5606 1945 5749 (25)
1982 5673 2195 5729 Tillem.
2226 5671 2385 5727 Mem.
2415 5671 2541 5726 ecct.
2570 5680 2702 5725 tom.
2729 5666 2821 5735 XI,
2850 5683 2902 5736 p.
2930 5664 3056 5723 564.
