3746 6304
404 258 512 312 575

1483 261 1538 314 S.
1582 258 1931 314 lCNATlUS.
1971 287 2041 298 -—
2084 255 2613 316 PROLECOMENA.

3585 262 3675 319 576

400 389 615 445 ctatnr;
663 378 757 449 qui
794 388 974 434 tamen
994 421 1008 445 ,
1049 395 1172 435 cum
1210 380 1350 435 hanc
1384 378 1573 450 lgnatii
1615 381 1899 451 epistolam
1931 380 1985 434 in
2016 387 2060 439 Δ
2090 381 2298 449 polatas
2322 385 2436 451 pari
2465 383 2589 451 jure
2613 382 2852 453 gaudere
2873 382 3147 453 opinatur.
3183 382 3292 440 Sed
3324 383 3438 441 iste
3466 386 3677 441 demum

403 472 556 526 nullo
599 487 705 527 ms.
742 472 933 526 codice
977 473 1309 537 invenisset,
1362 474 1525 529 unius
1573 474 1767 529 veteris
1810 474 1982 528 inter-

404 564 571 633 pretis
601 564 763 619 ductu
797 580 916 619 eam
946 567 1014 619 ab
1042 566 1551 634 interpolationibus
1598 567 1863 622 redimere
1891 566 1987 619 ad-

403 656 561 711 nisus
591 656 709 710 fuit.
745 653 922 725 thue
962 671 1049 712 res
1089 657 1463 725 experimento
1510 657 1791 726 probetur,
1824 655 1986 709 adeat
2039 654 2047 663 ’

402 753 575 806 lector
601 752 862 807 Grabium
901 752 1013 823 (Ἡ)
1036 770 1051 818 ;
1080 753 1171 822 qui
1197 752 1466 807 Rninartii
1492 751 1768 821 exemplar
1791 751 1986 807 verbo—

400 854 561 900 teuus
607 845 873 912 exhibuit,
909 844 1198 912 variasque
1251 842 1577 900 Usserianas
1621 843 1882 898 lectiones
1927 842 1982 896 iu

400 936 668 1005 cujusque
717 935 927 1003 pagina:
975 934 1203 988 limbum
1251 934 1491 1003 eonjecit
1532 949 1718 1003 :quas
1763 932 1985 1002 quidem

399 1042 521 1080 cum
556 1025 755 1081 Clerici
790 1026 934 1080 edito
965 1026 1251 1095 diligenter
1296 1024 1604 1088 conferens,
1638 1024 1779 1078 haud
1815 1038 1986 1093 pauca

399 1133 535 1173 sane
582 1119 796 1181 addita,
846 1121 1152 1182 immutata,
1196 1120 1527 1187 transposita
1576 1118 1724 1173 facili
1768 1119 1985 1188 negotio

399 1212 793 1282 deprehendet.
850 1213 1087 1267 Rectene
1140 1229 1272 1268 vero
1332 1227 1401 1266 an
1466 1226 1624 1267 secus
1677 1211 1729 1265 id
1781 1211 1985 1265 factum

401 1302 588 1362 fuerit.
627 1303 754 1359 aliis
800 1304 1204 1359 decernendum
1253 1303 1637 1374 relinquimus.
1683 1302 1797 1360 Nos
1836 1304 1983 1358 enim

399 1395 661 1450 nonnulla
706 1396 1021 1465 speciminis
1062 1413 1193 1466 ergo
1236 1412 1302 1451 ex
1355 1412 1461 1450 una
1503 1397 1747 1465 epistola:
1790 1397 1985 1452 inscri-

403 1485 585 1553 ptione
620 1486 889 1542 delibasse
921 1489 1182 1553 contenti,
1214 1487 1279 1553 ad
1315 1487 1418 1541 alia
1450 1502 1826 1556 properamus.

1002 1622 1234 1679 CAPUT
1297 1623 1387 1680 IV.

406 1708 637 1774 Quinam
660 1714 848 1766 harum
875 1717 1217 1785 cpistolarum
1241 1715 1600 1785 integritatem
1631 1732 1741 1785 pra?
1776 1715 1977 1769 cazteris
2009 1721 2051 1778 B

472 1786 876 1855 propugnarint.
916 1785 1249 1840 Nouissimas
1285 1789 1517 1855 ipsarum
1562 1803 1683 1840 osor
1714 1785 1975 1850 Oudinus.

2088 474 2348 542 praecocis
2390 474 2591 544 ingenii
2632 474 2774 530 fetus
2823 474 2994 531 fuisse
3034 477 3251 532 videtur
3289 496 3305 531 :
3351 487 3413 531 ut
3462 480 3681 547 proinde

2088 566 2319 621 comiter
2368 567 2439 622 sit
2481 567 2838 637 excipiendus
2866 567 3086 638 juvenis
3116 569 3565 633 eruditissimus,
3598 574 3679 640 qui

2091 672 2288 723 magna
2332 666 2612 726 spectasse
2644 660 2976 727 comperitur
3009 678 3021 713 :
3055 661 3181 729 quia
3222 678 3330 714 non
3382 660 3553 713 modo
3590 678 3681 714 non

2088 752 2352 804 invidetur
2380 751 2461 805 illi
2490 752 2661 814 aetati,
2687 759 2744 806 ut
2772 767 2899 806 vere
2926 767 2991 807 ac
3020 752 3296 822 sapienter
3324 752 3535 808 Cicero
3556 755 3679 823 (55),

2089 858 2265 897 verum
2292 842 2456 896 etiam
2488 842 2712 912 favetur.

2158 932 2304 988 Inter
2338 948 2434 988 eos
2478 941 2661 1001 autem)
2688 934 2782 1004 qui
2816 949 2916 1003 pro
2953 934 3197 1004 epistolis
3230 935 3482 992 sinceris
3513 937 3678 990 vindi-

2086 1024 2202 1080 cias
2230 1026 2576 1096 evulgarunt,
2609 1024 2965 1082 Pearsonium
2995 1028 3240 1084 eminere
3275 1044 3449 1082 nemo
3481 1030 3675 1093 nescit;

2085 1116 2199 1169 sive
2221 1115 2422 1186 ingenii
2452 1126 2505 1170 et
2524 1115 2721 1185 judicii
2750 1132 2979 1172 acumen
3016 1118 3301 1187 inspicias,
3338 1118 3465 1172 sive
3508 1120 3678 1172 multi-

2082 1204 2270 1274 jugam
2297 1213 2352 1259 et
2388 1204 2720 1275 exquisitam
2765 1206 3124 1260 eruditionem
3160 1216 3404 1275 spectes,
3441 1206 3561 1259 sive
3596 1222 3677 1259 ων

2086 1292 2231 1362 piam
2279 1301 2721 1362 argumentorum
2768 1302 2822 1348 et
2863 1295 3078 1366 pondus
3107 1295 3411 1365 expendas.
3464 1294 3672 1361 Verum,

2087 1396 2226 1452 opus
2274 1381 2708 1440 Pearsonianum
2757 1385 2886 1441 licet
2928 1386 3063 1440 adeo
3096 1387 3471 1454 luculentum,
3517 1404 3673 1457 oppu-

2087 1491 2255 1545 gnare
2279 1486 2404 1531 sunt
2441 1478 2682 1549 aggressi
2713 1478 3002 1534 Mattbzeus
3052 1478 3454 1550 Larroquanns
3492 1490 3549 1534 et
3584 1479 3675 1533 Ca-

2088 1568 2310 1623 simirus
2355 1567 2624 1627 Oudinus.
2679 1570 2744 1626 Et
2766 1572 2914 1627 illius
2954 1574 3170 1642 quidem
3212 1584 3455 1628 conatus
3502 1574 3672 1626 irritos

2090 1658 2261 1713 fuisse
2294 1670 2801 1715 commonstrarunt
2836 1663 2890 1716 in
2935 1664 3126 1733 primis
3176 1664 3375 1733 partim
3418 1662 3673 1734 Georgius

2083 1749 2270 1803 Bullus
2294 1749 2431 1818 (56),
2463 1750 2660 1820 partim
2691 1751 2949 1809 Nicotaus
2979 1754 3245 1811 Nourrius
3276 1755 3395 1826 (57)
3430 1756 3671 1824 aliique:

475 1841 508 1926 ξι
543 1841 840 1926 Hamae/tio
877 1855 1034 1911 V..C.
1066 1858 1261 1909 acriter
1286 1841 1597 1926 castigatus.
1634 1841 1976 1910 Heumannui
2080 1849 2141 1895 υῐ
2180 1842 2406 1911 ΡΓοῘηάθ
2453 1841 2696 1900 Clericus
2730 1845 2853 1914 ,ἰυΓο
2888 1847 3188 1909 censuerit.
3227 1848 3360 1902 dum
3404 1849 3486 1901 ait
3526 1848 3671 1917 (38):

474 1923 599 1996 item
658 1924 963 1996 plerumque
1015 1926 1215 1981 Oudini
1276 1923 1506 1981 sectator
1573 1927 1979 1996 perstringitur:

474 1984 691 2062 ejusque
719 1984 1000 2062 objeciatio
1033 1999 1096 2050 de
1123 1998 1332 2051 vocibus
1357 1984 1763 2050 Latinis'tezrtui
1798 1984 1980 2050 Crwco

475 2063 722 2116 immistis
767 2067 1090 2135 exploditur.
1142 2067 1395 2135 Epistola:
1425 2069 1489 2119 ab
1527 2067 1739 2135 Ignatio
1771 2084 1829 2121 eo
1859 2077 1983 2119 tem-

472 2149 596 2201 pore
619 2139 945 2208 perscriptw,
973 2155 1075 2208 quo
1107 2139 1208 2205 fuit
1239 2139 1521 2192 Antiochia

479 2205 737 2273 martyrio
767 2205 1237 2263 consuminaudus.

1592 2154 1766 2192 omam
1790 2138 1982 2191 missus

474 2317 592 2373 Jam
636 2336 766 2376 vero
816 2322 1113 2390 postularet
1163 2322 1394 2377 instituti
1438 2322 1609 2377 nostri
1645 2321 1805 2385 ratio,
1833 2330 1894 2375 ut
1920 2319 1987 2374 de

404 2412 599 2465 harum
650 2413 1004 2480 epistularum
1057 2414 1367 2483 integritate
1425 2428 1605 2469 sermo
1673 2413 1985 2466 haberetur.

405 2500 512 2557 Sed
547 2515 728 2558 artum
759 2506 1000 2572 profecto
1035 2522 1343 2575 ageremus.
1379 2521 1502 2559 cum
1533 2504 1742 2575 jamdiu
1774 2521 1838 2560 eo
1869 2520 1990 2558 mu-

404 2606 535 2647 nere
569 2596 705 2649 adeo
742 2604 964 2650 strenue
993 2594 1262 2663 perfuncti
1305 2594 1509 2649 fuerint
1537 2594 1847 2663 complures
1886 2592 1989 2647 viri

403 2686 573 2753 docti,
609 2699 668 2742 ut
702 2689 804 2743 hac
841 2690 908 2743 de
941 2705 999 2743 re
1032 2690 1213 2744 nullus
1246 2689 1470 2743 omnino
1516 2687 1799 2742 dubitandi
1839 2687 1991 2740 locus

406 2780 664 2847 supersit,
698 2780 995 2834 dummodo
1028 2781 1277 2850 quisque,
1312 2779 1681 2849 pra-judicatis
1720 2777 1992 2848 opinioni—

404 2868 509 2922 bus
540 2871 804 2939 tantisper
836 2870 1109 2938 sepositis,
1145 2872 1356 2925 sineera
1386 2879 1565 2924 mente
1597 2879 1762 2938 atque
1810 2868 1992 2922 animo

407 2959 640 3026 ingenuo
660 2960 899 3013 rationes
921 2959 1171 3029 utrinque
1197 2960 1389 3013 allatas
1411 2958 1697 3027 diligenter
1719 2957 1981 3012 excutiat.

2088 1953 2105 1986 ι
2134 1934 2353 1988 Illarum
2376 1948 2554 1987 rerum
2581 1936 2763 2005 periti,
2796 1946 3025 2007 utroque
3051 1954 3213 2010 opere
3234 1939 3533 2009 diligenter
3565 1957 3654 2009 per

2081 2028 2245 2094 lceto,
2287 2040 2557 2095 negarunt
2592 2032 2865 2086 eruditum
2906 2031 3060 2085 illum
3104 2031 3277 2086 virum
3327 2033 3439 2087 ulla
3475 2036 3673 2088 ratione

2084 2121 2369 2180 Pearsonii
2429 2134 2754 2199 argumenta
2805 2124 3187 2180 labefactasse.
3232 2144 3251 2178 ι
3292 2125 3501 2181 Oudini
3558 2144 3675 2181 vero

2084 2214 2521 2273 dissertationem
2557 2218 2695 2287 ('59),
2724 2218 2820 2288 qui
2868 2215 3050 2272 Dallaei
3073 2218 3306 2288 ejusque
3356 2221 3673 2289 sequacium

2085 2308 2476 2378 objectationes
2531 2311 2853 2380 plerumque
2918 2311 3253 2367 instaurasse
3316 2313 3669 2381 perhibetur,

2090 2410 2239 2456 tanta
2282 2402 2501 2457 demum
2549 2404 2821 2458 rationum
2866 2408 2915 2458 vi
2973 2420 3097 2458 eum
3127 2405 3468 2460 elocutionis
3508 2408 3671 2476 digni-

2098 2502 2208 2548 tate
2253 2494 2566 2564 conjuncta,
2621 2511 2795 2564 nuper
2836 2494 3150 2552 confutasse
3196 2497 3463 2553 novimus
3507 2499 3672 2552 virum

2088 2586 2338 2642 doctrina
2383 2594 2437 2641 et
2490 2587 2798 2643 eruditione
2845 2597 3191 2658 praestantem
3246 2588 3525 2644 Thomam
3576 2590 3676 2643 Ma-

2089 2680 2225 2734 riam
2256 2677 2620 2734 Mamachium
2662 2679 2796 2749 (40),
2831 2690 2890 2735 ut
2916 2680 3039 2749 jure
3083 2697 3361 2750 usurpare
3407 2684 3584 2752 possit
3621 2682 3674 2739 ἵ.

2089 2772 2153 2826 C.
2188 2769 2497 2826 Tullianum
2526 2772 2657 2827 illud
2693 2791 2707 2827 :
2741 2772 2909 2826 Nullo
2939 2790 3058 2829 eum
3093 2774 3208 2828 loco
3244 2777 3540 2831 consistere
3570 2796 3675 2832 sua

2090 2879 2299 2931 passus.
2348 2863 2525 2934 Atque
2570 2863 2697 2918 inde
2732 2864 3005 2935 intelligas
3047 2868 3233 2932 velim,
3291 2870 3478 2923 soluta
3526 2871 3676 2925 simul

2094 2954 2393 3014 Heumannt
2418 2966 2738 3026 argumenta
2762 2977 2777 3025 ;
2801 2959 3001 3029 quippe
3021 2963 3113 3029 qui
3139 2960 3455 3016 Oudiniana
3476 2965 3678 3033 potiora

411 3047 664 3105 Vindiees
720 3050 1029 3121 lgnatianos
1100 3052 1403 3121 praecipuos
1469 3051 1727 3106 collectos
1787 3049 1986 3118 praebet
2012 3075 2055 3133 ε
2093 3050 2278 3119 paucis
2311 3059 2611 3115 contracta,
2650 3058 2908 3120 tanquam
2952 3053 3143 3122 lgnatii
3173 3055 3537 3123 epistolarum
3574 3073 3679 3111 cer-

407 3153 639 3212 utraque
684 3144 1025 3199 Coteleriana
1073 3144 1294 3201 Patrum
1347 3145 1771 3214 apostolicorum
1822 3143 1987 3198 editio

407 3235 927 3289 Amstelodamensis
953 3254 966 3290 :
1001 3237 1199 3304 quibus
1225 3248 1403 3290 tamen
1433 3236 1667 3291 addendi
1694 3234 1989 3289 Tillemon-

405 3326 518 3378 tius
573 3326 710 3395 (25),
759 3324 965 3383 Natalis
1019 3328 1326 3383 Alexander
1379 3329 1514 3396 (26),
1564 3326 1829 3382 Nourrius
1876 3325 1988 3395 (27)

408 3424 572 3485 atque
616 3418 919 3476 Ceillierius
964 3421 1098 3489 (28).
1148 3420 1334 3490 Neque
1380 3421 1659 3475 omittendi
1707 3420 1991 3474 Wottonus

410 3510 548 3576 (29).
582 3509 828 3567 Clericus
857 3514 990 3582 (50),
1048 3513 1443 3583 Wesselingius
1494 3513 1606 3583 (51)
1654 3520 1709 3568 et
1754 3510 1991 3566 Joannes

408 3597 718 3656 Ludovicus
748 3601 883 3673 Frey
920 3603 1032 3674 (52)
1062 3622 1075 3658 :
1106 3604 1199 3673 qui
1249 3620 1348 3673 pro
1378 3604 1690 3658 breviorum
1730 3601 1994 3670 Epistola-

408 3708 531 3746 rum
578 3696 935 3762 germanitate
969 3697 1166 3768 stylum
1196 3698 1533 3750 strinxerunt
1563 3696 1824 3749 adversus
1856 3693 1993 3749 Gui-

411 3784 657 3838 lielmum
686 3785 1055 3853 Whistonum,
1085 3788 1178 3858 qui
1206 3804 1315 3842 non
1344 3788 1522 3842 solum
1554 3794 1758 3856 septem
1787 3785 1996 3854 episto-

410 3877 493 3931 las
526 3876 826 3946 lougiores,
862 3894 1047 3932 verum
1096 3880 1261 3933 etiam
1316 3887 1424 3933 tres
1468 3876 1992 3947 pseudepigrapbas,

412 3967 478 4019 ad
511 3967 832 4033 Tarsenses,
862 3971 926 4024 ad
952 3971 1321 4026 Autiocbenos
1347 3982 1401 4025 et
1440 3971 1507 4023 ad
1542 3967 1837 4029 Heronem,
1870 3976 1993 4020 tan-

412 4074 578 4128 quam
623 4063 889 4130 genuinas
938 4063 993 4115 in
1030 4079 1129 4118 suo
1162 4062 1575 4117 Christianismo
1625 4059 1852 4113 redivivo
1882 4056 1995 4123 (55)

413 4152 563 4204 omni
582 4153 749 4206 animi
774 4155 1120 4208 contentione
1140 4154 1520 4223 propuguavit.
1546 4151 1836 4205 Wbistono
1854 4148 1996 4202 haud

415 4242 488 4296 ita
520 4244 727 4312 pridem
763 4262 927 4315 quam
960 4247 1207 4316 proxime
1243 4246 1475 4301 accessit
1506 4244 1749 4298 Joannes
1800 4241 2000 4309 Philip-

414 4349 518 4403 pus
549 4334 858 4393 Baraterius
887 4340 1022 4408 (54),
1053 4339 1227 4409 utqui
1258 4339 1385 4392 licet
1431 4338 1707 4392 breviores
1737 4334 1997 4403 epistolas

2086 3141 2300 3196 tissima
2347 3141 2557 3204 νοθείας
2605 3142 2806 3197 indicia
2845 3144 2950 3198 sibi
2988 3145 3160 3198 videri
3209 3159 3497 3202 asseverat
3550 3149 3676 3217 (Μ).

2089 3231 2325 3302 Jamque
2348 3232 2489 3287 idem
2527 3232 2795 3301 judicium
2824 3234 3022 3289 tulerat
3059 3236 3290 3304 ipsemet
3329 3236 3680 3294 Heumannus

2091 3327 2146 3380 in
2195 3326 2348 3380 Actis
2387 3325 2722 3380 eruditorum
2750 3327 2886 3398 (42),
2918 3325 3281 3384 Oxoniensem
3325 3330 3529 3386 Smithi
3569 3335 3680 3387 edi-

2093 3417 2294 3471 tionem
2334 3432 2666 3483 recensens;
2702 3419 2860 3488 cujus
2894 3418 3091 3474 deinde
3123 3424 3455 3477 sententiam
3488 3427 3682 3494 placuit

2092 3507 2305 3562 Oudino
2356 3508 2409 3561 in
2458 3508 2733 3564 laudatam
2794 3527 2949 3566 suam
3007 3513 3465 3571 dissertationem
3510 3528 3682 3573 trans-

2095 3598 2239 3654 l‘erre
2263 3600 2402 3669 (45).

2168 3687 2618 3760 Quandoquidem
2650 3706 2779 3748 vero
2806 3692 3110 3750 Germanus
3144 3696 3233 3751 ille
3253 3699 3489 3754 criticus
3522 3701 3577 3754 in
3612 3718 3669 3754 ea

2097 3779 2368 3849 Lipsiensi
2421 3781 2761 3844 recensione,
2813 3799 2977 3852 quam
3007 3786 3133 3839 licet
3155 3785 3376 3846 ()udioo
3396 3789 3679 3857 probatam

2097 3875 2507 3931 eruditissimus
2535 3875 2876 3933 Mamachius
2898 3881 3178 3948 pratteriit,
3202 3880 3348 3934 inter
3372 3890 3536 3936 notas
3558 3898 3679 3949 sup-

2100 3967 2394 4039 positiouis
2421 3969 2738 4023 earumdem
2778 3971 3168 4039 epistolarum,
3217 3972 3353 4025 illud
3394 3973 3565 4026 etiam
3602 3989 3679 4025 re-

2099 4058 2240 4112 ferre
2291 4074 2400 4128 prie
2450 4074 2511 4113 se
2553 4058 2695 4125 fert,
2732 4062 2878 4130 quod
2921 4062 3126 4117 Graecis
3164 4063 3395 4117 vocibus
3435 4065 3675 4132 quedam

2098 4150 2260 4205 etiam
2334 4150 2541 4206 Latinae
2604 4153 2858 4208 immistae
2921 4155 3307 4224 reperiantur,
3375 4157 3674 4225 cujusmedi

2099 4251 2228 4296 sunt
2250 4242 2652 4312 ἐξεμπλάριον
2680 4244 2810 4316 (AM),
2844 4244 3157 4314 δεσέρτωρ,
3188 4246 3676 4309 δεπόσιτα,ἇιαε-

2103 4346 2221 4385 arta
2249 4333 2381 4406 (45);
2405 4335 2762 4404 queriturque
2802 4336 3028 4405 proinde
3060 4336 3422 4392 Pearsouium
3446 4356 3511 4394 ac
3535 4338 3673 4393 Sini-

411 4427 563 4482 velut
587 4429 830 4485 sinceras
857 4440 1140 4502 agnoscat,
1172 4430 1447 4499 longiores
1478 4440 1658 4483 tamen
1686 4429 1801 4482 sive
1828 4426 1993 4481 inter.
2030 4424 2073 4478 Ι)
2099 4426 2250 4479 thum
2281 4426 2399 4481 loca
2426 4427 2518 4482 illa
2551 4429 2779 4483 omnino
2816 4430 3258 4498 praetermisisse,
3308 4432 3459 4501 quod
3497 4442 3673 4487 essent

483 4603 599 4677 (ἓᾴ)
628 4604 794 4677 ςγδι).
831 4605 1042 4676 Spicil.,
1074 4616 1211 4661 tom.
1239 4608 1307 4672 ll,
1337 4622 1393 4677 p.
1424 4607 1495 4677 i5
1524 4621 1678 4676 seqq.

627 4674 1046 4757 :ly‘ilileunﬂém.
1087 4679 1213 4732 eccl.
1247 4674 1387 4757 tum.
1424 4676 1487 4739 ll,
1521 4674 1677 4757 pagg.

510 4738 601 4809 ‘26)
627 4743 749 4799 Nat.
784 4747 934 4799 Alex.
972 4747 1114 4801 Hist.
1152 4748 1304 4811 ecc!.,
1332 4738 1557 4806 suumn.
1592 4738 1994 4801 dissert.xxut.

416 4813 603 4937 ⁷80223
636 4813 803 4869 Nour.
854 4817 1053 4887 Appar.
1097 4818 1165 4871 ad
1216 4818 1359 4873 Bibl.
1403 4817 1547 4885 PP.,
1596 4826 1729 4871 tom.
1781 4817 1827 4882 Ι,
1871 4831 1994 4884 pag.

511 4899 535 4935 s
609 4900 665 4937 (ι.

511 4898 665 4936 εθαα.

489 4898 791 5026 (ξίξῖᾞξβιιι.
825 4955 971 5009 Hist.
1002 4973 1173 5025 gener.
1202 4966 1336 5011 tom.
1370 4957 1412 5023 Ι,
1444 4973 1566 5026 pag.
1598 4957 1703 5010 625
1734 4971 1885 5026 seqq.

487 5024 599 5093 (‘29)
626 5023 870 5078 Wotton.
898 5023 1110 5080 I’raifat.
1130 5027 1195 5081 ad
1226 5027 1400 5097 Epist.
1434 5023 1493 5083 S.
1520 5023 1792 5082 'Cletnent.
1812 5023 1989 5079 ’Rom.

414 5110 999 5168 pagg_._c5xxxut-ccu.

489 5165 601 5233 (30)
631 5164 829 5220 Cleric.
858 5168 911 5219 in
946 5166 1098 5221 calce
1127 5166 1236 5220 vol.
1267 5165 1311 5220 ll
1341 5166 1455 5222 PP.
1500 5176 1695 5238 apost.,
1740 5182 1859 5236 pag.
1892 5164 1989 5220 501

415 5248 601 5425 Σζέἓί)
634 5304 962 5377 Wesseliug.
996 5304 1270 5361 Probabil.
1318 5307 1413 5362 tib.
1460 5309 1596 5379 sing.
1640 5323 1763 5377 cap,
1803 5307 1892 5374 55’
1938 5320 1990 5374 ρ.

420 5411 450 5425 ι-
489 5392 521 5424 ο)
545 5390 697 5425 εθαιι.

420 5390 770 5529 die???)
795 5445 1104 5529 Wesed
1134 5445 1572 5529 Eris!-_Ss-.Pl?-
1607 5521 1618 5529 .
1703 5521 1712 5529 .
1910 5520 1919 5529 .

494 5513 606 5589 {55)
634 5513 939 5589 ξνιιιξίοιιζ
961 5516 1089 5589 The,
1114 5513 1375 5587 primitive
1416 5519 1772 5589 Christianity
1818 5520 1996 5582 reuiu,

422 5583 609 5654 volal.
645 5584 843 5654 L0nd.,
876 5587 1035 5654 ΠΗ,
1070 5583 1124 5641 8.

498 5652 841 5728 (Mpll‘arat.
897 5652 1115 5713 Dissert.
1168 5677 1184 5716 ι
1230 5668 1284 5716 et
1330 5677 1368 5716 ιι
1416 5660 1479 5715 de
1528 5660 1753 5715 Constit.
1804 5668 1999 5728 aposL,

425 5739 582 5797 pagg.
616 5724 743 5793 250,
766 5726 896 5784 279.

1710 4673 1838 4739 2M,
1870 4673 1994 4727 581.

2171 4602 2287 4671 (55)
2317 4602 2493 4657 Cicer.
2528 4601 2604 4655 De
2632 4602 2788 4670 ofﬂa,
2817 4601 2914 4671 lib.
2954 4616 3014 4664 ιι,
3042 4616 3162 4669 cap.
3191 4600 3225 4654 9
3250 4614 3347 4654 seu
3382 4600 3472 4655 15.

2172 4669 2288 4744 (56)
2317 4672 2436 4744 Βυι.
2461 4669 2682 4744 Defens.
2702 4671 2799 4741 ῥά.
2832 4670 2982 4737 Nic.,
3008 4682 3141 4727 sect.
3167 4686 3248 4737 ιιι,
3271 4685 3393 4740 cap.
3425 4670 3479 4733 1,
3507 4669 3571 4742 §§
3598 4671 3673 4723 lt}-

2104 4742 2192 4808 14,
2226 4760 2359 4812 pag.
2379 4742 2641 4796 179-184.

2174 4810 2519 4881 (3’7)'Nourr.
2552 4813 2751 4881 Appar.
2784 4810 2820 4865 l.
2846 4825 2895 4863 c.

2174 4817 2266 4881 (57
2321 4817 2519 4866 Nourr.
2552 4817 2751 4880 Appar.
2784 4817 2820 4865 ι.
2846 4825 2895 4863 c.

2170 4817 2289 4954 (58)
2317 4883 2515 4938 Cleric.
2547 4880 2765 4954 Praefat.
2791 4881 2858 4935 ad
2891 4880 2999 4954 vol.
3036 4879 3098 4954 ll.
3138 4877 3243 4933 PP.
3278 4878 3531 4954 Apostol.

2174 4950 2288 5023 (59)
2316 4953 2517 5007 Oudin.
2549 4951 2841 5006 Comment.
2879 4950 2942 5005 de
2971 4952 3219 5019 scriptor.
3260 4951 3428 5023 ecclg,
3476 4961 3604 5004 tom.
3631 4952 3668 5009 Ι.

2212 5066 2225 5078 .
2269 5024 2336 5077 89
2360 5040 2513 5078 sena.

2100 5042 2166 5096 pa
2212 5066 2225 5078 .
2269 5040 2513 5092 wscqq.

2174 5042 2286 5163 ῗιιο)
2311 5092 2580 5163 Mamach.
2610 5091 2869 5163 Originu.
2904 5098 2953 5143 et
2992 5091 3192 5161 antiqq.
3234 5089 3589 5150 Christiann.,
3632 5097 3663 5138 tr

2099 5162 2191 5223 1V.
2231 5162 2352 5233 pag.
2385 5162 2644 5233 577-496.

2174 5229 2510 5304 (illlleum.
2548 5232 2742 5304 Consp.
2782 5233 2910 5304 reip.
2956 5232 3147 5304 (ἕψῃ),
3194 5244 3317 5299 cap.
3354 5229 3405 5293 7,
3456 5229 3485 5300 §
3530 5241 3663 5285 κως,

2102 5324 2156 5377 p.
2182 5299 2407 5377 ‘49l,_et
2432 5303 2803 5377 Pmcil.,_tom_.
2834 5299 2975 5377 ll_,_p.
3005 5300 3131 5353 248.
3207 5369 3289 5377 ‘__
3310 5369 3335 5377 Α
3467 5299 3470 5300 ⁷

2175 5365 2372 5446 (4‘))“
2397 5375 2452 5429 in
2484 5373 2601 5427 Act.
2633 5365 2808 5426 Erud.
2852 5365 3002 5441 Lips.
3032 5387 3161 5425 ann.
3202 5369 3360 5427 i710.
3389 5384 3512 5439 pag.
3551 5365 3661 5426 196,

2103 5464 2217 5502 500.

2164 5464 2286 5585 (2&5)
2315 5512 2491 5568 Oudin
2529 5512 2590 5585 _l.
2620 5529 2693 5578 c.,
2727 5527 2858 5585 pag;
2890 5510 3012 5566 159.

2174 5575 2285 5654 (44)
2314 5586 2485 5654 lgnat.
2519 5575 2689 5651 Epist.
2720 5575 2788 5635 ad
2803 5575 3057 5654 ’ξιιιννηη
3088 5594 3208 5647 cap.
3244 5577 3332 5642 12,
3361 5576 3425 5632 ad
3454 5575 3660 5645 Ephes...

2103 5675 2221 5725 cap.
2247 5652 2303 5719 Ξ,
2324 5652 2401 5725 ad
2430 5654 2594 5707 Trall.
2619 5695 2633 5716 ,
2662 5667 2783 5725 cap:
2822 5652 2875 5725 5.

2179 5717 2297 5797 (liii)
2321 5724 2395 5780 Id.
2431 5725 2603 5793 Epist.
2637 5723 2706 5776 ad
2732 5717 3051 5791 ‘Pulgcarpq
3084 5736 3202 5791 cap.
3236 5717 3287 5773 Ἰ.
