3754 6206
102 290 187 344 5‘77
1131 281 1430 338 ANDREIE
1469 279 1842 337 GALLANDII
1876 279 2243 336 PROfEMlA.

3232 283 3339 341 578

102 426 155 462 eo
179 407 348 477 judice
380 408 524 463 satis
546 406 909 463 incommoda
951 405 1294 477 nimiumque
1333 407 1535 478 negotii
1576 405 1658 459 la-
1686 411 1732 466 Α
1759 405 1909 459 dedit
1935 405 2002 459 ad
2032 404 2537 474 Philadclpheuses,
2570 407 2636 461 ad
2674 406 3010 478 Smyrnaeos,
3050 408 3308 477 privatim

104 508 389 555 cesserent‘:
438 501 534 554 hic
566 501 794 554 demum
842 500 1149 553 istiusmodi
1193 499 1656 568 ohjectamentum

102 593 259 646 tuliere
278 600 521 660 praestat,
561 608 695 646 cum
729 590 959 646 Vossius
998 599 1051 645 et
1098 589 1402 646 Cotelcrius
1435 591 1655 645 censori

102 695 259 739 nostro
290 685 430 739 haud
482 685 696 741 fecisse
748 685 883 741 satis
928 685 1233 739 videantur.
1284 684 1414 738 Rem
1466 683 1657 753 paucis

102 777 452 847 transigamus.
484 776 548 832 Si
575 779 754 833 sancti
783 778 1037 850 martyris
1076 777 1268 847 lgnatii
1301 778 1658 846 epistolarunt

100 866 352 921 sinceritas
383 869 741 936 periclitetur
761 910 775 935 ,
801 869 943 938 quod
982 868 1037 922 in
1087 869 1220 938 ipsis
1258 868 1465 937 aliquot
1494 882 1659 923 voces

100 953 273 1009 Latina:
297 967 640 1021 occurrant,
686 959 752 1013 de
798 958 998 1013 divinis
1031 974 1252 1029 quoque
1289 957 1425 1014 Novi
1468 957 1660 1013 Testa-

100 1044 240 1099 mettti
284 1045 480 1101 litteris
533 1048 945 1101 conclamatum
980 1047 1229 1116 profecto
1279 1049 1403 1103 erit.
1455 1046 1513 1101 In
1566 1047 1654 1103 his

98 1135 212 1186 enini
244 1136 492 1205 legimus,
529 1140 897 1206 κεντουρίων
926 1138 1057 1209 (46),
1092 1138 1325 1207 κῆνσος
1359 1138 1490 1209 (47),
1516 1156 1658 1192 κου-

97 1225 284 1278 arcadia
316 1228 425 1298 (48)
449 1269 465 1293 ,
518 1227 882 1297 πραιτώριον
928 1229 1071 1301 (49),
1125 1231 1484 1299 σιμικίνθιον
1517 1230 1658 1301 (50),

97 1318 381 1386 σουδάριον
410 1321 529 1392 (51)
557 1362 574 1386 ,
625 1321 1052 1390 σπεκουλάτωρ
1093 1320 1235 1391 (52),
1272 1323 1473 1388 τίτλος
1520 1322 1655 1394 (55).

100 1406 245 1473 Sieo,
279 1411 545 1481 inquam,
587 1414 810 1467 nomine
852 1422 1111 1483 tanquam
1167 1415 1509 1484 interpolata:
1558 1425 1660 1470 aut

98 1501 558 1572 pseudepigraphae
588 1504 705 1558 sint
752 1504 1013 1559 habendae
1056 1504 1351 1575 lgnatiana:
1391 1506 1658 1575 epistolae,

98 1588 207 1643 Novi
234 1609 358 1663 ergo
390 1594 655 1651 Fmderis
697 1597 953 1651 αὑθεντία
978 1598 1235 1652 concidat
1270 1614 1494 1654 necesse
1533 1600 1658 1653 erit.

99 1679 208 1744 Quis
234 1694 413 1738 autem
449 1701 611 1739 sanae
638 1688 834 1741 mentis
861 1688 926 1742 de
958 1687 1155 1743 litteris
1194 1688 1457 1744 divinitus
1483 1688 1660 1758 inspi-

97 1771 219 1835 ratis,
244 1773 291 1827 id
322 1775 533 1830 nedum
571 1776 778 1837 dicere,
807 1778 902 1831 sed
935 1793 1003 1832 ne
1029 1779 1271 1848 cogitare
1304 1779 1523 1848 quidem
1550 1794 1654 1834 au-

94 1862 323 1920 deattAn
356 1883 494 1922 vero
521 1868 795 1922 vocabula
825 1869 949 1931 ista,
982 1870 1364 1938 κεντουρίων,
1400 1869 1653 1939 κῆνσος,

95 1961 431 2026 κουστωδία,
466 1972 608 2028 etc.,
640 1964 848 2019 castius
878 1963 1181 2034 puriusque
1205 1963 1392 2019 Graece
1427 1974 1653 2029 sonant,

95 2067 226 2117 quam
266 2054 727 2124 ἑξεμπλάριον,
784 2056 1109 2124 δεσέρτωρ,
1166 2056 1502 2110 demimus?
1549 2068 1654 2113 etc.

93 2144 215 2207 Quod
242 2146 283 2199 si
310 2148 598 2216 apostolis
630 2156 687 2202 et
707 2148 1085 2218 evangelistis,
1126 2146 1382 2204 Matthan
1418 2148 1538 2214 (aut
1560 2190 1574 2211 ,
1607 2150 1654 2205 si

92 2234 253 2302 nmis,
284 2237 407 2306 ejus
441 2237 786 2307 interpreti),
820 2237 1024 2304 Marco,
1057 2236 1478 2305 Lucaaﬂoanni,
1512 2238 1656 2293 Pau-

91 2326 129 2379 Ιυ
166 2328 337 2385 Grtece
360 2330 749 2385 scribentibus
775 2370 791 2396 ,
846 2344 1011 2385 voces
1061 2329 1342 2386 Romanas
1386 2347 1655 2401 usurpare

91 2415 343 2485 aliquando
376 2420 579 2483 licuit,
620 2420 812 2489 quidni
837 2429 892 2474 et
912 2419 1122 2492 Ignatio
1148 2421 1525 2490 apostolorum
1569 2424 1654 2477 di-

89 2506 299 2577 scipulo?
344 2510 457 2566 Sed
499 2526 687 2580 neque
730 2511 865 2565 vitio
893 2511 1113 2565 demum
1145 2514 1406 2567 vertenda
1452 2512 1655 2568 divinis

88 2601 403 2665 auctoribus,
440 2602 703 2671 adeoque
729 2601 927 2670 potiori
953 2603 1079 2671 jure
1106 2616 1284 2672 neque
1314 2612 1508 2660 sancto
1534 2606 1657 2674 epi-

88 2703 223 2759 scopo
249 2693 632 2757 Antiocheno,
668 2693 986 2763 hujusmodi
1023 2692 1300 2749 scribendi
1350 2696 1489 2751 ratio
1522 2715 1536 2751 :
1573 2697 1656 2752 sic

88 2782 201 2834 enim
234 2782 446 2839 ferebat
479 2785 743 2851 occasio;
776 2796 908 2841 tunc
956 2788 1223 2858 temporis
1252 2787 1515 2843 nimirum
1552 2804 1651 2858 per

87 2872 365 2930 universam
403 2874 523 2929 fere
556 2874 848 2941 Graeciam,
876 2875 1091 2948 Syriam
1114 2917 1129 2943 ,
1174 2877 1493 2948 Egyptum.
1520 2887 1651 2943 θῑοου

90 2959 306 3022 Romano
338 2968 589 3038 imperio
616 2968 777 3038 longe
808 2968 1024 3038 lateque
1055 2978 1377 3041 propagato,
1414 2980 1476 3024 ut
1510 2969 1655 3039 Opti-

89 3068 158 3108 me
182 3060 356 3129 arguit
384 3060 459 3114 cl.
495 3059 863 3115 Blaekwallus
892 3061 1029 3131 (54).
1074 3060 1263 3132 Neque
1311 3063 1472 3117 aliter
1519 3076 1653 3117 sane

1760 512 1867 567 que
1900 497 1969 551 ad
2017 495 2379 567 Polycarpum
2436 500 2632 553 horum
2676 502 3019 570 episcopum.
3076 500 3181 555 Sed
3228 517 3342 572 quo

1761 590 1981 645 demum
2025 605 2172 643 anno
2211 589 2317 644 ista
2353 592 2720 662 contigerint,
2755 608 2875 663 cap.
2926 602 3193 663 sequente
3238 609 3339 663 op--

1760 681 2054 752 portunius
2082 680 2526 752 disquirendum.
2550 680 2567 697 '

2377 842 2604 898 CAPUT
2646 842 2708 897 v.

1762 954 1867 1027 De_
1891 954 2443 1027 lgttatianinmartyrii
2490 961 2637 1013 Actis
2678 959 2894 1012 sinceris
2943 976 2974 1011 a
3024 958 3342 1012 Thcodcriro

1831 1025 2116 1079 Ruinartio
2163 1026 2222 1081 γ.
2251 1026 2312 1082 C.
2342 1025 2585 1096 primum
2632 1030 2809 1082 editis.
2867 1028 3069 1082 Eorum
3126 1039 3342 1097 uterque

1832 1107 1975 1149 vetus
2010 1099 2263 1167 interpres
2302 1099 2516 1153 additus
2542 1114 2561 1151 :
2593 1099 2868 1170 integritas
2896 1101 3082 1168 paucis
3115 1110 3338 1153 asserta.

1835 1206 1893 1263 S.
1929 1208 2119 1280 lgnatii
2147 1211 2394 1280 epistolis
2444 1213 2699 1283 genuinis
2741 1214 2877 1269 Acta
2910 1213 3161 1283 Martyrii
3189 1215 3341 1283 ejus-

1761 1301 1885 1357 dem
1916 1304 2130 1358 sincera
2165 1305 2538 1375 subjecimus,
2581 1308 2946 1363 anuiensem
2984 1309 3179 1364 Smithi
3221 1311 3341 1365 edi-

1765 1395 1965 1449 tionem
1992 1397 2187 1460 secuti,
2214 1407 2273 1451 ut
2294 1399 2549 1467 superius
2582 1400 2883 1456 innuimus.
2915 1401 3104 1457 Grzeco
3148 1404 3342 1469 textui,

1762 1501 1793 1540 e
1823 1487 2014 1543 codice
2053 1488 2372 1544 Colbertino
2405 1507 2432 1543 a
2465 1490 2530 1546 V.
2563 1492 2628 1547 C.
2677 1491 3015 1549 Theoderico
3059 1494 3344 1550 Ruiuartio

1764 1580 2002 1647 primum
2041 1581 2317 1651 evulgato,
2364 1584 2639 1653 duplicem
2695 1586 2954 1655 utrinque
2995 1588 3343 1657 appinximus

1763 1669 2013 1726 Latinam
2038 1676 2347 1729 versionem
2377 1694 2392 1742 ;
2430 1677 2657 1731 alteram
2694 1680 2914 1749 quidem
2941 1681 3140 1735 veteris
3175 1681 3346 1735 inter-

1686 1765 1729 1819 Β
1759 1766 1949 1834 prelis,
1977 1782 2006 1821 e
2039 1782 2143 1822 ms.
2183 1768 2404 1837 Cajensi
2454 1770 2524 1824 ab
2578 1770 2807 1827 Usserio
2845 1772 3173 1843 jampridem
3224 1776 3342 1830 edi-

1759 1862 1905 1920 tam;
1931 1856 2157 1910 alteram
2190 1873 2320 1912 vero
2344 1859 2414 1913 ab
2435 1860 2624 1914 eodem
2652 1861 2939 1918 Ruinartio
2979 1865 3340 1921 adornatam:

1757 1963 1922 2017 quam
1954 1949 2100 2002 enim
2137 1949 2385 2005 Clericus
2407 1952 2619 2018 refecit,
2668 1954 2891 2023 insuper
2938 1955 3235 2012 habuimus
3276 1974 3340 2012 ea

1757 2039 1824 2092 de
1853 2054 2020 2094 causa
2047 2040 2207 2110 cujus
2228 2043 2392 2111 paulo
2426 2055 2552 2098 ante
2577 2048 2951 2104 meminimus.
2987 2050 3164 2105 Aliam
3197 2070 3343 2122 quo-

1757 2145 1865 2201 que
1917 2133 2210 2200 separatim
2253 2134 2557 2204 adjecimus
2604 2138 2883 2208 antiquam
2929 2142 3262 2209 versionem,
3311 2162 3344 2200 e

1757 2224 1948 2278 codice
1992 2224 2323 2281 Coltoniano
2371 2243 2401 2282 a
2445 2228 2665 2285 laudato
2708 2230 2931 2288 Usserio
2963 2235 3338 2307 descriptam;

1757 2316 1904 2385 quod
1940 2316 2061 2386 ejus
2085 2327 2282 2373 auctor
2307 2336 2497 2375 verum
2534 2322 2796 2380 Actorum
2828 2326 3143 2383 Graecorum
3164 2346 3347 2385 exem-

1756 2408 1877 2476 plar
1910 2424 2020 2477 pra:
2043 2410 2219 2465 oculis
2248 2411 2509 2468 habuisse
2539 2426 2821 2485 noscatur,
2859 2420 2982 2474 licet
3012 2423 3346 2492 quandoque

1756 2506 1937 2553 textus
1974 2508 2073 2554 aut
2103 2504 2431 2558 sententiam
2468 2515 2565 2559 aut
2604 2509 2769 2563 verba
2810 2510 3131 2581 neutiquam
3177 2513 3347 2569 fuerit

1756 2602 2066 2649 assecutus.
2112 2593 2192 2649 Eo
2241 2606 2424 2651 autem
2473 2600 2708 2653 consilio
2753 2611 3051 2673 utrumque
3103 2615 3343 2660 veterem

1756 2680 2108 2752 interpretem
2143 2685 2534 2753 proferendum
2566 2691 3029 2759 existimavimus,
3057 2711 3167 2764 quo
3189 2696 3345 2751 Grae-

1755 2773 1836 2828 cis
1869 2773 1960 2828 lux
1994 2775 2173 2844 major
2194 2777 2510 2843 accederet,
2551 2781 2730 2835 sicubi
2783 2783 2929 2838 haud
2967 2785 3103 2839 satis
3156 2794 3345 2854 aperta

1755 2866 1874 2921 sive
1907 2868 2087 2923 minus
2116 2871 2404 2925 emendata
2435 2882 2748 2927 occurrant.

1830 2956 1906 3012 De
1953 2959 2149 3014 horum
2194 2971 2375 3015 autem
2419 2963 2683 3018 Actorum
2729 2964 2989 3037 αὐθεντιᾳ
3048 2982 3212 3020 nemo
3258 2976 3346 3023 est

1758 3049 1854 3119 qui
1890 3050 2012 3118 jure
2042 3053 2129 3105 vel
2157 3054 2447 3109 minimum
2481 3056 2745 3125 ambigat.
2782 3056 3085 3125 Siquidem,
3120 3067 3179 3110 ut
3215 3074 3339 3111 cum

88 3148 296 3216 antiquis
326 3150 562 3205 Graeciae
593 3150 955 3219 scriptoribus
989 3168 1091 3207 usu
1128 3153 1298 3219 venit,
1353 3152 1651 3221 Herodoto,

1825 3143 1976 3197 nitlto
2008 3145 2203 3214 loquar
2228 3146 2366 3218 (56),
2404 3164 2424 3200 ι
2462 3162 2492 3200 a
2523 3146 2891 3203 familiaribus
2927 3148 2984 3202 S.
3017 3149 3205 3218 lgnatii
3248 3150 3343 3218 qui

88 3235 403 3312 Thucydidi,
458 3241 854 3311 Xenophonti;
920 3244 1061 3313 apud
1124 3259 1265 3314 quos
1324 3245 1652 3314 ἀκινάκης,

86 3330 237 3399 ἄσχυ,
265 3333 472 3401 βᾶρις,
509 3333 759 3399 κανδὸς,
793 3334 1073 3402 κάρανος,
1100 3335 1314 3401 πάσας,
1343 3337 1655 3407 παρασάγ-

88 3440 176 3490 γης
201 3427 448 3496 aliasque
480 3440 653 3480 voces
687 3427 1028 3497 peregrinas,
1062 3426 1335 3491 Persicas,
1366 3427 1653 3500 Egyptia-

88 3529 186 3580 cas,
215 3518 391 3588 legere
425 3526 556 3573 est:
599 3525 891 3586 propterea
925 3519 1137 3574 scilicet
1175 3521 1321 3589 quod
1364 3520 1455 3575 illa
1498 3531 1656 3577 astate

89 3622 172 3672 qua
203 3608 465 3665 florebant
513 3610 554 3663 ii
601 3607 828 3663 Graeciaa
861 3610 1160 3679 scriptores
1192 3612 1507 3678 cultissimi,
1532 3612 1658 3667 Per-

88 3713 265 3764 sarum,
289 3702 692 3774 Egyptiorum
723 3701 1067 3771 aliarumque
1095 3701 1337 3757 Orientis
1366 3707 1654 3759 nationum

92 3789 225 3857 bella,
249 3794 610 3855 commercia,
642 3793 862 3859 itinera,
891 3794 1074 3863 plures
1109 3794 1381 3864 ejusmodi
1410 3796 1657 3851 exoticas

88 3896 229 3940 voces
255 3888 303 3940 in
332 3887 592 3942 Graecam
631 3886 874 3954 linguam
920 3887 1258 3942 invexerant.
1304 3889 1483 3957 Atque
1526 3889 1656 3944 hinc

91 3988 203 4030 sane
226 3979 455 4049 quisque
484 3978 752 4049 intelligit
774 3993 940 4049 quam
971 3979 1251 4033 immerito
1297 3979 1404 4035 ista
1436 3978 1658 4050 objece-

89 4066 148 4119 rit
178 4071 257 4123 vir
282 4072 367 4126 ille
390 4072 651 4127 criticus.

147 4161 210 4214 At
246 4162 348 4217 alio
383 4160 763 4218 convertenda
806 4170 891 4216 est
926 4161 1104 4217 oratio
1139 4179 1153 4216 :
1199 4162 1464 4232 temporis
1505 4161 1657 4218 enim

91 4253 397 4309 notationem
430 4269 549 4324 quo
586 4253 834 4322 epistola:
862 4268 934 4307 vu
974 4254 1043 4308 ab
1084 4253 1293 4324 lgnatio
1340 4255 1657 4324 perscriptae

94 4337 331 4410 teruntur,
383 4354 582 4399 nostra
632 4342 864 4398 interest
900 4343 1145 4399 delinire.
1177 4343 1407 4399 Constat
1449 4353 1651 4408 autem,

94 4428 302 4488 Eusebio
327 4445 463 4492 teste
496 4435 645 4507 (55),
686 4444 936 4490 sanctum
972 4447 1266 4506 martyrem
1299 4451 1365 4490 eo
1396 4436 1449 4489 in
1496 4436 1656 4489 itine-

1757 3239 2051 3295 Antiochia
2100 3240 2333 3295 Romam
2382 3257 2558 3312 usque
2594 3242 2747 3297 illum
2784 3254 2912 3297 sunt
2956 3244 3223 3308 comitati,
3262 3253 3342 3297 at-

1758 3348 1866 3404 que
1914 3333 2065 3388 illius
2109 3334 2305 3388 ultimo
2350 3343 2405 3389 et
2444 3335 2685 3390 maxime
2712 3336 2953 3406 glorioso
2984 3336 3143 3406 agoni
3173 3337 3343 3389 inter-

1759 3425 1933 3493 fuere,
1965 3426 2239 3496 descripta
2275 3425 2465 3491 fuisse,
2496 3428 2673 3482 multa
2713 3428 2766 3480 in
2801 3427 2936 3497 ipsis
2974 3429 3127 3482 Actis
3169 3428 3220 3481 id
3266 3439 3346 3481 te-

1758 3517 2119 3573 statissimum
2171 3518 2427 3572 reddunt.
2473 3517 2529 3572 In
2582 3519 2863 3595 hislenim
2913 3519 2993 3573 sic
3042 3519 3345 3589 loquuntur

1757 3612 1851 3682 qui
1875 3626 1939 3665 ea
1968 3610 2164 3666 litteris
2192 3609 2464 3665 tradidere
2509 3611 2622 3681 (57)
2652 3630 2665 3665 :
2709 3611 2907 3679 Ἡμεῖς
2932 3610 3049 3680 μὲν
3082 3612 3345 3680 ἄκοντες

1756 3704 2120 3773 ἀπηγόμεθα,
2155 3702 2476 3768 στένοντες
2514 3701 2613 3755 ἐπὶ
2645 3701 2724 3767 τῷ
2754 3703 2857 3772 ἀφ’
2888 3703 3058 3773 ἡμῶν
3082 3705 3346 3774 μέλλονκο

1757 3813 1813 3849 τι
1858 3794 2133 3864 χωρισμῷ
2180 3794 2288 3847 τοῦ
2338 3793 2572 3848 δικαίου
2618 3794 2909 3863 γίνεσθαι.
2961 3794 3075 3849 Nos
3132 3797 3345 3867 qudem

1756 3887 1911 3940 inviti
1959 3886 2387 3951 abducebamur,
2420 3896 2679 3955 gementes
2717 3888 2779 3941 ob
2823 3890 3208 3958 separatiOnem
3241 3891 3343 3945 viri

1747 3976 1887 4047 justi
1920 3993 1953 4029 a
1980 3978 2129 4030 nobis
2158 3992 2280 4031 mox
2308 3978 2570 4047 futuram.
2614 3977 2680 4033 Et
2722 3980 3004 4036 nonnullis
3041 3981 3344 4053 interjectis

1757 4069 1859 4124 sub
1889 4068 2049 4123 linem
2077 4067 2193 4141 (58)
2225 4086 2238 4123 :
2276 4070 2511 4124 Τούτων
2538 4072 2829 4126 αὐτόπται
2858 4075 3187 4144 γενόμενοι.
3229 4075 3345 4129 Ilo-

1756 4176 1873 4213 rttm
1902 4176 1994 4214 nos
2033 4161 2137 4229 ipsi
2160 4172 2480 4230 spectatores
2535 4163 2689 4232 facti.
2736 4162 2881 4231 Haec,
2915 4165 3139 4238 inquam
3166 4211 3181 4235 ,
3210 4170 3346 4224 alia-

1756 4267 1864 4322 que
1889 4262 2043 4307 extra
2078 4268 2243 4309 omne
2267 4254 2495 4309 dubium
2524 4265 2754 4325 ponunt,
2788 4273 2817 4311 a
2852 4257 2909 4313 S.
2944 4258 3133 4328 lgnatii
3167 4264 3343 4316 comi-

1757 4342 1905 4398 tibus
1934 4342 2068 4399 Acta
2098 4343 2415 4413 hujusmodi
2452 4344 2626 4401 fuisse
2654 4349 2957 4417 perscripta
2988 4367 3003 4404 :
3035 4361 3086 4404 et
3118 4352 3339 4419 quidem

1758 4448 1865 4488 non
1902 4435 2061 4505 longe
2088 4443 2214 4504 post
2247 4435 2420 4505 ipsius
2445 4438 2979 4492 consummationem
3008 4479 3023 4505 ,
3071 4450 3124 4492 et
3156 4442 3340 4507 proxi-

95 4536 145 4574 re
170 4524 279 4578 illas
310 4502 599 4591 exarasse,
628 4540 740 4596 quo
762 4526 921 4594 jussu
948 4524 1173 4595 Trajani
1199 4526 1431 4594 Augusti
1457 4526 1651 4580 Antio—
1683 4502 1730 4561 θ
1758 4542 1867 4593 ιιιο,
1921 4538 1978 4581 ut
2028 4528 2486 4583 verisimillimum
2527 4531 2761 4593 videtur,
2817 4546 3002 4599 anno;
3056 4532 3189 4588 dum
3249 4550 3338 4589 res

96 4614 202 4667 chia
249 4615 477 4671 Romam
529 4616 939 4682 deducebatur,
992 4617 1123 4672 feris
1172 4617 1534 4687 objiciendus.
1588 4615 1654 4670 Et

96 4716 301 4770 quatuor
322 4709 574 4778 quidem,
609 4712 738 4763 eum
769 4706 1063 4779 Smyrnam
1103 4709 1467 4779 pervenisset,
1506 4707 1658 4762 misit

98 4808 153 4846 ex
202 4799 296 4854 ista
342 4802 479 4856 urbe
530 4799 603 4855 ad
652 4798 941 4870 Ephesios,
1003 4801 1071 4855 ad
1127 4799 1536 4870 Magnesianos,
1584 4800 1652 4854 ad

98 4883 375 4948 Tullianos
401 4903 576 4963 atque
608 4891 677 4945 ad
722 4890 1041 4947 Romanos:
1083 4892 1312 4947 ulterius
1352 4906 1483 4946 vero
1524 4905 1659 4960 pro-

102 4993 310 5051 gressus,
338 4986 472 5040 dum
500 4983 722 5039 Troade
752 4984 1096 5051 consisteret,
1125 4985 1250 5039 inde
1277 4992 1387 5040 tres
1414 4984 1656 5054 reliquas

166 5094 260 5162 (56)
289 5098 455 5156 Marc.
496 5115 593 5162 xv,
617 5099 708 5163 39,
751 5099 839 5165 Μ,
866 5099 958 5154 45.

168 5166 260 5231 (47)
287 5170 473 5226 Matth.
503 5186 641 5233 xvu,
676 5166 776 5235 ‘24;
806 5185 944 5235 xxii,
975 5168 1057 5232 l7,
1090 5169 1177 5223 lt).

169 5236 261 5305 (48)
291 5240 480 5296 Matth.
517 5241 798 5305 xxvn,65,
817 5242 913 5305 66;
942 5256 1133 5305 xxvnt,
1167 5240 1253 5294 ll.

165 5304 259 5377 (i9)
290 5308 478 5365 Matth.
508 5327 685 5374 XXVII,
720 5304 821 5375 εις
852 5304 1019 5364 Marc.
1055 5304 1141 5373 xv,
1170 5311 1265 5375 lii;
1299 5308 1459 5363 Joan.
1490 5324 1649 5377 xvttt,

108 5368 432 5453 ἓθᾷιξὸμικ,
470 5383 535 5447 9;
572 5368 694 5453 Act.
724 5368 879 5447 xxiii,
913 5382 1014 5447 '55;
1045 5368 1275 5451 Philipp.
1311 5397 1349 5448 ι,
1386 5381 1470 5433 15.

165 5445 259 5509 (ὅθ)
283 5451 394 5507 Act.
426 5445 546 5513 xix,
584 5452 672 5503 12.

137 5515 261 5615 Q151)
289 5520 419 5577 Luc.
449 5538 570 5588 XIX,
593 5521 701 5587 20;
732 5517 891 5577 Joan.
935 5535 1012 5588 XI,
1038 5519 1137 5588 Ill;
1172 5535 1262 5587 xx,
1294 5519 1324 5572 7
1349 5538 1363 5590 ;
1390 5519 1507 5574 Act.
1536 5536 1648 5586 nx,

137 5618 260 5715 ⁴(ἒίΞκ
288 5658 454 5716 Marc.
487 5676 567 5724 vr,
594 5659 689 5715 27.

163 5729 259 5796 (55)
283 5729 416 5787 Joan
472 5748 590 5797 xta,
626 5731 708 5785 l9.

114 5577 130 5629 l

1757 4627 1923 4686 gestae
1952 4634 2075 4673 cum
2104 4620 2273 4675 totius
2299 4621 2512 4676 itineris
2536 4624 2768 4682 ratione.
2805 4623 2857 4677 in
2890 4625 3095 4679 recenti
3122 4625 3339 4682 ﬁdelius

1757 4711 2076 4766 inhaeserint
2098 4712 2385 4767 memoria.
2409 4711 2536 4769 lllos
2559 4723 2740 4767 autem
2775 4716 2943 4771 fuisse
2972 4715 3253 4773 Philonem
3285 4733 3339 4777 et

1757 4799 2190 4871 Agathopodem,
2222 4817 2458 4871 quorum
2491 4805 2743 4859 meminit
2775 4808 3160 4863 sanctissimus
3187 4827 3338 4865 utar--

1758 4900 1846 4963 tyr
1874 4892 1929 4945 in
1954 4890 2214 4961 Epistolis
2241 4892 2308 4946 ad
2358 4890 2669 4964 Smyrnaeos
2702 4894 2814 4965 (59)
2850 4907 2903 4951 et
2948 4898 3014 4951 ad
3062 4896 3336 4952 Philadel-

1759 4983 1995 5054 phenses
2023 4983 2158 5055 (60),
2186 4985 2333 5040 hunc
2364 4984 2741 5050 Antiochense,
2772 4987 2927 5043 illum
2951 5002 3082 5044 vero
3109 4988 3337 5045 Tarsen-

1830 5100 1942 5169 (54)
1976 5099 2287 5175 Blackwall.
2321 5101 2541 5175 Auctor.
2576 5119 2717 5175 sacr.
2753 5102 3129 5175 class.dcfcns.
3151 5114 3279 5158 tom.
3308 5106 3322 5158 1

1826 5182 2041 5242 partit,
2078 5186 2198 5240 cap.
2234 5173 2285 5235 l,
2318 5172 2345 5242 §
2387 5173 2439 5237 5,
2482 5188 2533 5241 p.
2565 5173 2654 5225 £8.

1832 5243 1945 5312 (55)
1978 5241 2177 5312 Euseb.
2210 5240 2354 5312 llist.
2388 5240 2540 5307 eccl.,
2575 5242 2667 5294 lib.
2704 5257 2785 5301 ιιι.
2814 5257 2932 5310 cap.
2957 5240 3048 5312 56.

1792 5308 1943 5435 2(56)
1970 5311 2169 5367 Smith.
2203 5311 2411 5382 praefat.
2444 5312 2498 5365 in
2532 5314 2651 5365 Act.
2686 5308 2910 5379 martyr.
2941 5309 3000 5365 S.
3027 5308 3243 5379 Ignat.,
3276 5326 3330 5381 p.

1829 5451 1943 5519 (57)
1970 5450 2091 5519 Act.
2129 5460 2349 5518 martyr.
2383 5448 2589 5518 Ignat.,
2620 5463 2740 5516 cap.
2767 5449 2819 5501 5.

1836 5518 1949 5589 (58)
1981 5518 2139 5584 lbid.,
2172 5535 2291 5589 cap.
2327 5519 2377 5572 7.

1834 5586 1947 5660 ('59)
1981 5589 2152 5660 lgnat.
2187 5586 2919 5660 (Epistaa‘d_Smyrn.,‘capp.
2951 5587 3017 5644 10
3040 5596 3094 5645 et
3122 5589 3213 5646 l5.

1835 5657 1947 5729 (60)
1981 5657 2057 5714 Id.
2085 5658 2153 5710 ad
2184 5657 2539 5726 l’ltiladclp/t.,
2576 5674 2694 5727 cap.
2731 5657 2816 5711 ll.
