3754 6206
258 338 263 345 ·
344 310 450 366 579

1409 293 1471 350 S.
1507 284 1856 347 IGNATIUS.
1890 310 1961 323 —
1999 272 2530 334 PROLEGOME’NA.

3500 256 3604 313 580

345 428 423 482 sis
463 424 722 483 Ecclesia:
770 424 1101 486 diaconum,
1146 418 1242 473 vix
1275 432 1306 471 ι
1352 427 1631 486 quoquam
1684 404 1922 462 dubitari
1952 406 1999 462 A
2027 400 2211 457 tentia:
2254 400 2310 452 in
2361 410 2507 451 anno
2553 388 2863 449 deﬁniendo
2907 403 3020 486 quo
3071 384 3347 486 gloriosus
3397 389 3609 482 martyr

346 528 441 573 aut
465 527 642 588 potest
676 525 770 571 aut
802 516 983 569 debet.
1017 531 1036 564 ι
1071 510 1347 564 Hactenus
1379 506 1464 559 vir
1508 500 1791 565 eruditus;
1829 494 1927 566 qui

346 623 401 669 et
455 616 718 668 adversus
761 610 941 665 Riveti
970 648 986 673 ,
1045 605 1311 661 Blondelli
1371 602 1714 667 aliorumque
1767 592 1931 649 cavil-

350 706 618 769 lationes,
675 705 933 773 plcraque
986 686 1171 755 subdit
1223 696 1366 751 lectu
1411 693 1577 763 digna
1625 690 1693 745 de
1736 686 1932 742 itinere

354 801 607 856 instituto
667 810 830 867 atque
883 798 941 851 in
1004 795 1195 849 iisdem
1255 790 1406 845 Actis
1459 787 1751 843 recensito.
1800 782 1933 848 Qui—

354 895 455 946 bus
487 901 664 944 tamen
717 903 891 942 unum
944 886 1141 940 addere
1196 882 1389 943 liceat,
1454 876 1669 932 Philoni
1727 873 1935 930 scilicet

354 986 409 1032 et
442 974 782 1047 AgathOpodi
828 970 1232 1042 adjungendum
1272 968 1467 1023 saltem
1512 963 1834 1019 nominatim
1880 969 1936 1015 et

353 1069 609 1133 Crocum,
639 1067 732 1136 qui
756 1076 1008 1121 sanctum
1037 1072 1332 1133 martyrem
1366 1057 1598 1112 Romam
1626 1070 1801 1125 usque
1836 1069 1929 1108 as-

355 1168 594 1215 sectatus
637 1158 808 1212 fuisse
849 1156 1191 1226 perhibetur.
1241 1152 1371 1221 Ejus
1400 1150 1548 1205 enim
1597 1145 1848 1202 meminit
1877 1144 1934 1198 in

369 1251 598 1321 epistola
634 1250 701 1303 ad
748 1248 1030 1302 Romanos
1084 1246 1172 1300 his
1209 1244 1389 1299 verbis
1440 1241 1597 1311 (ﬁl):
1648 1238 1850 1309 Γράφω
1877 1235 1936 1288 δὲ

357 1345 483 1415 ὑμῖν
507 1342 679 1395 ταῦτα
708 1341 815 1395 ἀπὸ
844 1339 1116 1411 Σμύρνης.
1148 1337 1302 1389 Ἔστι
1330 1335 1387 1387 δὲ
1414 1334 1508 1387 καὶ
1540 1333 1655 1403 ἅμα
1684 1330 1807 1401 ἐμοὶ
1842 1330 1939 1382 σὺν

357 1435 532 1497 ἄλλοις
559 1432 773 1496 πολλοῖς
797 1431 1010 1504 Κρόκος
1036 1429 1097 1482 τὸ
1127 1425 1361 1498 ποθητόν
1397 1441 1488 1495 μοι
1520 1422 1712 1492 ὄνομα.
1763 1418 1937 1473 Porro

359 1530 468 1583 lucc
500 1528 672 1582 scribo
698 1526 843 1580 vobis
867 1541 893 1577 ε
925 1522 1224 1592 Smyrna...
1256 1518 1352 1572 Est
1382 1526 1559 1570 autem
1584 1528 1786 1567 mecum
1815 1526 1936 1563 cum

361 1619 485 1671 aliis
533 1616 717 1671 multis
762 1623 811 1669 et
843 1613 1065 1677 Crocus,
1113 1610 1475 1665 desideratum
1521 1604 1652 1657 mihi
1709 1612 1941 1655 nomen:

364 1722 425 1765 ut
457 1710 685 1780 proinde
724 1708 948 1779 quinam
989 1720 1087 1760 seu
1112 1712 1375 1773 quotnam
1408 1700 1525 1753 haec
1563 1696 1699 1751 Acta
1728 1690 1937 1748 descri-

366 1804 593 1873 pserint,
624 1816 850 1871 prorsus
875 1814 976 1853 nos
1002 1798 1184 1851 lateat.
1222 1793 1611 1848 Verumtamen
1639 1801 1830 1843 eorum
1857 1785 1941 1838 in-

368 1897 605 1966 tegritati
644 1897 868 1949 minime
896 1892 1139 1947 omnium
1170 1889 1222 1943 id
1256 1888 1473 1943 oﬁicere
1509 1886 1668 1956 plane
1702 1888 1939 1945 constat,

370 2006 497 2044 cum
529 1999 589 2063 et
623 1988 729 2043 alia
763 1987 921 2057 plura
951 1994 1253 2054 martyrum
1285 1982 1419 2035 Acta
1457 1978 1669 2035 sincera
1693 1975 1818 2044 quis
1848 1973 1944 2027 lit-

370 2083 505 2137 teris
545 2080 921 2149 consignarit,
956 2077 1279 2146 plerumque
1305 2074 1645 2142 ignoremus.
1685 2062 1946 2120 Nonnulli

371 2174 590 2244 quidem
620 2173 813 2225 horum
838 2171 1100 2225 Actorum
1136 2167 1422 2221 veritatem
1464 2174 1779 2233 oppugnare
1821 2164 1951 2212 sunt

374 2267 643 2337 aggressi,
675 2281 815 2336 quos
847 2266 988 2319 inter
1010 2263 1218 2334 primas
1245 2260 1389 2315 ferre
1416 2258 1751 2327 comperitur
1779 2251 1952 2306 Oudi-

374 2375 480 2412 nus
506 2372 519 2408 :
561 2357 681 2425 ejus
711 2356 856 2409 enim
901 2352 1236 2407 conﬁdentia
1264 2365 1329 2405 eo
1354 2363 1528 2417 usque
1556 2345 1846 2415 processit,
1891 2350 1954 2395 ut

377 2447 437 2504 S.
469 2448 733 2519 lgnatium
767 2446 1072 2500 Antiochiae
1099 2444 1154 2497 in
1198 2458 1329 2512 pace
1371 2440 1676 2495 decessisse
1702 2435 1953 2505 conjece—

378 2542 452 2595 rit
492 2540 641 2610 (6'2);
693 2536 959 2609 Scaligeri
1005 2535 1145 2590 forte
1186 2533 1462 2588 dubietate
1508 2536 1811 2599 permotus,
1861 2526 1955 2598 qui

379 2632 512 2685 olim
537 2630 750 2685 edoceri
787 2628 1005 2698 petebat
1052 2642 1151 2681 cur
1192 2624 1415 2678 demum
1448 2619 1690 2689 lgnatius
1723 2633 1754 2673 e
1796 2617 1954 2689 Syria

383 2724 549 2779 fuerit
580 2721 808 2777 Romam
846 2720 1116 2775 deductus
1158 2716 1293 2787 (65).
1343 2713 1548 2768 Verum
1582 2710 1782 2766 Oudini
1825 2726 1956 2765 sen-

382 2818 635 2880 tentiam,
660 2828 823 2883 quam
850 2810 992 2865 haud
1023 2810 1099 2863 ita
1122 2808 1329 2879 pridem
1355 2804 1713 2860 Heumannus
1736 2816 1958 2872 quoque

387 2907 713 2963 instauravit
740 2903 875 2973 (6i),
901 2901 1148 2957 funditus
1178 2898 1372 2955 evertit
1397 2896 1482 2952 vir
1506 2895 1704 2951 doctus
1732 2892 1843 2964 (65)
1866 2908 1961 2948 su-

389 3000 575 3070 perius
606 2997 769 3053 nobis
790 2995 1067 3050 laudatus.
1266 2997 1270 3000 ’

997 3164 1229 3223 CAPUT
1272 3163 1361 3220 Vl.

398 3310 470 3366 De
494 3318 720 3375 tempore
743 3322 846 3376 quo
875 3316 1090 3376 sanctus
1118 3316 1324 3376 martyr
1366 3319 1557 3370 passus
1602 3300 1967 3376 existimatur,

466 3372 853 3446 dumferuntur
877 3375 1182 3429 celebriores
1208 3372 1524 3446 sententiw‘:
1555 3389 1778 3446 quaram
1797 3372 1971 3446 altera

465 3441 698 3516 ejusdem
736 3448 1055 3515 martyrium
1087 3463 1226 3499 anno
1272 3445 1395 3508 116,
1445 3441 1615 3498 altera
1662 3442 1763 3495 107
1795 3441 1971 3516 consi-

466 3512 614 3589 gnat.
654 3512 1137 3589 Posteriorpriori
1164 3516 1493 3589 praeferenda
1526 3516 1732 3589 videtur
1754 3527 1772 3564 :
1809 3512 1973 3589 adeo.-

465 3582 562 3657 ἷιιιβ
591 3590 702 3653 ipso
730 3603 867 3640 anno
905 3582 1005 3639 107
1031 3582 1305 3650 currente,
1334 3587 1546 3652 scripta:
1566 3585 1850 3657 ducuntur
1869 3582 1975 3650 epi-

468 3652 621 3712 stolis
653 3658 995 3727 tynntianw:
1030 3658 1164 3710 Acta
1192 3673 1309 3709 vero
1350 3656 1618 3723 martyrii,
1650 3668 1790 3706 anno
1834 3652 1976 3705 iuse-

470 3737 658 3797 quente
690 3726 792 3780 108
821 3726 1013 3780 litteris
1042 3729 1293 3779 mandata
1320 3734 1614 3778 censentur.

472 3880 741 3935 Caeterum
770 3879 865 3933 alii
898 3878 1240 3933 cordatiores
1268 3878 1446 3934 critici
1472 3893 1605 3947 pura
1636 3885 1692 3932 et
1718 3892 1977 3948 germana

405 3971 597 4025 eadem
630 3970 763 4024 Acta
792 3985 916 4025 esse
949 3960 1216 4033 Statuunt,
1254 3984 1433 4039 neque
1467 3970 1592 4038 jure
1636 3984 1668 4024 a
1698 3984 1978 4039 quoquam

408 4062 777 4117 sollicitanda.
818 4059 884 4116 Et
926 4060 1003 4115 illi
1033 4058 1255 4130 quidem
1290 4061 1625 4132 paucissima
1667 4070 1879 4116 tantum
1924 4062 1981 4116 in

409 4157 479 4211 iis
506 4156 641 4209 vitio
672 4155 1022 4208 librariorum
1059 4163 1317 4224 corrupta
1350 4154 1519 4209 fuisse
1549 4155 1882 4224 conjectant,
1917 4170 1982 4209 ea

409 4246 715 4317 praesertim
747 4261 871 4316 quae
904 4245 973 4299 ad
1005 4260 1177 4300 annos
1212 4246 1425 4316 imperii
1450 4244 1671 4316 Trajani
1692 4255 1749 4300 et
1773 4260 1980 4302 consu-

412 4339 527 4393 lum
580 4338 916 4392 notationem
969 4345 1267 4406 spectant:
1313 4337 1368 4391 hi
1430 4353 1603 4404 vero,
1664 4337 1791 4391 licet
1837 4335 1983 4391 haud

2026 488 2269 562 lgnatius
2296 486 2573 542 occubuit.
2610 484 2719 539 Has
2764 482 2911 537 inter
2948 479 3073 534 duae
3122 475 3456 534 celebriora
3497 470 3611 526 cir-

2028 580 2410 638 cumferuntur
2437 594 2451 630 :
2485 590 2720 647 quarum
2751 574 2920 628 altera
2948 568 3275 639 martyrium
3300 563 3437 621 illud
3460 577 3610 617 anno

2026 671 2232 728 Christi
2262 670 2381 733 116,
2407 669 2577 724 altera
2604 680 2750 721 anno
2783 664 2883 718 107
2915 663 3231 732 illigandum
3278 656 3494 714 statuit.
3544 653 3613 706 Et

2028 767 2264 837 priorem
2287 762 2508 833 quidem
2549 758 2879 821 Pearsonius
2924 750 3258 824 excogitavit
3298 762 3590 837 propugna

2032 836 2216 928 vitque
2263 857 2319 910 in
2360 852 2745 910 dissertatione
2787 847 3078 919 posthuma
3116 844 3181 897 de
3223 858 3366 895 anno
3406 854 3511 911 quo
3554 836 3613 892 S.

2036 952 2280 1024 Ignatius
2321 965 2353 1001 a
2398 945 2633 1014 Trajano
2658 940 2953 998 Antiochiae
2987 937 3056 991 ad
3107 936 3304 990 bestias
3331 943 3451 987 erat
3493 948 3618 984 con-

2033 1044 2333 1102 demnatus,
2365 1054 2396 1093 a
2431 1037 2640 1091 Thoma
2680 1034 2895 1089 Smitho
2936 1031 2993 1084 in
3044 1043 3203 1084 suam
3239 1024 3616 1082 Oxonieusem

2037 1137 2330 1192 editionem
2352 1130 2688 1203 lgnatianam
2718 1126 2953 1196 primum
3002 1123 3332 1191 conjectam.
3383 1117 3615 1172 Pearso-

2039 1230 2135 1284 nio
2176 1241 2311 1281 mox.
2345 1223 2576 1280 accessit
2622 1220 2946 1276 Guillelmus
2990 1217 3232 1289 Loydius
3276 1215 3333 1269 in
3384 1212 3622 1266 diatriba

2039 1322 2282 1393 ejusdem
2315 1315 2645 1386 argumenti,
2677 1328 2843 1384 quam
2882 1310 3053 1367 edidit
3074 1318 3239 1378 atque
3280 1305 3587 1374 comproba
3610 1334 3622 1345 -

2041 1417 2119 1470 vit
2146 1410 2421 1468 Antonius
2446 1407 2647 1478 Pagius
2678 1406 2791 1478 (67)
2820 1424 2834 1460 :
2868 1417 3076 1473 eosque
3101 1401 3273 1457 secuti
3310 1408 3443 1454 sunt
3470 1397 3625 1450 dein-

2042 1518 2172 1573 ceps
2197 1498 2455 1564 Grabius,
2485 1496 2732 1551 Smithus
2769 1503 2824 1550 et
2851 1492 3183 1563 Lequienius
3211 1490 3351 1555 (68).
3388 1488 3627 1543 Inhaeret

2046 1604 2226 1649 autem
2258 1593 2374 1646 haac
2401 1589 2670 1644 sententia
2699 1586 2926 1641 Joannis
2953 1584 3160 1639 Malala:
3192 1584 3247 1636 in
3293 1581 3493 1652 primis
3533 1595 3631 1633 au-

2045 1684 2305 1748 ctoritati,
2354 1680 2651 1736 asserentis
2698 1678 2810 1747 (69)
2854 1694 2958 1747 quo
3011 1686 3241 1744 tempore
3294 1680 3630 1727 terrwmotus

1975 1753 2017 1811 Β
2045 1773 2341 1828 Antiochice
2400 1769 2617 1831 accidit,
2665 1769 2977 1837 imperatore
3033 1764 3149 1818 illic
3200 1763 3378 1816 adhuc
3424 1770 3630 1831 agente,

2047 1869 2308 1937 martyrio
2338 1877 2650 1920 coronatum
2680 1880 2790 1918 esse
2814 1862 2873 1918 S.
2908 1860 3181 1932 Ignatium
3205 1860 3514 1929 episcopum
3535 1859 3636 1909 An-

2048 1958 2365 2011 tiochenam.
2438 1953 2819 2025 Ἑμαρτύρησε
2886 1952 2943 2005 δὲ
2999 1951 3093 2003 ἐπὶ
3146 1947 3315 2003 αὐτοῦ
3380 1950 3411 2001 ὁ
3482 1949 3637 2014 ἅγιος

2061 2052 2316 2119 Ἰγνάτιος
2339 2089 2354 2113 ,
2425 2052 2454 2103 ὁ
2516 2048 2811 2108 ἐπίσκοπος
2870 2045 2970 2114 τῆς
3018 2043 3224 2105 πόλεως
3279 2041 3638 2111 Ἀντιοχείας.

2051 2140 2213 2197 Istius
2244 2157 2373 2195 vero
2402 2148 2743 2195 terrmmotus
2772 2136 3118 2190 characteres
3140 2132 3466 2201 hujusmodi
3509 2146 3642 2201 pro-

2054 2231 2160 2285 fert
2193 2230 2357 2300 paulo
2385 2237 2510 2283 ante
2532 2228 2672 2282 idem
2695 2235 2887 2280 auctor
2913 2242 2927 2279 :
2959 2223 3083 2277 Ἐπὶ
3110 2222 3210 2294 τῆς
3241 2221 3528 2292 βασιλείας
3547 2220 3640 2273 τοῦ

2055 2321 2333 2375 θειοτάτου
2364 2316 2657 2391 Τραϊανοῦ,
2688 2313 2888 2367 ἔπαθεν
2926 2311 3225 2383 Ἀντιόχεια
3268 2312 3303 2382 ὴ
3334 2311 3568 2382 μεγάλη,
3608 2311 3642 2379 ἡ

2054 2412 2194 2483 πρὸς
2218 2411 2456 2481 Δάφνην,
2498 2407 2560 2460 τὸ
2608 2406 2791 2480 τρίτον
2834 2403 3005 2473 αὐτῆς
3036 2402 3228 2467 πάθος,
3277 2403 3412 2473 μηνὶ
3448 2401 3643 2455 Ἀπελ-

2055 2503 2191 2573 λαίῳ
2212 2501 2291 2572 τῷ
2314 2502 2409 2555 καὶ
2425 2499 2768 2571 Δεκεμϐρίῳ,
2796 2502 2841 2553 II
2861 2500 2991 2570 (leg.
3025 2498 3153 2569 ΚΡ)
3188 2498 3400 2569 ἡμέρᾳ,
3426 2497 3519 2562 A.,
3552 2513 3651 2567 με·

2056 2594 2125 2648 τὰ
2154 2591 2507 2662 ἀλεκτρυόνα,
2539 2589 2691 2653 ἔτους
2713 2587 3141 2663 χρηματίζοντος
3169 2588 3310 2640 ΡΞΔ¹
3334 2586 3483 2640 κατὰ
3524 2589 3653 2649 τοὺς

2071 2687 2379 2757 Ἀντιοχεῖς.
2442 2685 2786 2738 Divinissimo
2837 2681 3070 2751 Trojano
3138 2682 3474 2750 imperante,
3538 2690 3642 2734 ter-

2060 2777 2192 2829 tiam
2224 2792 2378 2828 suam
2409 2773 2772 2828 calamitatem
2816 2790 2975 2842 passa
3015 2782 3093 2825 est
3124 2788 3320 2841 magna
3367 2770 3655 2824 Antiochia

2061 2867 2130 2919 ad
2163 2866 2415 2935 Daphnen
2450 2866 2578 2930 sita,
2610 2879 2783 2918 mense
2811 2862 3045 2933 Apelleo
3074 2878 3164 2916 seu
3207 2860 3489 2914 Decembri
3509 2902 3525 2925 ,
3566 2859 3656 2911 die

2064 2957 2310 3009 vicesima
2341 2956 2519 3020 tertia,
2550 2955 2686 3025 feria
2727 2955 2921 3024 prima,
2971 2963 3087 3021 post
3117 2951 3477 3022 gallicinium,
3513 2966 3657 3003 anno

2066 3063 2191 3102 crte
2219 3046 2557 3100 Antiochena:
2581 3061 2770 3111 cutv,
2837 3043 2933 3114 qui
2970 3058 3149 3097 annus
3180 3041 3351 3112 coepit
3385 3057 3418 3096 a
3450 3040 3649 3095 Kalen-

2067 3137 2154 3192 dis
2183 3136 2598 3206 Septembribus
2627 3134 2755 3189 anni
2787 3148 2909 3187 teras
2941 3132 3179 3202 vulgaris
3210 3148 3336 3187 cxv.

2140 3227 2235 3283 Ille
2286 3228 2453 3298 igitur
2482 3236 2825 3282 terraemotus
2860 3226 2963 3281 sub
3008 3224 3170 3278 ﬁnem
3220 3224 3474 3293 ejusdem
3526 3222 3662 3277 anui

2072 3321 2177 3375 115
2208 3320 2474 3390 contigit,
2518 3318 2608 3373 die
2653 3319 2864 3374 scilicet
2910 3315 3299 3386 subsequentis
3339 3314 3663 3371 Decembris

2072 3411 2335 3482 vigesima
2353 3408 2532 3477 tertia,
2552 3410 2606 3464 in
2629 3408 2823 3464 feriam
2845 3409 3078 3479 primam
3119 3405 3426 3471 incidente;
3467 3403 3666 3475 Traja-

2072 3519 2319 3574 numque
2348 3502 2549 3558 ibidem
2583 3502 2939 3565 hiemantem,
2965 3506 3103 3553 teste
3128 3496 3304 3551 Dioue
3332 3496 3476 3567 (70),
3522 3510 3667 3565 pene

2075 3598 2371 3668 Oppressit.
2413 3596 2551 3652 Cum
2581 3606 2762 3651 autem
2792 3593 3097 3649 idololatris
3124 3595 3179 3647 in
3214 3606 3370 3646 more
3416 3589 3662 3660 positum

2075 3698 2221 3747 esset
2252 3690 2306 3743 in
2330 3688 2769 3743 Christianorum
2790 3684 3061 3741 excidium
3085 3682 3394 3740 calumnias
3425 3691 3665 3745 struere,

2078 3784 2299 3851 illisque
2331 3780 2575 3835 maxime
2598 3778 2844 3833 omnium
2876 3777 3124 3847 publicas
3152 3776 3501 3830 calamitates
3536 3789 3669 3843 pas«

2079 3875 2183 3929 sim
2219 3874 2512 3936 ascribere,
2544 3871 2672 3926 inde
2692 3871 2959 3941 colligunt
3000 3869 3166 3924 modo
3210 3868 3423 3922 laudati
3465 3867 3670 3929 critici,

2081 3981 2229 4022 anno
2255 3965 2354 4019 116
2384 3965 2627 4031 ineunte,
2667 3962 2965 4033 Trajanum
2998 3962 3251 4032 proximo
3282 3975 3414 4016 vere
3442 3959 3499 4014 in
3530 3956 3673 4012 Par-

2082 4062 2209 4116 thos
2253 4058 2556 4114 exercitum
2606 4056 2940 4121 ducturum,
2999 4056 3055 4110 in
3099 4054 3373 4124 judicium
3435 4063 3675 4106 vocasse

2084 4152 2372 4224 lgnatium,
2402 4150 2670 4205 illustrem
2703 4149 3144 4204 Christianorum
3174 4145 3232 4200 in
3278 4143 3441 4215 Syria
3482 4142 3675 4197 docto—

2086 4258 2224 4309 rem,
2261 4242 2522 4311 illumque
2567 4240 2746 4310 palam
2786 4238 3069 4294 Christum
3115 4234 3471 4290 conﬁtentem
3501 4246 3677 4299 seque

2088 4333 2155 4389 de
2180 4332 2566 4402 superstitione
2588 4330 2992 4400 objurgantem,
3022 4327 3091 4383 ad
3114 4325 3318 4381 bestias
3346 4325 3678 4380 damnatum

414 4427 923 4482 emendatissimum
944 4435 1219 4481 vetustum
1242 4426 1347 4481 hoc
1364 4436 1782 4481 monumentum
1814 4439 1983 4495 agno-
2017 4444 2063 4499 ι)
2089 4424 2318 4480 Romam
2338 4424 2465 4479 duci
2485 4424 2750 4494 iussisse:
2778 4437 2890 4492 quo
2910 4423 3131 4478 demum
3150 4434 3277 4475 cum
3300 4427 3427 4488 post
3449 4418 3680 4489 longum

415 4527 595 4583 scant,
626 4519 694 4572 ad
721 4527 937 4588 tempus
965 4526 1149 4572 tamen
1176 4517 1230 4572 in
1269 4533 1335 4572 eo
1366 4517 1638 4587 signatum
1673 4516 1821 4587 quod
1855 4518 1985 4571 atti-

418 4620 530 4675 net,
566 4611 836 4680 integrum
867 4624 989 4664 esse
1035 4624 1102 4665 ac
1131 4609 1428 4679 genuinum
1473 4609 1794 4662 decernunt.
1836 4606 1988 4664 Unus

417 4697 652 4754 Grabius
685 4699 897 4768 potiora
922 4698 1121 4753 horum
1159 4698 1423 4753 Actorum
1454 4698 1632 4767 capita
1668 4697 1820 4752 velut
1867 4699 1987 4753 sin-

419 4807 545 4846 cera
596 4791 865 4861 recipiens
917 4790 1067 4861 (66),
1113 4801 1447 4862 postremam
1501 4800 1712 4861 partem
1759 4793 1990 4846 omnino

420 4884 666 4954 spuriam
692 4892 749 4937 et
784 4883 854 4938 ab
887 4882 1280 4954 interpolatore
1300 4882 1539 4953 quodam
1564 4891 1809 4939 assutam
1845 4882 1996 4937 arbi-

422 4985 616 5032 tratur.

498 5066 633 5125 llinc
662 5071 848 5139 itaque
875 5076 1009 5124 orta:
1039 5066 1203 5120 variae
1234 5065 1479 5120 virorum
1500 5066 1846 5122 eruditorum
1870 5082 1997 5123 sen-

493 5228 605 5293 (b’l)
633 5226 806 5297 lgnat.
839 5227 911 5297 ad
942 5225 1122 5291 Rom.,
1146 5238 1267 5297 cap.
1299 5222 1388 5278 10.

495 5293 832 5421 (ἱίξέσυιιὶιοι.
876 5296 1169 5351 Comment.
1214 5295 1277 5347 de
1314 5294 1564 5364 scriptor.
1616 5295 1825 5360 eccles.,
1869 5304 1908 5349 t.
1944 5293 1985 5360 l,

498 5404 834 5505 (0.5)”Scalig.
869 5433 1148 5505 Animadv.
1189 5433 1245 5487 in
1289 5432 1481 5487 Euseb.
1509 5434 1730 5498 Chron.,
1763 5434 1831 5488 ad
1856 5450 1990 5488 ann.

426 5520 695 5574 IICXXIIl,
727 5520 849 5574 pag.
874 5504 1001 5574 207.

429 5660 464 5715 ν
643 5570 945 5628 Heumann.
969 5571 1241 5641 Conspect.
1274 5573 1405 5642 reip.
1437 5570 1626 5637 litter.,
1652 5587 1701 5627 c.
1728 5571 1781 5638 7,
1810 5570 1837 5641 §
1864 5586 1991 5636 xcv,

499 5713 615 5785 (65)
644 5711 912 5769 Iamach.
943 5713 1186 5785 Ortgtnn.
1224 5724 1272 5767 et
1309 5712 1510 5783 antiqq.
1553 5709 1786 5777 Christ.,
1832 5718 1871 5763 t.
1901 5706 1992 5778 IV,

2092 4518 2193 4572 iter
2224 4516 2584 4586 pervenisset,
2615 4515 2807 4570 eodem
2837 4529 2982 4569 anno
3010 4512 3110 4567 116
3140 4511 3451 4575 desinente,
3488 4509 3582 4565 die
3608 4508 3683 4562 ΞΟ

2096 4606 2433 4671 Decembris,
2464 4616 2520 4660 ut
2537 4605 2657 4675 ejus
2674 4606 2810 4660 Acta
2840 4613 3107 4660 testantur
3132 4602 3269 4673 (71),
3296 4601 3567 4672 martyrio
3595 4608 3685 4655 est

2095 4708 2410 4754 coronatus.
2442 4696 2654 4763 Quibus
2692 4697 2907 4767 positis,
2947 4695 3162 4765 scripta:
3202 4703 3336 4749 sunt
3380 4708 3515 4764 ergo
3559 4694 3687 4763 epi-

2095 4790 2249 4845 stolae
2280 4787 2592 4859 lgnatianae,
2627 4787 2696 4842 ad
2743 4796 2981 4841 mentem
3010 4784 3401 4855 prmdictorum
3436 4785 3689 4840 erudito-

2096 4897 2241 4947 rum,
2278 4870 2468 4937 eodem
2502 4894 2647 4934 anno
2674 4894 2797 4934 atra
2823 4878 3059 4948 vulgaris
3090 4876 3215 4944 116,
3245 4876 3499 4947 Actaque
3535 4890 3691 4930 mar-

2098 4976 2224 5049 tyrii
2256 4991 2399 5030 anno
2423 4975 2742 5043 insequente
2770 4972 2872 5026 H7
2900 4971 3097 5027 litteris
3120 4970 3468 5041 consignata.

2171 5065 2454 5121 Posterior
2483 5079 2612 5119 vero
2648 5062 2941 5130 sententia,
2985 5077 3149 5133 quam
3179 5076 3293 5131 prae
3328 5060 3549 5117 caeteris
3593 5075 3688 5116 as-

2108 5239 2163 5295 p.
2190 5239 2453 5278 sui-sus.

2168 5293 2281 5363 (66)
2305 5292 2471 5363 Grab.
2506 5290 2751 5363 Spicileg.
2787 5289 2889 5363 SS.
2916 5290 3055 5353 PP.,
3077 5298 3222 5363 _tom.
3251 5288 3321 5357 Il,
3357 5305 3415 5360 p.
3450 5290 3545 5346 22.

2168 5361 2282 5435 (67)
2321 5361 2719 5435 ξἐεἰηίένίιὶρ,
2743 5362 2821 5435 ad
2843 5378 2972 5435 ann.
3005 5361 3127 5424 107,
3160 5361 3273 5435 §__tv
3301 5377 3424 5435 seq.

2174 5429 2288 5503 (68⁷)
2329 5429 2591 5503 Lequien.
2624 5430 2720 5486 0r.
2758 5430 2985 5503 Christ.,
3024 5429 3272 5503 toan—ll,
3296 5429 3408 5486 col.
3445 5429 3571 5483 701.

2193 5500 2285 5573 69)
2324 5500 2502 5556 Malal.
2529 5501 2822 5573 Chronogr.
2842 5502 2938 5557 lib.
2975 5517 3051 5569 ιι,
3069 5501 3171 5556 sub
3201 5500 3350 5567 iuit.,
3374 5516 3431 5571 p.
3455 5516 3532 5556 nt.
3567 5500 3688 5556 H7.

2197 5575 2286 5640 70)
2327 5573 2448 5638 Dio,
2483 5587 2605 5643 pag.
2644 5572 2766 5643 782.

2175 5640 2287 5713 (71)
2325 5643 2446 5697 Act.
2482 5640 2705 5712 ina'rtyr.
2741 5640 2921 5713 lgnat.
