3754 6206
98 281 159 337 581

1160 286 1463 345 ΛΝΒΒΕΛΕ
1509 285 1874 344 GALLANDII
1912 286 2275 346 PROﬂiMIA.

3187 321 3292 341 ιυά

97 417 244 460 seruere
284 403 393 458 viri
454 404 816 474 doctissimi,
875 405 1129 463 Usserius
1152 448 1167 474 ,
1233 406 1616 464 Tillemontius
1647 417 1689 469 Α
1720 409 1913 462 durum
1956 408 2199 463 Historia
2238 410 2352 479 (80)
2393 408 2704 464 Parthicam
2734 409 2955 480 Trajani
2989 408 3291 478 expeditio-

96 504 200 563 atque
239 510 417 564 nuper
474 495 806 563 Corsinius,
853 513 996 553 anno
1040 498 1245 554 Christi
1298 498 1435 565 107,
1476 499 1615 555 Tra-

93 584 164 653 jani
200 600 246 649 ι,
296 585 357 639 S.
409 586 617 657 lgnatii
666 588 983 659 martyrium
1033 591 1233 660 illigat,
1279 592 1617 662 sincerisqne

96 678 191 732 Actis
226 674 537 745 lgnatianis
569 680 732 735 inniti
779 683 1120 753 potissimum
1159 686 1513 754 comperitur.
1557 685 1615 740 In

94 767 148 821 his
178 766 309 821 enim
366 767 618 838 legimus
648 771 794 839 (72),
847 771 1140 842 Trajanum
1188 774 1437 831 confecto
1476 775 1618 831 bello

94 856 251 921 Dacico,
272 860 494 929 imperii
525 863 615 915 sui
638 879 777 917 anno
818 882 904 929 ιι,
947 864 1152 937 ἐννάτῳ
1181 864 1290 919 ἔτει
1305 867 1405 937 τῆς
1448 868 1615 922 αὐτοῦ

93 947 341 1016 βασιλείας,
394 951 723 1019 festinanter
759 955 1023 1008 Armeniis
1062 966 1111 1009 et
1156 956 1378 1012 Parthis
1423 959 1615 1013 bellum

91 1039 331 1108 iitutsrunt,
366 1045 750 1108 σπουδάζοντα
771 1044 864 1100 ἐπὶ
902 1048 1188 1119 Ἀρμενίαν
1216 1052 1312 1104 καὶ
1340 1052 1613 1123 Πάρθους,

90 1132 153 1184 iter
171 1134 427 1190 orientale
453 1136 787 1206 suscepisse,
824 1139 927 1193 sub
971 1140 1132 1194 ﬁnem
1170 1142 1378 1198 scilicet
1417 1160 1615 1213 przece-

87 1224 207 1279 dcntis
234 1228 364 1281 anni
399 1228 545 1292 106;
586 1228 855 1297 siquidem
884 1245 1008 1285 cum
1041 1229 1331 1301 Trajanus,
1369 1243 1507 1289 teste
1533 1235 1615 1289 vel

88 1316 162 1382 ipso
180 1315 388 1373 Joanne
417 1317 620 1373 Malala
655 1320 768 1390 (75)
790 1363 806 1388 ,
847 1336 1033 1377 mense
1054 1321 1468 1394 Hyperberetmo
1503 1329 1617 1381 sive

86 1409 247 1466 Octobri
308 1410 489 1468 Roma
536 1412 819 1484 digressus
879 1424 1064 1482 esset,
1120 1416 1370 1486 proximo
1434 1428 1614 1473 autem

85 1522 215 1561 mense
243 1508 487 1577 Apellteo
525 1508 645 1563 sive
674 1507 955 1564 Decembri
996 1507 1299 1564 Seleuciam
1338 1511 1615 1579 pervenis-

84 1598 517 1659 sotAntiocltiam
548 1599 772 1654 demum
798 1599 970 1671 Syriae
1020 1601 1302 1671 ingressus
1347 1614 1431 1657 est
1486 1603 1616 1672 μηνὶ

83 1685 328 1758 Δὺὁυναὶῳ,
358 1689 441 1759 τῷ
463 1690 563 1743 καὶ
601 1690 977 1761 Ἰαννουαρίῳ,
1028 1690 1229 1765 ἑϐδόμῃ
1280 1691 1482 1763 ἡμέρᾳ,
1526 1699 1610 1757 ε’.,

1718 516 1843 555 nem
1872 517 2017 556 anno
2062 503 2238 557 solum
2296 500 2361 555 U.
2419 502 2481 557 C.
2533 503 2638 557 865
2685 510 2995 572 susceptam
3045 500 3288 569 putavit;

1715 595 2174 663 quemadmodum
2204 609 2335 649 sane
2362 594 2600 666 Loydius
2629 594 2778 664 (81),
2811 593 3101 648 Fabrettus
3136 591 3252 661 (82)
3271 630 3287 657 ,

1715 685 1968 742 Norisius
2012 687 2126 756 (85)
2148 726 2164 750 ,
2193 685 2393 757 Pagius
2430 687 2576 757 (84),
2607 687 2907 757 Basnagius
2944 685 3058 755 (85)
3089 684 3290 752 aliique

1714 778 1933 850 plurimi
1962 776 2276 831 Parthicum
2324 777 2428 832 hoc
2472 778 2573 831 iter
2616 786 2737 847 post
2778 787 2985 831 sextum
3030 779 3290 831 consuia-

1715 877 1852 935 tum,
1885 883 2029 922 anno
2063 865 2131 923 U.
2159 867 2222 922 C.
2261 867 2385 932 865,
2419 884 2448 921 a
2480 867 2715 939 Trajano
2751 870 2935 923 Romae
2975 878 3287 939 susceptum

1715 960 2008 1031 contigisse
2034 958 2390 1014 contendunt.
2438 958 2819 1013 Tillemontius
2844 976 2974 1014 vero
3000 960 3145 1029 (86),
3177 976 3291 1028 quo

1716 1060 1859 1105 certe
1880 1065 2040 1104 nemo
2065 1050 2319 1105 subtilius
2349 1058 2513 1120 atque
2553 1055 2861 1106 accuratius
2905 1052 3044 1106 hanc
3078 1061 3289 1120 tempo-

1716 1156 1835 1193 rum
1861 1154 2154 1209 rerumque
2179 1148 2455 1210 gestarum
2490 1142 2685 1196 seriem
2711 1143 3032 1211 exploravit,
3066 1142 3286 1197 Baronii

1715 1245 1781 1284 ac
1809 1230 2015 1285 Petavii
2040 1232 2285 1302 vestigiis
2317 1233 2599 1301 insistens,
2629 1232 2935 1289 Parthicam
2982 1235 3124 1289 hanc
3151 1234 3288 1289 Tra-

1711 1320 1829 1389 jani
1861 1320 2093 1377 Caesaris
2120 1322 2520 1392 expeditionem
2549 1333 2783 1377 exeunte
2819 1340 2965 1377 anno
2991 1323 3054 1378 U.
3088 1324 3150 1380 C.
3182 1326 3288 1378 850

1719 1413 2011 1483 contigisse
2038 1414 2392 1469 demonstrat.
2441 1412 2508 1469 Ut
2548 1424 2727 1469 autem
2754 1416 2938 1469 omnia
2964 1431 3085 1484 quae
3115 1431 3145 1469 a
3174 1413 3287 1469 No-

1714 1503 1848 1558 risio
1874 1506 2195 1577 ueterisque
2238 1508 2519 1577 proposita
2564 1508 2799 1571 fuerant,
2839 1516 3092 1562 accurate
3119 1508 3290 1577 expli«

1716 1593 1827 1647 cari
1873 1595 2147 1665 simulque
2179 1598 2432 1666 componi
2470 1598 2703 1665 possint,
2745 1596 3127 1653 Tillemontius
3174 1600 3291 1668 ipse

1716 1684 2027 1739 observavit
2075 1687 2221 1756 quod
2258 1688 2454 1755 duplex
2482 1686 2706 1757 Trajani
2758 1690 2811 1742 in
2861 1688 3135 1743 Orientem
3189 1690 3292 1744 iter

82 1775 157 1846 ὦρςι
174 1755 493 1851 ripe—ptime,
534 1799 554 1832 ι
598 1795 785 1837 mense
828 1755 1107 1853 Audyuaeo
1153 1755 1270 1838 sive
1302 1755 1611 1849 ianthina,
1646 1755 1687 1809 Β
1717 1776 1977 1845 distingui
2003 1755 2160 1832 debet
2190 1796 2202 1831 :
2239 1787 2297 1831 ut
2338 1780 2391 1831 in
2423 1755 2601 1848 primo
2642 1780 2861 1848 quidem
2894 1778 3162 1849 Trajanus
3190 1781 3293 1833 Ar-

82 1868 395 1941 dieseptima,
444 1872 587 1929 feria
617 1876 826 1944 quinta,
872 1876 1007 1931 hora
1034 1886 1225 1946 quarta
1261 1877 1549 1933 matutina.
1589 1897 1607 1929 s

81 1956 129 2013 Et
157 1978 263 2031 quo
306 1963 460 2019 feria:
506 1966 738 2035 quintae,
798 1982 923 2022 cum
965 1968 1189 2036 septima
1237 1968 1323 2023 die
1369 1968 1613 2024 Januarii

80 2065 174 2106 anno
210 2070 337 2110 serae
358 2054 700 2111 Christianae
727 2057 827 2111 107
854 2060 1254 2127 concurrentis,
1299 2062 1613 2117 charactere

79 2143 231 2213 inﬂigit
281 2143 551 2201 Usserius
591 2147 726 2215 (74),
782 2146 886 2202 hoc
935 2147 1053 2217 ipso
1102 2164 1248 2203 anno
1295 2148 1539 2215 ineunte,
1583 2164 1613 2203 a

80 2228 266 2303 Trajano
294 2236 613 2292 Antiochia:
649 2238 714 2293 ad
756 2240 1154 2308 expeditionem
1200 2238 1510 2294 Parthicam
1556 2256 1614 2295 se

79 2340 416 2397 comparante,
468 2331 791 2387 damnatum
832 2332 1002 2389 fuisse
1056 2334 1114 2388 S.
1162 2331 1464 2403 ignatium;
1519 2334 1614 2403 qui

80 2421 253 2483 proinde
301 2437 451 2477 anno
495 2423 691 2478 eodem
736 2425 979 2492 labente,
1032 2426 1244 2497 imperii
1286 2425 1506 2496 Trajani
1556 2443 1611 2493 ι,

79 2510 130 2563 die
149 2511 467 2569 Decembris
489 2515 587 2581 9.0,
633 2518 951 2588 martyrium
996 2518 1196 2573 subiit:
1244 2519 1489 2588 adeoque
1522 2519 1615 2573 illo

79 2601 153 2670 ipso
182 2622 325 2661 anno
382 2608 490 2661 107
533 2619 791 2665 currente
834 2613 1149 2681 perscriptae
1197 2613 1266 2667 ab
1302 2626 1369 2667 eo
1411 2611 1615 2667 fuerint

79 2697 296 2761 cpistola,
339 2709 514 2770 atque
567 2701 882 2772 insequente
929 2704 1031 2759 108
1081 2706 1324 2774 ejusdem
1368 2706 1614 2777 martyrii

79 2784 172 2839 Acta
206 2790 480 2859 evulgata.
537 2791 698 2863 Apud
735 2793 983 2849 Malalam
1033 2798 1251 2867 quidem
1278 2840 1294 2865 ,
1338 2800 1452 2856 sive
1495 2802 1615 2871 ejus

80 2872 247 2933 inscitia
291 2882 411 2936 sive
434 2883 790 2939 librariorum
820 2887 1134 2953 oscitantia,
1183 2890 1237 2944 in
1282 2893 1615 2948 notationem

79 2976 335 3040 temporum
364 2993 495 3031 cum
529 2978 747 3048 imperii
773 2979 994 3052 Trajani
1025 2991 1138 3036 tum
1170 2984 1438 3052 lgnatiani
1470 3000 1615 3040 mar-

80 3064 163 3127 tyrii
201 3068 395 3122 menda
460 3071 730 3125 nonnulla
772 3072 1061 3143 irrepsisse
1122 3085 1464 3132 noscuntur:
1509 3079 1612 3134 levi
1641 3108 1683 3166 ο

78 3162 214 3210 tamen
256 3160 483 3229 negotio
533 3176 604 3216 ex
652 3162 719 3217 iis
751 3164 1122 3230 emendanda,
1168 3182 1290 3237 qua:
1336 3166 1614 3237 Usserius,

79 3242 385 3303 Chilmeadus
416 3250 538 3320 (75)
598 3251 803 3323 aliique
838 3264 1205 3309 monuerunt:
1247 3257 1362 3312 sive
1397 3268 1459 3313 ut
1496 3260 1616 3314 lau-

78 3330 196 3391 datus
221 3340 685 3411 cbronographus
703 3342 805 3399 sibi
827 3353 1060 3409 constet,
1096 3345 1212 3401 sive
1238 3356 1296 3400 ut
1320 3347 1441 3417 ejus
1471 3348 1617 3406 dicta

79 3430 405 3485 monumentis
434 3432 858 3499 vetustioribus,
891 3434 946 3489 in
971 3436 1165 3505 primis
1194 3452 1324 3492 vero
1344 3438 1618 3495 Chronico

79 3509 364 3587 Eusebiano,
403 3514 558 3575 haud
587 3523 946 3592 repugnantia
974 3527 1403 3595 comperiantur.

118 3608 374 3667 Ceterum
407 3629 525 3683 quo
556 3615 822 3671 hactenus
853 3626 1104 3672 enarrata
1141 3620 1369 3689 reliquis
1394 3620 1617 3691 Trajaui

79 3706 203 3767 testis
224 3708 278 3761 in
310 3706 543 3764 Oriente
570 3710 723 3779 paria
748 3711 1133 3780 respondeant,
1160 3713 1429 3782 duplicem
1456 3717 1525 3770 ab
1553 3731 1619 3771 eo

80 3792 344 3855 Parthicam
396 3803 805 3872 expeditionem
857 3815 1170 3874 susceptam
1233 3805 1619 3864 Tillemontius

77 3882 162 3950 iure
186 3891 491 3961 conjecisse
522 3892 737 3948 videtur
766 3893 912 3964 (76);
946 3896 1106 3964 cujus
1140 3898 1366 3966 proinde
1398 3908 1619 3954 senten-

81 3976 175 4033 liatn
198 3996 373 4051 nuper
399 3981 578 4037 fuisse
605 3983 887 4053 amplexus
913 3994 1077 4055 atque
1098 3988 1453 4043 conﬁrmasse
1478 3988 1619 4043 vali-

79 4065 169 4123 dius
194 4073 548 4141 perhibetur,
593 4076 679 4129 vir
724 4076 1073 4144 politioribus
1112 4078 1308 4133 litteris
1355 4089 1621 4149 praestans

80 4156 323 4220 Eduardus
343 4165 639 4221 Corsinius
667 4167 802 4237 (77).
854 4166 913 4222 In
951 4184 1071 4225 eam
1104 4168 1320 4240 quidem
1353 4172 1621 4228 Dissertao

80 4253 244 4308 tionem
272 4257 659 4312 Corsinianam
693 4258 867 4313 Dubia
899 4263 1170 4331 proposita
1203 4278 1298 4331 per
1331 4262 1620 4321 Erasmum

81 4339 412 4403 Froelicbium
442 4350 799 4420 elegantioris
845 4353 1107 4410 doctrina:
1150 4357 1618 4413 consultissimum

1717 1867 1951 1920 meniam
1991 1882 2056 1921 ac
2097 1866 2545 1937 Mesopotamiam
2590 1870 2646 1923 in
2693 1868 2953 1925 Romanae
3000 1872 3293 1941 provincia

1716 1956 1947 2011 formam
1970 1959 2236 2029 redegerit
2265 1959 2608 2031 Partbireque
2639 1976 2866 2030 regnum
2899 1961 3137 2018 Cbosroi
3164 1964 3291 2017 reli-

1715 2050 1929 2119 querit:
1992 2050 2047 2103 in
2101 2051 2345 2105 secundo
2396 2066 2525 2105 vero
2572 2051 2791 2107 Parthis
2848 2052 3011 2123 ipsis,
3061 2054 3289 2125 expulso

1716 2142 1983 2210 Cbosroe,
2020 2158 2199 2213 regem
2234 2144 2401 2197 alium
2426 2145 2780 2201 concesserit.
2801 2164 2821 2198 ι

1786 2233 1862 2288 Ac
1889 2245 2036 2289 certe
2064 2236 2281 2305 quidem
2314 2234 2609 2306 Trajanum
2652 2238 2908 2292 Armenia
2935 2239 3047 2309 jam
3080 2238 3287 2307 pridem

1715 2334 1928 2394 recepta
1954 2324 2182 2379 Romam
2213 2325 2460 2392 rediisse,
2494 2326 2800 2398 iterumque
2822 2327 2994 2383 Roma
3020 2329 3075 2381 in
3098 2326 3291 2383 Orien-

1716 2423 1822 2469 tem
1851 2414 2153 2485 profectum
2177 2432 2318 2481 esse,
2346 2432 2415 2471 ex
2436 2418 2675 2473 nummis
2698 2419 2862 2473 etiam
2886 2418 3100 2473 ostendi
3134 2431 3293 2487 posse

1716 2509 2059 2577 putaverim,
2123 2510 2171 2565 si
2224 2526 2347 2564 cum
2398 2510 2587 2567 Dionis
2625 2509 2869 2564 Historia
2919 2510 3289 2565 conferantur.

1719 2598 2003 2669 Siquidem
2031 2602 2267 2671 scriptor
2314 2602 2403 2657 ille
2450 2618 2576 2657 cum
2608 2602 2857 2667 dixisset,
2904 2602 3217 2655 Armeniam
3261 2616 3292 2653 a

1717 2690 1954 2762 Trajano
1988 2692 2202 2748 Caesare
2240 2695 2360 2750 sine
2386 2696 2574 2765 praelio
2613 2705 2884 2765 receptam
2933 2692 3294 2762 Romanoque

1715 2784 1916 2853 populo
1944 2785 2205 2839 tributam
2237 2800 2379 2853 esse,
2411 2803 2539 2841 mox
2567 2786 2785 2841 subdit:
2824 2784 3121 2851 Ἀπήντων
3134 2783 3296 2849 αὐτῷ

1714 2878 1768 2928 οἱ
1802 2874 1946 2944 τῇδε
1971 2875 2289 2944 σατράπαι,
2324 2878 2422 2930 καὶ
2453 2878 2734 2943 βασιλεῖς
2759 2878 2911 2946 μετὰ
2938 2875 3142 2943 δώρων
3166 2916 3181 2929 .
3208 2914 3222 2927 .
3239 2914 3255 2929 .
3277 2914 3291 2929 .

1714 2968 2181 3036 Παρθαμασίρην
2210 2966 2318 3021 τὸν
2350 2969 2667 3039 Ἀρμενίων
2684 2966 3104 3037 ἐτιμοξρήσατο.
3139 2968 3293 3021 Ἐπεὶ

1715 3056 1783 3110 δὲ
1815 3056 2021 3112 πᾶσαν
2052 3058 2165 3127 τὴν
2202 3060 2508 3129 Ἀρμενίων
2554 3059 2751 3130 χώραν
2796 3056 2949 3129 εἷλε,
2998 3061 3094 3114 καὶ
3144 3064 3295 3115 πολ-

1715 3151 1865 3217 λοὺς
1896 3149 2013 3203 τῶν
2068 3151 2380 3215 ,Βασιλέων
2424 3152 2565 3218 τοὺς
2613 3152 2724 3219 μὲν
2760 3154 3183 3217 ὑποπεσόντας
3225 3150 3296 3203 ἐν

1716 3242 1839 3308 τοῖς
1869 3242 2070 3311 φίλοις
2101 3243 2230 3312 ἦγε,
2266 3243 2407 3309 τοὺς
2439 3243 2507 3297 δέ
2540 3262 2706 3311 τινας
2738 3246 2834 3299 καὶ
2881 3244 3297 3308 ἀποθανόντας

1721 3332 2036 3405 (legendum
2068 3344 2200 3404 puto
2229 3334 2517 3403 ἀπόντας,
2555 3346 2614 3392 ιιι
2637 3339 2688 3392 1ιί
2713 3338 2973 3408 postremi
3001 3336 3167 3391 veluti
3199 3334 3295 3388 ab-

1717 3437 1885 3480 sentes
1923 3442 1956 3481 a
1994 3426 2270 3496 prioribus
2298 3429 2393 3497 qui
2430 3428 2667 3497 Trajano
2701 3438 3058 3491 occurrerant,
3100 3428 3298 3483 distin-

1610 3562 1615 3569 .
1718 3520 1974 3589 guantur)
2000 3519 2216 3587 ἀμαχεὶ
2240 3519 2575 3591 ἐχειροῦτοο
2614 3521 2752 3574 τάτε
2784 3521 2944 3575 ἄλλα
2974 3521 3297 3589 ἐψηφίζετο

1717 3606 1879 3675 αὐτῷ
1938 3608 2141 3661 πολλὰ
2172 3610 2212 3677 ἠ
2244 3609 2449 3676 βούλῃ
2479 3649 2496 3674 ,
2560 3610 2659 3664 καὶ
2698 3611 2985 3681 Ὀπτιμον
3024 3610 3130 3664 εἴτ’
3182 3605 3298 3664 οὖν

1723 3700 2023 3770 Ἀριστον,
2056 3700 2462 3769 ἐπωνόμασεν.
2482 3699 2727 3771 Satrapes
2751 3702 2840 3771 qui
2860 3702 3124 3771 regionem
3156 3709 3299 3754 tene-

1719 3791 1865 3855 bant,
1892 3805 2134 3860 regesque
2167 3806 2287 3844 cum
2316 3791 2616 3845 muneribus
2649 3792 2699 3845 ei
2736 3799 3097 3847 occurrerunt.
3130 3831 3146 3846 .
3180 3832 3193 3845 .
3224 3829 3242 3847 .
3278 3831 3293 3845 .

1719 3877 2175 3933 Part/tamasirem
2206 3882 2575 3934 Armeniorum
2624 3898 2794 3953 regem
2832 3883 3070 3951 punivit;
3115 3892 3299 3953 capta—

1718 3984 1817 4039 que
1844 3971 2087 4023 universa
2119 3969 2385 4025 Armenia:
2419 3973 2646 4042 regione,
2678 3989 2819 4042 reges
2849 3974 2939 4043 qui
2976 3972 3299 4027 deditionem

1720 4064 1992 4134 fecerant,
2053 4063 2109 4116 in
2157 4064 2450 4117 amicarum
2498 4082 2719 4119 numero
2769 4066 2995 4132 habuit;
3044 4066 3300 4136 quosdam

1719 4170 1836 4207 vero
1864 4155 2027 4208 etiam
2067 4152 2305 4208 absentes
2350 4154 2543 4225 absque
2586 4172 2761 4227 pugna
2790 4158 2963 4226 cepit:
3007 4158 3156 4227 eique
3189 4166 3299 4207 tum

1721 4248 1831 4300 alia
1868 4249 2025 4316 plura
2053 4247 2279 4301 decrevit
2323 4258 2560 4315 senatus,
2612 4258 2722 4302 tum
2762 4250 3055 4319 prtesertim
3099 4247 3300 4318 Optimi

1720 4350 2121 4409 cognomentum
2149 4341 2424 4395 concessit.
2480 4341 2669 4409 Itaque
2699 4355 2768 4395 ex
2802 4339 2973 4395 Dione
3003 4348 3056 4393 et
3086 4338 3300 4392 Zonara

82 4438 298 4495 novimus
326 4441 473 4511 (78):
525 4458 649 4511 quae
694 4451 874 4499 tamen
919 4445 1174 4503 laudatus
1210 4448 1294 4502 vir
1336 4448 1530 4505 doctus
1566 4450 1617 4505 in

1806 4448 1963 4501 nque,
2007 4432 2204 4501 Optimi
2236 4446 2433 4486 nomen
2475 4440 2605 4486 tunc
2650 4432 2888 4501 primum
2921 4430 3156 4499 Trajano
3184 4428 3301 4483 Ca3-

82 4527 216 4583 altera
246 4530 642 4589 Dissertatioue
679 4534 784 4589 sibi
824 4537 1079 4592 diluenda
1116 4541 1351 4609 sumpsit
1379 4539 1514 4609 (79).
1552 4540 1623 4595 At

82 4618 289 4677 virorum
313 4624 637 4679 criticorum
667 4627 952 4682 arbitratui
978 4628 1045 4683 de
1076 4629 1177 4684 hac
1205 4630 1414 4684 erudita
1445 4631 1626 4687 disce-

82 4709 288 4771 ptatione
318 4711 532 4780 judicio
578 4713 791 4778 relicto,
839 4715 1052 4769 interim
1090 4732 1221 4771 vero
1255 4718 1323 4772 ad
1369 4734 1483 4773 rem
1527 4733 1627 4773 no-

84 4804 221 4851 stram
248 4802 393 4870 quod
415 4804 633 4868 attinet,
668 4802 960 4872 ipsummet
986 4804 1297 4859 Corsinium
1318 4805 1517 4875 juverit
1546 4806 1630 4861 sic

86 4882 363 4956 ιοιιιιεηιειιι
396 4894 625 4949 audire:
671 4914 688 4947 t
723 4892 1065 4960 Vaillantius,
1099 4897 1294 4966 inquit,
1327 4898 1381 4951 in
1412 4897 1632 4949 Arsaci-

141 5027 241 5163 ὶῖῖ)
267 5034 383 5088 Act.
408 5046 639 5105 martyr.
676 5034 884 5118 Ignat.,
914 5051 1034 5105 cap.
1062 5036 1120 5091 2.

172 5102 242 5163 t3)
278 5103 456 5160 Malui.
484 5104 779 5163 Chronoar.
802 5108 896 5161 lib.
920 5123 998 5163 ιι.
1028 5108 1120 5162 sub

91 5097 242 5216 Ηξὶἶό)
278 5103 456 5160 Malal.
484 5097 779 5176 Ch'ronogr.
802 5097 896 5161 lib.
920 5097 998 5174 ιι,
1028 5108 1129 5162 sub
1149 5106 1291 5173 init.,
1316 5122 1473 5177 pagg.
1503 5106 1625 5175 115,

281 5241 465 5316 gsser.
503 5253 620 5316 not.
651 5244 706 5311 6,
742 5248 797 5299 in
826 5256 1045 5316 martyr.
1074 5244 1132 5301 S.
1161 5244 1343 5316 Ignat.

149 5306 585 5434 ςὸἐδειιὶιωεαά.
622 5306 703 5375 αιί
725 5316 914 5370 Μαιαι.
960 5306 1055 5371 Tib.
1106 5306 1487 5384 xt.'nott._25,
1517 5316 1587 5372 29
1609 5357 1625 5383 ,

94 5386 192 5441 Pag.
214 5380 295 5436 55.

152 5445 247 5525 (7Q)
283 5452 495 5510 Tillcm.
525 5453 653 5509 Hist
680 5456 767 5509 des
800 5454 1011 5525 Emper.
1045 5464 1179 5525 tom.
1226 5456 1290 5521 11,
1334 5465 1451 5510 not.
1492 5471 1624 5518 xvn,

97 5525 169 5596 ff"
202 5515 406 5592 Trajan.
439 5542 599 5596 pagg.
626 5515 992 5580 505-509.’-
1024 5525 1100 5581 ld.
1126 5515 1287 5579 Mem.
1311 5526 1460 5593 πει,
1494 5515 1626 5579 tom.

99 5578 320 5666 ".9333:
345 5578 466 5661 tas:
493 5578 781 5666 £9,585;

152 5658 496 5736 t77)_’Corsin.
539 5658 765 5720 Dissert.
799 5666 862 5721 de
891 5661 1109 5722 Minnis.
1162 5681 1389 5733 numm.,
1437 5680 1559 5736 pag.
1598 5664 1631 5720 6

90 5733 202 5811 sqq
250 5730 468 5791 Liburni
502 5735 664 5797 1754.

1726 4530 1836 4584 sari
1867 4528 2053 4584 Roma:
2074 4544 2398 4583 concessum
2446 4527 2568 4592 fuit,
2613 4543 2737 4581 cum
2773 4528 2820 4582 is
2850 4526 3163 4580 Armeniam
3204 4540 3301 4579 ex-

1727 4621 1885 4691 pulso
1932 4619 2401 4675 Parthamasiride
2452 4618 2775 4687 (ueterisque
2824 4616 3027 4685 regulis
3074 4615 3301 4670 omnino

1728 4712 1961 4767 sublatis
1989 4720 2348 4781 occupasset:
2401 4710 2631 4779 ideoque
2671 4724 2795 4763 cum
2830 4709 2883 4763 in
2910 4709 3151 4762 nummis
3182 4708 3304 4776 plu-

1729 4805 1882 4858 ribus
1909 4801 2095 4856 Romae
2131 4800 2407 4872 percussis
2441 4798 2640 4867 Optimi
2680 4813 2880 4854 nomen
2917 4797 3155 4867 Trajano
3200 4798 3304 4851 tri-
3388 4828 3391 4831 -

1732 4895 1925 4949 butum
1975 4900 2270 4957 occurrat,
2326 4892 2383 4946 in
2431 4892 2632 4962 quibus
2674 4890 2790 4963 ipse
2837 4889 3033 4945 Consul
3065 4905 3093 4942 v
3145 4905 3306 4942 voca-

1801 5034 2213 5160 (78)7§‘;0elich.
2247 5034 2385 5091 Dub.
2416 5034 2481 5089 de
2516 5035 2761 5101 Minnis.,
2794 5045 2899 5090 etc.
2940 5033 3153 5088 Viennae
3190 5030 3304 5083 Au-

1731 5115 1830 5163 str.
1869 5107 2027 5160 1754.

1827 5177 1915 5245 79)
1955 5175 2173 5246 Corsin.
2192 5176 2419 5231 Dissert.
2442 5177 2494 5229 in
2518 5193 2622 5246 qua
2639 5176 2802 5246 Dub,
2820 5181 2924 5246 etc.
2944 5171 3125 5225 Roma:
3144 5168 3302 5221 1757.

1825 5243 1916 5316 80)
1960 5245 2219 5316 Yaillant.
2254 5248 2500 5300 Arsacid.
2530 5243 2681 5313 hist"
2711 5261 2765 5315 p.
2792 5243 2915 5297 ⁸505.

1802 5315 1916 5387 (81)
1958 5315 2127 5387 [λογό.
2155 5318 2243 5387 De,
2259 5316 2358 5386 Ep.
2389 5316 2567 5387 Ignat.

1950 5378 2193 5457 Fabrctt.
2220 5378 2441 5457 De'col;
2459 5384 2699 5457 Trajan.,
2722 5378 2924 5457 p_._290.

1802 5451 1916 5523 (85)
1955 5455 2137 5510 Neris.
2172 5456 2345 5524 Epist.
2383 5451 2626 5524 Cunaui.,
2659 5470 2709 5524 p_.
2745 5451 2829 5505 7‘2.

1830 5522 1920 5590 84⁷)
1962 5523 2089 5593 Pag.
2118 5526 2187 5579 ad
2216 5522 2344 5578 ant).
2368 5522 2497 5593 Chr.
2534 5524 2655 5593 105,
2681 5522 2708 5591 §
2738 5536 2775 5573 ιι
2807 5535 2923 5593 seq.

1833 5588 1925 5661 85)
1966 5588 2197 5664 Qasnag.
2223 5591 2418 5664 Annal:
2446 5592 2607 5664 eccl._,
2641 5588 2708 5664 ait
2735 5606 2863 5664 ann.
2896 5588 3019 5643 112.

1810 5658 1922 5732 (86)
1964 5658 2179 5717 Tillenf.
2212 5663 2354 5715 IIist.
2384 5659 2556 5731 Impp.
2587 5661 2641 5716 in
2667 5658 2922 5731 Trajan.,
2960 5667 3063 5712 art.
3110 5672 3304 5722 xxvttt,

1739 5743 1792 5787 et
1819 5744 1928 5788 not.
1967 5748 2097 5799 xvtt,
2128 5748 2180 5804 p.
2218 5732 2339 5789 500.
