3746 6304
408 297 513 354 583

1485 299 1547 352 8.
1581 294 1938 355 lGNATIUS.
1978 322 2047 339 -ι-
2075 294 2605 352 PROLEGOMENA.

3561 289 3661 348 58$

419 429 510 472 tur
537 418 690 487 (87);
739 417 976 473 dubitari
1012 430 1161 475 certe
1195 418 1282 473 vix
1319 419 1519 489 poterit
1546 420 1681 489 quin
1713 418 1985 490 Trajanus
2014 422 2059 477 A
2084 418 2249 473 etiam
2296 417 2611 485 Graecisque
2657 415 2932 479 nummis,
2972 430 3112 484 quos
3153 429 3221 469 eo
3264 413 3535 469 libentius
3579 412 3663 465 hic

409 510 720 565 Armeniam
748 511 1043 581 subegerit,
1084 518 1248 579 atque
1278 509 1477 579 Optimi
1508 525 1705 564 nomen
1730 511 1983 565 obtinue-

412 600 482 652 rit
509 610 633 653 ante
662 615 864 653 annum
897 598 963 653 U.
992 599 1055 653 (ἒ.
1095 598 1221 663 865,
1257 612 1366 668 quo
1398 609 1606 651 sextum
1638 596 1980 652 consulatum

410 688 598 743 Romae
670 689 932 759 suscepit.
998 688 1075 743 Ita
1133 703 1392 758 quoque,
1442 701 1565 741 cum
1623 685 1679 739 in
1741 685 1983 739 nummis

409 780 532 834 aliis
564 779 677 849 (88)
714 779 915 848 Optimi
942 780 1134 834 titulus
1165 779 1508 845 observetur,
1537 776 1810 849 simulque
1846 776 1986 830 Pro-

409 866 848 941 fectio'Augusti
896 879 1258 937 memoretur;
1310 868 1470 925 facile
1520 869 1718 924 exinde
1760 876 1983 938 apparet

409 961 747 1033 Trajanum,
788 964 952 1018 etiam
1002 971 1129 1033 post
1179 963 1419 1018 subactae
1466 963 1738 1017 Armeniae
1770 970 1985 1030 tempus

408 1063 574 1123 atque
601 1054 802 1123 Optimi
828 1070 1023 1109 nomen
1051 1054 1153 1123 ipsi
1181 1054 1465 1119 tributum,
1489 1053 1785 1123 aliquando
1811 1052 1984 1107 Roma

413 1149 768 1203 discessisse:
789 1148 935 1217 quod
960 1148 1076 1202 ﬁeri
1097 1157 1243 1203 certe
1263 1148 1347 1203 vel
1365 1148 1621 1217 explicari
1646 1162 1750 1201 non
1778 1155 1984 1216 posset,

412 1240 456 1292 si
486 1240 652 1293 semel
678 1246 1058 1293 tantummodo
1084 1238 1346 1292 adversus
1361 1237 1647 1293 Armenios
1670 1253 1735 1292 ac
1754 1236 1986 1291 Parthos

409 1346 554 1385 anno
580 1329 645 1386 U.
671 1331 733 1385 Ο.
765 1331 869 1385 865
900 1330 1068 1385 Roma
1099 1329 1370 1399 profectus
1403 1330 1459 1383 in
1482 1329 1703 1383 Oriente
1734 1329 1980 1383 obiissct.

444 1434 463 1465 ι
487 1422 607 1477 Ιιτεε
646 1423 763 1494 ipsa
793 1438 1011 1493 quoque
1051 1420 1269 1487 Traiani
1294 1420 1569 1490 expeditio
1609 1429 1735 1475 ante
1780 1435 1985 1474 annum

412 1515 477 1570 U.
504 1518 569 1575 (Σ.
592 1517 696 1571 865
716 1526 990 1586 suscepta,
1017 1515 1385 1585 pulcherrimo
1405 1514 1741 1567 Antiocheno
1762 1528 1988 1566 nummo

410 1608 727 1662 conﬁrmari
761 1608 963 1677 poterit
1011 1608 1154 1675 (89),
1201 1606 1251 1658 in
1286 1620 1398 1673 quo
1434 1604 1719 1673 perspicue
1755 1603 1984 1673 legitur:

408 1699 718 1751 AliMAPX.
780 1698 883 1751 ΕΞ.
940 1697 1146 1749 ΥΠΑΤ.
1193 1698 1251 1750 Ε,
1303 1694 1624 1748 Tribunicio
1670 1692 1985 1763 potestatis,

2083 510 2282 581 protuli
2316 520 2374 563 ut
2404 509 2611 563 vexatis
2655 509 2792 563 adeo
2822 507 3011 578 lgnatii
3049 508 3308 578 martyris
3345 505 3504 559 Actis
3543 506 3664 558 hinc

2082 603 2245 657 etiam
2269 600 2526 670 splendor
2554 615 2618 654 ac
2641 598 2951 669 prtesidium
2978 597 3282 659 accederet,
3312 595 3535 650 ostendi
3558 595 3663 663 jam

2084 693 2288 763 poterit
2313 692 2457 763 quod
2498 691 2698 761 duplex
2730 689 2953 759 Traiani
2990 690 3043 743 in
3074 688 3358 743 Orientem
3398 686 3665 756 profectio

2084 782 2308 851 agnosci
2353 782 2557 836 debet:
2594 790 2653 835 ut
2694 781 2748 834 in
2788 780 2964 849 prima
3005 780 3225 849 quidem
3270 776 3519 831 Chosroi
3561 776 3663 845 pla-

2084 883 2242 927 catus
2275 873 2495 928 obsides
2523 873 2701 928 solum
2743 872 2812 927 ah
2834 872 2926 926 illo
2961 871 3248 941 receperit,
3273 870 3517 937 solaque
3542 867 3667 920 urbe

2086 962 2259 1020 Nisibi
2284 964 2583 1034 Batnisque
2617 966 2790 1034 ceptis
2824 963 3066 1017 Parthici
3098 977 3297 1017 nomen
3329 961 3667 1023 obtinuerit;

2086 1054 2141 1108 in
2171 1054 2342 1108 altera
2377 1068 2527 1118 vero,
2556 1067 2683 1107 cum
2728 1053 3003 1107 (lhosroes
3051 1060 3145 1105 aut
3190 1065 3222 1104 a
3267 1048 3501 1103 Parthis
3545 1049 3668 1117 ipsis

2086 1144 2349 1213 expulsus
2381 1143 2551 1209 foret,
2585 1151 2680 1198 aut
2715 1144 2876 1198 ﬁdem
2914 1142 3151 1212 Trajano
3178 1141 3515 1197 obstrictam
3554 1140 3667 1191 vio-

2087 1237 2285 1303 lasset,
2320 1233 2543 1290 Parthis
2593 1236 2729 1305 ipsis
2773 1249 2976 1290 novum
3007 1250 3189 1303 regem
3235 1232 3616 1286 constituerit.
3647 1248 3663 1278 ι

2088 1328 2364 1384 Hactenus
2400 1329 2484 1383 vir
2516 1328 2606 1383 ille
2641 1328 3017 1383 doctissimus.
3040 1324 3226 1395 Neque
3252 1326 3489 1379 omittas
3517 1325 3669 1377 velim

2087 1440 2211 1494 quae
2238 1421 2627 1478 Pearsoniana:
2670 1420 2953 1476 sententiae
2980 1419 3225 1489 patronis
3258 1419 3414 1471 haud
3456 1418 3531 1471 ita
3568 1417 3672 1485 pri-

2087 1516 2210 1570 dem
2268 1513 2529 1583 opposuit
2567 1512 2884 1567 Baraterius
2926 1511 3062 1581 (92).
3116 1510 3174 1564 Si
3223 1512 3379 1563 enim
3434 1523 3500 1563 ea
3554 1523 3672 1561 cum

2089 1606 2419 1662 Tillemontii
2443 1616 2497 1662 et
2524 1606 2765 1661 Corsinii
2796 1605 3014 1675 placitis
3036 1613 3473 1672 componantur,
3504 1617 3593 1655 res
3614 1617 3677 1654 eo

2091 1702 2309 1755 tandem
2334 1700 2622 1756 deducitur
2647 1708 2706 1754 ut
2726 1700 2951 1755 omnino
2973 1697 3220 1753 conlecta
3244 1712 3372 1751 esse
3398 1696 3678 1757 videatur;

410 1788 611 1842 Consul
638 1805 690 1841 ν.
722 1787 934 1842 Etenim
974 1788 1018 1842 si
1055 1803 1314 1844 nummus
1368 1788 1458 1841 ille
1508 1795 1622 1839 tum
1676 1798 1845 1838 cusus
1887 1781 1989 1835 fuit
2020 1768 2062 1822 Β
2092 1808 2158 1847 ac
2207 1792 2439 1863 proinde
2481 1808 2646 1847 nemo
2687 1792 2742 1845 in
2793 1799 3074 1861 posterum
3118 1788 3187 1843 de
3218 1790 3495 1842 Αριοι-υιιι
3531 1784 3683 1855 lgna.

409 1896 535 1933 cum
563 1880 797 1949 primum
824 1878 1099 1948 Traianus
1128 1879 1477 1933 Antiochiam
1526 1876 1766 1941 advenit,
1805 1882 1867 1929 ut
1915 1873 1987 1929 cl.

407 1972 587 2025 editor
610 1972 987 2033 existimavit,
1035 1971 1386 2040 perspicuum
1448 1970 1539 2023 [iet
1585 1968 1882 2037 Trajanum
1934 1966 1991 2020 in

407 2060 685 2117 Orientem
734 2072 859 2117 ante
905 2062 1249 2117 consulatum
1297 2072 1523 2126 sextum,
1574 2061 1819 2129 adeoque
1866 2066 1994 2112 ante

410 2168 613 2209 annum
644 2152 710 2208 υ.
742 2154 805 2209 C.
838 2153 945 2207 865
974 2156 1341 2209 concessisse:
1370 2153 1833 2223 quemadmodum
1860 2164 1993 2206 sane

411 2247 718 2316 perspicuis
770 2253 1077 2314 temporum
1135 2244 1549 2300 characteri’bus
1591 2243 1858 2298 adventus
1904 2242 1994 2297 ille

410 2338 761 2392 Antiochiam
804 2338 857 2391 in
898 2337 1106 2392 Malala:
1146 2337 1390 2393 Historia
1435 2336 1554 2406 (90)
1589 2351 1734 2390 anno
1790 2334 1855 2390 υ.
1925 2335 1989 2390 C.

412 2429 517 2481 860
559 2429 852 2493 tribuitur;
900 2438 1065 2498 atque
1110 2429 1165 2481 in
1208 2428 1362 2482 Actis
1400 2426 1455 2482 S.
1504 2427 1699 2496 lgnatii
1737 2427 1994 2497 martyris

414 2520 701 2589 perspicue
724 2520 1035 2589 discrteque
1071 2519 1290 2583 legitur,
1320 2518 1468 2587 quod
1493 2527 1699 2588 martyr
1730 2518 1819 2571 ille
1855 2533 1993 2570 nono

414 2610 638 2680 Trajani
674 2611 993 2679 imperantis
1020 2626 1186 2675 anno,
1216 2609 1357 2663 Sura
1404 2618 1455 2663 et
1488 2607 1769 2663 Senecione
1798 2624 1991 2661 consu-

414 2703 575 2766 libus,
624 2701 726 2755 hoc
747 2711 831 2755 est
872 2716 1018 2755 anno
1056 2701 1183 2763 860,
1224 2702 1444 2755 ineunte
1478 2698 1741 2754 Januario
1783 2715 1993 2765 mense,

415 2791 653 2860 Trajano
694 2794 997 2847 Antiochia:
1043 2792 1282 2865 degenti,
1316 2800 1482 2862 atque
1516 2791 1571 2844 in
1599 2790 1891 2845 Armenios
1940 2800 1995 2845 et

416 2881 647 2937 Parthos
676 2885 908 2938 moventi
943 2884 1157 2939 oblatus
1184 2882 1307 2938 fuit.
1341 2883 1582 2953 Denique
1602 2883 1837 2938 eximius
1857 2883 1995 2937 alter

414 2972 639 3043 'l‘rajani
692 2990 953 3029 nummus
1001 2976 1229 3029 habetur
1260 2975 1372 3046 (91)
1418 2976 1471 3028 in
1516 2991 1629 3045 quo
1672 2975 1857 3029 Caesar
1878 2974 1995 3045 ipse

2097 1884 2229 1938 tiani
2260 1883 2503 1955 martyrii
2533 1884 2849 1939 sinceritate
2871 1882 2996 1951 jure
3030 1879 3285 1935 dubitare
3317 1878 3527 1949 possit.

2164 1973 2287 2029 Jam
2312 1990 2441 2029 vero
2473 1975 2540 2029 ad
2575 1988 2697 2028 eam
2741 1971 3119 2027 diﬂicultatem
3156 1968 3522 2024 enodandam
3564 1980 3684 2036 qua

2094 2068 2203 2138 peti
2235 2068 2373 2123 solet
2399 2083 2466 2121 ex
2488 2066 2681 2120 iisdem
2706 2064 2877 2127 Actis,
2910 2063 3001 2117 ιιΰί
3038 2061 3097 2116 S.
3118 2060 3311 2132 lgnatii
3345 2059 3683 2130 martyrium

2093 2159 2449 2228 consignatur
2480 2156 2861 2210 ὑπατευόντων
2889 2152 3039 2226 παρὰ
3083 2151 3380 2221 Ῥωμαίοις
3411 2148 3569 2221 Σύρα
3600 2148 3687 2200 καὶ

2093 2251 2345 2305 Σενεκίου
2375 2249 2437 2303 τὸ
2466 2249 2749 2321 δεύτερον,
2781 2246 2931 2302 Cosa.
2975 2245 3114 2315 apud
3157 2242 3432 2297 Romanos
3472 2240 3617 2296 Sura
3643 2249 3689 2291 ιι

2095 2345 2378 2401 Senecione
2408 2359 2472 2407 ιι,
2504 2357 2629 2397 cum
2660 2357 2727 2395 ex
2760 2339 2939 2395 Fastis
2962 2346 3175 2393 constet
3203 2336 3341 2405 (93),
3372 2349 3532 2389 anno
3569 2350 3687 2388 term

2095 2436 2424 2492 Christianae
2460 2433 2585 2497 l07,
2625 2432 2980 2487 Senecionem
3018 2446 3093 2497 iv,
3108 2439 3162 2483 et
3198 2427 3405 2481 Suram
3439 2442 3527 2489 ιιι,
3558 2442 3688 2479 eou-

2096 2532 2243 2585 sules
2279 2527 2649 2598 processisse;
2696 2524 2857 2593 plura
2898 2530 3093 2592 praeter
3138 2517 3433 2573 Usserium
3479 2513 3689 2583 profert

2096 2620 2548 2677 accuratissimus
2603 2616 2987 2671 Tillemontius
3031 2614 3165 2683 (94).
3217 2610 3443 2677 Quibus
3489 2608 3691 2662 addere

2094 2690 2319 2785 praestat
2342 2728 2465 2783 qua:
2493 2711 2549 2765 in
2596 2720 2833 2765 veterem
2865 2706 3182 2763 eorumdem
3208 2706 3484 2758 Actorum
3518 2702 3690 2755 inter-

2096 2816 2303 2877 pretem
2371 2803 2583 2859 erudite
2646 2800 2958 2857 observavit
3017 2796 3215 2868 praesul
3299 2792 3689 2863 amplissimus

2096 2899 2423 2954 Fi-aiiciscus
2452 2893 2807 2950 Blanchinius
2840 2892 2978 2963 (95).
3010 2890 3211 2945 Verum
3245 2888 3301 2941 in
3339 2887 3438 2940 his
3478 2884 3693 2939 diutius

2098 2990 2403 3054 immorari,
2434 2987 2669 3042 instituti
2703 2984 2876 3039 nostri
2908 2983 3048 3037 ratio
3082 2995 3191 3034 non
3217 2979 3457 3048 patitur.

415 3070 637 3126 APICT.
668 3070 822 3126 (ΖΕΒ.
858 3072 1065 3126 ΓΕΡΜ.
1103 3074 1261 3126 ΔΑΚ.
1316 3072 1520 3126 ΠΑΡΘ.
1572 3072 1837 3142 Optimus,
1883 3076 1988 3127 Au-

2168 3082 2267 3136 llic
2312 3090 2523 3135 tantum
2580 3078 2839 3132 lectorem
2891 3058 3160 3129 monitum
3225 3070 3543 3133 volumus,
3594 3082 3691 3121 nos

415 3177 623 3236 gustus,
662 3166 1030 3231 Germanicus,
1056 3164 1299 3230 Dacciut,
1337 3165 1623 3218 Parthicus
1666 3167 1991 3235 appellatur,

416 3259 691 3327 simulque
738 3260 969 3313 decimus
1008 3258 1219 3327 imperii
1258 3258 1430 3326 ipsihs
1478 3273 1655 3313 annus
1701 3274 1996 3328 expressus

416 3349 779 3419 conspicitur.
814 3350 955 3419 Ergo
978 3365 1123 3403 anno
1153 3347 1219 3404 U.
1246 3349 1307 3403 C.
1332 3350 1456 3415 861,
1482 3350 1536 3403 in
1567 3363 1728 3419 quem
1759 3350 1994 3405 decimus

418 3441 631 3511 imperii
653 3456 831 3495 annus
858 3443 1115 3505 incurrit,
1145 3440 1547 3512 Trajanusjam
1576 3442 1798 3510 Optimi,
1831 3454 1996 3514 atque

416 3548 448 3586 a
474 3534 739 3587 militibus
773 3535 964 3589 saltem
988 3534 1231 3587 Parthici
1257 3550 1452 3589 nomen
1477 3546 1805 3604 acceperat:
1838 3536 1993 3590 ideo-

418 3639 527 3692 que
558 3622 878 3679 Parthicum
933 3626 1035 3679 iter
1073 3626 1142 3680 ah
1178 3626 1273 3681 illo
1318 3636 1633 3696 susceptum
1669 3627 1739 3681 ad
1787 3642 1992 3683 annum

424 3715 487 3769 U.
513 3715 576 3769 C.
605 3716 712 3771 859
734 3711 925 3769 rel'erri
958 3719 1141 3773 debet.

496 3822 516 3857 ι
555 3804 741 3875 itaque
783 3822 891 3861 non
925 3824 993 3863 ex
1042 3810 1407 3881 scriptoribus
1445 3810 1621 3865 solum
1664 3824 1805 3881 quos
1832 3810 1996 3867 Tille-

417 3898 664 3953 montius
730 3902 1143 3958 accuratissime
1188 3902 1473 3967 exhibuit,
1533 3902 1630 3958 sed
1670 3918 1738 3957 cx
1786 3902 1997 3958 Latinis

489 4058 607 4134 (87)
642 4059 899 4134 ‘faillant.
939 4071 1075 4119 tom.
1108 4063 1173 4126 ll,
1199 4079 1323 4134 pag.
1353 4064 1475 4118 121.

492 4132 607 4205 ρης)
649 4131 783 4205 llud.
811 4144 863 4205 et
891 4144 1025 4205 tom.
1056 4135 1094 4197 Ι,
1127 4131 1294 4205 pagg.
1311 4134 1400 4198 47,
1431 4134 1524 4189 49.

487 4198 655 4253 θυεμ.
688 4201 817 4256 Tab.
842 4202 883 4267 l,
915 4220 967 4257 ιι.
999 4203 1090 4259 78.

489 4271 604 4346 (89)
646 4271 935 4346 __Vail|aut.
961 4284 1093 4328 tum.
1128 4273 1190 4339 ll,
1221 4290 1341 4346 pag.
1365 4272 1507 4346 7127.

486 4342 603 4409 (90)
644 4342 1042 4399 Malal.ﬂistor.
1068 4346 1161 4399 lib.
1200 4342 1271 4408 λι,
1298 4342 1425 4400 init.

488 4411 602 4480 (91)
641 4414 867 4469 Gesner.
904 4414 1032 4469 Tab.
1058 4432 1195 4469 Lxxx
1248 4432 1297 4469 ιι.
1341 4417 1427 4469 ll.

488 4482 604 4550 (9-3)
645 4482 826 4540 Barat.
886 4485 1115 4558 Disquis.
1151 4483 1333 4539 chron.
1394 4484 1460 4540 de
1507 4501 1732 4540 success.
1784 4486 1985 4539 antica.

2098 3173 2317 3244 quidem
2353 3170 2636 3226 sententiae
2667 3183 2697 3221 a
2731 3165 3034 3221 Pearsonio
3059 3162 3292 3231 aliisque
3318 3172 3693 3230 prepuguauc

2100 3263 2337 3333 primum
2376 3260 2706 3325 adhaesisse,
2753 3274 2898 3312 anno
2929 3256 3031 3310 116
3072 3254 3331 3324 epistolas
3374 3252 3699 3323 lgnatianas

2099 3353 2389 3425 illigantes,
2415 3353 2547 3407 dum
2589 3354 2712 3408 illas
2754 3351 2903 3422 typis
2933 3346 3281 3403 excudendas
3308 3348 3693 3407 curabamus;

2104 3448 2200 3502 sed
2239 3460 2297 3500 re
2346 3445 2601 3513 deinceps
2650 3442 2914 3498 attentius
2945 3442 3223 3508 inspecta,
3268 3452 3429 3491 nunc
3468 3438 3696 3491 demum

2102 3539 2330 3592 alteram
2369 3536 2704 3605 sequendam
2731 3534 3016 3596 ducimus,
3049 3518 3509 3601 quandoquidem
3570 3534 3697 3582 vatis

2101 3626 2353 3681 dioribus
2382 3626 2720 3696 argumentis
2749 3623 3070 3679 conﬁrmata
3090 3636 3214 3675 esse
3236 3621 3408 3675 nobis
3433 3621 3659 3675 videtur
3684 3638 3695 3648 ·

2102 3726 2165 3771 ιιι
2211 3716 2441 3786 proinde
2488 3732 2635 3770 anno
2682 3725 2941 3772 currente
2964 3712 3066 3767 107
3091 3712 3312 3766 easdem
3340 3711 3629 3780 epistolas
3672 3728 3698 3763 a

2104 3808 2166 3864 S.
2200 3808 2408 3878 lgnatio
2440 3809 2774 3877 perscriptas
2793 3849 2808 3874 ,
2834 3808 3065 3876 ejusque
3095 3804 3230 3858 Acta
3258 3803 3524 3873 martyrii
3554 3818 3699 3857 armo

2102 3905 2423 3974 insequente
2447 3902 2549 3957 108
2573 3901 2771 3956 litteris
2802 3898 3061 3954 mandata
3091 3895 3517 3950 existimemus.

2102 4064 2379 4137 Episcopp.
2413 4066 2643 4125 ηοηιιη..
2676 4079 2797 4146 cap.
2829 4061 2882 4128 7,
2916 4060 2945 4133 ς
2976 4061 3031 4125 1,
3057 4076 3183 4183 pag.
3208 4059 3278 4113 84
3308 4073 3477 4139 seqq.

2167 4137 2281 4183 (93)
2322 4136 2585 4183 Almeltw.
2618 4136 2772 4183 Fastt
2804 4149 2974 4183 6038..
3007 4147 3060 4183 ι).
3094 4132 3116 4183 1
3163 4131 3217 4183 2.
3249 4129 3369 4182 alll.

2167 4129 2779 4217 (9§)'Aluielov._fas{i
2804 4129 2974 4217 cassi,
3007 4129 3217 4217 p.152,
3249 4129 3369 4217 alii.

2165 4199 2278 4277 (94)
2320 4205 2535 4259 'l‘illcm.
2573 4206 2718 4260 Hist.
2744 4204 2833 4258 des
2863 4199 3103 4271 Empér.,
3126 4210 3259 4255 tom.
3286 4199 3352 4264 ll,
3380 4206 3539 4252 nott.
3560 4212 3693 4261 xvii,

2165 4294 2212 4331 ι.
2247 4293 2403 4331 naua.
2436 4276 2562 4331 506.
2596 4277 2721 4331 510.

2094 4293 2212 4340 xxx,
2247 4293 2403 4347 pagg.
2436 4293 2562 4357 suo,
2596 4293 2721 4331 DIU.
3218 4342 3228 4352 .
3296 4341 3308 4352 .

2098 4418 2128 4493 ³
2322 4347 2608 4403 Blancbtn.
2626 4347 2839 4418 praefat.
2860 4342 2929 4399 ad
2952 4344 3142 4399 Anast.
3162 4339 3459 4437 Butram,
3480 4348 3626 4395 tom.
3654 4335 3691 4401 l,
