3754 6206
440 258 540 315 88⁸1

1514 262 1570 319 8.
1607 262 1954 321 lGNATlUS.
1998 297 2063 305 με
2106 263 2645 322 PROLEGUMENA.

3601 268 3694 322 588

441 385 510 436 iis
547 381 797 436 notitiam
856 379 1171 437 testimonio
1229 397 1331 438 suo
1398 384 1754 441 conﬁrmatas
1803 387 2022 455 scriptis
2050 395 2097 453 Α
2125 387 2439 458 praesidium
2474 401 2820 457 quaeramus,
2850 386 3109 458 episcopo
3156 385 3272 458 (l6)
3319 392 3692 442 aunmreudum

438 472 705 527 mandare
742 470 1116 529 necessarium
1137 472 1311 528 duxit.
1352 493 1371 524 ι
1409 474 1537 531 Sole
1575 476 1878 531 meridiano
1902 476 2018 531 cla-

437 566 554 621 rius
580 573 685 630 est,
708 564 775 620 de
797 564 1089 620 traditione
1135 580 1247 620 non
1292 567 1493 637 scripta
1520 567 1687 623 verba
1721 567 1859 634 ﬁeri,
1891 584 2015 623 cum

437 656 707 715 Eusebius
736 657 915 712 tradat
940 655 998 711 S.
1027 656 1427 713 Antiochenum
1455 659 1773 730 episcopum
1798 660 2017 729 scriptis

434 748 696 804 mandare
725 749 1097 805 necessarium
1128 748 1373 816 duxisse,
1393 750 1642 807 uttutius
1674 750 1740 806 ad
1767 762 2017 821 posteros

433 841 813 913 pervenirent,
836 843 981 912 quod
1013 858 1145 898 sane
1175 843 1283 899 dici
1316 842 1506 914 nequit
1537 843 1605 900 de
1642 842 1891 901 doctrina
1924 844 2015 899 lit-

430 934 565 991 teris
592 934 935 1005 consignata.

432 1043 462 1118 ᾗ
503 1044 567 1101 ll.
610 1044 686 1100 De
712 1044 971 1110 Ecclesia,
1013 1047 1127 1115 ejus
1160 1046 1444 1118 ministris,
1468 1047 1769 1114 schismate,
1801 1048 2011 1115 heresi,

659 1118 922 1171 hwreticis
960 1117 1224 1187 fugiendis
1244 1159 1259 1183 ,
1288 1134 1571 1187 eorumque
1608 1120 1768 1172 notis.

499 1231 638 1288 Vera
663 1232 929 1295 Ecclesia,
959 1232 1115 1303 juxta
1148 1231 1209 1286 S.
1235 1230 1526 1302 lgnatium,
1563 1235 1707 1289 notis
1749 1234 1900 1290 hisce
1931 1234 2014 1288 in-

428 1325 667 1381 ternosci
693 1334 901 1395 potest,
925 1324 1072 1395 quod
1105 1339 1215 1378 una
1250 1324 1321 1379 sit
1360 1324 1460 1394 (8),
1495 1326 1766 1381 catholica
1796 1328 1896 1397 (9),
1931 1326 2014 1380 in-

424 1420 799 1490 corruptibilis
820 1422 955 1489 (to),
975 1430 1141 1489 atque
1162 1419 1238 1474 ita
1260 1420 1551 1475 distributa
1579 1421 1757 1491 (ll)ut
1772 1420 2011 1491 episcopi

424 1512 760 1584 presbyteris
775 1511 1013 1582 majores
1028 1511 1157 1577 sint;
1174 1512 1228 1566 hi
1242 1527 1373 1567 vero
1396 1512 1663 1572 diaconis,
1679 1513 1797 1568 sine
1812 1512 2013 1583 quibus

424 1608 539 1678 (12)
558 1606 859 1679 perdurare
880 1621 990 1662 non
1010 1614 1211 1677 potest.
1233 1607 1395 1663 Docet
1412 1618 1669 1677 praeterea
1689 1606 1803 1677 (15)
1819 1622 2005 1676 quem-

433 1700 731 1756 admodum
768 1698 861 1755 ubi
898 1698 1153 1754 Christus
1205 1708 1325 1763 est,
1359 1699 1433 1754 ibi
1480 1713 1700 1769 quoque
1740 1698 2011 1753 catholica

2124 493 2210 538 est
2244 481 2360 552 (17)
2397 495 2636 551 eumque
2670 488 2729 534 ut
2763 478 2924 535 Jesus
2967 480 3223 535 Christus
3280 481 3497 536 Patrem
3548 496 3693 534 suum

2122 574 2280 645 sequi
2328 583 2561 645 oportet.
2588 571 3061 639 Quemadmodum
3091 572 3237 626 enim
3267 569 3434 627 Jesus
3459 570 3695 624 Christus

2121 666 2217 737 qui
2264 664 2649 735 inseparabilis
2705 674 2889 718 nostra
2919 663 3030 718 vita
3071 673 3190 728 est,
3239 662 3421 718 Patris
3453 662 3693 717 mandato

2121 758 2221 813 toti
2268 756 2523 813 Ecclesia
2580 756 2907 827 prmpositus
2958 764 3043 813 est
3086 756 3222 827 (18),
3270 758 3347 810 ita
3390 762 3448 810 et
3469 753 3691 825 episcopi

2118 846 2247 904 Jesu
2276 848 2484 904 Christi
2514 849 2675 919 jussu
2723 850 2901 905 eidem
2947 847 3189 919 praefecti
3229 855 3361 903 sunt
3388 861 3486 917 per
3526 846 3693 900 varias

2119 943 2270 999 orbis
2306 943 2513 1014 plagas,
2557 952 2615 997 ut
2647 943 2768 1014 ejus
2793 944 2973 998 locum
3000 942 3322 1008 obtineant,
3348 951 3404 998 et
3428 940 3690 1012 religionis

2120 1036 2355 1107 negotiis
2382 1033 2631 1105 praesint.

2192 1127 2440 1199 Ipsorum
2484 1126 2703 1181 interim
2743 1127 2987 1182 muneris
3035 1137 3120 1183 est
3164 1128 3279 1199 (19)
3326 1126 3457 1183 Jesu
3502 1126 3689 1182 Christi

2116 1222 2421 1277 doctrinam
2448 1231 2612 1292 atque
2642 1235 2808 1291 opera
2840 1220 2895 1274 in
2929 1219 3127 1290 seipsis
3150 1220 3433 1275 exhibere.
3475 1218 3689 1289 Episco~

2115 1314 2170 1385 pi
2199 1322 2285 1371 est
2312 1314 2550 1370 ﬁdelium
2574 1323 2902 1369 conventum
2934 1314 3134 1368 habere
3162 1313 3300 1383 (20),
3339 1312 3528 1383 illique
3566 1326 3689 1383 prae-

2114 1422 2270 1475 esse;
2296 1408 2416 1463 sine
2470 1408 2591 1479 ipso
2615 1422 2794 1478 neque
2827 1406 3129 1476 baptizare,
3166 1422 3348 1477 neque
3382 1422 3585 1477 agapen
3617 1404 3693 1459 la-

2113 1517 2260 1568 cere,
2302 1518 2479 1572 nequc
2498 1503 2797 1573 quidquam
2836 1501 2985 1557 aliud
3036 1503 3187 1573 quod
3239 1502 3543 1558 Ecclesiam
3574 1517 3688 1573 spe-

2113 1597 2483 1668 ctat,aggredi
2516 1595 2601 1652 fas
2624 1608 2728 1652 est.
2762 1597 2896 1667 Ejus
2929 1613 3150 1667 quoque
3185 1597 3527 1668 vigilantiam
3548 1597 3691 1653 decet

2116 1707 2246 1746 num
2274 1690 2459 1745 ﬁdeles
2489 1706 2682 1746 omnes
2709 1690 3072 1746 conventibus
3105 1689 3383 1756 intersint,
3413 1689 3690 1759 dispicere,

426 1790 666 1847 Ecclesia
723 1799 827 1856 est,
860 1789 933 1845 ita
964 1797 1019 1844 et
1061 1789 1134 1843 ibi
1163 1789 1403 1845 ﬁdelium
1443 1798 1769 1845 conventum
1803 1789 2007 1843 haben-
2045 1780 2087 1835 Β
2118 1784 2363 1854 atquein
2407 1783 2655 1854 singulos
2702 1782 3029 1837 nominatim
3084 1781 3386 1853 inquirere,
3428 1792 3535 1836 etc.
3574 1778 3690 1834 Sta-

418 1886 548 1941 dum
574 1900 719 1947 esse,
746 1883 837 1938 ubi
866 1884 1155 1953 episcopus
1181 1892 1285 1939 est.
1328 1882 1549 1939 Nullum
1577 1883 1749 1939 altare
1773 1880 1885 1955 (14)
1920 1896 2011 1936 ra—

420 1987 537 2033 tum
565 1978 751 2041 habet,
778 1977 885 2031 nisi
914 1976 967 2031 id
997 1976 1142 2046 quod
1174 1990 1301 2031 cum
1328 1976 1423 2032 illo
1453 1990 1749 2033 commune
1769 1984 1882 2042 est;
1927 1982 2011 2030 est

415 2072 566 2128 enim
591 2070 726 2126 illud
752 2070 867 2140 (15)
892 2068 1120 2125 unitatis
1146 2069 1324 2125 locus.

488 2160 647 2233 Quqd
694 2160 741 2217 si
790 2160 1058 2216 adversus
1109 2173 1329 2215 errores
1363 2172 1673 2229 pravasque
1723 2155 2008 2214 doctrinas

491 2322 570 2390 (8)
615 2338 634 2371 ι
672 2318 750 2374 Ex
768 2335 880 2390 quo
906 2319 1087 2375 fructu
1121 2319 1366 2388 (Christo
1390 2335 1492 2391 pro
1518 2321 1680 2377 nobis
1707 2321 1923 2376 conﬁxo
1949 2321 2004 2374 in

418 2391 605 2461 carne)
630 2406 731 2462 nos
765 2406 958 2445 sumus
989 2407 1084 2460 per
1117 2391 1366 2462 divinam
1417 2392 1631 2462 beatam
1688 2392 2004 2462 passionem

416 2462 559 2530 ejus,
586 2470 646 2514 ut
670 2461 843 2515 elevet
870 2462 1087 2530 signum
1114 2461 1170 2515 in
1201 2462 1399 2515 saecula
1422 2461 1517 2530 pter
1550 2461 2005 2517 resurrectionem

417 2536 623 2603 sanctis
651 2540 707 2585 et
737 2531 986 2585 ﬁdelibus
1015 2532 1290 2603 suis,_sive
1315 2532 1367 2603 in
1397 2530 1622 2595 ludatis,
1654 2532 1777 2603 sive,
1798 2533 1851 2587 in
1872 2548 2005 2603 gen-

418 2604 567 2657 tibus
607 2601 660 2655 in
700 2617 813 2674 u_r_io
851 2616 1081 2674 corpore
1132 2600 1389 2674 Ecclesia:
1418 2617 1552 2656 sure.
1594 2622 1612 2655 ι
1642 2602 1724 2657 Ad
1757 2600 2003 2674 Smy'ru.,

416 2689 471 2727 c.
501 2688 626 2726 l.—
660 2690 679 2723 ι
720 2670 876 2726 Unus
907 2667 989 2726 est
1018 2667 1179 2727 Jesus
1225 2672 1508 2739 Christus,
1561 2688 1673 2743 quo
1706 2667 2009 2743 nihil'prze-

417 2742 660 2797 stantius
694 2752 797 2797 est.
832 2743 1039 2797 Omnes
1096 2743 1286 2811 itaque
1338 2743 1486 2799 velut
1536 2742 1593 2798 in
1640 2759 1814 2798 unum
1867 2742 2005 2797 tem-

414 2814 567 2883 plum
598 2812 691 2867 Dei
719 2813 1052 2883 concurrite,
1108 2814 1253 2867 velut
1302 2814 1368 2866 ad
1410 2830 1581 2869 unum
1629 2815 1823 2879 altare,
1858 2815 2005 2869 velut

414 2882 485 2939 ad
525 2899 695 2939 unum
746 2882 931 2939 Jcsum
968 2884 1272 2949 Christum,
1303 2883 1395 2953 qui
1440 2888 1510 2939 ab
1541 2899 1652 2939 uno
1677 2883 1838 2940 Patre
1867 2901 2001 2954 pro-

414 2956 515 3019 dit,
545 2964 599 3009 et
648 2954 702 3008 in
740 2970 852 3009 uno
900 2954 1104 3018 existit,
1161 2954 1217 3008 in
1272 2970 1443 3009 unum
1503 2955 1817 3010 revertitur.
1858 2973 1877 3007 ι
1920 2956 2002 3011 Ad

2118 1874 2223 1929 tuti
2264 1873 2445 1929 adhuc
2488 1888 2586 1944 per
2625 1889 2691 1929 ea
2738 1881 2987 1943 tempora
3032 1872 3149 1928 dies
3184 1887 3293 1928 non
3318 1882 3480 1927 erant
3504 1872 3691 1942 quibus

2115 1972 2265 2019 esset
2294 1963 2767 2029 conveniendum;
2805 1978 2997 2019 verum
3038 1961 3410 2033 Sslgnatius,
3447 1972 3508 2017 ut
3535 1977 3689 2031 quam

2117 2056 2419 2127 saepissime
2470 2057 2778 2112 habeantur
2804 2099 2818 2123 ,
2863 2056 3215 2112 commendat
3256 2054 3394 2125 (2t).
3452 2053 3605 2122 Quod
3645 2054 3688 2108 si

2114 2148 2413 2219 quidquam
2454 2148 2721 2218 gravioris
2750 2147 3012 2204 momenti
3061 2145 3363 2213 accidebat,
3407 2145 3690 2201 concilium

2111 2316 2281 2372 unius
2328 2324 2495 2387 atque
2540 2315 2766 2371 alterius
2818 2314 3062 2387 precatio
3109 2323 3297 2387 tantas
3344 2314 3495 2387 vires
3518 2314 3689 2387 habet,

2108 2382 2527 2469 quanto‘magis
2550 2386 2697 2469 illa,’
2723 2382 2847 2457 quae
2876 2386 3120 2469 episcopi
3153 2396 3261 2449 est,
3309 2386 3567 2469 et'totius
3587 2382 3687 2467 Ec-

2110 2455 2336 2515 clesiae?
2366 2455 2470 2525 Qui
2494 2458 2659 2527 igitur
2686 2455 3092 2512 in'conventum
3126 2472 3236 2510 non
3266 2457 3439 2519 venit,
3470 2455 3565 2527 hic
3581 2456 3687 2527 jam

2110 2529 2368 2599 superbia
2396 2525 2576 2585 elatus
2610 2538 2715 2594 est,
2748 2527 3020 2599 seipsum_
3036 2529 3329 2599 separavit;
3361 2536 3528 2597 atque
3550 2525 3692 2595 judi-

2110 2596 2275 2654 cavit.
2313 2600 2587 2667 Scriptum
2620 2611 2704 2654 est
2729 2596 2877 2654 enim
2909 2616 2923 2653 :
2983 2596 3233 2667 Superbis
3292 2596 3447 2652 Deus
3491 2599 3683 2651 resistit

2111 2670 2255 2739 (Jac.
2311 2686 2387 2733 iv,
2420 2669 2512 2739 6);
2545 2668 3061 2739 studeamusiigitur
3106 2668 3369 2739 episcopo
3404 2683 3512 2721 non
3549 2668 3683 2721 resi-

2111 2737 2279 2803 Stere,
2314 2750 2373 2795 ut
2402 2737 2577 2795 simus
2601 2738 2835 2808 subjecti
2870 2737 3001 2793 Deo.
3043 2756 3062 2790 ι
3100 2739 3181 2793 Ad
3215 2737 3446 2807 pres.,
3476 2753 3595 2807 cap.

2184 2812 2298 2879 (16)
2347 2830 2365 2862 ε
2395 2811 2438 2863 Α
2468 2811 2668 2865 talibus
2718 2809 3013 2879 (bzereticis
3055 2818 3110 2863 et
3153 2810 3569 2879 seductoribusl
3596 2824 3688 2879 vos

2108 2878 2415 2937 cuStodite:
2442 2882 2588 2951 quod
2625 2882 2734 2951 ﬁet,
2772 2880 2819 2937 si
2851 2879 3165 2951 inﬂatinon
3196 2878 3437 2946 fueritis,
3462 2889 3514 2951 et
3559 2878 3689 2931 indi-

2108 2952 2249 3007 vulsi
2302 2949 2670 3007 manseritisa
2700 2950 2812 3007 Deo
2851 2949 2980 3005 Jesu
3023 2949 3266 3020 Christo,
3306 2960 3363 3005 et
3413 2950 3684 3020 episcopo.

413 3025 751 3106 hlagnespc:
782 3025 835 3106 7ἶ
873 3054 942 3067 -
967 3044 985 3075 ι
1015 3025 1208 3106 lu_his,
1238 3040 1361 3093 qua:
1390 3024 1742 3106 circumfero,
1767 3026 1992 3106 vinculis

2186 3022 2484 3106 lprmceptt‘is
2523 3021 2917 3103 apostolorum.
2959 3040 2978 3073 ι
3013 3021 3092 3075 Ad
3119 3019 3393 3103 Trall.,c.
3428 3019 3476 3075 7.

410 3094 577 3151 laudo
623 3094 924 3161 Ecclesias,
979 3096 1183 3164 quibus
1226 3106 1358 3164 opto
1387 3097 1645 3151 unionem
1684 3098 1989 3152 Secundum

412 3110 577 3151 tauuo
623 3110 924 3161 nectesras,
979 3110 1183 3164 quibus
1226 3110 1258 3148 ο
1303 3110 1358 3148 ιο
1387 3111 1645 3151 unionem
1684 3110 1989 3152 secundum

412 3182 638 3222 carnem
673 3174 728 3221 et
760 3166 1012 3233 spiritum
1060 3110 1458 3229 JesuC‘inristi,
1506 3166 1857 3236 sempiterna:
1900 3183 2001 3222 no—

410 3247 542 3361 ἦξςῧρ
572 3236 904 3321 νίιωκίίαρί,
936 3245 1009 3301 et,
1038 3237 1123 3291 cui
1152 3235 1286 3289 nihil
1312 3235 1993 3306 prefertur,'charitatis.p

476 3326 487 3361 ι
533 3348 572 3361 ..
600 3322 649 3361 c.
676 3321 715 3360 ι.

438 3309 572 3374 bid.,
600 3322 649 3363 c.
676 3304 751 3360 i.‘

428 3410 429 3413 η
484 3378 563 3445 (9)
610 3397 627 3428 ι
667 3375 770 3432 Ubi
802 3374 966 3430 fuerit
997 3374 1251 3431 Christus
1272 3374 1455 3444 Jesus,
1506 3376 1582 3433 ibi
1605 3377 1882 3434 catholica
1914 3387 1998 3435 est

415 3449 675 3506 Ecclesia.
715 3467 733 3498 ι
770 3446 1122 3518 Αᾱίὸμηιγτηη
1155 3462 1275 3513 cap.
1302 3446 1355 3501 8.

486 3520 598 3589 {10)
645 3538 665 3570 ε
699 3518 782 3574 01)
812 3517 863 3589 id
901 3516 1168 3589 Dominus
1192 3519 1253 3589 in
1284 3516 1463 3589 capite
1503 3532 1618 3589 suo,
1651 3520 1861 3589 accepit
1891 3536 1995 3574 un-

413 3586 694 3724 gﬂntum,
718 3586 1075 3712 ult7Ecclesia3
1122 3587 1293 3657 spiret
1320 3586 1814 3658 incorruptionem.
1851 3609 1872 3641 ι
1910 3591 1993 3646 Ad

529 3676 635 3724 es.,
666 3676 715 3714 e.
822 3699 836 3712 .

410 3666 635 3725 Ephes.,
666 3676 715 3714 e.
748 3666 836 3712 17.

482 3731 595 3800 (11)
641 3747 659 3780 ι
690 3729 973 3800 Quotquot
1022 3725 1161 3800 Dei,
1192 3725 1445 3800 etjesu‘
1484 3727 1685 3800 Christi
1743 3739 1893 3799 sunt,
1936 3730 1992 3786 hi

409 3797 714 3871 sonticum
758 3798 1039 3871 episcopo.
1084 3816 1103 3849 ι
1138 3797 1217 3871 Ad
1256 3797 1624 3871 Philadelph.,
1666 3814 1794 3871 cap.
1832 3797 1887 3858 3.
1921 3831 1994 3841 —

414 3887 433 3920 ‹
468 3868 591 3923 Filii
618 3867 805 3939 itaque
834 3867 970 3921 lucis
1001 3877 1055 3921 et
1079 3868 1348 3939 veritatis,
1376 3867 1547 3939 fugite
1568 3867 1986 3928 divisiones.....

408 3938 729 4023 ubhautemh’
757 3947 948 4023 pastor
978 3947 1082 4001 est,
1117 3938 1324 4018 eodem
1356 3938 1572 4023 u_tpve_s
1600 3942 1930 4023 sequamini.
1964 3962 1983 3994 ι

408 4008 568 4079 lbid._.
600 4024 650 4064 c.
679 4007 852 4063 2.4-:
882 4008 1018 4079 cum
1047 4007 1301 4079 episcopo
1326 4009 1553 4079 subjecti
1587 4007 1743 4078 estis,
1778 4021 1839 4067 ut
1859 4010 1989 4069 Jesu

407 4078 648 4153 Christo,
681 4078 937 4153 videmini
988 4077 1280 4153 mihimnon
1332 4077 1633 4153 secundum
1687 4077 1987 4153 heminem,

409 4150 501 4204 sed
533 4150 832 4205 secundum
880 4147 1069 4203 Jesum
1104 4146 1386 4203 Christum
1428 4151 1704 4207 vivere....
1735 4146 1990 4208 necessal

410 4220 550 4274 rium
596 4220 793 4291 itaque,
828 4228 937 4291 est,
996 4219 1460 4291 quemadmodum
1516 4222 1716 4289 facitis,
1759 4232 1817 4278 ut
1868 4224 1987 4278 sine

405 4291 667 4363 episcopo
698 4290 1079 4363 'nihilﬂagatis
1116 4290 1280 4363 ;_‘se‘d
1315 4300 1377 4363 et
1422 4294 1740 4363 presbytero
1780 4293 1986 4348 subditi

406 4358 550 4429 sitis,
582 4358 641 4417 ut
667 4361 931 4431 apostolis
950 4358 1085 4433 'Jesu
1119 4358 1350 4433 Christi,
1377 4358 1731 4433 et_diacbnos
1772 4373 1986 4433 oportet

406 4434 661 4488 omnibus
684 4428 916 4503 placere.
952 4449 971 4483 ›
1008 4430 1089 4485 Ad
1117 4428 1311 4497 Trall.,
1340 4448 1390 4487 c.
1429 4431 1485 4486 2,

479 4503 591 4572 (12)
638 4523 655 4553 ι
686 4503 880 4559 Cuncti
916 4512 1273 4557 revereantur
1302 4504 1638 4557 diaconos...
1685 4513 1738 4559 et
1772 4504 1987 4572 episco-

406 4586 601 4641 pum...
641 4584 695 4628 et
725 4574 1164 4643 presbyteros....
1189 4573 1310 4627 sine
1344 4573 1430 4629 bis
1472 4572 1713 4628 Ecclesia
1749 4591 1858 4628 non
1892 4592 1986 4630 vo-

2180 3088 2293 3162 ('l7)
2339 3088 2610 3149 (Omnes
2666 3093 2985 3162 episcopum
3046 3092 3379 3162 sequimini,
3435 3099 3496 3146 ut
3533 3088 3687 3145 Jesus

2102 3161 2356 3219 Christus
2386 3162 2625 3233 Patrem.
2650 3181 2670 3215 ι
2703 3161 2785 3218 Ἀεὶ
2817 3161 3065 3233 Sinyrn.,
3097 3177 3154 3233 c.
3174 3161 3230 3215 8.

2174 3234 2288 3305 (18)
2328 3252 2347 3286 ι
2387 3232 2549 3289 Jesus
2577 3232 2832 3289 Christus
2883 3232 3274 3305 inseparabilis
3332 3241 3522 3287 nostra
3552 3233 3679 3295 vita,

2101 3302 2282 3359 Patris
2325 3312 2410 3359 est
2442 3305 2753 3373 sententia;
2781 3312 2841 3359 ut
2878 3313 2935 3358 et
2971 3302 3214 3373 episeopi
3245 3317 3343 3371 per
3385 3312 3546 3356 terrae
3576 3312 3682 3356 ter.

2102 3377 2284 3430 minos
2318 3374 2530 3429 deliniti
2564 3383 2617 3429 et
2645 3372 2774 3430 Jesu
2807 3372 3019 3429 Christi
3049 3372 3179 3427 sunt
3208 3374 3510 3428 sententia.
3541 3392 3558 3424 ι
3603 3373 3679 3424 Ad

2101 3445 2323 3515 Ephes.,
2359 3462 2410 3499 c.
2439 3447 2494 3499 ‘5.
2516 3476 2587 3485 —
2604 3464 2623 3498 ι
2653 3444 3048 3515 Quemcunque
3070 3445 3235 3500 mittit
3261 3442 3680 3505 Paterfamilias,

2101 3461 2323 3569 Etpues”
2359 3462 2410 3499 c.
2439 3461 2494 3499 ο.
2516 3476 2587 3485 -
2604 3464 2623 3498 ι
2653 3461 3048 3515 Quemcunque
3070 3461 3235 3500 mutu
3261 3461 3680 3505 rateriammas,

2098 3530 2130 3570 a
2198 3516 2610 3586 gubernandam
2651 3515 2916 3571 familiam
2934 3530 3118 3586 suam,
3152 3515 3302 3570 hunc
3333 3515 3410 3586 ita
3440 3514 3689 3586 accipere

2097 3583 2385 3651 debemus,
2440 3594 2500 3641 ut
2544 3587 2699 3641 illum
2730 3587 2935 3656 ipsum,
2973 3585 3071 3656 qui
3109 3586 3299 3640 mittit.
3331 3583 3681 3638 Manifestum

2097 3656 2265 3726 igitur
2309 3665 2395 3727 est
2431 3658 2579 3726 quod
2629 3656 2950 3727 episcopum
3000 3656 3297 3727 respicere;
3328 3662 3599 3727 oporteat,
3628 3662 3693 3706 ut

2096 3725 2276 3798 ipsum
2310 3725 2626 3783 Dominum.
2648 3725 2678 3780 ί
2706 3725 2865 3790 Ιυίάζ,
2898 3743 3019 3798 cap.
3057 3727 3238 3798 [Le—1
3278 3725 3467 3798 Itaque
3500 3726 3695 3798 hortor

2096 3796 2153 3851 ut
2187 3797 2292 3854 hoc
2321 3798 2395 3851 sit
2415 3808 2659 3854 vestrum
2682 3796 3039 3862 studium,_in
3064 3796 3158 3851 Dei
3178 3797 3477 3852 concordia
3500 3796 3693 3849 omnia

2096 3867 2548 3939 agereepiscopo
2577 3868 2901 3939 praesidente
2927 3868 3024 3925 Dei
3056 3868 3248 3923 loco...
3265 3888 3285 3920 ι
3312 3866 3395 3922 Ad
3416 3866 3691 3937 Magnes,

2095 3952 2214 3993 can.
2248 3937 2301 3993 6.

2161 3954 2301 4078 (ἴθι).
2321 4005 2445 4081 vid.
2478 4009 2695 4081 epistol.
2727 4006 2786 4062 8.
2810 4006 3005 4078 lgnatii
3036 4010 3103 4065 ad
3133 4008 3521 4081 Polycarpum,
3556 4022 3694 4077 qua:

2092 4080 2289 4150 partim
2323 4079 2470 4150 circa
2496 4080 2881 4150 episcoporum
2914 4096 3143 4135 munera
3172 4079 3447 4137 versatur.

2165 4148 2279 4229 (βο)
2327 4167 2345 4202 c
2378 4148 2541 4203 Nihil
2580 4148 2837 4229 sinéAtua
2874 4152 3160 4229 voluntate
3182 4151 3278 4206 ﬁat
3302 4148 3687 4229 (episcopell.

2091 4220 2341 4275 crebrius
2370 4232 2672 4275 conventus
2711 4220 2861 4284 ﬁant,
2895 4222 3221 4276 nominatim
3275 4220 3470 4277 omnes
3503 4220 3701 4287 inqui-

2092 4306 2180 4363 re._
2211 4308 2229 4363 ξ
2265 4290 2345 4346 Ad
2378 4290 2693 4363 Polycarp.,
2727 4306 2775 4345 c.
2813 4290 2955 4343 4.-
2978 4316 2997 4343 ι
3044 4291 3176 4347 Sine
3218 4293 3485 4363 repiscopo
3514 4304 3703 4344 nemo

2094 4359 2394 4433 quidquam
2456 4359 2632 4417 faciat
2677 4377 2915 4433 eorum,
2941 4378 3067 4432 qua:
3104 4364 3171 4417 ad
3215 4359 3521 4433 Ecclesiam
3554 4375 3705 4433 spe—-

2093 4432 2263 4487 ctant.
2295 4432 2432 4504 ilata
2460 4432 2798 4488 eucharistia
2833 4432 3100 4489 habeatur
3131 4434 3249 4497 illa,
3287 4450 3410 4504 quae
3444 4432 3546 4486 sub
3569 4432 3709 4504 cpi-5

2090 4514 2261 4573 scopo
2287 4502 2473 4567 fuerit,
2524 4504 2609 4558 vel
2646 4504 2735 4559 cui
2774 4505 2891 4573 ipse
2923 4505 3279 4559 concesserit.
3308 4502 3419 4573 Ubi
3453 4502 3707 4573 compa-f

2089 4570 2264 4655 ruerit
2294 4574 2608 4655 episcopus,
2642 4573 2715 4628 ibi
2742 4570 2812 4655 _et'
2837 4575 3134 4655 multitudo
3162 4576 3330 4629 sit....
3367 4572 3486 4628 Non
3550 4572 3705 4655 liceq

2087 4646 2207 4719 sine
2233 4645 2491 4713 episcopo
2523 4659 2703 4719 neque
2742 4644 3041 4719 baptizare,
3070 4661 3258 4719 neque
3286 4659 3493 4719 agapen
3530 4644 3704 4719 cele-r

2086 4712 2279 4780 brare;
2311 4718 2405 4769 sed
2424 4712 2935 4783 iquodcunque’ille
2964 4712 3302 4785 probaverit,
3325 4712 3441 4770 hoc
3466 4723 3521 4767 et
3562 4712 3645 4785 De

2082 4796 2166 4841 est
2203 4786 2626 4855 beneplacitum,
2657 4794 2728 4856 ut
2770 4783 2979 4856 tutum
3004 4798 3297 4856 ratumque
3349 4788 3442 4851 sit,
3489 4783 3655 4853 quod

2083 4870 2304 4927 cunque
2346 4854 2546 4927 agitur.
2585 4874 2609 4927 »ί
2638 4855 2721 4927 Ad
2762 4854 3013 4926 Smyrn.,
3043 4872 3093 4913 c.
3123 4857 3179 4913 8.
3208 4854 3275 4895 '—
3303 4876 3323 4910 (
3358 4856 3527 4911 Decet
3559 4864 3700 4927 nitu

2082 4930 2247 4981 modo
2282 4925 2464 4980 vocari
2486 4924 2853 4990 Christianos,
2886 4928 2979 4982 sed
3016 4930 3185 4982 etiam
3214 4943 3373 4993 esse;
3401 4924 3659 4997 quemad

2082 5000 2305 5052 modum
2339 4995 2584 5050 nonnulli
2612 4997 2931 5066 episcopum
2964 4997 3187 5067 quidem
3238 4999 3550 5060 nominant,
3573 5011 3645 5047 sc

2082 5067 2199 5121 sine
2229 5068 2348 5136 ipso
2370 5066 2555 5120 omnia
2584 5065 2810 5121 faciunt.
2847 5066 3008 5123 Tales
3048 5083 3179 5124 vero
3213 5085 3323 5123 non
3360 5070 3499 5122 bona
3530 5065 3639 5119 mil

2082 5137 2420 5191 conscientia
2455 5137 2666 5193 [traditi
2696 5152 2819 5192 esse
2848 5138 3128 5193 videntur.
3165 5141 3298 5193 uuia
3350 5154 3458 5193 non
3500 5135 3691 5193 stab“

404 4652 579 4697 catur.
615 4662 637 4696 ι
664 4645 764 4709 11).,
799 4660 847 4698 c.
870 4645 923 4697 3.

481 4714 594 4783 (t5)
640 4733 658 4766 ‹
694 4714 794 4769 Ubi
826 4714 1194 4782 comparuerit
1232 4714 1547 4783 episcopus,
1589 4713 1665 4767 ibi
1716 4724 1771 4769 et
1796 4715 1983 4771 multi—

398 4783 539 4839 tudo
566 4786 671 4851 sit;
696 4784 1155 4854 quemadmodum
1178 4782 1279 4838 ubi
1303 4782 1756 4854 fueritChristus,
1789 4786 1863 4839 ibi
1887 4802 1981 4841 ca-

405 4855 604 4909 tholica
644 4851 729 4925 est
762 4854 1020 4909 Ecclesia.
1056 4872 1074 4905 ι
1118 4854 1199 4909 Ad
1236 4855 1479 4925 Smyrn.,
1513 4868 1563 4907 c.
1612 4851 1663 4909 8.

479 4926 593 4995 (14)
635 4945 655 4977 ‹
685 4924 820 4979 Rata
871 4925 1208 4980 eucharistia
1240 4924 1507 4979 habeatur
1556 4925 1669 4989 illa,
1722 4940 1846 4995 quae
1876 4927 1979 4982 sub

403 4998 663 5067 episcopo
701 4996 885 5058 fuerit,
915 4996 999 5050 vel
1030 4996 1121 5050 cui
1150 4996 1649 5067 ipseconcesserit.
1684 5016 1703 5047 ι
1740 4996 1876 5050 Ibid.
1909 5027 1978 5035 —-

407 5065 564 5135 (Qui
596 5065 742 5122 intra
770 5067 942 5121 altare
978 5077 1081 5131 est,
1114 5065 1355 5120 mundus
1389 5074 1471 5118 est
1496 5066 1622 5133 ;qui
1655 5081 1783 5120 vero
1822 5076 1975 5122 extra

400 5150 507 5206 est,
545 5139 783 5202 mundus
822 5153 927 5191 non
972 5145 1086 5191 est:
1124 5136 1227 5189 hoc
1272 5135 1481 5207 estqui
1542 5135 1973 5207 sinerepisc0po,

398 5223 454 5265 et
481 5205 840 5281 presbyterio,
876 5215 930 5261 et
960 5207 1208 5281 diaconis
1250 5205 1551 5281 quidquam
1596 5206 1737 5281 agitl
1784 5206 1831 5261 is
1862 5205 1973 5262 non

398 5274 748 5335 est’mundus
778 5280 831 5331 in
860 5277 1215 5332 conscientia.
1248 5274 1281 5326 i'
1300 5275 1381 5329 Ad
1406 5274 1599 5339 Trall.,
1621 5290 1670 5329 c.
1707 5276 1758 5331 7.

472 5351 586 5420 (l5)
623 5370 641 5403 ε
672 5349 903 5418 Operam
947 5348 1087 5420 detis
1120 5356 1180 5420 ut
1205 5362 1312 5420 una
1346 5344 1970 5420 eucliaristia_utarniiii;

2082 5000 2305 5052 modum
2339 4995 2931 5067 nonnulliepiseopum
2964 4997 3187 5067 quidem
3238 4995 3550 5060 nominant,
3573 5011 3645 5067 sc

2080 5067 2199 5121 sine
2229 5068 2348 5136 ipso
2370 5066 2555 5120 omnia
2584 5065 2818 5121 faciunt.
2847 5065 3008 5123 Tales
3048 5083 3179 5124 vero
3213 5085 3323 5123 non
3360 5070 3499 5122 bona
3530 5065 3639 5119 mil

2079 5135 2420 5208 conscientia
2455 5137 2666 5205 praediti
2696 5152 2819 5192 esse
2848 5138 3128 5201 videntur,
3165 5141 3298 5208 quia
3350 5154 3458 5193 non
3500 5135 3691 5208 stabis

2080 5207 2203 5260 liter
2226 5208 2529 5331 securidum
2559 5216 2891 5277 praeceptum
2926 5204 3353 5280 congregantur.
3387 5229 3407 5261 ι
3436 5209 3518 5263 Ad
3551 5204 3692 5261 Ma:

2080 5293 2252 5331 unes..
2279 5292 2329 5331 c.
2406 5314 2421 5330 .
3688 5322 3689 5331 χ

2030 5296 2039 5303 “
2076 5293 2252 5332 anes"
2279 5292 2329 5332 C.
2365 5292 2421 5331 4-.

2076 5293 2329 5416 “gift.
2365 5293 2591 5429 gigpius'
2621 5357 2923 5404 conventus
2964 5348 3172 5429 ﬁant._i
3215 5348 3299 5403 Ad
3340 5348 3687 5429 Polycarpm

399 5414 507 5475 una
542 5414 687 5515 enim
722 5414 811 5499 est
849 5415 1228 5515 caropomini
1264 5416 1455 5495 nostri
1482 5414 1611 5495 Jesu
1653 5416 1878 5480 Christi,
1920 5427 1974 5515 et
2076 5414 2350 5515 supra:
2374 5435 2393 5469 ι
2426 5417 2558 5515 Date
2586 5433 2831 5515 opertam,
2867 5428 2927 5473 ut
2955 5420 3204 5515 cre'brius
3225 5414 3685 5515 εοξικτξὲθιξιίἷιξ

400 5506 546 5545 unus
575 5491 716 5544 calix
747 5491 803 5541 in
836 5488 1101 5540 unitatem
1132 5486 1417 5553 sanguinis
1443 5485 1648 5558 ipsius;
1684 5487 1972 5558 unumgal-
2076 5485 2158 5558 ad
2191 5487 2418 5558 gratias,
2448 5486 2559 5541 Deo
2593 5485 2853 5558 agendas,
2893 5500 2946 5544 et
2994 5490 3061 5543 ad
3113 5506 3240 5546 eum
3292 5485 3645 5544 laudandun

404 5570 539 5623 tare,
574 5562 717 5614 sicut
748 5573 892 5626 unus
926 5558 1218 5626 episcopus
1248 5569 1373 5607 cum
1410 5555 1748 5626 presbyterio
1773 5565 1828 5608 et
1850 5555 1971 5609 dia-
2074 5555 2304 5622 Quando
2335 5557 2482 5611 enim
2507 5555 2707 5626 saepius
2741 5560 2793 5612 in
2816 5561 2957 5613 idem
2989 5560 3093 5614 loci
3139 5561 3466 5624 convenitis,
3510 5560 3601 5614 lal

400 5634 574 5682 cunis.
610 5648 628 5679 ι
680 5631 761 5681 Ad
808 5623 1093 5689 Plnlallel.,
1119 5623 1187 5678 7c.
1217 5626 1269 5679 1.
1313 5644 1417 5673 -ι
1453 5623 1619 5695 Nemo
1656 5633 1798 5678 erret
1824 5645 1837 5676 :
1867 5626 1971 5679 nisi
2074 5626 2347 5681 laetantur
2395 5628 2539 5681 vires
2587 5623 2824 5695 Satanae,
2857 5639 2912 5684 et
2940 5631 3230 5685 concordia
3286 5623 3481 5685 vestra:
3537 5629 3682 5695 ﬁdd

403 5702 527 5767 quis
571 5700 711 5752 intra
753 5696 925 5751 altare
972 5697 1066 5761 sit,
1122 5696 1364 5763 privatur
1418 5709 1553 5761 pane
1587 5693 1699 5748 Dei.
1732 5694 1789 5748 Si
1824 5696 1969 5749 enim
2074 5697 2303 5752 solvitur
2318 5696 2567 5765 exitium,
2596 5701 2741 5769 quod
2761 5693 2848 5755 ille
2868 5700 3050 5755 infert.
3080 5721 3098 5752 ι
3123 5701 3205 5756 Ad
3227 5700 3532 5772 pres.,c.
3580 5694 3680 5773 11
