3746 6364
102 318 195 382 589
1236 326 1321 382 DE
1364 324 1716 381 DOCTRINA
1760 322 1820 377 S.
1854 320 2132 379 lGNATlI.

3228 322 3330 378 590

98 461 265 531 (9.9),“;
307 478 420 518 rem
456 462 821 521 deﬁnienda",
848 466 1147 537 cogebatur
1173 508 1189 533 ’
1236 468 1383 537 quod
1415 475 1535 522 erat
1578 465 1647 520 ab
1678 451 1723 507 Α
1751 443 2043 537 ministerii
2072 442 2365 514 participes
2389 451 2592 508 essent,
2618 457 2784 513 puras
2806 457 2900 499 eas
2927 442 3156 513 corpore
3176 460 3331 515 atque

95 556 333 623 episcopis
386 556 617 627 singulis
656 560 713 613 in
757 558 1017 616 Ecclesiis
1057 561 1173 616 suis
1199 558 1642 615 convocandum.

95 646 279 701 Fideles
295 661 486 703 omnes
519 657 686 719 atque
718 650 823 721 ipsi
855 653 1158 725 presbyteri
1198 651 1314 723 (25)
1342 660 1397 707 et
1426 651 1643 705 diaconi

96 736 320 806 episcopo
368 739 574 795 subditi
636 751 813 807 erant,
856 744 1043 815 illique
1099 759 1293 815 parcre
1350 744 1640 799 debebant.

94 828 372 899 Presbyteri
405 831 521 902 (9.4)
550 848 583 887 a
611 834 835 889 Christo
877 834 1113 891 instituti
1161 843 1291 892 sunt
1314 835 1380 889 ad
1418 840 1635 903 aposto-r

94 920 243 974 lorum
270 923 552 991 collegium
592 927 1117 994 repraesentandum,
1156 927 1359 998 quibus
1385 940 1495 980 non
1524 938 1644 978 mo-

91 1014 150 1067 do
171 1014 340 1068 fideles
364 1014 477 1083 (25)
507 1016 781 1085 quoslibet
818 1018 1003 1090 vulgo,
1027 1019 1121 1074 sed
1146 1029 1200 1075 et
1230 1018 1493 1073 diaconos
1527 1015 1641 1085 (26)

91 1104 336 1173 subjectos
370 1121 491 1160 esse
512 1115 744 1175 oportet.
788 1106 843 1161 In
882 1110 1116 1178 epistola
1163 1109 1229 1164 ad
1270 1108 1637 1181 Polycarpum

89 1194 218 1247 varia
251 1193 469 1264 insuper
514 1196 642 1250 boni
690 1198 931 1267 episcopi
958 1199 1134 1255 cilicia
1158 1209 1423 1264 recenset,
1462 1215 1638 1268 eaque

89 1286 178 1341 sibi
216 1302 544 1357 magnopere
589 1290 969 1344 commendata
1010 1291 1231 1356 habere,
1280 1289 1639 1362 Polycarpum

89 1388 209 1434 orat.
236 1378 312 1434 Ne
338 1381 525 1435 eadem
561 1380 648 1437 bis
678 1391 942 1453 repetam,
990 1383 1217 1439 consule
1258 1383 1507 1454 analysin
1539 1398 1640 1439 no-

87 1482 232 1526 stram
260 1472 508 1542 epistolae
529 1474 597 1529 ad
633 1472 1021 1545 Polycarpum.

142 1562 267 1629 Quid
300 1564 367 1619 de
390 1564 651 1622 Romanae
677 1566 937 1622 Ecclesiae
968 1565 1326 1636 praecellentia
1360 1565 1639 1622 censuerit

85 1657 132 1711 S.
163 1657 415 1728 lgnatius,
459 1659 617 1727 satis,
661 1660 716 1715 ni
760 1658 945 1726 fallor,
989 1659 1233 1714 indicant
1282 1667 1363 1713 tot
1410 1673 1475 1714 ac
1525 1667 1637 1714 tam

1748 545 1914 606 atque
1944 535 2130 590 animo
2156 550 2280 591 esse
2306 544 2605 605 oporteret.

1819 646 1879 703 S.
1914 645 2157 718 lgnatius
2187 656 2451 716 quantum
2502 661 2534 701 a
2576 647 2874 702 schismate
2905 657 2959 703 et
2992 648 3187 704 hazresi
3232 648 3328 702 ab-

1750 742 2018 805 horreret,
2052 739 2295 809 apertius
2326 738 2600 809 explicare
2645 755 2754 796 non
2798 750 3031 811 poterat,
3058 755 3225 810 quam
3259 741 3328 796 ab

1747 831 1843 886 illo
1875 832 1999 888 istis
2026 831 2208 887 verbis
2235 832 2540 902 praestitum
2561 843 2646 889 est
2668 834 2804 904 (29).
2842 832 2899 889 Si
2934 835 3062 904 quis
3086 835 3327 891 schisma

1746 922 2040 979 facientem
2070 932 2330 986 sectatur,
2361 924 2513 993 regni
2546 922 2639 979 Dei
2668 924 3037 980 haereditatem
3064 940 3172 980 non
3204 940 3331 980 cou-

1745 1014 2035 1085 sequitur;
2067 1012 2113 1069 si
2148 1013 2275 1083 quis
2306 1014 2361 1067 in
2397 1014 2574 1069 aliena
2621 1016 2891 1071 sententia
2934 1017 3201 1084 ambulat,
3226 1016 3330 1072 iste

1746 1106 1987 1177 passioni
2020 1122 2127 1160 non
2150 1107 2445 1162 consentit.
2482 1106 2605 1161 Alio
2635 1108 2759 1163 loco
2787 1108 3040 1166 haeresim
3067 1110 3181 1181 (30)
3211 1125 3329 1166 ma-

1745 1200 1911 1255 ximis
1939 1198 2267 1255 criminibus
2300 1198 2533 1265 confert,
2560 1200 2745 1272 aitque
2775 1216 2922 1266 eum,
2947 1203 3041 1272 qui
3069 1200 3329 1259 Ecclesia:

1746 1291 1907 1346 fidem
1956 1290 2281 1359 corrumpit,
2316 1289 2461 1343 velut
2507 1305 2632 1345 eum
2663 1293 2756 1362 qui
2801 1300 3119 1350 novatorem
3151 1295 3323 1358 audit,

1744 1384 1965 1439 arternis
1998 1382 2215 1451 ignibus
2258 1397 2382 1438 esse
2427 1384 2879 1440 excruciandum.
2924 1385 2983 1439 In
3030 1401 3095 1441 ea
3144 1396 3324 1441 tamen

1740 1475 2002 1547 opinione
2023 1490 2132 1530 non
2155 1483 2295 1539 erat,
2311 1474 2626 1531 schismatis
2647 1485 2702 1532 et
2721 1478 2946 1534 haeresis
2970 1487 3189 1550 peccata
3208 1481 3324 1550 (5h

1743 1571 1946 1627 remitti
1974 1584 2084 1625 non
2127 1583 2311 1639 posse,
2344 1568 2655 1641 fateturque
2688 1571 2741 1625 in
2778 1572 3119 1640 universum,
3153 1574 3324 1629 Deum

1744 1662 1859 1733 (52)
1892 1662 1963 1718 iis
1992 1660 2253 1718 omnibus
2300 1675 2560 1729 parcere,
2592 1662 2686 1732 qui
2713 1677 2809 1732 per
2840 1664 3110 1719 sinceram
3144 1667 3325 1734 poeni-

84 1754 331 1822 niagnitici
356 1754 517 1819 tituli,
547 1769 687 1824 quos
712 1754 767 1808 in
798 1752 1073 1807 laudatam
1112 1749 1415 1807 Ecclesiam
1449 1752 1503 1806 in
1537 1766 1639 1807 sua
1675 1790 1717 1845 Β
1743 1754 1970 1810 tentiam
2019 1753 2366 1823 resipiscant,
2399 1761 2563 1824 atque
2604 1755 2668 1810 ad
2708 1754 2967 1812 Ecclesia:
2995 1765 3051 1813 et
3080 1758 3325 1828 episcopi

81 1846 138 1899 ad
166 1845 434 1902 Romanos
465 1846 695 1915 epistola
721 1844 968 1915 congerit
992 1844 1130 1915 (27).
1165 1842 1319 1899 Hanc
1346 1843 1642 1914 praesidere
1678 1842 1708 1845 ⁷
1742 1844 2195 1899 communionem
2226 1843 2471 1898 redeant.

81 1942 227 2003 (haud
247 1940 411 1995 dubie
443 1941 699 1995 omnibus
733 1937 1077 2009 fidelibus)in
1097 1940 1199 1994 hoc
1228 1937 1421 1994 eodem
1452 1952 1641 2008 proin-

79 2034 173 2088 mio
214 2034 295 2089 bis
343 2033 606 2097 afﬁrmat,
639 2029 786 2102 quod
820 2031 888 2087 de
939 2030 1088 2086 nulla
1137 2030 1243 2086 alia
1292 2030 1531 2088 Ecclesia
1573 2047 1639 2086 ex

80 2126 154 2189 iis,
184 2126 246 2180 ad
279 2140 419 2195 quas
452 2124 673 2189 scribit,
708 2122 917 2178 dixisse
948 2122 1245 2193 reperitur.

136 2217 190 2271 lu
214 2216 635 2272 salutationibus
668 2214 941 2285 virginum
976 2212 1226 2267 meminit
1259 2212 1374 2281 (28)
1408 2228 1530 2283 qua:
1555 2211 1637 2266 vi-

78 2310 182 2365 dua
245 2309 606 2364 vocabantur.
665 2304 837 2360 Erant
890 2304 975 2359 ha:
1026 2304 1380 2371 diaconissze,
1436 2305 1639 2375 quibus

79 2419 271 2473 semper
311 2403 601 2458 viduarum
653 2414 852 2454 nomen
907 2396 1140 2452 inditum
1190 2396 1311 2461 fuit,
1341 2411 1437 2452 seu
1489 2396 1635 2467 quod

78 2498 379 2568 plerumque
426 2511 616 2551 revera
650 2492 830 2548 vidua:
861 2503 1067 2556 essent,
1110 2506 1207 2548 seu
1241 2491 1389 2561 quod
1417 2507 1513 2548 eas
1558 2492 1635 2547 ita

78 2589 362 2658 appellandi
390 2603 510 2643 mos
529 2587 641 2658 jam
668 2585 1019 2648 obtinuisset,
1039 2584 1205 2653 idque
1230 2584 1354 2639 inde
1382 2583 1636 2640 fortassis

78 2680 359 2749 proiectum
390 2689 496 2747 est,
527 2678 675 2751 quod
711 2694 836 2734 cum
869 2677 1056 2748 aliquo
1082 2686 1242 2747 pacto
1273 2675 1634 2733 ecclesiastici

134 2796 237 2868 (22)
267 2817 285 2850 ‹
304 2796 777 2864 Quemadmodum
806 2796 1072 2868 Ecclesia,
1098 2812 1219 2865 qua:
1241 2796 1544 2853 Antiochia:
1568 2797 1624 2852 in

78 2864 343 2933 Svria'est,
372 2884 563 2937 pacem
599 2877 793 2935 nacta;
915 2867 1071 2937 decet
1108 2864 1161 2921 in
1188 2882 1276 2933 eo,
1308 2868 1626 2924 beatissime

78 2936 388 3010 Polycarpe!
420 2938 734 3010 concilium?
757 2953 950 3010 cogere
990 2936 1108 3010 Deo
1150 2938 1622 3010 decentissimum,

73 3017 119 3079 et
138 3007 353 3079 eligere,
389 3010 437 3064 si
467 3024 629 3078 quem
654 3007 1005 3064 vehementer
1036 3007 1296 3079 dilectum
1332 3008 1545 3065 habetis
1567 3025 1633 3066 ac

74 3078 368 3149 impigrum,
416 3081 513 3149 qui
559 3080 762 3148 poterit
814 3079 1034 3134 divinus
1085 3078 1350 3149 appellari
1402 3095 1626 3149 cursor,

76 3148 316 3219 illumque
336 3165 403 3204 eo
434 3147 646 3219 dignari
674 3149 902 3219 honore,
924 3158 981 3202 ut
1003 3147 1279 3218 profectus
1302 3149 1357 3203 in
1392 3147 1632 3219 Syriam,

76 3216 318 3342 Blgriﬁeet
341 3216 632 3290 impigram
671 3216 1018 3275 cliaritatem'
1036 3226 1273 3274 vestram
1305 3219 1374 3275 ad
1402 3216 1631 3291 gloriam

142 3305 175 3341 l.
204 3308 222 3340 ι
244 3289 325 3342 Ad
360 3289 675 3342 Polvcarn..
696 3307 746 3342 c.
779 3289 868 3342 77.

142 3289 222 3361 ἦ.)
244 3289 325 3345 Ad
360 3289 675 3361 Pelycarp.,
696 3307 746 3346 c.
779 3289 868 3342 77.

133 3357 237 3431 (25)
295 3378 316 3412 σ
359 3357 561 3415 Omnes
598 3357 926 3431 episcopum
980 3358 1312 3431 sequimini,
1354 3368 1425 3431 _ut
1472 3359 1633 3417 Jesus

73 3426 303 3501 Christus
331 3431 576 3485 Patrem.
600 3449 619 3482 ι
641 3426 723 3485 Ad
759 3426 1001 3501 Sinyrn.,
1038 3426 1090 3483 (Ξ.
1121 3428 1174 3483 8.
1198 3448 1316 3501 -Αι
1351 3428 1513 3501 Decet
1536 3446 1633 3487 vos

75 3498 119 3550 in
148 3501 378 3571 episcopi
415 3502 741 3556 sententiam
768 3498 1303 3571 concurrere,iquod
1329 3508 1383 3553 et
1419 3499 1628 3571 facitis;

72 3584 179 3640 nam
204 3569 562 3626 memorabile
582 3581 822 3627 vestrum
842 3570 1240 3640 presbyterium,
1254 3570 1477 3640 dignum
1498 3569 1629 3635 Deo,

75 3638 136 3711 ita
172 3651 491 3711 cooptatum
537 3650 623 3697 est
663 3638 945 3711 episcopo,
978 3638 1036 3694 ut
1080 3639 1297 3711 chorda:
1320 3638 1571 3711 citliarze.
1607 3660 1626 3692 ι

74 3709 139 3781 ad
168 3709 387 3781 Ephes.,
419 3727 470 3767 ε.
506 3713 681 3778 4.,-ε
701 3709 875 3765 Decet
912 3726 1021 3781 vos,
1044 3709 1343 3763 secundum
1374 3710 1629 3764 virtutem

73 3776 153 3834 Dei
181 3776 605 3837 P’atris'omnem
643 3781 907 3851 impertiri
940 3779 1199 3851 episcopo
1233 3780 1627 3851 reverentiam;

72 3854 509 3915 quemadmodum
567 3852 696 3905 novi
724 3848 1196 3906 'sanctos'facere
1246 3850 1627 3921 presbyteros,

72 3932 163 3991 non
198 3923 554 3991 respicientes
584 3922 653 3976 ad
688 3932 1037 3991 apparentem
1064 3921 1364 3991 juvcnilem
1405 3920 1630 3974 Ordina-

73 3988 408 4062 tionemfsed
437 4002 497 4047 ut
522 3988 817 4062 prudentes
844 3992 899 4044 in
939 3989 1049 4062 Dco
1070 3988 1333 4062 cedentes
1362 3991 1489 4059 ipsi,
1519 4007 1629 4045 non

73 4057 160 4124 ipsi
202 4074 408 4128 autem,
445 4057 540 4118 sed
589 4062 737 4116 Patri
781 4061 910 4117 Jesu
962 4059 1165 4115 Christi
1217 4057 1465 4114 omnium
1515 4062 1631 4129 epi-

72 4144 235 4199 scopo.
262 4153 281 4182 ι
302 4134 386 4187 Ad
409 4132 681 4200 Magnes.,
696 4148 746 4187 c.
766 4133 819 4186 3.
834 4162 905 4173 —-
924 4131 1087 4185 Decet
1110 4131 1353 4201 singulos
1386 4139 1627 4184 vestrum

71 4208 116 4274 fit
157 4206 422 4272 praecipue
480 4206 824 4274 presbyteros
874 4201 1177 4256 refocillare
1220 4202 1537 4274 episcopum
1563 4202 1628 4274 in

72 4265 529 4392 hon'ﬂrein'ligtris
555 4265 684 4329 Jcs'u
719 4272 949 4339 Christi,
983 4280 1037 4325 et
1069 4265 1464 4339 apostolorum.
1488 4290 1507 4323 ι
1546 4271 1628 4326 Ad

110 4356 158 4392 ra
204 4384 239 4392 .-
269 4360 320 4392 0-
437 4386 450 4392 -

110 4344 240 4406 rall.,
269 4360 320 4398 c.
360 4346 450 4398 12.

74 4476 82 4485 “
131 4412 251 4485 (24)»
280 4436 297 4465 ι
330 4415 576 4485 lgnatius
607 4412 930 4485 Ecclesiae...
963 4429 1086 4482 quae
1117 4421 1202 4485 est
1238 4409 1629 4485 Philadelphia:

72 4481 116 4531 in
142 4481 330 4541 Asia...
360 4481 536 4554 'quam
571 4484 751 4536 saluto
786 4485 841 4536 in
874 4481 1140 4553 sanguine
1176 4481 1303 4535 Jesu
1351 4481 1624 4554 Christi...

71 4554 283 4609 maxime
315 4556 364 4610 si
391 4551 571 4609 'unum
608 4555 719 4608 sint
752 4569 877 4607 cum
900 4551 1181 4622 episcopo,
1204 4560 1259 4605 et
1279 4551 1373 4619 qui
1397 4566 1523 4605 cum
1554 4567 1620 4606 eo

72 4632 194 4695 sunt,
224 4626 559 4695 presbyteris
585 4634 640 4677 et
668 4624 916 4677 diaconis
945 4623 1243 4695 designatis
1272 4636 1368 4695 per
1400 4630 1622 4695 senten-

72 4692 178 4743 tiain
210 4694 338 4750 Jesu
371 4692 599 4759 Christi,
631 4710 773 4762 quos
802 4694 1101 4748 secundum
1136 4692 1410 4762 propriam
1430 4692 1622 4745 volun-

71 4768 212 4817 tatem
258 4782 420 4820 suam
474 4760 711 4818 tirmavit
759 4764 813 4817 in
870 4764 1165 4817 stabilitate
1217 4760 1619 4831 perWSpiritum

72 4844 268 4903 θυμω.»
322 4837 447 4889 lnit.
492 4837 651 4903 epist.
696 4834 764 4887 ad
814 4833 1147 4903 Philadelph.
1181 4830 1251 4870 -ἐ
1281 4830 1525 4903 «Ποτιρι-
1567 4832 1620 4885 in

72 4896 147 4973 Pci
193 4907 486 4961 concordia
529 4896 722 4959 omnia
783 4920 945 4973 agere
992 4896 1252 4972 episcopo
1284 4902 1623 4973 praesidente

74 4967 147 5045 Pu}
170 4977 322 5045 loco,
356 4987 415 5031 et
466 4975 795 5045 presbyteris
821 4967 949 5029 ioco
987 4967 1210 5029 senatus
1258 4967 1563 5041 apostolici.
1596 4992 1614 5023 ι

70 5038 134 5091 ΑΛ
166 5038 425 5117 Magnes.,
456 5038 577 5114 cap.
615 5038 667 5099 Ci.

132 5111 301 5187 (9.5)}
330 5111 714 5171 Necessarium
760 5124 864 5178 est,
910 5115 1135 5187 utﬂsine
1168 5111 1438 5187 episcopo
1485 5111 1621 5187 nihil

71 5183 240 5257 agatis,
268 5190 364 5243 sed
394 5198 448 5241 et
485 5187 826 5256 presbyterio
858 5185 1061 5238 subditi
1093 5184 1280 5257 sitis...
1318 5183 1500 5257 cuncti
1539 5198 1619 5257 rc—

72 5250 330 5381 κὲτεδὲὶιιιι·
346 5250 718 5383 presbyteros,
740 5266 798 5309 ut
817 5270 1137 5310 consessum
1160 5252 1271 5307 Dei.
1286 5270 1303 5301 ι
1332 5252 1413 5304 Ad
1429 5250 1618 5319 Trall.,

72 5344 167 5383 can.
260 5341 310 5383 et
389 5367 406 5381 .

71 5344 167 5383 can.
199 5341 234 5381 ’Ζ
260 5341 310 5383 οι
346 5341 406 5383 ὗ.

255 5346 518 5454 «oblinam
554 5397 706 5451 fruar
732 5394 956 5451 Sotione
972 5394 1224 5459 diacono,
1242 5394 1343 5467 qui
1371 5393 1621 5467 subditus

70 5464 429 5540 estepiscopo,
462 5481 523 5523 ut
553 5468 739 5540 gratia:
778 5466 892 5532 Dei,
946 5474 998 5519 ct
1044 5465 1384 5540 presbyterio
1420 5474 1480 5517 ut.
1517 5464 1621 5533 legi

71 5535 431 5595 lem—Christi.
455 5559 473 5589 ι
509 5535 589 5592 Ad
621 5537 887 5607 Magnes,
923 5552 1040 5605 cap.
1078 5536 1130 5589 1.

128 5610 228 5683 (Ξῖ)
273 5629 291 5661 ι
322 5610 633 5683 lgnatius...
670 5604 926 5683 Ecclesiae
957 5604 1169 5683 dilecta:
1217 5614 1272 5661 et
1302 5604 1622 5683 illuminatae

70 5677 113 5730 in
141 5677 411 5734 voluntate
437 5682 575 5748 ejus,
607 5680 699 5748 qui
738 5680 863 5748 vult
890 5680 1093 5740 omnia,
1117 5685 1269 5731 etc...
1305 5691 1428 5745 quae
1456 5677 1620 5748 etiam

72 5752 295 5816 pnesidet
326 5753 382 5805 in
420 5745 537 5806 loco
574 5745 811 5821 regionis
850 5747 1252 5815 Romanorum,
1286 5748 1448 5815 digna
1483 5745 1614 5811 Deo,

1661 3121 1708 3185 C

1814 1938 1905 1993 Ait
1953 1946 2211 2007 praeterea
2258 1938 2374 2007 (53)
2415 1936 2475 1992 S.
2525 1935 2767 2007 lgnatius
2813 1937 3000 1994 Jesum
3044 1940 3321 1998 Christum

1742 2031 2040 2101 prophetas
2071 2046 2103 2084 a
2136 2029 2374 2085 mortuis
2421 2029 2741 2095 suscitasse,
2766 2030 2912 2099 quod
2943 2044 3071 2085 eum
3118 2031 3173 2085 in
3205 2032 3321 2102 spi-

1739 2124 1849 2179 ritu
1879 2130 2310 2192 exspectassent,
2358 2130 2524 2192 atque
2561 2121 2710 2176 velut
2740 2125 3025 2179 doctorem
3066 2133 3121 2178 et
3153 2125 3325 2195 magi-

1739 2224 1915 2270 strum
1946 2229 2106 2269 suum
2143 2213 2495 2279 habuissent;
2525 2213 2776 2268 eumdem
2800 2214 3027 2283 januam
3053 2230 3195 2281 esse,
3226 2231 3323 2286 per

1740 2322 1905 2376 quam
1930 2305 2045 2377 (54)
2074 2306 2184 2360 itnr
2214 2306 2283 2360 ad
2310 2302 2549 2371 Patrem,
2587 2315 2641 2361 et
2672 2320 2767 2374 per
2798 2322 2963 2377 quam
2996 2308 3322 2379 patriarcha:

1739 2407 1795 2453 et
1826 2398 2113 2468 prophetae
2145 2398 2469 2463 subierunt,
2503 2407 2555 2453 et
2596 2413 2766 2452 unum
2802 2413 3002 2469 corpus
3035 2416 3131 2470 per
3172 2402 3321 2468 ejus-

1740 2491 1865 2547 dem
1890 2489 2012 2546 tidei
2036 2489 2299 2544 unitatem
2319 2497 2736 2558 componerent.
2760 2487 2944 2561 Ipsum
2968 2506 3187 2563 quoque
3206 2494 3321 2563 ('55)

1738 2580 1971 2644 edicere,
2000 2590 2060 2635 ut
2094 2580 2343 2636 homines
2375 2580 2617 2650 peccatis
2646 2581 2871 2637 obnoxii
2907 2593 3320 2641 convertantur.

1743 2675 1969 2731 Videtur
2000 2691 2218 2746 quoque
2248 2675 2307 2731 S.
2346 2685 2554 2747 martyr
2595 2676 2964 2743 existimasse,
3001 2690 3320 2736 sanctorum

1731 2796 1894 2872 digna
1927 2795 2144 2872 decore,
2185 2796 2378 2867 digna,
2412 2811 2536 2872 qua
2570 2797 2726 2851 beata
2768 2798 3117 2872 pmdieetur,
3151 2801 3318 2872 digna

1729 2866 1923 2939 laude,
1954 2867 2152 2937 digna,
2194 2866 2319 2939 quae
2364 2868 2476 2939 voti
2508 2866 2896 2939 composﬁat,
2940 2869 3102 2939 digne
3147 2866 3320 2938 casta,

1731 2937 1994 2993 charitate
2022 2936 2362 3004 praecellens,
2389 2937 2596 2992 Christi
2630 2947 2685 2992 et
2714 2936 2891 2995 Patris
2923 2936 3147 2994 nomine
3178 2936 3315 2997 insié

1739 3009 1919 3131 ﬁnita;
1967 3022 2133 3088 quam
2163 3016 2219 3061 et
2251 3008 2551 3090 amplector
2590 3007 2645 3061 in
2690 3009 2911 3063 nomine
2951 3007 3081 3065 Jesu
3111 3010 3319 3069 Christi

1787 3079 1864 3131 ibi
1900 3077 2142 3131 Patris...
2169 3097 2186 3129 ι
2221 3077 2343 3131 lnit.
2377 3089 2538 3131 enist.
2567 3077 2635 3131 ad
2666 3075 2898 3131 Roman.

1787 3078 1864 3131 itii
1900 3075 2142 3147 Patris...
2169 3097 2186 3129 ι
2221 3075 2358 3132 luit.
2377 3078 2538 3147 epist.
2567 3077 2635 3131 ad
2666 3075 2898 3132 Roman.

1809 3147 1925 3217 (28)
1970 3166 1990 3200 ι
2022 3146 2325 3203 Saluto.....
2374 3146 2613 3219 virgines
2660 3158 2878 3205 vocatas
2932 3148 3189 3207 viduas”
3234 3152 3316 3207 Ad

1738 3222 1979 3283 Stnvrn..
2010 3238 2059 3277 c.
2090 3219 2174 3273 15.

1810 3288 1923 3364 (‘29)
1962 3288 2437 3364 Ati_Pltilatielpli.,
2475 3304 2524 3342 c.
2560 3289 2616 3343 3.

1804 3358 1918 3432 (50)
1961 3382 1979 3415 ι
2010 3361 2087 3415 Ne
2120 3360 2333 3432 erretis,
2366 3358 2564 3432 fratres
2600 3359 2727 3432 mei,
2758 3358 3085 3432 feminarum
3123 3376 3317 3417 corru-

1733 3429 1919 3504 ptores
1949 3444 2176 3504 regnum
2211 3429 2305 3482 Dei
2339 3442 2447 3504 non
2492 3429 2913 3504 hmreditabunt.
2948 3429 3003 3484 Si
3046 3440 3230 3486 autem
3277 3434 3316 3486 ii

1731 3499 1827 3573 qui
1860 3499 2163 3558 secundum
2190 3513 2412 3573 carnem
2436 3499 2551 3573 haec
2571 3502 2784 3573 operati
2816 3508 2971 3573 sunt,
2986 3510 3163 3555 morte
3186 3513 3318 3558 sunt

1732 3567 1942 3640 affecti;
1976 3578 2181 3642 quanto
2211 3567 2410 3638 magis,
2441 3568 2487 3623 si
2520 3567 2647 3642 quis
2690 3569 2865 3642 fidemA
2879 3570 2975 3642 Dei
3006 3585 3173 3639 prava
3212 3573 3315 3627 do-

1734 3637 2293 3719 ctrina'corrumpat,
2316 3637 2440 3719 pro
2474 3654 2580 3719 qua
2620 3637 2780 3719 Jesus
2826 3637 3083 3719 Christus
3134 3643 3315 3719 cruci-

1733 3714 1876 3768 tixus
1903 3713 2018 3768 est?
2048 3711 2174 3765 talis
2197 3707 2516 3777 inquinatus
2543 3707 2722 3765 factus
2751 3710 2809 3763 in
2838 3711 3017 3779 ignem
3048 3710 3314 3767 inexstin-

1773 3783 1993 3904 uilbilem
2049 3781 2181 3904 iiigt;
2215 3779 2470 3833 similiter
2516 3786 2571 3833 et
2617 3781 2710 3848 qui
2757 3781 2911 3835 audit
2945 3782 3149 3851 ipsum.
3179 3802 3197 3834 ι
3233 3784 3315 3837 Ad

1773 3870 1812 3904 ιι)
1836 3868 1958 3904 108..
1984 3869 2034 3904 C.
2143 3890 2157 3903 .

1755 3853 1958 3907 iubes“
1984 3869 2034 3906 c.
2070 3853 2157 3904 16.

1780 3870 2321 3993 p(Igitr?’icPrIagmunio
2349 3932 2446 3973 vos
2470 3930 2669 3993 contra
2693 3917 2838 3974 feras
2866 3922 3163 3975 humanam
3200 3922 3316 3977 for-

1734 3989 1906 4046 mani'
1958 3990 2367 4063 prmseferentes
2407 3989 2727 4063 ‘(hwreticos
2808 3993 3118 4063 inseetatur,
3184 4010 3313 4063 quos

1740 4058 2121 4116 Pliantasticos
2152 4058 2448 4128 vocabant),
2473 4075 2612 4128 quos
2640 4075 2750 4113 non
2767 4062 2942 4116 solum
2971 4058 3314 4130 oportet'vos

1732 4149 1846 4212 non
1877 4134 2153 4212 recipere,
2182 4131 2309 4192 sed,
2350 4131 2395 4186 si
2438 4130 2697 4211 possibile
2744 4140 2848 4196 est,
2884 4147 3062 4212 neque
3094 4133 3312 4212 obviam

1732 4203 1850 4257 fieri
1880 4203 1960 4259 eis
1979 4200 2006 4267 ;”
2034 4203 2211 4257 solum
2248 4216 2380 4254 vero
2409 4215 2510 4269 pro
2543 4200 2678 4271 ipsis
2719 4216 2901 4267 orare,
2937 4200 2987 4256 si
3034 4206 3315 4271 quomodo

1769 4273 2108 4327 oenitentiam
2156 4278 2341 4341 agant,
2384 4272 2532 4339 quod
2586 4270 2881 4341 admodum
2935 4270 3155 4327 dillicile
3202 4283 3307 4328 cst.

1754 4343 1909 4413 lujus
1938 4352 2121 4398 autem
2150 4339 2472 4413 petestatem
2514 4342 2674 4413 habet
2697 4339 2860 4413 Jesus
2896 4342 3151 4396 Christus
3186 4360 3310 4396 vera

1731 4410 1916 4468 nostra
1944 4415 2070 4467 vita.
2095 4432 2112 4463 ι
2146 4410 2227 4465 Ad
2266 4410 2509 4482 Smyrn.,
2546 4427 2593 4465 c.
2623 4410 2735 4482 4.}
2769 4410 2870 4465 Ubi
2895 4412 3092 4466 divisio
3122 4423 3225 4478 est,
3258 4424 3313 4466 et

1661 4480 1832 4549 Dira,
1866 4484 1939 4537 ibi
1973 4482 2114 4537 Deus
2148 4478 2379 4551 minime
2406 4481 2635 4534 habitat.
2673 4478 2946 4535 Omnibus
2977 4482 3143 4550 igitur
3192 4498 3309 4551 pm-

1728 4554 2030 4607 nitentibus
2061 4552 2291 4606 remittit
2327 4550 2490 4616 Deus,
2523 4552 2568 4605 si
2596 4551 2924 4619 resipiscam
2953 4552 3009 4605 in
3042 4550 3306 4606 unitatem

1728 4622 1821 4677 Dei
1849 4665 1908 4747 ,8
1931 4634 1987 4678 et
2046 4623 2285 4691 episcopi
2350 4636 2693 4676 consessum.
2731 4640 2750 4672 ι
2812 4620 2892 4674 Ad
2942 4619 3307 4692 Philadelph.,

1728 4708 1848 4747 can.
1916 4734 1929 4746 .

1726 4708 1848 4747 θοι).
1874 4708 1929 4747 ὅ.

1794 4709 1848 4763 p.
1874 4709 1929 4747 δ.

1798 4764 1913 4833 (52)
1960 4782 1979 4813 α
2015 4761 2148 4817 Etc.
2181 4762 2253 4814 5:
2297 4759 2579 4833 Quotquot
2624 4760 2947 4833 poenitentia
2984 4762 3132 4816 ducti
3166 4764 3310 4818 redi-

1731 4829 1901 4887 erunt
1925 4832 1991 4885 ad
2021 4832 2287 4885 unitatem
2310 4830 2583 4895 Ecclesiae,
2609 4830 2775 4885 et-isti
2805 4829 2901 4885 Dei
2924 4843 3203 4899 erunt;>ut
3225 4849 3309 4889 se-

1725 4904 1964 4957 cundum
2001 4900 2189 4955 Jesum
2219 4901 2494 4954 Christum
2529 4900 2733 4954 vivant.
2759 4920 2778 4953 ι

1798 4974 1913 5042 (55)
1942 4990 1958 5021 ι
1988 4971 2122 5040 Ejus
2143 4970 2349 5042 Christi
2373 4972 2652 5039 propheta:
2674 4971 2928 5041 discipuli
2952 4988 3077 5028 cum
3101 4985 3305 5039 essent,

1726 5041 1919 5111 spiritu
1948 5043 2126 5111 ipsum
2158 5052 2216 5094 ut
2246 5041 2524 5112 doctorem
2564 5046 2984 5112 exspectabant;
3009 5055 3064 5098 et
3091 5054 3308 5112 propter

1727 5113 1832 5166 hoc
1859 5113 1927 5175 is,
1956 5127 2117 5180 quem
2138 5112 2285 5179 juste
2312 5111 2786 5180 przestolabantur,
2811 5111 3107 5168 adveniens
3133 5117 3309 5169 susci-

1727 5184 2039 5263 tavi_t_ipso_s
2077 5198 2144 5235 ex
2175 5182 2427 5263 mortuis.
2449 5182 2595 5263 L-Ad.
2628 5182 2897 5252 Magnes,
2930 5199 3047 5263 cap.
3074 5183 3127 5236 9.

1799 5254 1915 5321 (54)
1951 5271 1968 5302 ί
2002 5252 2119 5321 Ipse
2147 5264 2233 5306 est
2256 5252 2423 5322 jaiitia
2449 5251 2651 5322 Patris,
2682 5270 2776 5322 per
2801 5269 2964 5321 quam
2994 5251 3307 5321 ingrediun-

1726 5330 1814 5376 tur
1863 5323 2161 5387 Abraham,
2209 5333 2262 5375 et
2298 5321 2469 5384 Isaac,
2500 5330 2562 5392 et
2602 5321 2793 5387 Jacob,
2836 5335 2889 5376 et
2924 5329 3221 5392 prophetm,
3252 5335 3307 5377 et

1724 5394 1981 5461 apostoli,
2016 5400 2180 5461 atque
2226 5392 2491 5446 Ecclesia.
2531 5391 2727 5447 Omnia
2772 5395 2887 5447 hare
2920 5394 2988 5447 ad
3040 5395 3305 5449 unitatem

1725 5462 1842 5518 Dei.
1870 5482 1887 5512 ι
1922 5463 2001 5516 Ad
2028 5462 2391 5531 Philadelph.,
2419 5478 2538 5530 cap.
2570 5463 2623 5515 9.

1797 5534 1911 5603 (55)
1951 5551 1968 5582 ι
1998 5531 2161 5586 Orate
2184 5533 2307 5601 (pro
2338 5531 3012 5603 hmreticisjsi‘quomodo
3041 5533 3309 5602 pmnitenc

1724 5600 1855 5656 tiam
1890 5613 2074 5671 agant,
2110 5600 2255 5671 quod
2294 5600 2589 5671 admodum
2612 5600 2836 5655 difﬁcile
2869 5612 2973 5668 est,
3007 5600 3172 5671 hujus
3205 5621 3303 5656 au-

1724 5683 1831 5727 tem
1876 5670 2195 5741 petestatem
2252 5673 2413 5724 habet
2460 5670 2619 5727 Jesus
2663 5672 2918 5728 Christus
2952 5670 3093 5728 vera,
3116 5684 3307 5730 nostra

1726 5746 1852 5799 vita.
1882 5766 1898 5795 ι
1946 5744 2025 5799 Ad
2064 5745 2304 5807 varn.,
2337 5758 2455 5811 cap.
2495 5742 2545 5794 4.
