3754 6206
377 208 471 264 591

1376 214 1434 270 8.
1463 216 1813 275 lGNATlUS.
1853 251 1923 264 —-
1957 222 2475 287 PROLEGOMENA.
3539 196 3624 296 S92

370 329 655 423 hominum
710 331 927 387 animos
976 331 1028 385 in
1080 332 1233 388 caelis
1285 333 1353 389 de
1398 335 1641 393 Ecclesia
1685 347 1849 411 atque
1881 341 1949 397 de
1976 322 2029 403 Ᾰ
2119 348 2321 423 duabus
2359 354 2586 416 naturis,
2629 370 2734 407 una
2763 368 3015 423 persona,
3057 365 3108 410 et
3139 354 3204 411 Β.
3242 354 3304 412 γ.
3329 357 3519 414 Μανία
3558 362 3625 413 di-

369 420 621 478 ﬁdelibus
656 423 917 478 sollicitos
946 436 1088 487 esse,
1119 439 1245 478 cum
1281 427 1347 481 ad
1384 426 1552 482 Trall.
1590 431 1706 487 haec
1740 432 1949 489 scribe-

372 514 465 569 bat
496 515 610 585 (56)
636 534 651 570 :
679 533 698 567 ι
727 513 919 586 Expiet
968 531 1066 570 vos
1110 517 1339 587 spiritus
1390 536 1579 588 meus;
1617 537 1725 577 non
1780 525 1949 582 modo

373 622 553 673 nunc,
601 607 694 662 sed
747 618 801 663 et
856 608 948 662 ubi
997 606 1171 663 Deum
1226 620 1421 668 nactus
1474 612 1695 669 fuero.»
1749 614 1950 675 Varios

370 698 534 754 etiam
560 698 673 770 (57)
706 702 1029 777 angelorum.
1052 698 1258 771 gradus
1280 710 1335 755 et
1366 703 1767 775 principatuum
1801 707 1949 761 ordi-

372 806 470 847 nes
503 792 735 847 invicem
780 794 1090 865 distinguit,
1128 810 1194 850 ac
1240 792 1342 849 SS.
1379 794 1601 849 Petrum
1628 806 1682 851 et
1713 795 1947 853 Paulum

370 880 531 936 ﬁdem
565 882 831 939 Romanis
860 884 974 954 (58)
1005 885 1369 941 annuntiasse
1404 887 1695 957 signiﬁcat.

439 993 545 1050 Ubi
593 994 833 1049 ﬁdelium
876 995 1114 1064 aliquem
1159 994 1485 1065 sanguinem
1516 1012 1676 1052 suum
1707 1012 1807 1068 pro
1841 998 1947 1053 ﬁde

368 1085 644 1141 eﬂ'undcre
688 1086 971 1141 eveniebat
1004 1086 1141 1155 (59),
1176 1096 1481 1142 conventus
1528 1088 1833 1144 habebatur
1879 1089 1945 1144 ad

369 1191 550 1251 grates
590 1179 702 1235 Deo
736 1195 833 1249 per
872 1179 1059 1235 Jesum
1094 1180 1373 1235 Christum
1407 1181 1737 1247 reddendas,
1771 1198 1948 1253 eaque

368 1274 437 1329 de
465 1290 524 1330 re
557 1276 744 1346 hymni
777 1287 833 1334 ct
864 1282 1074 1333 cantica
1115 1279 1563 1336 concinebantur.
1590 1276 1947 1346 lntelligimus

367 1374 547 1421 autem
578 1383 646 1423 ex
677 1384 894 1424 summo
934 1370 1027 1424 illo
1058 1368 1116 1424 S.
1152 1368 1369 1440 Ignatii,
1400 1368 1548 1438 quod
1594 1367 1649 1420 in
1698 1365 1947 1435 epistolis

368 1458 486 1514 suis
514 1459 796 1529 praesefert
828 1461 965 1531 (40),
1000 1462 1324 1533 martyrium
1354 1459 1593 1531 patiendi
1650 1458 1944 1525 desiderio,

366 1552 596 1608 ﬁrmiter
622 1569 747 1609 eum
777 1554 1106 1621 credidisse,
1152 1554 1299 1610 illico
1333 1569 1391 1609 se
1432 1552 1527 1607 Dei
1566 1551 1853 1621 praasentia
1888 1552 1945 1606 in

367 1644 523 1700 caelis
559 1644 877 1700 fruiturum.
916 1644 1051 1701 lllud
1084 1646 1250 1701 etiam
1297 1645 1682 1701 observatione
1714 1644 1943 1714 dignum

367 1739 540 1793 videri
575 1740 765 1809 possit,
799 1741 943 1810 quod
983 1740 1271 1810 mancipiis
1306 1739 1561 1795 Ecclesia:
1600 1736 1946 1793 inservienti-

365 1830 470 1885 bus
503 1832 953 1888 manumissionis
982 1832 1311 1888 desiderium
1337 1831 1647 1897 interdicat,
1682 1849 1700 1881 ι
1727 1827 1827 1895 Ne,
1864 1829 1949 1882 in-

365 1920 648 1992 quit,'(4l)
682 1922 939 1977 vitiorum
992 1923 1263 1993 mancipia
1307 1924 1615 1978 ﬁerent.....
1638 1939 1657 1973 ι
1690 1921 1774 1977 sui
1817 1936 1947 1975 vero

365 2011 630 2080 temporis
658 2012 945 2067 haereticos
982 2014 1055 2067 ita
1087 2013 1368 2068 describit.
1396 2014 1509 2084 (42)
1540 2033 1559 2065 ι
1585 2013 1947 2068 Considerate

363 2117 460 2158 eos
491 2103 584 2174 qui
619 2104 852 2159 alienam
888 2106 1200 2175 Opinionem
1236 2116 1462 2162 tuentur
1488 2116 1678 2162 contra
1714 2106 1944 2175 gratiam

362 2192 491 2251 Jesu
525 2196 760 2259 Christi,
794 2213 916 2266 qua:
949 2197 1015 2251 ad
1051 2213 1155 2253 nos
1206 2199 1389 2263 venit,
1433 2198 1469 2252 ii
1504 2199 1783 2269 quomodo
1816 2204 1946 2251 sunt

363 2286 628 2341 contrarii
677 2287 962 2345 sententia:
989 2286 1084 2343 Dei
1113 2307 1127 2343 :
1161 2289 1229 2344 de
1255 2290 1523 2345 charitate
1557 2307 1665 2345 non
1696 2298 1781 2345 est
1810 2303 1943 2343 cura

366 2378 523 2447 ipsis,
545 2394 652 2432 non
671 2379 737 2433 de
754 2378 938 2442 vidua,
953 2394 1064 2436 non
1080 2379 1148 2435 de
1163 2381 1431 2450 orphano,
1450 2396 1560 2435 non
1577 2382 1643 2437 de
1659 2394 1941 2451 oppresso,

364 2484 474 2523 non
510 2470 578 2525 de
622 2470 805 2526 vincto
835 2471 921 2524 vel
963 2471 1144 2526 soluto
1168 2512 1182 2538 ,
1218 2488 1326 2527 non
1356 2473 1425 2527 de
1450 2473 1726 2527 esuriente
1762 2471 1847 2527 vel
1878 2470 1946 2526 de

365 2560 603 2616 sitiente.
654 2563 738 2617 Ab
775 2564 1111 2619 eucharistia
1158 2575 1214 2619 et
1256 2565 1502 2620 oratione
1538 2566 1831 2629 abstinent,
1876 2579 1944 2619 eo

364 2653 511 2722 quod
546 2669 655 2708 non
701 2656 1064 2711 conﬁteantur
1122 2656 1513 2712 eucharistiam
1564 2673 1786 2714 carnem
1821 2676 1945 2717 esse

367 2744 670 2800 Salvatoris
702 2748 897 2814 nostri,
939 2764 1061 2819 qua:
1093 2763 1193 2819 pro
1241 2750 1483 2819 peccatis
1526 2751 1732 2805 nostris
1781 2767 1943 2821 passa

364 2844 467 2899 est,
492 2852 654 2906 quam
677 2835 839 2893 Pater
862 2854 961 2894 sua
984 2839 1318 2909 benignitate
1344 2841 1651 2896 suscitavit.
1684 2842 1789 2909 Qui
1815 2859 1944 2915 ergo

362 2926 744 2982 contradicunt
775 2928 903 2984 huic
924 2930 1070 2985 dono
1104 2930 1219 2998 Dei,
1248 2932 1572 2988 altercantes
1606 2935 1940 2992 moriuntur.

364 3014 509 3073 Utile
556 3027 735 3073 autem
786 3028 933 3075 esset
981 3020 1245 3091 diligere,
1299 3030 1360 3076 ut
1412 3032 1467 3076 et
1512 3033 1883 3094 resurgerent.
1917 3044 1936 3078 ι
1970 3040 2012 3099 C

362 3107 580 3164 Eisdem
626 3126 847 3181 quoque
890 3113 1212 3182 exprobrat,
1247 3114 1391 3183 quod
1446 3114 1513 3168 ad
1567 3114 1715 3168 illam
1764 3131 1942 3188 usque

361 3202 506 3257 diem
533 3202 643 3275 (45)
668 3220 841 3274 neque
869 3205 1167 3274 prophetas,
1197 3221 1375 3275 neque
1398 3206 1486 3261 lex
1509 3205 1732 3278 Moysis,
1761 3224 1942 3279 neque

360 3293 737 3365 Evangelium,
772 3313 947 3368 neque
978 3306 1280 3370 martyrum
1318 3307 1592 3353 tormenta
1635 3316 1731 3356 eos
1757 3301 1826 3356 ab
1853 3317 1942 3357 er-

360 3402 484 3442 rore
518 3402 773 3444 revocare
800 3390 1095 3458 potuerint.
1132 3390 1208 3445 De
1243 3390 1365 3445 istis
1396 3406 1616 3462 quoque
1661 3393 1942 3463 accipien-

358 3481 488 3536 dum
520 3491 625 3545 est,
656 3483 768 3555 (44)
791 3485 935 3554 quod
962 3485 1078 3539 ait:
1107 3503 1124 3535 ι
1156 3484 1412 3541 Excelsas
1435 3502 1683 3558 quasque
1708 3488 1760 3542 in
1788 3489 1942 3544 cmlis

358 3581 662 3635 creaturas,
705 3574 928 3643 angelos
977 3589 1307 3645 quacunque
1332 3576 1568 3631 .demum
1609 3577 1781 3647 gloria
1829 3578 1939 3633 ful-

359 3673 546 3734 gentes
566 3704 582 3731 ,
612 3665 952 3734 principatus
999 3666 1262 3733 visibiles,
1293 3676 1347 3722 et
1391 3669 1694 3724 invisibiles
1723 3670 1790 3725 ad
1818 3671 1940 3726 dira

359 3757 626 3828 supplicia
673 3772 796 3812 esse
843 3758 1206 3824 damnandos,
1244 3760 1347 3814 nisi
1384 3762 1438 3815 in
1469 3760 1676 3816 Christi
1713 3764 1941 3832 sangui-

357 3865 483 3903 nem
513 3848 759 3905 credant.
782 3868 801 3900 ι

360 4024 392 4097 ᾖ
428 4024 517 4081 ιιι.
560 4026 635 4080 De
664 4026 923 4081 Trinitate
948 4045 1292 4098 personarum
1322 4030 1645 4095 divinarum,
1680 4026 1814 4083 Filii
1836 4028 1933 4083 Dei

427 4100 745 4166 wternitate,
784 4099 1356 4167 consubstantialitate,
1394 4099 1595 4155 Christi
1629 4098 1909 4153 divinitate

452 4240 544 4311 δῇ)
624 4241 704 4311 Ad
733 4239 923 4303 Trall.,
957 4257 1077 4311 cap.
1106 4243 1192 4297 l5.

451 4309 541 4381 57)
580 4330 597 4361 ι
638 4309 754 4364 Non
786 4309 1069 4381 propterea
1098 4312 1242 4381 quod
1273 4313 1487 4366 vinctus
1515 4327 1660 4379 sum,
1683 4322 1737 4367 et
1758 4314 1925 4368 caele-

355 4383 460 4435 otia
490 4380 1058 4453 intelligerc’possum,
1081 4380 1130 4437 et
1148 4385 1286 4438 situs
1310 4382 1650 4453 angelorum,
1676 4392 1730 4437 et
1751 4396 1927 4439 coetus

354 4451 878 4523 constitutionesque
926 4451 1404 4523 principatuum...‘
1434 4464 1654 4523 propter
1683 4453 1786 4509 hoc
1810 4455 1924 4523 jam

353 4528 408 4573 et
434 4520 736 4593 discipulus
757 4520 941 4593 sumJ
974 4523 1056 4577 Ad
1088 4520 1280 4593 Trall.,
1319 4520 1447 4593 cap.
1478 4523 1530 4577 5.

423 4589 587 4664 (58)}
619 4590 736 4643 Non
762 4603 819 4645 ut
848 4591 1042 4647 Petrus
1072 4602 1127 4664 et
1154 4591 1358 4648 Paulus
1377 4589 1630 4664 principio
1647 4597 1825 4653 vobis.
1844 4595 1926 4652 Illi

352 4660 612 4781 apostfli,
643 4676 744 4731 ego
790 4678 920 4715 vero
963 4660 1421 4730 condemnatus,»
1476 4660 1580 4721 etc.
1611 4668 1694 4722 Ad
1741 4667 1924 4731 Rom.,

352 4743 472 4781 can.
539 4769 554 4781 .

351 4743 472 4784 σιω.
501 4743 554 4782 4.

421 4744 554 4922 (ἔξιῖ
575 4817 594 4851 ι
622 4798 751 4854 Plus
782 4801 912 4855 mihi
949 4801 1188 4856 tribuere
1221 4819 1329 4858 non
1356 4806 1633 4876 ‘pOlttsliS,
1669 4822 1833 4876 quam
1872 4816 1930 4861 ut

421 4884 520 4922 imo
542 4884 603 4922 er
636 4869 764 4922 Deo.
800 4872 929 4922 dum
982 4873 1161 4922 adhuc
1210 4874 1382 4922 altam
1433 4888 1682 4922 miratum
1716 4886 1801 4922 est
1827 4896 1839 4922 ε
1870 4887 1929 4922 ιιι

351 4868 603 4943 immolet
636 4869 764 4935 Deo,
800 4872 929 4925 dum
982 4873 1161 4925 adhuc
1210 4868 1398 4929 altare
1433 4868 1801 4943 paratum-est
1827 4896 1839 4930 :
1870 4887 1929 4930 ut

351 4939 406 4993 in
438 4939 701 4995 cliaritate
731 4943 957 4996 chorum
1005 4939 1657 5007 constituentes—conatis
1683 4946 1832 5001 Patri
1866 4950 1925 5001 in

348 5008 570 5085 Christo
589 5009 1256 5085 J‘esu,quodepiscopum
1284 5013 1458 5085 Syria:
1479 5015 1736 5085 dignatus
1763 5018 1927 5071 fuerit

348 5078 494 5205 ἓξὲξ
528 5082 581 5135 in
599 5078 891 5206 Occeidente
918 5078 1149 5136 inveniri
1186 5083 1252 5136 ab
1273 5078 1494 5139 oriente
1530 5078 1877 5144 accersitum.
1902 5108 1921 5140 ι

393 5166 427 5204 ιι
474 5189 510 5206 ..
541 5167 662 5206 can.
740 5193 752 5204 .

393 5166 510 5205 ιια..
541 5167 662 5205 can.
697 5166 752 5205 ‘2.

420 5167 878 5304 (Ἐδοῗῗέηῗὲρὶιο
912 5220 1076 5301 .mihi,
1120 5220 1361 5304 fratres,
1396 5240 1463 5304 ne
1506 5227 1641 5304 mihi
1694 5226 1926 5298 impedi-

349 5301 532 5368 mento
563 5297 720 5368 sitis,_
740 5297 1037 5368 quominus
1085 5297 1378 5368 vivamus.
1413 5297 1576 5354 sinite
1610 5312 1695 5354 me
1724 5297 1923 5368 purum

350 5359 533 5416 lumen
567 5359 807 5417 haurire.
836 5382 853 5415 ι
892 5362 1054 5427 lbid.,
1086 5379 1135 5418 c.
1170 5364 1203 5418 6
1229 5374 1283 5419 et
1314 5365 1365 5419 ".

423 5432 535 5502 (4i)
570 5433 649 5488 Ad
681 5432 988 5502 Polycarp.,
1014 5450 1063 5488 c.
1090 5435 1143 5488 5.

421 5501 535 5573 (ιβ)
676 5501 924 5573 Smyrn.,
955 5520 1003 5558 c.
1038 5505 1071 5557 6
1099 5516 1151 5560 et
1182 5506 1233 5560 7.

446 5572 535 5643 45)
570 5572 649 5643 ᾼά
678 5570 923 5643 Smyrn.,
954 5589 1003 5628 c.
1031 5574 1081 5629 5.

446 5579 535 5640 45)
570 5579 649 5624 Ad
681 5579 897 5643 Smyrn.

423 5579 534 5711 (Η)
577 5640 735 5705 lbid.,
769 5658 815 5696 (ς.
851 5643 899 5694 li.

2124 421 2248 473 vina
2283 426 2642 478 maternitate.

2126 510 2245 566 Duo
2288 513 2342 568 in
2381 515 2612 583 cpistola
2657 516 2723 569 ad
2757 514 3002 586 Magnes.
3050 530 3351 573 occurrunt
3390 518 3531 584 loca,
3581 522 3625 575 iu

2050 603 2251 672 quibus
2297 606 2502 660 mentio
2540 606 2599 660 ﬁt
2632 607 2699 660 de
2738 606 2839 662 SS.
2868 606 3153 664 'l‘rinitate.
3191 610 3248 665 ln
3290 613 3474 682 primo
3518 612 3625 667 haec

2050 695 2307 765 leguntur
2356 698 2522 753 verba
2567 698 2723 770 (45):
2773 718 2792 751 ι
2826 700 3052 756 Studete
3103 702 3271 772 igitur
3310 714 3373 759 ut
3409 703 3616 759 confor-

2053 787 2277 841 memini
2324 788 2380 841 in
2419 788 2768 859 dogmatibus
2796 788 3012 844 Domini
3047 800 3104 844 ct
3142 793 3542 862 apostolorum,
3568 803 3618 849 ut

2050 881 2234 934 omnia
2264 896 2387 951 quae
2424 881 2609 937 facitis
2634 899 2895 953 prospere
2929 888 3080 942 vobis
3112 888 3436 952 succedant,
3469 904 3619 942 carne

2050 980 2104 1027 et
2129 972 2350 1041 spiritu,
2379 972 2485 1027 ﬁde
2514 982 2568 1028 et
2594 975 2841 1039 veritate,
2876 976 2929 1031 in
2962 976 3108 1032 Filio
3146 988 3198 1033 et
3225 978 3411 1048 Patre,
3444 989 3493 1034 et
3512 978 3621 1050 Spi-

2051 1060 2160 1113 ritu
2184 1070 2386 1128 sancto,
2419 1062 2473 1116 in
2506 1063 2776 1132 principio
2809 1073 2864 1119 et
2902 1065 2956 1120 in
2994 1066 3121 1122 ﬁne.
3154 1086 3173 1119 ι
3205 1066 3272 1122 Ει
3299 1080 3427 1139 post
3461 1084 3618 1141 pauca

2049 1151 2331 1221 interjecta
2362 1168 2376 1204 :
2405 1172 2425 1205 ι
2448 1152 2687 1224 Subjerti
2713 1161 2827 1212 este
2848 1157 3130 1229 episcOpo,
3154 1173 3207 1215 et
3227 1162 3390 1216 vobis
3415 1171 3618 1225 mutuo,

2050 1254 2110 1299 ut
2130 1244 2563 1302 .lesusCltristus
2585 1246 2732 1303 Patri
2765 1250 3063 1304 secundum
3099 1266 3365 1320 carnem;
3407 1264 3464 1311 et
3502 1271 3623 1326 apo-

2049 1336 2174 1390 stoli
2205 1336 2427 1391 Christo
2476 1346 2531 1391 et
2552 1336 2729 1403 Patri,
2758 1348 2813 1393 et
2847 1338 3097 1410 Spiritui.
3120 1359 3139 1394 ι
3188 1342 3378 1399 Obiter
3412 1346 3503 1401 hic
3530 1349 3621 1402 ob-

2049 1430 2376 1485 servandum
2404 1438 2503 1485 est.
2540 1428 2598 1484 S.
2624 1429 2892 1500 Ignatium
2918 1433 3009 1487 hic
3030 1433 3177 1504 loqui
3201 1436 3268 1489 de
3291 1436 3625 1506 subjectiono

2046 1517 2175 1576 Jesu
2205 1521 2443 1589 Christi,
2468 1531 2632 1592 prout
2656 1523 2824 1579 homo
2853 1533 2937 1579 est
2956 1565 2971 1591 ,
2999 1525 3116 1581 sive
3156 1528 3463 1582 secundum
3509 1545 3624 1584 car-

2048 1628 2196 1676 nem,
2231 1612 2371 1667 κατὰ
2407 1614 2605 1686 σάρκα.

1975 1694 2018 1749 Β
2117 1703 2375 1759 Pluribus
2412 1704 2469 1759 in
2513 1705 2649 1761 locis
2682 1704 2738 1760 S.
2764 1706 2855 1763 hic
2879 1715 3089 1778 martyr
3116 1707 3405 1776 proﬁtetur
3435 1710 3623 1765 Filium

2049 1794 2146 1851 Dei
2177 1812 2368 1852 verum
2402 1812 2525 1853 esse
2551 1797 2747 1865 Deum,
2778 1798 2927 1854 Patri
2964 1817 3066 1856 suo
3108 1812 3467 1857 coaeternum.
3521 1804 3627 1858 Lu-

2047 1886 2441 1942 culentissimis
2480 1895 2661 1942 autem
2693 1888 2875 1942 verbis
2919 1889 2970 1943 id
3004 1889 3247 1944 declarat
3284 1891 3337 1944 in
3368 1893 3530 1959 epist.
3564 1890 3628 1945 ad

2047 1977 2312 2049 Magnes.,
2358 1980 2449 2034 ubi
2503 1981 2580 2034 ait
2621 1980 2776 2052 (46):
2816 2001 2833 2034 ι
2870 1980 3025 2039 Unus
3053 1994 3136 2039 est
3160 1983 3327 2047 Deus,
3382 1984 3479 2052 qui
3520 1999 3631 2036 ma-

2048 2067 2327 2123 nifestavit
2375 2070 2731 2140 semetipsum
2779 2088 2873 2142 per
2899 2072 3083 2128 Jesum
3117 2074 3403 2129 Christum
3437 2073 3629 2127 Filium

2048 2161 2241 2230 ipsius,
2273 2161 2364 2231 qui
2396 2173 2447 2217 et
2476 2162 2650 2233 ipsius
2674 2163 2908 2219 Verbum
2941 2174 3227 2225 aeternum.
3254 2181 3364 2219 non
3399 2180 3431 2219 a
3467 2165 3630 2218 silen-

2050 2251 2128 2306 tio
2156 2254 2530 2323 progrediens.
2564 2272 2582 2304 ι
2645 2254 2811 2324 Atqui
2865 2256 2910 2310 si
2959 2254 3218 2312 Christus
3270 2265 3355 2311 est
3395 2254 3625 2310 Verbum

2048 2341 2195 2398 Patri
2213 2360 2316 2399 suo
2345 2355 2698 2413 coaeternum,
2717 2346 2763 2401 is
2782 2347 2895 2415 ipse
2907 2356 2962 2403 et
2985 2348 3229 2419 ejusdem
3250 2363 3378 2403 cum
3398 2348 3521 2419 ipso
3537 2364 3627 2401 na-

2047 2446 2205 2503 tum,
2229 2437 2483 2507 idemque
2508 2453 2573 2492 ac
2590 2438 2679 2493 ille
2700 2440 2772 2493 sit
2791 2438 2955 2507 Deus,
2979 2441 3205 2495 omnino
3223 2456 3453 2496 necesse
3474 2449 3575 2495 est.

2118 2525 2263 2581 Idem
2298 2525 2355 2581 S.
2384 2537 2593 2600 martyr
2628 2530 2682 2583 in
2716 2531 2948 2599 epistola
2983 2531 3049 2586 ad
3085 2530 3477 2603 Polycarpum,
3508 2547 3627 2586 san-

2046 2618 2351 2673 ctissimum
2411 2620 2795 2690 coepiscopum
2848 2638 3009 2676 suum
3056 2638 3070 2674 :
3126 2642 3145 2674 ‹
3183 2622 3347 2687 Eum,
3404 2625 3500 2694 qui
3551 2633 3629 2678 est

2047 2724 2211 2779 supra
2246 2720 2481 2780 tempus,
2508 2723 2760 2781 exspecta
2796 2713 3239 2784 intemporalem,
3271 2715 3625 2779 invisibilem.

2045 2810 2268 2871 propter
2308 2818 2408 2857 nos
2444 2802 2739 2868 visibilem,
2786 2804 3208 2875 impalpabilem,
3247 2806 3626 2875 impatibiletn,

2044 2903 2268 2964 prepter
2306 2911 2406 2950 nos
2442 2896 2745 2965 patibilem,
2779 2898 2871 2967 qui
2903 2897 3234 2953 omnimodis
3273 2908 3498 2967 propter
3531 2913 3632 2951 nos

2046 2987 2306 3041 sustinuit
2350 2987 2486 3057 (47).
2536 3006 2555 3040 ι
2607 2987 2682 3043 De
2728 2988 2869 3044 Filio
2907 2989 3003 3045 Dei
3048 2991 3342 3047 manifeste
3388 2992 3623 3063 loquitur

2048 3078 2156 3145 hic,
2198 3089 2397 3149 praeter
2442 3081 2548 3135 alia
2601 3082 2865 3136 attributa
2917 3082 3104 3137 divina
3152 3083 3320 3138 etiam
3373 3085 3480 3139 hoc
3527 3083 3631 3153 ipsi

2043 3172 2325 3239 tribuens,
2373 3173 2520 3243 quod
2566 3173 2638 3227 sit
2681 3173 3049 3244 ὑπέρκαιρος,
3098 3172 3365 3245 ἄχρονος,
3418 3188 3632 3243 «supra

2043 3272 2281 3333 tempus,
2332 3264 2451 3318 sine
2499 3272 2774 3334 tempore,
2835 3283 2853 3316 ι
2886 3265 2990 3320 hoc
3035 3274 3117 3319 est
3178 3275 3441 3319 aeternus.
3492 3264 3633 3319 Nam

2042 3372 2105 3410 ea
2136 3354 2241 3410 fuit
2271 3355 2437 3425 hujus
2470 3357 2573 3411 viri
2616 3356 2901 3426 apostolici
2944 3357 3295 3427 simplicitas,
3336 3366 3398 3412 ut
3423 3373 3635 3428 nequa-

2043 3464 2207 3519 quam
2250 3449 2525 3519 putandus
2573 3450 2673 3516 sit,
2718 3450 2918 3505 lusisse
2954 3451 3008 3505 in
3032 3462 3184 3521 voce,
3210 3454 3528 3524 temporis,»
3575 3460 3640 3508 ut

2041 3545 2394 3613 postmodum
2429 3543 2677 3599 luserunt
2709 3544 2923 3598 subdoli
2953 3544 3163 3598 Ariani.

2116 3635 2273 3702 Quod
2300 3634 2463 3692 Jesus
2487 3634 2743 3696 Christus
2782 3636 2855 3690 sit
2880 3651 3044 3691 verus
3076 3635 3244 3703 Deus,
3281 3636 3489 3691 veritas
3523 3640 3635 3700 est,

2041 3744 2208 3799 quam
2273 3727 2331 3783 S.
2375 3728 2480 3784 iste
2542 3729 2742 3799 praesul
2797 3744 2898 3798 pro
2948 3738 3098 3783 certo
3150 3729 3415 3798 supponit
3465 3728 3635 3785 sicuti

2040 3822 2254 3877 eruitur
2303 3838 2369 3877 ex
2412 3822 2740 3892 phrasibus,
2792 3822 2993 3892 quibus
3036 3822 3229 3889 utitur,
3266 3823 3401 3876 dum
3431 3823 3500 3877 de
3534 3820 3634 3875 illo

2042 3914 2284 3983 loquitur
2305 3932 2319 3969 :
2344 3913 2417 3969 ait
2445 3913 2591 3968 enim
2624 3912 2973 3984 adEphesios
2999 3914 3149 3984 (48):
3181 3934 3199 3966 ι
3254 3914 3401 3970 Deus
3440 3924 3633 3970 autem

2042 4014 2231 4061 noster
2267 4005 2427 4061 Jcsus
2474 4005 2749 4071 Christus,
2814 4006 2871 4060 Ὀ
2903 4006 3012 4078 γὰρ
3043 4005 3177 4070 Θεὸς
3208 4007 3369 4078 ἡμῶν
3419 4005 3639 4079 Ἰησοῦς

2040 4098 2295 4170 Χριστός,
2325 4099 2378 4151 in
2407 4109 2560 4152 utero
2584 4106 2827 4169 gestatus
2851 4106 2936 4153 est
2963 4113 2990 4152 a
3015 4097 3207 4164 Maria,
3225 4098 3385 4169 juxta
3408 4099 3641 4171 dispen-

2114 4241 2229 4377 ξιξἓέ

2113 4312 2204 4380 (46

2031 4381 2268 4456 Χριστος)
2309 4380 2565 4456 τοῦ-Υἱοῦ
2599 4380 2761 4456 adeo?)
2794 4380 2997 4456 6¢_écr:t
3030 4380 3403 4456 αὺῖοῖιΔΛόγος
3435 4380 3643 4456 ἀΐδιος,

2031 4448 2131 4507 οὔκ
2164 4453 2271 4506 ἀπὸ
2306 4452 2465 4523 σικῇής
2497 4448 2811 4523 προελθώνε
2849 4450 3017 4523 Epist.
3062 4451 3131 4523 ad
3179 4448 3450 4523 Magnes.,
3488 4468 3537 4507 c.
3574 4452 3643 4507 8.

2072 4522 2223 4577 Haud
2256 4537 2342 4576 me
2369 4521 2526 4591 fugit,
2545 4521 2691 4583 esse,
2724 4522 2815 4591 qui
2848 4538 2913 4576 ex
2947 4521 3053 4577 hoc
3099 4522 3223 4576 loco
3261 4521 3644 4587 contendunt,

2031 4595 2200 4649 hasce
2222 4593 2481 4659 epistolas
2502 4592 2830 4662 Ignatiinou
2857 4608 2977 4647 esse
2998 4609 3010 4644 :
3032 4593 3303 4662 siquidem
3320 4595 3486 4647 verba
3512 4592 3643 4647 illa:

2030 4666 2145 4717 Οὐκ
2177 4663 2284 4743 ora?)
2305 4663 2463 4743 agi};
2479 4661 2778 4743 προξλθὼν,
2797 4678 2911 4743 non
2940 4677 2968 4715 a
3003 4661 3220 4743 silentio
3241 4663 3646 4743 progrediens,

2031 4735 2313 4804 preprium
2344 4732 2653 4804 Valentini,
2696 4744 2764 4804 ut
2794 4732 2935 4804 ipsis
2973 4734 3208 4797 videtur,
3244 4732 3647 4803 perStringunt

2031 4802 2515 4869 errorem,vivente
2540 4802 2766 4873 lgnatiu,
2793 4802 3036 4857 nondum
3067 4812 3348 4857 exortum.
3370 4804 3450 4858 Ad
3485 4802 3654 4861 hanc

2032 4886 2213 4929 autem
2261 4873 2625 4943 objectionem
2671 4873 2848 4927 facilis
2896 4881 2981 4927 est
3030 4876 3357 4943 responsio;
3403 4873 3654 4929 solidis—

2033 4950 2172 4999 sime
2217 4945 2361 4998 enim
2389 4942 2456 4997 V.
2486 4943 2569 4998 Cl.
2601 4943 2789 4998 Bullus
2828 4943 2882 4995 in
2916 4942 3135 5013 Defens.
3169 4944 3299 5013 ﬁdei
3359 4944 3649 5009 Nicaeae,

2032 5024 2167 5070 sect.
2196 5016 2252 5078 3,
2296 5030 2346 5068 c.
2376 5015 2425 5078 Ι,
2482 5013 2869 5083 p.174—187,
2906 5014 3305 5085 demonstravit
3349 5015 3653 5085 lgnatium

2031 5086 2085 5138 in
2114 5085 2293 5140 verbis
2318 5085 2519 5149 allatis,
2553 5092 2607 5137 et
2633 5085 2685 5138 in
2717 5093 2825 5138 tota
2857 5084 3136 5153 perioche,
3169 5085 3237 5138 ad
3262 5084 3430 5154 quam
3458 5085 3653 5140 verba

2031 5156 2125 5210 illa
2166 5155 2460 5224 pertinent,
2498 5171 2675 5224 neque
2703 5154 3160 5224 Valeotioianos,
3186 5169 3370 5223 neque
3401 5154 3661 5209 Ebioni-

2032 5235 2119 5281 tas
2152 5223 2444 5294 respicere,
2476 5226 2568 5279 sed
2589 5223 2945 5279 Judaizantes
2976 5225 3098 5278 illos
3115 5223 3441 5294 ⁸(ξιιοειίίεθδ,
3476 5240 3657 5292 quo-

2027 5311 2150 5349 rum
2174 5292 2432 5365 princeps
2471 5304 2589 5349 erat
2622 5296 2917 5349 Corinthus
2976 5295 3091 5364 (qui
3114 5292 3415 5351 Valentino
3456 5295 3658 5364 longe

2028 5367 2289 5429 anterior,
2329 5368 2576 5434 adeoque
2625 5365 2757 5433 ipsis
2785 5365 3052 5434 apostolis
3091 5378 3315 5420 coazvus
3349 5365 3483 5430 fuit;
3521 5379 3658 5418 cu-

2026 5436 2117 5504 jus
2156 5436 2380 5490 baeresis
2418 5433 2689 5489 Ec’clesias
2724 5434 2995 5489 Asiaticas
3037 5433 3232 5506 lgnatii
3276 5434 3657 5506 temporibus

2028 5507 2267 5559 maxime
2294 5506 2554 5575 turbavit)
2580 5506 2964 5575 persrringere.

2104 5521 2267 5559 ixime
2294 5521 2554 5586 turpavit)
2567 5521 2964 5628 Ipersmngere.

2104 5577 2216 5642 (47)
2259 5575 2432 5645 Epist.
2469 5575 2536 5628 ad
2566 5575 2880 5645 Holycarpq
2915 5590 2964 5628 c.
2990 5575 3042 5628 5.

2100 5646 2214 5714 (ιὸ)
2257 5644 2428 5715 Epist.
2464 5646 2529 5698 ail
2564 5644 2787 5714 Ep‘lics.,
2823 5660 2941 5714 cap.
2972 5644 3062 5700 l8.

2280 4241 2353 4310 A_d
2382 4239 2649 4310 Magnes,
2692 4255 2815 4310 cap.
2843 4242 2929 4296 l5.

2264 4306 2563 4390 Εἷς-ὲέᾲιιέ
2616 4313 2657 4390 ὁ.
2695 4306 3017 4390 (pg—Vspen“;
3068 4310 3263 4390 ξαυςὸγ
3290 4311 3406 4390 ’διὰ
3446 4311 3644 4390 Ing
