  <div class='ocr_page' id='page_1' title='image "/cluster/home/n/w/nwhite01/storage/ocr_20150623/5/hvd.32044019206598/304.png"; bbox 0 0 3746 6362; ppageno 0'>
   <div class='ocr_carea' id='block_1_1' title="bbox 136 411 2165 475">
    <p class='ocr_par' dir='ltr' id='par_1_1' title="bbox 136 411 2165 475">
     <span class='ocr_line' id='line_1_1' title="bbox 136 411 2165 475; baseline -0.005 0"><span class='ocrx_word' id='word_1_1' title='bbox 136 420 222 475; x_wconf 71' lang='lat'><strong>59:)</strong></span> <span class='ocrx_word' id='word_1_2' title='bbox 1288 415 1372 473; x_wconf 80' lang='lat' dir='ltr'><strong>DE</strong></span> <span class='ocrx_word' id='word_1_3' title='bbox 1410 416 1765 475; x_wconf 78' lang='lat' dir='ltr'><strong>DOCTRINA</strong></span> <span class='ocrx_word' id='word_1_4' title='bbox 1801 415 1859 469; x_wconf 90' lang='lat' dir='ltr'><strong>S.</strong></span> <span class='ocrx_word' id='word_1_5' title='bbox 1891 411 2165 470; x_wconf 80' lang='lat' dir='ltr'><strong>ICNATII.</strong></span> 
     </span>
    </p>
   </div>
   <div class='ocr_carea' id='block_1_2' title="bbox 3276 412 3374 468">
    <p class='ocr_par' dir='ltr' id='par_1_2' title="bbox 3276 412 3374 468">
     <span class='ocr_line' id='line_1_2' title="bbox 3276 412 3374 468; baseline 0.01 -1"><span class='ocrx_word' id='word_1_6' title='bbox 3276 412 3374 468; x_wconf 68' lang='grc'><strong>591</strong></span> 
     </span>
    </p>
   </div>
   <div class='ocr_carea' id='block_1_3' title="bbox 133 528 3377 607">
    <p class='ocr_par' dir='ltr' id='par_1_3' title="bbox 133 528 3377 607">
     <span class='ocr_line' id='line_1_3' title="bbox 133 528 3377 607; baseline -0.001 -16"><span class='ocrx_word' id='word_1_7' title='bbox 133 538 378 591; x_wconf 74' lang='lat' dir='ltr'><strong>sationem</strong></span> <span class='ocrx_word' id='word_1_8' title='bbox 408 535 504 591; x_wconf 87' lang='lat' dir='ltr'><strong>Dei</strong></span> <span class='ocrx_word' id='word_1_9' title='bbox 549 551 615 595; x_wconf 81' lang='lat' dir='ltr'><strong>ex</strong></span> <span class='ocrx_word' id='word_1_10' title='bbox 659 533 1139 603; x_wconf 65' lang='lat' dir='ltr'><strong>semine‘lfavidis,</strong></span> <span class='ocrx_word' id='word_1_11' title='bbox 1173 552 1237 592; x_wconf 79' lang='lat' dir='ltr'><strong>ex</strong></span> <span class='ocrx_word' id='word_1_12' title='bbox 1272 536 1475 607; x_wconf 79' lang='lat' dir='ltr'><strong>Spiritu</strong></span> <span class='ocrx_word' id='word_1_13' title='bbox 1518 547 1698 592; x_wconf 89' lang='lat' dir='ltr'><strong>autem</strong></span> <span class='ocrx_word' id='word_1_14' title='bbox 1730 536 1777 591; x_wconf 74' lang='grc' dir='ltr'><strong>Α</strong></span> <span class='ocrx_word' id='word_1_15' title='bbox 1808 534 2011 591; x_wconf 88' lang='lat' dir='ltr'><strong>sulsam</strong></span> <span class='ocrx_word' id='word_1_16' title='bbox 2056 530 2487 602; x_wconf 88' lang='lat' dir='ltr'><strong>propositionem</strong></span> <span class='ocrx_word' id='word_1_17' title='bbox 2540 531 2861 600; x_wconf 75' lang='lat' dir='ltr'><strong>assignabit.</strong></span> <span class='ocrx_word' id='word_1_18' title='bbox 2907 528 3172 587; x_wconf 73' lang='lat' dir='ltr'><strong>Praeterea</strong></span> <span class='ocrx_word' id='word_1_19' title='bbox 3203 532 3248 588; x_wconf 89' lang='lat' dir='ltr'><strong>si</strong></span> <span class='ocrx_word' id='word_1_20' title='bbox 3281 532 3377 588; x_wconf 61' lang='lat' dir='ltr'><strong>da.</strong></span> 
     </span>
    </p>
   </div>
   <div class='ocr_carea' id='block_1_4' title="bbox 130 629 1703 702">
    <p class='ocr_par' dir='ltr' id='par_1_4' title="bbox 130 629 1703 702">
     <span class='ocr_line' id='line_1_4' title="bbox 130 629 1703 702; baseline -0.004 -14"><span class='ocrx_word' id='word_1_21' title='bbox 130 641 322 688; x_wconf 86' lang='lat' dir='ltr'><strong>sancto.</strong></span> <span class='ocrx_word' id='word_1_22' title='bbox 353 650 373 683; x_wconf 78' lang='grc' dir='ltr'><strong><em>ι</em></strong></span> <span class='ocrx_word' id='word_1_23' title='bbox 399 629 459 685; x_wconf 86' lang='lat' dir='ltr'><strong>in</strong></span> <span class='ocrx_word' id='word_1_24' title='bbox 480 629 670 686; x_wconf 90' lang='lat' dir='ltr'><strong>eadem</strong></span> <span class='ocrx_word' id='word_1_25' title='bbox 693 631 947 701; x_wconf 89' lang='lat' dir='ltr'><strong>epistola,</strong></span> <span class='ocrx_word' id='word_1_26' title='bbox 976 648 1027 686; x_wconf 94' lang='lat' dir='ltr'><strong>c.</strong></span> <span class='ocrx_word' id='word_1_27' title='bbox 1056 630 1122 684; x_wconf 78' lang='lat' dir='ltr'><strong>l9</strong></span> <span class='ocrx_word' id='word_1_28' title='bbox 1147 648 1159 685; x_wconf 92' lang='lat'><strong>:</strong></span> <span class='ocrx_word' id='word_1_29' title='bbox 1185 630 1321 684; x_wconf 83' lang='grc' dir='ltr'><strong>Θεοῦ</strong></span> <span class='ocrx_word' id='word_1_30' title='bbox 1344 629 1703 702; x_wconf 79' lang='grc' dir='ltr'><strong>ἀνθρωπίνως</strong></span> 
     </span>
    </p>
   </div>
   <div class='ocr_carea' id='block_1_5' title="bbox 132 722 1692 795">
    <p class='ocr_par' dir='ltr' id='par_1_5' title="bbox 132 722 1692 795">
     <span class='ocr_line' id='line_1_5' title="bbox 132 722 1692 795; baseline -0.001 -17"><span class='ocrx_word' id='word_1_31' title='bbox 132 722 524 795; x_wconf 80' lang='grc' dir='ltr'>φανερουμένου</span> <span class='ocrx_word' id='word_1_32' title='bbox 559 725 640 786; x_wconf 73' lang='grc' dir='ltr'><strong>εἰς</strong></span> <span class='ocrx_word' id='word_1_33' title='bbox 673 723 966 793; x_wconf 81' lang='grc' dir='ltr'><strong>καινότητα</strong></span> <span class='ocrx_word' id='word_1_34' title='bbox 996 723 1165 777; x_wconf 79' lang='grc' dir='ltr'>ἀϊδίου</span> <span class='ocrx_word' id='word_1_35' title='bbox 1200 724 1365 794; x_wconf 80' lang='grc' dir='ltr'><strong>ζωῆς.</strong></span> <span class='ocrx_word' id='word_1_36' title='bbox 1389 743 1407 774; x_wconf 87' lang='grc'><strong>‹</strong></span> <span class='ocrx_word' id='word_1_37' title='bbox 1446 723 1555 778; x_wconf 87' lang='lat' dir='ltr'><strong>Deo</strong></span> <span class='ocrx_word' id='word_1_38' title='bbox 1588 724 1692 777; x_wconf 83' lang='lat' dir='ltr'><strong>hu-</strong></span> 
     </span>
    </p>
   </div>
   <div class='ocr_carea' id='block_1_6' title="bbox 128 815 1695 887">
    <p class='ocr_par' dir='ltr' id='par_1_6' title="bbox 128 815 1695 887">
     <span class='ocr_line' id='line_1_6' title="bbox 128 815 1695 887; baseline -0.002 -15"><span class='ocrx_word' id='word_1_39' title='bbox 128 817 353 872; x_wconf 89' lang='lat' dir='ltr'><strong>iiiaiiitus</strong></span> <span class='ocrx_word' id='word_1_40' title='bbox 372 817 459 887; x_wconf 89' lang='lat' dir='ltr'><strong>&#39;(id</strong></span> <span class='ocrx_word' id='word_1_41' title='bbox 488 827 570 872; x_wconf 89' lang='lat' dir='ltr'><strong>est</strong></span> <span class='ocrx_word' id='word_1_42' title='bbox 591 817 901 871; x_wconf 89' lang='lat' dir='ltr'><strong>inhumana</strong></span> <span class='ocrx_word' id='word_1_43' title='bbox 928 818 1114 887; x_wconf 89' lang='lat' dir='ltr'><strong>carne)</strong></span> <span class='ocrx_word' id='word_1_44' title='bbox 1142 815 1493 871; x_wconf 79' lang='lat' dir='ltr'><strong>manifestato</strong></span> <span class='ocrx_word' id='word_1_45' title='bbox 1520 817 1572 870; x_wconf 90' lang='lat' dir='ltr'><strong>in</strong></span> <span class='ocrx_word' id='word_1_46' title='bbox 1596 830 1695 869; x_wconf 84' lang='lat' dir='ltr'><strong>uo-</strong></span> 
     </span>
    </p>
   </div>
   <div class='ocr_carea' id='block_1_7' title="bbox 127 908 1693 969">
    <p class='ocr_par' dir='ltr' id='par_1_7' title="bbox 127 908 1693 969">
     <span class='ocr_line' id='line_1_7' title="bbox 127 908 1693 969; baseline -0.001 -6"><span class='ocrx_word' id='word_1_47' title='bbox 127 911 331 964; x_wconf 87' lang='lat' dir='ltr'><strong>vitatem</strong></span> <span class='ocrx_word' id='word_1_48' title='bbox 370 909 495 964; x_wconf 54' lang='lat' dir='ltr'><strong>vitae</strong></span> <span class='ocrx_word' id='word_1_49' title='bbox 545 918 785 964; x_wconf 66' lang='lat' dir='ltr'><strong>aeternae.</strong></span> <span class='ocrx_word' id='word_1_50' title='bbox 819 929 838 960; x_wconf 69' lang='grc' dir='ltr'>ι</span> <span class='ocrx_word' id='word_1_51' title='bbox 899 908 968 963; x_wconf 83' lang='grc' dir='ltr'>Ει</span> <span class='ocrx_word' id='word_1_52' title='bbox 1015 926 1066 964; x_wconf 94' lang='lat' dir='ltr'><strong>c.</strong></span> <span class='ocrx_word' id='word_1_53' title='bbox 1091 909 1163 964; x_wconf 76' lang='lat'><strong>20</strong></span> <span class='ocrx_word' id='word_1_54' title='bbox 1197 926 1209 961; x_wconf 93' lang='lat'><strong>:</strong></span> <span class='ocrx_word' id='word_1_55' title='bbox 1243 928 1263 961; x_wconf 77' lang='grc' dir='ltr'>ι</span> <span class='ocrx_word' id='word_1_56' title='bbox 1301 908 1431 969; x_wconf 83' lang='lat' dir='ltr'><strong>Jesu</strong></span> <span class='ocrx_word' id='word_1_57' title='bbox 1471 909 1693 965; x_wconf 92' lang='lat' dir='ltr'><strong>Christo</strong></span> 
     </span>
    </p>
   </div>
   <div class='ocr_carea' id='block_1_8' title="bbox 120 1003 1693 1074">
    <p class='ocr_par' dir='ltr' id='par_1_8' title="bbox 120 1003 1693 1074">
     <span class='ocr_line' id='line_1_8' title="bbox 120 1003 1693 1074; baseline 0 -16"><span class='ocrx_word' id='word_1_58' title='bbox 120 1004 408 1058; x_wconf 86' lang='lat' dir='ltr'><strong>secundum</strong></span> <span class='ocrx_word' id='word_1_59' title='bbox 453 1018 678 1059; x_wconf 88' lang='lat' dir='ltr'><strong>carnem</strong></span> <span class='ocrx_word' id='word_1_60' title='bbox 728 1019 792 1058; x_wconf 79' lang='lat' dir='ltr'><strong>ex</strong></span> <span class='ocrx_word' id='word_1_61' title='bbox 840 1019 1036 1074; x_wconf 78' lang='lat' dir='ltr'><strong>genere</strong></span> <span class='ocrx_word' id='word_1_62' title='bbox 1070 1003 1313 1068; x_wconf 78' lang='lat' dir='ltr'><strong>Davidis,</strong></span> <span class='ocrx_word' id='word_1_63' title='bbox 1344 1004 1482 1058; x_wconf 89' lang='lat' dir='ltr'><strong>Filio</strong></span> <span class='ocrx_word' id='word_1_64' title='bbox 1514 1004 1693 1058; x_wconf 90' lang='lat' dir='ltr'><strong>homi-</strong></span> 
     </span>
    </p>
   </div>
   <div class='ocr_carea' id='block_1_9' title="bbox 126 1090 1687 1166">
    <p class='ocr_par' dir='ltr' id='par_1_9' title="bbox 126 1090 1687 1166">
     <span class='ocr_line' id='line_1_9' title="bbox 126 1090 1687 1166; baseline -0.002 -17"><span class='ocrx_word' id='word_1_65' title='bbox 126 1095 220 1159; x_wconf 85' lang='lat' dir='ltr'><strong>nis,</strong></span> <span class='ocrx_word' id='word_1_66' title='bbox 246 1104 297 1149; x_wconf 80' lang='lat' dir='ltr'><strong>et</strong></span> <span class='ocrx_word' id='word_1_67' title='bbox 327 1094 466 1149; x_wconf 82' lang='lat' dir='ltr'><strong>Filio</strong></span> <span class='ocrx_word' id='word_1_68' title='bbox 500 1094 614 1161; x_wconf 87' lang='lat' dir='ltr'><strong>Dei,</strong></span> <span class='ocrx_word' id='word_1_69' title='bbox 640 1114 659 1147; x_wconf 78' lang='grc' dir='ltr'><strong><em>ι</em></strong></span> <span class='ocrx_word' id='word_1_70' title='bbox 689 1093 766 1164; x_wconf 80' lang='grc' dir='ltr'><strong>τῷ</strong></span> <span class='ocrx_word' id='word_1_71' title='bbox 784 1093 895 1165; x_wconf 85' lang='grc' dir='ltr'><strong>Υἰῴ</strong></span> <span class='ocrx_word' id='word_1_72' title='bbox 931 1093 1244 1166; x_wconf 80' lang='grc' dir='ltr'>ἀνθρώπου,</span> <span class='ocrx_word' id='word_1_73' title='bbox 1280 1094 1374 1148; x_wconf 73' lang='grc' dir='ltr'><strong>καὶ</strong></span> <span class='ocrx_word' id='word_1_74' title='bbox 1402 1090 1510 1164; x_wconf 81' lang='grc' dir='ltr'>Υἰῴ</span> <span class='ocrx_word' id='word_1_75' title='bbox 1531 1092 1687 1147; x_wconf 81' lang='grc' dir='ltr'>Θεοῦ.</span> 
     </span>
    </p>
   </div>
   <div class='ocr_carea' id='block_1_10' title="bbox 126 1186 1692 1258">
    <p class='ocr_par' dir='ltr' id='par_1_10' title="bbox 126 1186 1692 1258">
     <span class='ocr_line' id='line_1_10' title="bbox 126 1186 1692 1258; baseline 0.001 -17"><span class='ocrx_word' id='word_1_76' title='bbox 126 1187 179 1242; x_wconf 87' lang='grc' dir='ltr'><strong>1η</strong></span> <span class='ocrx_word' id='word_1_77' title='bbox 208 1188 557 1258; x_wconf 70' lang='lat' dir='ltr'><strong>inscriptione</strong></span> <span class='ocrx_word' id='word_1_78' title='bbox 581 1187 827 1258; x_wconf 68' lang='lat' dir='ltr'><strong>epistola:</strong></span> <span class='ocrx_word' id='word_1_79' title='bbox 854 1187 922 1242; x_wconf 89' lang='lat' dir='ltr'><strong>ad</strong></span> <span class='ocrx_word' id='word_1_80' title='bbox 946 1186 1228 1243; x_wconf 83' lang='lat' dir='ltr'><strong>Romanos</strong></span> <span class='ocrx_word' id='word_1_81' title='bbox 1254 1186 1415 1243; x_wconf 86' lang='lat' dir='ltr'><strong>Jesus</strong></span> <span class='ocrx_word' id='word_1_82' title='bbox 1438 1187 1692 1242; x_wconf 89' lang='lat' dir='ltr'><strong>Christus</strong></span> 
     </span>
    </p>
   </div>
   <div class='ocr_carea' id='block_1_11' title="bbox 127 1278 1689 1352">
    <p class='ocr_par' dir='ltr' id='par_1_11' title="bbox 127 1278 1689 1352">
     <span class='ocr_line' id='line_1_11' title="bbox 127 1278 1689 1352; baseline -0.001 -17"><span class='ocrx_word' id='word_1_83' title='bbox 127 1281 202 1335; x_wconf 89' lang='lat' dir='ltr'><strong>his</strong></span> <span class='ocrx_word' id='word_1_84' title='bbox 227 1282 254 1334; x_wconf 84' lang='grc' dir='ltr'>ὁ</span> <span class='ocrx_word' id='word_1_85' title='bbox 283 1280 418 1345; x_wconf 79' lang='grc' dir='ltr'><strong>Θεὸς</strong></span> <span class='ocrx_word' id='word_1_86' title='bbox 450 1281 628 1352; x_wconf 78' lang='grc' dir='ltr'><strong>ἡμῶν,</strong></span> <span class='ocrx_word' id='word_1_87' title='bbox 676 1300 695 1330; x_wconf 78' lang='grc' dir='ltr'>ι</span> <span class='ocrx_word' id='word_1_88' title='bbox 727 1278 871 1335; x_wconf 86' lang='lat' dir='ltr'><strong>Deus</strong></span> <span class='ocrx_word' id='word_1_89' title='bbox 904 1290 1091 1335; x_wconf 87' lang='lat' dir='ltr'><strong>noster</strong></span> <span class='ocrx_word' id='word_1_90' title='bbox 1129 1299 1147 1331; x_wconf 83' lang='lat' dir='ltr'><strong>i</strong></span> <span class='ocrx_word' id='word_1_91' title='bbox 1177 1281 1504 1350; x_wconf 77' lang='lat' dir='ltr'><strong>appellatur.</strong></span> <span class='ocrx_word' id='word_1_92' title='bbox 1538 1279 1606 1333; x_wconf 84' lang='lat' dir='ltr'><strong>Et</strong></span> <span class='ocrx_word' id='word_1_93' title='bbox 1634 1280 1689 1333; x_wconf 91' lang='lat' dir='ltr'><strong>in</strong></span> 
     </span>
    </p>
   </div>
   <div class='ocr_carea' id='block_1_12' title="bbox 126 1370 1693 1444">
    <p class='ocr_par' dir='ltr' id='par_1_12' title="bbox 126 1370 1693 1444">
     <span class='ocr_line' id='line_1_12' title="bbox 126 1370 1693 1444; baseline -0.001 -16"><span class='ocrx_word' id='word_1_94' title='bbox 126 1374 231 1444; x_wconf 86' lang='lat' dir='ltr'><strong>ipsa</strong></span> <span class='ocrx_word' id='word_1_95' title='bbox 260 1373 488 1443; x_wconf 88' lang='lat' dir='ltr'><strong>epistola</strong></span> <span class='ocrx_word' id='word_1_96' title='bbox 515 1372 626 1443; x_wconf 74' lang='grc'>(49)</span> <span class='ocrx_word' id='word_1_97' title='bbox 658 1373 774 1428; x_wconf 65' lang='lat' dir='ltr'><strong>haec</strong></span> <span class='ocrx_word' id='word_1_98' title='bbox 805 1372 1110 1428; x_wconf 84' lang='lat' dir='ltr'><strong>habentur:</strong></span> <span class='ocrx_word' id='word_1_99' title='bbox 1139 1392 1157 1424; x_wconf 74' lang='grc' dir='ltr'><strong><em>ι</em></strong></span> <span class='ocrx_word' id='word_1_100' title='bbox 1187 1371 1323 1427; x_wconf 88' lang='lat' dir='ltr'><strong>Nam</strong></span> <span class='ocrx_word' id='word_1_101' title='bbox 1352 1370 1513 1427; x_wconf 82' lang='lat' dir='ltr'><strong>Jcsus</strong></span> <span class='ocrx_word' id='word_1_102' title='bbox 1535 1372 1693 1427; x_wconf 90' lang='lat' dir='ltr'><strong>Cliri-</strong></span> 
     </span>
    </p>
   </div>
   <div class='ocr_carea' id='block_1_13' title="bbox 120 1463 1684 1537">
    <p class='ocr_par' dir='ltr' id='par_1_13' title="bbox 120 1463 1684 1537">
     <span class='ocr_line' id='line_1_13' title="bbox 120 1463 1684 1537; baseline -0.002 -17"><span class='ocrx_word' id='word_1_103' title='bbox 120 1476 227 1520; x_wconf 85' lang='lat' dir='ltr'><strong>stus</strong></span> <span class='ocrx_word' id='word_1_104' title='bbox 250 1463 392 1519; x_wconf 85' lang='lat' dir='ltr'><strong>Deus</strong></span> <span class='ocrx_word' id='word_1_105' title='bbox 422 1474 609 1521; x_wconf 87' lang='lat' dir='ltr'><strong>noster</strong></span> <span class='ocrx_word' id='word_1_106' title='bbox 651 1464 705 1519; x_wconf 89' lang='lat' dir='ltr'><strong>in</strong></span> <span class='ocrx_word' id='word_1_107' title='bbox 733 1463 897 1520; x_wconf 88' lang='lat' dir='ltr'><strong>Patre</strong></span> <span class='ocrx_word' id='word_1_108' title='bbox 917 1466 1157 1521; x_wconf 81' lang='lat' dir='ltr'><strong>existens</strong></span> <span class='ocrx_word' id='word_1_109' title='bbox 1182 1465 1358 1537; x_wconf 77' lang='lat' dir='ltr'><strong>magis</strong></span> <span class='ocrx_word' id='word_1_110' title='bbox 1391 1474 1637 1535; x_wconf 81' lang='lat' dir='ltr'><strong>apparet.</strong></span> <span class='ocrx_word' id='word_1_111' title='bbox 1666 1486 1684 1517; x_wconf 78' lang='grc' dir='ltr'><strong><em>ι</em></strong></span> 
     </span>
    </p>
   </div>
   <div class='ocr_carea' id='block_1_14' title="bbox 120 1554 1692 1627">
    <p class='ocr_par' dir='ltr' id='par_1_14' title="bbox 120 1554 1692 1627">
     <span class='ocr_line' id='line_1_14' title="bbox 120 1554 1692 1627; baseline 0.003 -18"><span class='ocrx_word' id='word_1_112' title='bbox 120 1555 406 1626; x_wconf 83' lang='lat' dir='ltr'><strong>Epistulam</strong></span> <span class='ocrx_word' id='word_1_113' title='bbox 440 1556 507 1610; x_wconf 91' lang='lat' dir='ltr'><strong>ad</strong></span> <span class='ocrx_word' id='word_1_114' title='bbox 538 1554 849 1627; x_wconf 70' lang='lat' dir='ltr'><strong>Smyrnzeos</strong></span> <span class='ocrx_word' id='word_1_115' title='bbox 887 1556 975 1611; x_wconf 90' lang='lat' dir='ltr'><strong>his</strong></span> <span class='ocrx_word' id='word_1_116' title='bbox 1000 1557 1183 1611; x_wconf 80' lang='lat' dir='ltr'><strong>verbis</strong></span> <span class='ocrx_word' id='word_1_117' title='bbox 1211 1557 1497 1613; x_wconf 79' lang='lat' dir='ltr'><strong>exorditur</strong></span> <span class='ocrx_word' id='word_1_118' title='bbox 1523 1577 1535 1612; x_wconf 89' lang='lat'><strong>:</strong></span> <span class='ocrx_word' id='word_1_119' title='bbox 1562 1557 1692 1613; x_wconf 85' lang='lat' dir='ltr'><strong>Clo-</strong></span> 
     </span>
    </p>
   </div>
   <div class='ocr_carea' id='block_1_15' title="bbox 117 1646 1692 1719">
    <p class='ocr_par' dir='ltr' id='par_1_15' title="bbox 117 1646 1692 1719">
     <span class='ocr_line' id='line_1_15' title="bbox 117 1646 1692 1719; baseline 0.003 -17"><span class='ocrx_word' id='word_1_120' title='bbox 117 1648 259 1704; x_wconf 80' lang='lat' dir='ltr'><strong>rilico</strong></span> <span class='ocrx_word' id='word_1_121' title='bbox 290 1646 480 1702; x_wconf 81' lang='lat' dir='ltr'><strong>Jesum</strong></span> <span class='ocrx_word' id='word_1_122' title='bbox 526 1647 807 1702; x_wconf 87' lang='lat' dir='ltr'><strong>Christum</strong></span> <span class='ocrx_word' id='word_1_123' title='bbox 866 1646 1034 1702; x_wconf 90' lang='lat' dir='ltr'><strong>Deum</strong></span> <span class='ocrx_word' id='word_1_124' title='bbox 1078 1647 1188 1719; x_wconf 82' lang='grc' dir='ltr'>(τὸν</span> <span class='ocrx_word' id='word_1_125' title='bbox 1221 1648 1376 1719; x_wconf 83' lang='grc' dir='ltr'><strong>Θεὸν)</strong></span> <span class='ocrx_word' id='word_1_126' title='bbox 1436 1668 1454 1701; x_wconf 76' lang='grc' dir='ltr'>ι</span> <span class='ocrx_word' id='word_1_127' title='bbox 1487 1651 1581 1718; x_wconf 89' lang='lat' dir='ltr'><strong>qui</strong></span> <span class='ocrx_word' id='word_1_128' title='bbox 1613 1650 1692 1706; x_wconf 91' lang='lat' dir='ltr'><strong>sic</strong></span> 
     </span>
    </p>
   </div>
   <div class='ocr_carea' id='block_1_16' title="bbox 117 1737 1690 1810">
    <p class='ocr_par' dir='ltr' id='par_1_16' title="bbox 117 1737 1690 1810">
     <span class='ocr_line' id='line_1_16' title="bbox 117 1737 1690 1810; baseline 0.002 -19"><span class='ocrx_word' id='word_1_129' title='bbox 117 1754 207 1794; x_wconf 81' lang='lat' dir='ltr'><strong>vos</strong></span> <span class='ocrx_word' id='word_1_130' title='bbox 233 1740 506 1810; x_wconf 89' lang='lat' dir='ltr'><strong>sapientes</strong></span> <span class='ocrx_word' id='word_1_131' title='bbox 531 1738 682 1794; x_wconf 84' lang='lat' dir='ltr'><strong>facit.</strong></span> <span class='ocrx_word' id='word_1_132' title='bbox 716 1759 734 1788; x_wconf 75' lang='grc' dir='ltr'><strong><em>ι</em></strong></span> <span class='ocrx_word' id='word_1_133' title='bbox 786 1737 891 1793; x_wconf 90' lang='lat' dir='ltr'><strong>Sed</strong></span> <span class='ocrx_word' id='word_1_134' title='bbox 931 1738 1160 1794; x_wconf 84' lang='lat' dir='ltr'><strong>illustris</strong></span> <span class='ocrx_word' id='word_1_135' title='bbox 1187 1748 1273 1795; x_wconf 75' lang='lat' dir='ltr'><strong>est</strong></span> <span class='ocrx_word' id='word_1_136' title='bbox 1302 1740 1355 1793; x_wconf 90' lang='lat' dir='ltr'><strong>in</strong></span> <span class='ocrx_word' id='word_1_137' title='bbox 1387 1740 1579 1809; x_wconf 84' lang='lat' dir='ltr'><strong>primis</strong></span> <span class='ocrx_word' id='word_1_138' title='bbox 1604 1740 1690 1794; x_wconf 85' lang='lat' dir='ltr'><strong>lo-</strong></span> 
     </span>
    </p>
   </div>
   <div class='ocr_carea' id='block_1_17' title="bbox 116 1828 1691 1899">
    <p class='ocr_par' dir='ltr' id='par_1_17' title="bbox 116 1828 1691 1899">
     <span class='ocr_line' id='line_1_17' title="bbox 116 1828 1691 1899; baseline 0.002 -15"><span class='ocrx_word' id='word_1_139' title='bbox 116 1846 204 1885; x_wconf 91' lang='lat' dir='ltr'><strong>cus</strong></span> <span class='ocrx_word' id='word_1_140' title='bbox 238 1831 291 1884; x_wconf 91' lang='lat' dir='ltr'><strong>in</strong></span> <span class='ocrx_word' id='word_1_141' title='bbox 328 1830 556 1898; x_wconf 90' lang='lat' dir='ltr'><strong>epistola</strong></span> <span class='ocrx_word' id='word_1_142' title='bbox 583 1829 650 1885; x_wconf 88' lang='lat' dir='ltr'><strong>ad</strong></span> <span class='ocrx_word' id='word_1_143' title='bbox 671 1828 962 1899; x_wconf 87' lang='lat' dir='ltr'><strong>Ephesios,</strong></span> <span class='ocrx_word' id='word_1_144' title='bbox 1010 1829 1101 1885; x_wconf 91' lang='lat' dir='ltr'><strong>ubi</strong></span> <span class='ocrx_word' id='word_1_145' title='bbox 1139 1828 1206 1884; x_wconf 91' lang='lat' dir='ltr'><strong>de</strong></span> <span class='ocrx_word' id='word_1_146' title='bbox 1233 1829 1454 1885; x_wconf 83' lang='lat' dir='ltr'><strong>Christo</strong></span> <span class='ocrx_word' id='word_1_147' title='bbox 1482 1830 1566 1885; x_wconf 91' lang='lat' dir='ltr'><strong>sic</strong></span> <span class='ocrx_word' id='word_1_148' title='bbox 1608 1830 1691 1887; x_wconf 84' lang='lat' dir='ltr'><strong>lo-</strong></span> 
     </span>
    </p>
   </div>
   <div class='ocr_carea' id='block_1_18' title="bbox 115 1917 1690 1995">
    <p class='ocr_par' dir='ltr' id='par_1_18' title="bbox 115 1917 1690 1995">
     <span class='ocr_line' id='line_1_18' title="bbox 115 1917 1690 1995; baseline 0.001 -20"><span class='ocrx_word' id='word_1_149' title='bbox 115 1923 288 1992; x_wconf 86' lang='lat' dir='ltr'><strong>quitur</strong></span> <span class='ocrx_word' id='word_1_150' title='bbox 344 1922 586 1993; x_wconf 80' lang='lat' dir='ltr'><strong>lgnatius</strong></span> <span class='ocrx_word' id='word_1_151' title='bbox 633 1940 646 1976; x_wconf 89' lang='lat'><strong>:</strong></span> <span class='ocrx_word' id='word_1_152' title='bbox 703 1917 798 1985; x_wconf 77' lang='grc' dir='ltr'><strong>Εἷς</strong></span> <span class='ocrx_word' id='word_1_153' title='bbox 843 1922 1049 1994; x_wconf 80' lang='grc' dir='ltr'><strong>Ἰατρὸς</strong></span> <span class='ocrx_word' id='word_1_154' title='bbox 1098 1924 1235 1987; x_wconf 77' lang='grc' dir='ltr'><strong>ἐστι,</strong></span> <span class='ocrx_word' id='word_1_155' title='bbox 1291 1922 1553 1995; x_wconf 83' lang='grc' dir='ltr'><strong>σαρκικὸς</strong></span> <span class='ocrx_word' id='word_1_156' title='bbox 1595 1923 1690 1978; x_wconf 74' lang='grc' dir='ltr'><strong>καὶ</strong></span> 
     </span>
    </p>
   </div>
   <div class='ocr_carea' id='block_1_19' title="bbox 116 2014 1686 2088">
    <p class='ocr_par' dir='ltr' id='par_1_19' title="bbox 116 2014 1686 2088">
     <span class='ocr_line' id='line_1_19' title="bbox 116 2014 1686 2088; baseline 0.001 -19"><span class='ocrx_word' id='word_1_157' title='bbox 116 2016 500 2087; x_wconf 74' lang='grc' dir='ltr'><strong>πνευματικὸς,</strong></span> <span class='ocrx_word' id='word_1_158' title='bbox 547 2014 802 2085; x_wconf 73' lang='grc' dir='ltr'><strong>γεννητὸς</strong></span> <span class='ocrx_word' id='word_1_159' title='bbox 822 2055 836 2079; x_wconf 87' lang='grc'><strong><em>,</em></strong></span> <span class='ocrx_word' id='word_1_160' title='bbox 891 2016 986 2069; x_wconf 71' lang='grc' dir='ltr'><strong>καὶ</strong></span> <span class='ocrx_word' id='word_1_161' title='bbox 1031 2015 1360 2086; x_wconf 72' lang='grc' dir='ltr'><strong>ἀγέννητος,</strong></span> <span class='ocrx_word' id='word_1_162' title='bbox 1414 2017 1474 2069; x_wconf 82' lang='grc' dir='ltr'>ὲν</span> <span class='ocrx_word' id='word_1_163' title='bbox 1521 2018 1686 2088; x_wconf 73' lang='grc' dir='ltr'>σαρκὶ</span> 
     </span>
    </p>
   </div>
   <div class='ocr_carea' id='block_1_20' title="bbox 114 2106 1687 2182">
    <p class='ocr_par' dir='ltr' id='par_1_20' title="bbox 114 2106 1687 2182">
     <span class='ocr_line' id='line_1_20' title="bbox 114 2106 1687 2182; baseline 0.002 -22"><span class='ocrx_word' id='word_1_164' title='bbox 114 2109 391 2179; x_wconf 75' lang='grc' dir='ltr'>γενόμενος</span> <span class='ocrx_word' id='word_1_165' title='bbox 436 2108 590 2172; x_wconf 74' lang='grc' dir='ltr'><strong>Θεὸς,</strong></span> <span class='ocrx_word' id='word_1_166' title='bbox 636 2111 696 2162; x_wconf 76' lang='grc' dir='ltr'>ὲν</span> <span class='ocrx_word' id='word_1_167' title='bbox 742 2107 959 2179; x_wconf 82' lang='grc' dir='ltr'>Θανάτῳ</span> <span class='ocrx_word' id='word_1_168' title='bbox 1008 2106 1122 2178; x_wconf 79' lang='grc' dir='ltr'><strong>ζωὴ</strong></span> <span class='ocrx_word' id='word_1_169' title='bbox 1166 2108 1428 2182; x_wconf 78' lang='grc' dir='ltr'><strong>ἀληθινὴ,</strong></span> <span class='ocrx_word' id='word_1_170' title='bbox 1478 2110 1573 2162; x_wconf 77' lang='grc' dir='ltr'><strong>καὶ</strong></span> <span class='ocrx_word' id='word_1_171' title='bbox 1621 2112 1687 2164; x_wconf 80' lang='grc' dir='ltr'><strong>ὲκ</strong></span> 
     </span>
    </p>
   </div>
   <div class='ocr_carea' id='block_1_21' title="bbox 112 2199 1687 2273">
    <p class='ocr_par' dir='ltr' id='par_1_21' title="bbox 112 2199 1687 2273">
     <span class='ocr_line' id='line_1_21' title="bbox 112 2199 1687 2273; baseline 0.001 -17"><span class='ocrx_word' id='word_1_172' title='bbox 112 2200 349 2273; x_wconf 75' lang='grc' dir='ltr'><strong>Μαρίας,</strong></span> <span class='ocrx_word' id='word_1_173' title='bbox 400 2200 494 2255; x_wconf 75' lang='grc' dir='ltr'><strong>καὶ</strong></span> <span class='ocrx_word' id='word_1_174' title='bbox 538 2202 603 2255; x_wconf 78' lang='grc' dir='ltr'>ἐκ</span> <span class='ocrx_word' id='word_1_175' title='bbox 633 2199 801 2266; x_wconf 81' lang='grc' dir='ltr'>Θεοῦ,</span> <span class='ocrx_word' id='word_1_176' title='bbox 851 2200 1068 2272; x_wconf 83' lang='grc' dir='ltr'>πρῶτον</span> <span class='ocrx_word' id='word_1_177' title='bbox 1110 2200 1383 2273; x_wconf 77' lang='grc' dir='ltr'><strong>παθητὸς,</strong></span> <span class='ocrx_word' id='word_1_178' title='bbox 1428 2202 1523 2256; x_wconf 79' lang='grc' dir='ltr'><strong>καὶ</strong></span> <span class='ocrx_word' id='word_1_179' title='bbox 1568 2203 1687 2257; x_wconf 75' lang='grc' dir='ltr'><strong>τότε</strong></span> 
     </span>
    </p>
   </div>
   <div class='ocr_carea' id='block_1_22' title="bbox 113 2291 1688 2365">
    <p class='ocr_par' dir='ltr' id='par_1_22' title="bbox 113 2291 1688 2365">
     <span class='ocr_line' id='line_1_22' title="bbox 113 2291 1688 2365; baseline 0.003 -18"><span class='ocrx_word' id='word_1_180' title='bbox 113 2294 332 2365; x_wconf 76' lang='grc' dir='ltr'><strong>ἀπαθὴς,</strong></span> <span class='ocrx_word' id='word_1_181' title='bbox 371 2292 579 2363; x_wconf 78' lang='grc' dir='ltr'><strong>Ἰησοῦς</strong></span> <span class='ocrx_word' id='word_1_182' title='bbox 610 2291 846 2365; x_wconf 79' lang='grc' dir='ltr'><strong>Χριστὸς</strong></span> <span class='ocrx_word' id='word_1_183' title='bbox 876 2294 905 2346; x_wconf 86' lang='grc' dir='ltr'>ὁ</span> <span class='ocrx_word' id='word_1_184' title='bbox 936 2292 1143 2365; x_wconf 84' lang='grc' dir='ltr'><strong>Κύριος</strong></span> <span class='ocrx_word' id='word_1_185' title='bbox 1175 2292 1353 2349; x_wconf 63' lang='grc' dir='ltr'>ἡμῶν.</span> <span class='ocrx_word' id='word_1_186' title='bbox 1404 2312 1421 2345; x_wconf 78' lang='grc' dir='ltr'>ι</span> <span class='ocrx_word' id='word_1_187' title='bbox 1446 2293 1688 2351; x_wconf 83' lang='lat' dir='ltr'><strong>Medicus</strong></span> 
     </span>
    </p>
   </div>
   <div class='ocr_carea' id='block_1_23' title="bbox 111 2385 1688 2457">
    <p class='ocr_par' dir='ltr' id='par_1_23' title="bbox 111 2385 1688 2457">
     <span class='ocr_line' id='line_1_23' title="bbox 111 2385 1688 2457; baseline 0.003 -18"><span class='ocrx_word' id='word_1_188' title='bbox 111 2394 281 2439; x_wconf 88' lang='lat' dir='ltr'><strong>autem</strong></span> <span class='ocrx_word' id='word_1_189' title='bbox 331 2399 479 2439; x_wconf 90' lang='lat' dir='ltr'><strong>unus</strong></span> <span class='ocrx_word' id='word_1_190' title='bbox 520 2394 626 2451; x_wconf 88' lang='lat' dir='ltr'><strong>est,</strong></span> <span class='ocrx_word' id='word_1_191' title='bbox 669 2393 726 2439; x_wconf 90' lang='lat' dir='ltr'><strong>et</strong></span> <span class='ocrx_word' id='word_1_192' title='bbox 754 2385 993 2440; x_wconf 82' lang='lat' dir='ltr'><strong>carnalis</strong></span> <span class='ocrx_word' id='word_1_193' title='bbox 1036 2394 1092 2440; x_wconf 88' lang='lat' dir='ltr'><strong>et</strong></span> <span class='ocrx_word' id='word_1_194' title='bbox 1119 2386 1442 2455; x_wconf 91' lang='lat' dir='ltr'><strong>spiritualis,</strong></span> <span class='ocrx_word' id='word_1_195' title='bbox 1473 2388 1688 2457; x_wconf 79' lang='lat' dir='ltr'><strong>genitus</strong></span> 
     </span>
    </p>
   </div>
   <div class='ocr_carea' id='block_1_24' title="bbox 112 2474 1686 2549">
    <p class='ocr_par' dir='ltr' id='par_1_24' title="bbox 112 2474 1686 2549">
     <span class='ocr_line' id='line_1_24' title="bbox 112 2474 1686 2549; baseline 0.003 -18"><span class='ocrx_word' id='word_1_196' title='bbox 112 2487 161 2532; x_wconf 90' lang='lat' dir='ltr'><strong>et</strong></span> <span class='ocrx_word' id='word_1_197' title='bbox 180 2477 453 2549; x_wconf 73' lang='lat' dir='ltr'><strong>ingenitus</strong></span> <span class='ocrx_word' id='word_1_198' title='bbox 480 2474 601 2546; x_wconf 89' lang='lat' dir='ltr'><strong>(seu</strong></span> <span class='ocrx_word' id='word_1_199' title='bbox 630 2475 881 2547; x_wconf 90' lang='lat' dir='ltr'><strong>melius),</strong></span> <span class='ocrx_word' id='word_1_200' title='bbox 914 2475 1029 2548; x_wconf 83' lang='grc'>(50)</span> <span class='ocrx_word' id='word_1_201' title='bbox 1053 2475 1234 2533; x_wconf 81' lang='lat' dir='ltr'><strong>factus</strong></span> <span class='ocrx_word' id='word_1_202' title='bbox 1270 2487 1325 2533; x_wconf 90' lang='lat' dir='ltr'><strong>et</strong></span> <span class='ocrx_word' id='word_1_203' title='bbox 1349 2494 1458 2533; x_wconf 83' lang='lat' dir='ltr'><strong>non</strong></span> <span class='ocrx_word' id='word_1_204' title='bbox 1485 2479 1686 2546; x_wconf 83' lang='lat' dir='ltr'><strong>factus,</strong></span> 
     </span>
    </p>
   </div>
   <div class='ocr_carea' id='block_1_25' title="bbox 112 2566 1688 2636">
    <p class='ocr_par' dir='ltr' id='par_1_25' title="bbox 112 2566 1688 2636">
     <span class='ocr_line' id='line_1_25' title="bbox 112 2566 1688 2636; baseline 0.004 -14"><span class='ocrx_word' id='word_1_205' title='bbox 112 2568 159 2622; x_wconf 91' lang='lat' dir='ltr'><strong>in</strong></span> <span class='ocrx_word' id='word_1_206' title='bbox 192 2568 412 2623; x_wconf 88' lang='lat' dir='ltr'><strong>homine</strong></span> <span class='ocrx_word' id='word_1_207' title='bbox 446 2568 689 2623; x_wconf 84' lang='lat' dir='ltr'><strong>existens</strong></span> <span class='ocrx_word' id='word_1_208' title='bbox 718 2566 884 2633; x_wconf 91' lang='lat' dir='ltr'><strong>Deus,</strong></span> <span class='ocrx_word' id='word_1_209' title='bbox 916 2568 971 2621; x_wconf 93' lang='lat' dir='ltr'><strong>in</strong></span> <span class='ocrx_word' id='word_1_210' title='bbox 1004 2579 1180 2623; x_wconf 88' lang='lat' dir='ltr'><strong>morte</strong></span> <span class='ocrx_word' id='word_1_211' title='bbox 1204 2569 1315 2623; x_wconf 90' lang='lat' dir='ltr'><strong>vita</strong></span> <span class='ocrx_word' id='word_1_212' title='bbox 1347 2585 1495 2636; x_wconf 88' lang='lat' dir='ltr'><strong>vera,</strong></span> <span class='ocrx_word' id='word_1_213' title='bbox 1525 2580 1579 2626; x_wconf 92' lang='lat' dir='ltr'><strong>et</strong></span> <span class='ocrx_word' id='word_1_214' title='bbox 1620 2586 1688 2629; x_wconf 79' lang='lat' dir='ltr'><strong>ex</strong></span> 
     </span>
    </p>
   </div>
   <div class='ocr_carea' id='block_1_26' title="bbox 111 2657 1689 2732">
    <p class='ocr_par' dir='ltr' id='par_1_26' title="bbox 111 2657 1689 2732">
     <span class='ocr_line' id='line_1_26' title="bbox 111 2657 1689 2732; baseline 0.004 -20"><span class='ocrx_word' id='word_1_215' title='bbox 111 2659 285 2724; x_wconf 74' lang='lat' dir='ltr'><strong>Maria,</strong></span> <span class='ocrx_word' id='word_1_216' title='bbox 312 2670 367 2716; x_wconf 91' lang='lat' dir='ltr'><strong>et</strong></span> <span class='ocrx_word' id='word_1_217' title='bbox 394 2676 462 2715; x_wconf 77' lang='lat' dir='ltr'><strong>ex</strong></span> <span class='ocrx_word' id='word_1_218' title='bbox 490 2657 623 2727; x_wconf 91' lang='lat' dir='ltr'><strong>Deo,</strong></span> <span class='ocrx_word' id='word_1_219' title='bbox 648 2661 887 2730; x_wconf 90' lang='lat' dir='ltr'><strong>primum</strong></span> <span class='ocrx_word' id='word_1_220' title='bbox 919 2660 1195 2729; x_wconf 89' lang='lat' dir='ltr'><strong>passibilis</strong></span> <span class='ocrx_word' id='word_1_221' title='bbox 1232 2670 1287 2715; x_wconf 90' lang='lat' dir='ltr'><strong>et</strong></span> <span class='ocrx_word' id='word_1_222' title='bbox 1318 2670 1448 2717; x_wconf 88' lang='lat' dir='ltr'><strong>tunc</strong></span> <span class='ocrx_word' id='word_1_223' title='bbox 1485 2663 1689 2732; x_wconf 44' lang='lat' dir='ltr'><strong>impas‘</strong></span> 
     </span>
    </p>
   </div>
   <div class='ocr_carea' id='block_1_27' title="bbox 111 2751 1685 2822">
    <p class='ocr_par' dir='ltr' id='par_1_27' title="bbox 111 2751 1685 2822">
     <span class='ocr_line' id='line_1_27' title="bbox 111 2751 1685 2822; baseline 0.003 -15"><span class='ocrx_word' id='word_1_224' title='bbox 111 2752 271 2809; x_wconf 87' lang='lat' dir='ltr'><strong>sibilis</strong></span> <span class='ocrx_word' id='word_1_225' title='bbox 310 2751 784 2822; x_wconf 68' lang='lat' dir='ltr'><strong>Jesus&#39;Clii-istus,</strong></span> <span class='ocrx_word' id='word_1_226' title='bbox 814 2751 1081 2807; x_wconf 90' lang='lat' dir='ltr'><strong>Dominus</strong></span> <span class='ocrx_word' id='word_1_227' title='bbox 1128 2762 1337 2809; x_wconf 89' lang='lat' dir='ltr'><strong>noster.</strong></span> <span class='ocrx_word' id='word_1_228' title='bbox 1386 2773 1403 2806; x_wconf 75' lang='grc' dir='ltr'><strong><em>ι</em></strong></span> <span class='ocrx_word' id='word_1_229' title='bbox 1464 2754 1588 2811; x_wconf 68' lang='lat' dir='ltr'><strong>Hinc</strong></span> <span class='ocrx_word' id='word_1_230' title='bbox 1625 2754 1685 2811; x_wconf 92' lang='lat' dir='ltr'><strong>S.</strong></span> 
     </span>
    </p>
   </div>
   <div class='ocr_carea' id='block_1_28' title="bbox 113 2841 1688 2913">
    <p class='ocr_par' dir='ltr' id='par_1_28' title="bbox 113 2841 1688 2913">
     <span class='ocr_line' id='line_1_28' title="bbox 113 2841 1688 2913; baseline 0.004 -20"><span class='ocrx_word' id='word_1_231' title='bbox 113 2841 296 2913; x_wconf 79' lang='lat' dir='ltr'><strong>Igiiatii</strong></span> <span class='ocrx_word' id='word_1_232' title='bbox 331 2844 501 2899; x_wconf 80' lang='lat' dir='ltr'><strong>verba</strong></span> <span class='ocrx_word' id='word_1_233' title='bbox 541 2844 612 2899; x_wconf 92' lang='lat' dir='ltr'><strong>ab</strong></span> <span class='ocrx_word' id='word_1_234' title='bbox 635 2843 964 2907; x_wconf 82' lang='lat' dir='ltr'><strong>Athanasio,</strong></span> <span class='ocrx_word' id='word_1_235' title='bbox 997 2842 1347 2899; x_wconf 86' lang='lat' dir='ltr'><strong>Theodoreto</strong></span> <span class='ocrx_word' id='word_1_236' title='bbox 1390 2856 1446 2900; x_wconf 89' lang='lat' dir='ltr'><strong>et</strong></span> <span class='ocrx_word' id='word_1_237' title='bbox 1468 2844 1688 2901; x_wconf 87' lang='lat' dir='ltr'><strong>Gelasio</strong></span> 
     </span>
    </p>
   </div>
   <div class='ocr_carea' id='block_1_29' title="bbox 112 2935 1688 3008">
    <p class='ocr_par' dir='ltr' id='par_1_29' title="bbox 112 2935 1688 3008">
     <span class='ocr_line' id='line_1_29' title="bbox 112 2935 1688 3008; baseline 0.005 -21"><span class='ocrx_word' id='word_1_238' title='bbox 112 2944 285 2990; x_wconf 87' lang='lat' dir='ltr'><strong>contra</strong></span> <span class='ocrx_word' id='word_1_239' title='bbox 339 2937 603 3006; x_wconf 86' lang='lat' dir='ltr'><strong>antiquos</strong></span> <span class='ocrx_word' id='word_1_240' title='bbox 658 2935 965 2992; x_wconf 87' lang='lat' dir='ltr'><strong>divinitatis</strong></span> <span class='ocrx_word' id='word_1_241' title='bbox 1014 2936 1221 2991; x_wconf 85' lang='lat' dir='ltr'><strong>Christi</strong></span> <span class='ocrx_word' id='word_1_242' title='bbox 1280 2937 1688 3008; x_wconf 82' lang='lat' dir='ltr'><strong>impugnatores</strong></span> 
     </span>
    </p>
   </div>
   <div class='ocr_carea' id='block_1_30' title="bbox 109 3028 1687 3099">
    <p class='ocr_par' dir='ltr' id='par_1_30' title="bbox 109 3028 1687 3099">
     <span class='ocr_line' id='line_1_30' title="bbox 109 3028 1687 3099; baseline 0.004 -19"><span class='ocrx_word' id='word_1_243' title='bbox 109 3028 280 3096; x_wconf 83' lang='lat' dir='ltr'><strong>citata,</strong></span> <span class='ocrx_word' id='word_1_244' title='bbox 316 3029 468 3083; x_wconf 82' lang='lat' dir='ltr'><strong>illam</strong></span> <span class='ocrx_word' id='word_1_245' title='bbox 503 3029 704 3084; x_wconf 88' lang='lat' dir='ltr'><strong>invicte</strong></span> <span class='ocrx_word' id='word_1_246' title='bbox 731 3029 1033 3099; x_wconf 81' lang='lat' dir='ltr'><strong>explicant,</strong></span> <span class='ocrx_word' id='word_1_247' title='bbox 1073 3038 1131 3084; x_wconf 89' lang='lat' dir='ltr'><strong>ut</strong></span> <span class='ocrx_word' id='word_1_248' title='bbox 1172 3044 1200 3084; x_wconf 80' lang='lat' dir='ltr'><strong>a</strong></span> <span class='ocrx_word' id='word_1_249' title='bbox 1230 3030 1382 3085; x_wconf 90' lang='lat' dir='ltr'><strong>nullo</strong></span> <span class='ocrx_word' id='word_1_250' title='bbox 1420 3030 1687 3087; x_wconf 85' lang='lat' dir='ltr'><strong>hactenus</strong></span> 
     </span>
    </p>
   </div>
   <div class='ocr_carea' id='block_1_31' title="bbox 110 3119 1687 3193">
    <p class='ocr_par' dir='ltr' id='par_1_31' title="bbox 110 3119 1687 3193">
     <span class='ocr_line' id='line_1_31' title="bbox 110 3119 1687 3193; baseline 0.003 -22"><span class='ocrx_word' id='word_1_251' title='bbox 110 3119 362 3176; x_wconf 79' lang='lat' dir='ltr'><strong>infirmari</strong></span> <span class='ocrx_word' id='word_1_252' title='bbox 411 3136 656 3192; x_wconf 81' lang='lat' dir='ltr'><strong>unquam</strong></span> <span class='ocrx_word' id='word_1_253' title='bbox 711 3122 1009 3190; x_wconf 89' lang='lat' dir='ltr'><strong>potuerint.</strong></span> <span class='ocrx_word' id='word_1_254' title='bbox 1048 3121 1418 3187; x_wconf 86' lang='lat' dir='ltr'><strong>Quamobrem</strong></span> <span class='ocrx_word' id='word_1_255' title='bbox 1459 3122 1687 3193; x_wconf 90' lang='lat' dir='ltr'><strong>quidam</strong></span> 
     </span>
    </p>
   </div>
   <div class='ocr_carea' id='block_1_32' title="bbox 108 3208 1686 3281">
    <p class='ocr_par' dir='ltr' id='par_1_32' title="bbox 108 3208 1686 3281">
     <span class='ocr_line' id='line_1_32' title="bbox 108 3208 1686 3281; baseline 0.003 -20"><span class='ocrx_word' id='word_1_256' title='bbox 108 3225 133 3261; x_wconf 89' lang='lat' dir='ltr'><strong>e</strong></span> <span class='ocrx_word' id='word_1_257' title='bbox 159 3210 579 3265; x_wconf 84' lang='lat' dir='ltr'><strong>Socinianorum</strong></span> <span class='ocrx_word' id='word_1_258' title='bbox 602 3219 749 3265; x_wconf 90' lang='lat' dir='ltr'><strong>secta</strong></span> <span class='ocrx_word' id='word_1_259' title='bbox 776 3208 1097 3265; x_wconf 83' lang='lat' dir='ltr'><strong>Neotericus</strong></span> <span class='ocrx_word' id='word_1_260' title='bbox 1114 3211 1371 3281; x_wconf 86' lang='lat' dir='ltr'><strong>scriptor,</strong></span> <span class='ocrx_word' id='word_1_261' title='bbox 1407 3226 1531 3265; x_wconf 92' lang='lat' dir='ltr'><strong>cum</strong></span> <span class='ocrx_word' id='word_1_262' title='bbox 1568 3213 1686 3266; x_wconf 92' lang='lat' dir='ltr'><strong>cla-</strong></span> 
     </span>
    </p>
   </div>
   <div class='ocr_carea' id='block_1_33' title="bbox 1804 622 3383 694">
    <p class='ocr_par' dir='ltr' id='par_1_33' title="bbox 1804 622 3383 694">
     <span class='ocr_line' id='line_1_33' title="bbox 1804 622 3383 694; baseline 0.001 -13"><span class='ocrx_word' id='word_1_263' title='bbox 1804 642 2012 687; x_wconf 90' lang='lat' dir='ltr'><strong>remus,</strong></span> <span class='ocrx_word' id='word_1_264' title='bbox 2058 622 2329 694; x_wconf 77' lang='lat' dir='ltr'><strong>lgnatium</strong></span> <span class='ocrx_word' id='word_1_265' title='bbox 2365 622 2420 677; x_wconf 90' lang='lat' dir='ltr'><strong>in</strong></span> <span class='ocrx_word' id='word_1_266' title='bbox 2449 624 2836 679; x_wconf 85' lang='lat' dir='ltr'><strong>minutioribus</strong></span> <span class='ocrx_word' id='word_1_267' title='bbox 2865 625 3188 693; x_wconf 89' lang='lat' dir='ltr'><strong>quibusdam</strong></span> <span class='ocrx_word' id='word_1_268' title='bbox 3221 640 3251 680; x_wconf 81' lang='lat' dir='ltr'><strong>a</strong></span> <span class='ocrx_word' id='word_1_269' title='bbox 3285 626 3383 683; x_wconf 80' lang='lat' dir='ltr'><strong>do-</strong></span> 
     </span>
    </p>
   </div>
   <div class='ocr_carea' id='block_1_34' title="bbox 1803 715 3380 787">
    <p class='ocr_par' dir='ltr' id='par_1_34' title="bbox 1803 715 3380 787">
     <span class='ocr_line' id='line_1_34' title="bbox 1803 715 3380 787; baseline -0.001 -14"><span class='ocrx_word' id='word_1_270' title='bbox 1803 718 1980 774; x_wconf 82' lang='lat' dir='ltr'><strong>ctrina</strong></span> <span class='ocrx_word' id='word_1_271' title='bbox 2040 716 2341 787; x_wconf 85' lang='lat' dir='ltr'><strong>apostolica</strong></span> <span class='ocrx_word' id='word_1_272' title='bbox 2388 716 2637 771; x_wconf 88' lang='lat' dir='ltr'><strong>nonnihil</strong></span> <span class='ocrx_word' id='word_1_273' title='bbox 2678 715 2996 783; x_wconf 82' lang='lat' dir='ltr'><strong>deﬂexisse;</strong></span> <span class='ocrx_word' id='word_1_274' title='bbox 3054 717 3247 773; x_wconf 91' lang='lat' dir='ltr'><strong>ideone</strong></span> <span class='ocrx_word' id='word_1_275' title='bbox 3289 734 3380 771; x_wconf 84' lang='lat' dir='ltr'><strong>ve-</strong></span> 
     </span>
    </p>
   </div>
   <div class='ocr_carea' id='block_1_35' title="bbox 1801 809 3380 878">
    <p class='ocr_par' dir='ltr' id='par_1_35' title="bbox 1801 809 3380 878">
     <span class='ocr_line' id='line_1_35' title="bbox 1801 809 3380 878; baseline -0.002 -12"><span class='ocrx_word' id='word_1_276' title='bbox 1801 812 2032 867; x_wconf 89' lang='lat' dir='ltr'><strong>risimile</strong></span> <span class='ocrx_word' id='word_1_277' title='bbox 2077 811 2294 865; x_wconf 85' lang='lat' dir='ltr'><strong>cuidam</strong></span> <span class='ocrx_word' id='word_1_278' title='bbox 2353 809 2524 864; x_wconf 90' lang='lat' dir='ltr'><strong>videri</strong></span> <span class='ocrx_word' id='word_1_279' title='bbox 2575 818 2781 878; x_wconf 87' lang='lat' dir='ltr'><strong>posset,</strong></span> <span class='ocrx_word' id='word_1_280' title='bbox 2828 809 3008 878; x_wconf 88' lang='lat' dir='ltr'><strong>ipsum</strong></span> <span class='ocrx_word' id='word_1_281' title='bbox 3054 809 3110 863; x_wconf 91' lang='lat' dir='ltr'><strong>in</strong></span> <span class='ocrx_word' id='word_1_282' title='bbox 3148 809 3380 864; x_wconf 84' lang='lat' dir='ltr'><strong>articulo</strong></span> 
     </span>
    </p>
   </div>
   <div class='ocr_carea' id='block_1_36' title="bbox 1798 899 3380 969">
    <p class='ocr_par' dir='ltr' id='par_1_36' title="bbox 1798 899 3380 969">
     <span class='ocr_line' id='line_1_36' title="bbox 1798 899 3380 969; baseline -0.002 -12"><span class='ocrx_word' id='word_1_283' title='bbox 1798 903 1926 958; x_wconf 84' lang='lat' dir='ltr'><strong>lidei</strong></span> <span class='ocrx_word' id='word_1_284' title='bbox 1956 901 2301 958; x_wconf 60' lang='lat' dir='ltr'><strong>Christianae.</strong></span> <span class='ocrx_word' id='word_1_285' title='bbox 2330 899 2466 955; x_wconf 90' lang='lat' dir='ltr'><strong>tanti</strong></span> <span class='ocrx_word' id='word_1_286' title='bbox 2508 900 2769 955; x_wconf 88' lang='lat' dir='ltr'><strong>momenti</strong></span> <span class='ocrx_word' id='word_1_287' title='bbox 2804 909 2913 954; x_wconf 91' lang='lat' dir='ltr'><strong>tam</strong></span> <span class='ocrx_word' id='word_1_288' title='bbox 2946 900 3177 969; x_wconf 87' lang='lat' dir='ltr'><strong>turpiter</strong></span> <span class='ocrx_word' id='word_1_289' title='bbox 3207 900 3380 955; x_wconf 78' lang='lat' dir='ltr'><strong>fuisse</strong></span> 
     </span>
    </p>
   </div>
   <div class='ocr_carea' id='block_1_37' title="bbox 1798 988 3380 1063">
    <p class='ocr_par' dir='ltr' id='par_1_37' title="bbox 1798 988 3380 1063">
     <span class='ocr_line' id='line_1_37' title="bbox 1798 988 3380 1063; baseline -0.004 -14"><span class='ocrx_word' id='word_1_290' title='bbox 1798 994 2067 1049; x_wconf 86' lang='lat' dir='ltr'><strong>illusum?</strong></span> <span class='ocrx_word' id='word_1_291' title='bbox 2094 992 2470 1063; x_wconf 84' lang='lat' dir='ltr'><strong>Quisquamne</strong></span> <span class='ocrx_word' id='word_1_292' title='bbox 2498 1000 2601 1058; x_wconf 91' lang='lat' dir='ltr'><strong>est,</strong></span> <span class='ocrx_word' id='word_1_293' title='bbox 2632 991 2728 1061; x_wconf 91' lang='lat' dir='ltr'><strong>qui</strong></span> <span class='ocrx_word' id='word_1_294' title='bbox 2757 991 2839 1045; x_wconf 87' lang='lat' dir='ltr'><strong>vel</strong></span> <span class='ocrx_word' id='word_1_295' title='bbox 2870 992 3176 1060; x_wconf 89' lang='lat' dir='ltr'><strong>suspicetur</strong></span> <span class='ocrx_word' id='word_1_296' title='bbox 3222 988 3380 1060; x_wconf 80' lang='lat' dir='ltr'><strong>lgna-</strong></span> 
     </span>
    </p>
   </div>
   <div class='ocr_carea' id='block_1_38' title="bbox 1796 1078 3379 1156">
    <p class='ocr_par' dir='ltr' id='par_1_38' title="bbox 1796 1078 3379 1156">
     <span class='ocr_line' id='line_1_38' title="bbox 1796 1078 3379 1156; baseline -0.004 -15"><span class='ocrx_word' id='word_1_297' title='bbox 1796 1086 1969 1151; x_wconf 90' lang='lat' dir='ltr'><strong>tium,</strong></span> <span class='ocrx_word' id='word_1_298' title='bbox 2006 1086 2103 1156; x_wconf 91' lang='lat' dir='ltr'><strong>qui</strong></span> <span class='ocrx_word' id='word_1_299' title='bbox 2138 1101 2246 1141; x_wconf 90' lang='lat' dir='ltr'><strong>una</strong></span> <span class='ocrx_word' id='word_1_300' title='bbox 2293 1101 2417 1141; x_wconf 88' lang='lat' dir='ltr'><strong>cum</strong></span> <span class='ocrx_word' id='word_1_301' title='bbox 2457 1083 2587 1140; x_wconf 87' lang='lat' dir='ltr'><strong>Jesu</strong></span> <span class='ocrx_word' id='word_1_302' title='bbox 2618 1083 2825 1139; x_wconf 87' lang='lat' dir='ltr'><strong>Christi</strong></span> <span class='ocrx_word' id='word_1_303' title='bbox 2863 1083 3123 1153; x_wconf 86' lang='lat' dir='ltr'><strong>apostolis</strong></span> <span class='ocrx_word' id='word_1_304' title='bbox 3156 1091 3265 1136; x_wconf 89' lang='lat' dir='ltr'><strong>tam</strong></span> <span class='ocrx_word' id='word_1_305' title='bbox 3296 1078 3379 1135; x_wconf 83' lang='lat' dir='ltr'><strong>fa-</strong></span> 
     </span>
    </p>
   </div>
   <div class='ocr_carea' id='block_1_39' title="bbox 1796 1174 3377 1246">
    <p class='ocr_par' dir='ltr' id='par_1_39' title="bbox 1796 1174 3377 1246">
     <span class='ocr_line' id='line_1_39' title="bbox 1796 1174 3377 1246; baseline -0.004 -12"><span class='ocrx_word' id='word_1_306' title='bbox 1796 1179 2091 1234; x_wconf 88' lang='lat' dir='ltr'><strong>miliariter</strong></span> <span class='ocrx_word' id='word_1_307' title='bbox 2138 1186 2392 1233; x_wconf 66' lang='lat' dir='ltr'><strong>versatus</strong></span> <span class='ocrx_word' id='word_1_308' title='bbox 2429 1186 2543 1242; x_wconf 91' lang='lat' dir='ltr'><strong>est,</strong></span> <span class='ocrx_word' id='word_1_309' title='bbox 2582 1191 2855 1246; x_wconf 91' lang='lat' dir='ltr'><strong>quemque</strong></span> <span class='ocrx_word' id='word_1_310' title='bbox 2901 1174 3215 1246; x_wconf 78' lang='lat' dir='ltr'><strong>apostolica:</strong></span> <span class='ocrx_word' id='word_1_311' title='bbox 3253 1174 3377 1229; x_wconf 80' lang='lat' dir='ltr'><strong>ﬁdei</strong></span> 
     </span>
    </p>
   </div>
   <div class='ocr_carea' id='block_1_40' title="bbox 1799 1266 3378 1341">
    <p class='ocr_par' dir='ltr' id='par_1_40' title="bbox 1799 1266 3378 1341">
     <span class='ocr_line' id='line_1_40' title="bbox 1799 1266 3378 1341; baseline -0.004 -18"><span class='ocrx_word' id='word_1_312' title='bbox 1799 1279 2096 1341; x_wconf 86' lang='lat' dir='ltr'><strong>martyrem</strong></span> <span class='ocrx_word' id='word_1_313' title='bbox 2117 1266 2291 1323; x_wconf 80' lang='lat' dir='ltr'><strong>fuisse</strong></span> <span class='ocrx_word' id='word_1_314' title='bbox 2320 1267 2574 1322; x_wconf 89' lang='lat' dir='ltr'><strong>universa</strong></span> <span class='ocrx_word' id='word_1_315' title='bbox 2605 1266 2769 1320; x_wconf 87' lang='lat' dir='ltr'><strong>tradit</strong></span> <span class='ocrx_word' id='word_1_316' title='bbox 2804 1266 3122 1335; x_wconf 87' lang='lat' dir='ltr'><strong>antiquitas,</strong></span> <span class='ocrx_word' id='word_1_317' title='bbox 3156 1280 3186 1319; x_wconf 88' lang='lat' dir='ltr'><strong>a</strong></span> <span class='ocrx_word' id='word_1_318' title='bbox 3219 1279 3378 1334; x_wconf 83' lang='lat' dir='ltr'><strong>pseu-</strong></span> 
     </span>
    </p>
   </div>
   <div class='ocr_carea' id='block_1_41' title="bbox 1797 1356 3377 1431">
    <p class='ocr_par' dir='ltr' id='par_1_41' title="bbox 1797 1356 3377 1431">
     <span class='ocr_line' id='line_1_41' title="bbox 1797 1356 3377 1431; baseline -0.004 -16"><span class='ocrx_word' id='word_1_319' title='bbox 1797 1360 2170 1431; x_wconf 86' lang='lat' dir='ltr'><strong>do-apostolo</strong></span> <span class='ocrx_word' id='word_1_320' title='bbox 2233 1360 2287 1414; x_wconf 90' lang='lat' dir='ltr'><strong>in</strong></span> <span class='ocrx_word' id='word_1_321' title='bbox 2336 1358 2597 1429; x_wconf 88' lang='lat' dir='ltr'><strong>primaria</strong></span> <span class='ocrx_word' id='word_1_322' title='bbox 2661 1357 3067 1413; x_wconf 89' lang='lat' dir='ltr'><strong>Christianismi</strong></span> <span class='ocrx_word' id='word_1_323' title='bbox 3128 1356 3377 1411; x_wconf 88' lang='lat' dir='ltr'><strong>doctrina</strong></span> 
     </span>
    </p>
   </div>
   <div class='ocr_carea' id='block_1_42' title="bbox 1798 1449 2323 1521">
    <p class='ocr_par' dir='ltr' id='par_1_42' title="bbox 1798 1449 2323 1521">
     <span class='ocr_line' id='line_1_42' title="bbox 1798 1449 2323 1521; baseline -0.006 -15"><span class='ocrx_word' id='word_1_324' title='bbox 1798 1452 2082 1521; x_wconf 89' lang='lat' dir='ltr'><strong>deceptum</strong></span> <span class='ocrx_word' id='word_1_325' title='bbox 2116 1449 2323 1506; x_wconf 83' lang='lat' dir='ltr'><strong>fuisse?</strong></span> 
     </span>
    </p>
   </div>
   <div class='ocr_carea' id='block_1_43' title="bbox 2291 1561 2973 1630">
    <p class='ocr_par' dir='ltr' id='par_1_43' title="bbox 2291 1561 2973 1630">
     <span class='ocr_line' id='line_1_43' title="bbox 2291 1561 2973 1630; baseline -0.006 -12"><span class='ocrx_word' id='word_1_326' title='bbox 2291 1564 2488 1618; x_wconf 84' lang='lat' dir='ltr'><strong>Credat</strong></span> <span class='ocrx_word' id='word_1_327' title='bbox 2515 1561 2737 1617; x_wconf 75' lang='lat' dir='ltr'><strong>Judwus</strong></span> <span class='ocrx_word' id='word_1_328' title='bbox 2768 1561 2973 1630; x_wconf 82' lang='lat' dir='ltr'><strong>Apella,</strong></span> 
     </span>
    </p>
   </div>
   <div class='ocr_carea' id='block_1_44' title="bbox 2030 1632 2340 1705">
    <p class='ocr_par' dir='ltr' id='par_1_44' title="bbox 2030 1632 2340 1705">
     <span class='ocr_line' id='line_1_44' title="bbox 2030 1632 2340 1705; baseline 0 -18"><span class='ocrx_word' id='word_1_329' title='bbox 2030 1632 2153 1688; x_wconf 82' lang='lat' dir='ltr'><strong>Non</strong></span> <span class='ocrx_word' id='word_1_330' title='bbox 2178 1651 2340 1705; x_wconf 83' lang='lat' dir='ltr'><strong>ego...</strong></span> 
     </span>
    </p>
   </div>
   <div class='ocr_carea' id='block_1_45' title="bbox 1797 1745 3376 1821">
    <p class='ocr_par' dir='ltr' id='par_1_45' title="bbox 1797 1745 3376 1821">
     <span class='ocr_line' id='line_1_45' title="bbox 1797 1745 3376 1821; baseline -0.006 -16"><span class='ocrx_word' id='word_1_331' title='bbox 1797 1750 2126 1806; x_wconf 69' lang='lat' dir='ltr'><strong>Temeraria:</strong></span> <span class='ocrx_word' id='word_1_332' title='bbox 2169 1767 2300 1821; x_wconf 82' lang='lat' dir='ltr'><strong>ergo</strong></span> <span class='ocrx_word' id='word_1_333' title='bbox 2340 1749 2446 1805; x_wconf 76' lang='lat' dir='ltr'><strong>illa:</strong></span> <span class='ocrx_word' id='word_1_334' title='bbox 2491 1748 2786 1819; x_wconf 90' lang='lat' dir='ltr'><strong>impiorum</strong></span> <span class='ocrx_word' id='word_1_335' title='bbox 2817 1745 3102 1800; x_wconf 89' lang='lat' dir='ltr'><strong>nominum</strong></span> <span class='ocrx_word' id='word_1_336' title='bbox 3147 1758 3376 1812; x_wconf 89' lang='lat' dir='ltr'><strong>respou-</strong></span> 
     </span>
    </p>
   </div>
   <div class='ocr_carea' id='block_1_46' title="bbox 1795 1836 3379 1913">
    <p class='ocr_par' dir='ltr' id='par_1_46' title="bbox 1795 1836 3379 1913">
     <span class='ocr_line' id='line_1_46' title="bbox 1795 1836 3379 1913; baseline -0.007 -14"><span class='ocrx_word' id='word_1_337' title='bbox 1795 1844 1983 1899; x_wconf 79' lang='lat' dir='ltr'><strong>siones</strong></span> <span class='ocrx_word' id='word_1_338' title='bbox 2024 1842 2379 1913; x_wconf 70' lang='lat' dir='ltr'><strong>explodendae</strong></span> <span class='ocrx_word' id='word_1_339' title='bbox 2415 1848 2573 1907; x_wconf 89' lang='lat' dir='ltr'><strong>sunt,</strong></span> <span class='ocrx_word' id='word_1_340' title='bbox 2611 1840 2771 1909; x_wconf 89' lang='lat' dir='ltr'><strong>eique</strong></span> <span class='ocrx_word' id='word_1_341' title='bbox 2807 1837 3071 1892; x_wconf 76' lang='lat' dir='ltr'><strong>doctrina:</strong></span> <span class='ocrx_word' id='word_1_342' title='bbox 3110 1836 3379 1890; x_wconf 82' lang='lat' dir='ltr'><strong>inhaeren-</strong></span> 
     </span>
    </p>
   </div>
   <div class='ocr_carea' id='block_1_47' title="bbox 1792 1927 3375 2004">
    <p class='ocr_par' dir='ltr' id='par_1_47' title="bbox 1792 1927 3375 2004">
     <span class='ocr_line' id='line_1_47' title="bbox 1792 1927 3375 2004; baseline -0.006 -15"><span class='ocrx_word' id='word_1_343' title='bbox 1792 1934 1957 1998; x_wconf 87' lang='lat' dir='ltr'><strong>dum,</strong></span> <span class='ocrx_word' id='word_1_344' title='bbox 2006 1949 2109 2004; x_wconf 90' lang='lat' dir='ltr'><strong>pro</strong></span> <span class='ocrx_word' id='word_1_345' title='bbox 2138 1948 2245 2004; x_wconf 90' lang='lat' dir='ltr'><strong>qua</strong></span> <span class='ocrx_word' id='word_1_346' title='bbox 2283 1947 2391 1986; x_wconf 93' lang='lat' dir='ltr'><strong>non</strong></span> <span class='ocrx_word' id='word_1_347' title='bbox 2432 1931 2611 1987; x_wconf 92' lang='lat' dir='ltr'><strong>solum</strong></span> <span class='ocrx_word' id='word_1_348' title='bbox 2655 1929 2931 2001; x_wconf 82' lang='lat' dir='ltr'><strong>lgnatius,</strong></span> <span class='ocrx_word' id='word_1_349' title='bbox 2971 1928 3065 1983; x_wconf 91' lang='lat' dir='ltr'><strong>sed</strong></span> <span class='ocrx_word' id='word_1_350' title='bbox 3103 1927 3375 1981; x_wconf 89' lang='lat' dir='ltr'><strong>innumeri</strong></span> 
     </span>
    </p>
   </div>
   <div class='ocr_carea' id='block_1_48' title="bbox 1793 2017 3376 2094">
    <p class='ocr_par' dir='ltr' id='par_1_48' title="bbox 1793 2017 3376 2094">
     <span class='ocr_line' id='line_1_48' title="bbox 1793 2017 3376 2094; baseline -0.006 -15"><span class='ocrx_word' id='word_1_351' title='bbox 1793 2033 2066 2094; x_wconf 67' lang='lat' dir='ltr'><strong>martyres</strong></span> <span class='ocrx_word' id='word_1_352' title='bbox 2114 2025 2439 2094; x_wconf 80' lang='lat' dir='ltr'><strong>sanguinem</strong></span> <span class='ocrx_word' id='word_1_353' title='bbox 2494 2038 2657 2078; x_wconf 90' lang='lat' dir='ltr'><strong>suum</strong></span> <span class='ocrx_word' id='word_1_354' title='bbox 2708 2020 3019 2077; x_wconf 84' lang='lat' dir='ltr'><strong>constantia</strong></span> <span class='ocrx_word' id='word_1_355' title='bbox 3066 2017 3376 2073; x_wconf 88' lang='lat' dir='ltr'><strong>admirabili</strong></span> 
     </span>
    </p>
   </div>
   <div class='ocr_carea' id='block_1_49' title="bbox 1786 2114 2697 2189">
    <p class='ocr_par' dir='ltr' id='par_1_49' title="bbox 1786 2114 2697 2189">
     <span class='ocr_line' id='line_1_49' title="bbox 1786 2114 2697 2189; baseline -0.002 -18"><span class='ocrx_word' id='word_1_356' title='bbox 1786 2117 2061 2189; x_wconf 86' lang='lat' dir='ltr'><strong>planeque</strong></span> <span class='ocrx_word' id='word_1_357' title='bbox 2090 2118 2275 2172; x_wconf 88' lang='lat' dir='ltr'><strong>divina</strong></span> <span class='ocrx_word' id='word_1_358' title='bbox 2304 2114 2697 2187; x_wconf 72' lang='lat' dir='ltr'><strong>profuderunt.</strong></span> 
     </span>
    </p>
   </div>
   <div class='ocr_carea' id='block_1_50' title="bbox 1878 2196 3377 2284">
    <p class='ocr_par' dir='ltr' id='par_1_50' title="bbox 1878 2196 3377 2284">
     <span class='ocr_line' id='line_1_50' title="bbox 1878 2196 3377 2284; baseline -0.005 -20"><span class='ocrx_word' id='word_1_359' title='bbox 1878 2207 2149 2264; x_wconf 59' lang='lat' dir='ltr'><strong>Caeterum</strong></span> <span class='ocrx_word' id='word_1_360' title='bbox 2199 2208 2456 2263; x_wconf 89' lang='lat' dir='ltr'><strong>omnibus</strong></span> <span class='ocrx_word' id='word_1_361' title='bbox 2515 2205 2676 2261; x_wconf 84' lang='lat' dir='ltr'><strong>facile</strong></span> <span class='ocrx_word' id='word_1_362' title='bbox 2729 2204 3053 2284; x_wconf 72' lang='lat' dir='ltr'><strong>iuuotescit,</strong></span> <span class='ocrx_word' id='word_1_363' title='bbox 3090 2196 3377 2271; x_wconf 81' lang='lat' dir='ltr'><strong>hucusque</strong></span> 
     </span>
    </p>
   </div>
   <div class='ocr_carea' id='block_1_51' title="bbox 1788 2294 3378 2372">
    <p class='ocr_par' dir='ltr' id='par_1_51' title="bbox 1788 2294 3378 2372">
     <span class='ocr_line' id='line_1_51' title="bbox 1788 2294 3378 2372; baseline -0.006 -16"><span class='ocrx_word' id='word_1_364' title='bbox 1788 2301 2019 2372; x_wconf 80' lang='lat' dir='ltr'><strong>allegata</strong></span> <span class='ocrx_word' id='word_1_365' title='bbox 2054 2300 2114 2357; x_wconf 93' lang='lat' dir='ltr'><strong>S.</strong></span> <span class='ocrx_word' id='word_1_366' title='bbox 2138 2301 2329 2372; x_wconf 79' lang='lat' dir='ltr'><strong>lgnatii</strong></span> <span class='ocrx_word' id='word_1_367' title='bbox 2357 2300 2475 2355; x_wconf 89' lang='lat' dir='ltr'><strong>loca</strong></span> <span class='ocrx_word' id='word_1_368' title='bbox 2506 2312 2662 2369; x_wconf 78' lang='lat' dir='ltr'><strong>aeque</strong></span> <span class='ocrx_word' id='word_1_369' title='bbox 2698 2312 2940 2370; x_wconf 80' lang='lat' dir='ltr'><strong>pugnare</strong></span> <span class='ocrx_word' id='word_1_370' title='bbox 2966 2310 3064 2366; x_wconf 90' lang='lat' dir='ltr'><strong>pro</strong></span> <span class='ocrx_word' id='word_1_371' title='bbox 3093 2294 3378 2351; x_wconf 87' lang='lat' dir='ltr'><strong>divinitate</strong></span> 
     </span>
    </p>
   </div>
   <div class='ocr_carea' id='block_1_52' title="bbox 1787 2386 3378 2462">
    <p class='ocr_par' dir='ltr' id='par_1_52' title="bbox 1787 2386 3378 2462">
     <span class='ocr_line' id='line_1_52' title="bbox 1787 2386 3378 2462; baseline -0.006 -14"><span class='ocrx_word' id='word_1_372' title='bbox 1787 2393 2121 2458; x_wconf 87' lang='lat' dir='ltr'><strong>Salvatoris,</strong></span> <span class='ocrx_word' id='word_1_373' title='bbox 2167 2408 2267 2462; x_wconf 92' lang='lat' dir='ltr'><strong>pro</strong></span> <span class='ocrx_word' id='word_1_374' title='bbox 2312 2392 2519 2446; x_wconf 91' lang='lat' dir='ltr'><strong>unitate</strong></span> <span class='ocrx_word' id='word_1_375' title='bbox 2556 2391 2677 2461; x_wconf 85' lang='lat' dir='ltr'><strong>ejus</strong></span> <span class='ocrx_word' id='word_1_376' title='bbox 2724 2403 2994 2460; x_wconf 61' lang='lat' dir='ltr'><strong>personae,</strong></span> <span class='ocrx_word' id='word_1_377' title='bbox 3033 2402 3133 2457; x_wconf 90' lang='lat' dir='ltr'><strong>pro</strong></span> <span class='ocrx_word' id='word_1_378' title='bbox 3164 2386 3378 2441; x_wconf 90' lang='lat' dir='ltr'><strong>duabus</strong></span> 
     </span>
    </p>
   </div>
   <div class='ocr_carea' id='block_1_53' title="bbox 1792 2467 3373 2554">
    <p class='ocr_par' dir='ltr' id='par_1_53' title="bbox 1792 2467 3373 2554">
     <span class='ocr_line' id='line_1_53' title="bbox 1792 2467 3373 2554; baseline -0.005 -14"><span class='ocrx_word' id='word_1_379' title='bbox 1792 2485 1917 2554; x_wconf 89' lang='lat' dir='ltr'><strong>ejus</strong></span> <span class='ocrx_word' id='word_1_380' title='bbox 1969 2484 2221 2550; x_wconf 89' lang='lat' dir='ltr'><strong>naturis,</strong></span> <span class='ocrx_word' id='word_1_381' title='bbox 2277 2498 2343 2538; x_wconf 89' lang='lat' dir='ltr'><strong>ac</strong></span> <span class='ocrx_word' id='word_1_382' title='bbox 2394 2497 2494 2553; x_wconf 90' lang='lat' dir='ltr'><strong>pro</strong></span> <span class='ocrx_word' id='word_1_383' title='bbox 2544 2482 2729 2537; x_wconf 89' lang='lat' dir='ltr'><strong>divina</strong></span> <span class='ocrx_word' id='word_1_384' title='bbox 2773 2467 2956 2534; x_wconf 71' lang='lat' dir='ltr'><strong>Mariae</strong></span> <span class='ocrx_word' id='word_1_385' title='bbox 3009 2479 3373 2533; x_wconf 89' lang='lat' dir='ltr'><strong>maternitate.</strong></span> 
     </span>
    </p>
   </div>
   <div class='ocr_carea' id='block_1_54' title="bbox 1793 2568 3378 2630">
    <p class='ocr_par' dir='ltr' id='par_1_54' title="bbox 1793 2568 3378 2630">
     <span class='ocr_line' id='line_1_54' title="bbox 1793 2568 3378 2630; baseline -0.003 -1"><span class='ocrx_word' id='word_1_386' title='bbox 1793 2574 2020 2630; x_wconf 87' lang='lat' dir='ltr'><strong>Fatetur</strong></span> <span class='ocrx_word' id='word_1_387' title='bbox 2048 2574 2194 2630; x_wconf 88' lang='lat' dir='ltr'><strong>enim</strong></span> <span class='ocrx_word' id='word_1_388' title='bbox 2234 2594 2252 2626; x_wconf 84' lang='grc'><strong>‹</strong></span> <span class='ocrx_word' id='word_1_389' title='bbox 2276 2573 2464 2630; x_wconf 84' lang='lat' dir='ltr'><strong>Jcsum</strong></span> <span class='ocrx_word' id='word_1_390' title='bbox 2490 2573 2771 2629; x_wconf 86' lang='lat' dir='ltr'><strong>Christum</strong></span> <span class='ocrx_word' id='word_1_391' title='bbox 2804 2587 2994 2627; x_wconf 89' lang='lat' dir='ltr'><strong>verum</strong></span> <span class='ocrx_word' id='word_1_392' title='bbox 3018 2569 3187 2625; x_wconf 91' lang='lat' dir='ltr'><strong>Deum</strong></span> <span class='ocrx_word' id='word_1_393' title='bbox 3212 2568 3378 2624; x_wconf 90' lang='lat' dir='ltr'><strong>simul</strong></span> 
     </span>
    </p>
   </div>
   <div class='ocr_carea' id='block_1_55' title="bbox 1786 2659 3375 2727">
    <p class='ocr_par' dir='ltr' id='par_1_55' title="bbox 1786 2659 3375 2727">
     <span class='ocr_line' id='line_1_55' title="bbox 1786 2659 3375 2727; baseline -0.006 -5"><span class='ocrx_word' id='word_1_394' title='bbox 1786 2682 1909 2722; x_wconf 91' lang='lat' dir='ltr'><strong>esse</strong></span> <span class='ocrx_word' id='word_1_395' title='bbox 1955 2682 2022 2721; x_wconf 91' lang='lat' dir='ltr'><strong>ac</strong></span> <span class='ocrx_word' id='word_1_396' title='bbox 2060 2682 2251 2720; x_wconf 90' lang='lat' dir='ltr'><strong>verum</strong></span> <span class='ocrx_word' id='word_1_397' title='bbox 2302 2665 2613 2727; x_wconf 85' lang='lat' dir='ltr'><strong>hominem,</strong></span> <span class='ocrx_word' id='word_1_398' title='bbox 2655 2670 2899 2718; x_wconf 89' lang='lat' dir='ltr'><strong>creatum</strong></span> <span class='ocrx_word' id='word_1_399' title='bbox 2938 2671 2997 2715; x_wconf 91' lang='lat' dir='ltr'><strong>et</strong></span> <span class='ocrx_word' id='word_1_400' title='bbox 3039 2659 3375 2726; x_wconf 31' lang='lat' dir='ltr'><strong>increatuim,</strong></span> 
     </span>
    </p>
   </div>
   <div class='ocr_carea' id='block_1_56' title="bbox 1788 2754 3375 2819">
    <p class='ocr_par' dir='ltr' id='par_1_56' title="bbox 1788 2754 3375 2819">
     <span class='ocr_line' id='line_1_56' title="bbox 1788 2754 3375 2819; baseline -0.001 -10"><span class='ocrx_word' id='word_1_401' title='bbox 1788 2757 1957 2812; x_wconf 91' lang='lat' dir='ltr'><strong>Deum</strong></span> <span class='ocrx_word' id='word_1_402' title='bbox 2003 2757 2057 2811; x_wconf 93' lang='lat' dir='ltr'><strong>in</strong></span> <span class='ocrx_word' id='word_1_403' title='bbox 2087 2757 2309 2812; x_wconf 88' lang='lat' dir='ltr'><strong>homine</strong></span> <span class='ocrx_word' id='word_1_404' title='bbox 2345 2755 2734 2819; x_wconf 76' lang='lat' dir='ltr'><strong>cxsistentem,</strong></span> <span class='ocrx_word' id='word_1_405' title='bbox 2771 2755 2827 2809; x_wconf 87' lang='lat' dir='ltr'><strong>in</strong></span> <span class='ocrx_word' id='word_1_406' title='bbox 2868 2765 3043 2808; x_wconf 91' lang='lat' dir='ltr'><strong>morte</strong></span> <span class='ocrx_word' id='word_1_407' title='bbox 3072 2754 3242 2808; x_wconf 85' lang='lat' dir='ltr'><strong>vitam</strong></span> <span class='ocrx_word' id='word_1_408' title='bbox 3279 2769 3375 2808; x_wconf 83' lang='lat' dir='ltr'><strong>ve-</strong></span> 
     </span>
    </p>
   </div>
   <div class='ocr_carea' id='block_1_57' title="bbox 1790 2842 3374 2913">
    <p class='ocr_par' dir='ltr' id='par_1_57' title="bbox 1790 2842 3374 2913">
     <span class='ocr_line' id='line_1_57' title="bbox 1790 2842 3374 2913; baseline -0.007 -8"><span class='ocrx_word' id='word_1_409' title='bbox 1790 2862 1930 2913; x_wconf 79' lang='lat' dir='ltr'><strong>ram,</strong></span> <span class='ocrx_word' id='word_1_410' title='bbox 1950 2845 2044 2901; x_wconf 85' lang='lat' dir='ltr'><strong>Dei</strong></span> <span class='ocrx_word' id='word_1_411' title='bbox 2062 2846 2258 2902; x_wconf 89' lang='lat' dir='ltr'><strong>Filium</strong></span> <span class='ocrx_word' id='word_1_412' title='bbox 2272 2845 2420 2900; x_wconf 83' lang='lat' dir='ltr'><strong>Patri</strong></span> <span class='ocrx_word' id='word_1_413' title='bbox 2443 2858 2545 2900; x_wconf 91' lang='lat' dir='ltr'><strong>suo</strong></span> <span class='ocrx_word' id='word_1_414' title='bbox 2560 2854 2915 2910; x_wconf 77' lang='lat' dir='ltr'><strong>coaiternum,</strong></span> <span class='ocrx_word' id='word_1_415' title='bbox 2935 2858 3151 2912; x_wconf 89' lang='lat' dir='ltr'><strong>semper</strong></span> <span class='ocrx_word' id='word_1_416' title='bbox 3174 2843 3226 2896; x_wconf 92' lang='lat' dir='ltr'><strong>in</strong></span> <span class='ocrx_word' id='word_1_417' title='bbox 3252 2842 3374 2910; x_wconf 88' lang='lat' dir='ltr'><strong>ipso</strong></span> 
     </span>
    </p>
   </div>
   <div class='ocr_carea' id='block_1_58' title="bbox 1787 2932 3375 3012">
    <p class='ocr_par' dir='ltr' id='par_1_58' title="bbox 1787 2932 3375 3012">
     <span class='ocr_line' id='line_1_58' title="bbox 1787 2932 3375 3012; baseline -0.007 -15"><span class='ocrx_word' id='word_1_418' title='bbox 1787 2951 1985 2998; x_wconf 86' lang='lat' dir='ltr'><strong>etcum</strong></span> <span class='ocrx_word' id='word_1_419' title='bbox 2011 2941 2129 3012; x_wconf 91' lang='lat' dir='ltr'><strong>ipso</strong></span> <span class='ocrx_word' id='word_1_420' title='bbox 2153 2944 2531 3004; x_wconf 70' lang='lat' dir='ltr'><strong>exsistcntem,</strong></span> <span class='ocrx_word' id='word_1_421' title='bbox 2560 2938 2797 3007; x_wconf 87' lang='lat' dir='ltr'><strong>potentia</strong></span> <span class='ocrx_word' id='word_1_422' title='bbox 2822 2936 3107 3006; x_wconf 56' lang='lat' dir='ltr'><strong>aequalem,</strong></span> <span class='ocrx_word' id='word_1_423' title='bbox 3132 2935 3226 2989; x_wconf 91' lang='lat' dir='ltr'><strong>sed</strong></span> <span class='ocrx_word' id='word_1_424' title='bbox 3243 2932 3375 2988; x_wconf 82' lang='lat' dir='ltr'><strong>sub-</strong></span> 
     </span>
    </p>
   </div>
   <div class='ocr_carea' id='block_1_59' title="bbox 1784 3022 3372 3105">
    <p class='ocr_par' dir='ltr' id='par_1_59' title="bbox 1784 3022 3372 3105">
     <span class='ocr_line' id='line_1_59' title="bbox 1784 3022 3372 3105; baseline -0.009 -16"><span class='ocrx_word' id='word_1_425' title='bbox 1784 3033 1986 3105; x_wconf 82' lang='lat' dir='ltr'><strong>jectum</strong></span> <span class='ocrx_word' id='word_1_426' title='bbox 2003 3034 2158 3103; x_wconf 79' lang='lat' dir='ltr'><strong>juxta</strong></span> <span class='ocrx_word' id='word_1_427' title='bbox 2180 3046 2422 3097; x_wconf 90' lang='lat' dir='ltr'><strong>carnem,</strong></span> <span class='ocrx_word' id='word_1_428' title='bbox 2445 3045 2499 3085; x_wconf 88' lang='lat' dir='ltr'><strong>et</strong></span> <span class='ocrx_word' id='word_1_429' title='bbox 2525 3039 2785 3101; x_wconf 88' lang='lat' dir='ltr'><strong>tauquam</strong></span> <span class='ocrx_word' id='word_1_430' title='bbox 2820 3027 3003 3081; x_wconf 64' lang='lat' dir='ltr'><strong>Mariae</strong></span> <span class='ocrx_word' id='word_1_431' title='bbox 3036 3025 3208 3080; x_wconf 82' lang='lat' dir='ltr'><strong>lilium</strong></span> <span class='ocrx_word' id='word_1_432' title='bbox 3228 3022 3372 3094; x_wconf 70' lang='grc'>(51),</span> 
     </span>
    </p>
   </div>
   <div class='ocr_carea' id='block_1_60' title="bbox 1788 3114 3378 3183">
    <p class='ocr_par' dir='ltr' id='par_1_60' title="bbox 1788 3114 3378 3183">
     <span class='ocr_line' id='line_1_60' title="bbox 1788 3114 3378 3183; baseline -0.007 -6"><span class='ocrx_word' id='word_1_433' title='bbox 1788 3140 1913 3178; x_wconf 89' lang='lat' dir='ltr'><strong>cum</strong></span> <span class='ocrx_word' id='word_1_434' title='bbox 1972 3139 2157 3177; x_wconf 88' lang='lat' dir='ltr'><strong>revera</strong></span> <span class='ocrx_word' id='word_1_435' title='bbox 2218 3130 2495 3175; x_wconf 79' lang='lat' dir='ltr'><strong>mortuum</strong></span> <span class='ocrx_word' id='word_1_436' title='bbox 2535 3136 2680 3183; x_wconf 86' lang='lat' dir='ltr'><strong>esse,</strong></span> <span class='ocrx_word' id='word_1_437' title='bbox 2729 3128 2783 3174; x_wconf 93' lang='lat' dir='ltr'><strong>et</strong></span> <span class='ocrx_word' id='word_1_438' title='bbox 2824 3120 3220 3180; x_wconf 82' lang='lat' dir='ltr'><strong>resurrexisse,</strong></span> <span class='ocrx_word' id='word_1_439' title='bbox 3248 3114 3378 3167; x_wconf 90' lang='lat' dir='ltr'><strong>nul-</strong></span> 
     </span>
    </p>
   </div>
   <div class='ocr_carea' id='block_1_61' title="bbox 1789 3209 3373 3285">
    <p class='ocr_par' dir='ltr' id='par_1_61' title="bbox 1789 3209 3373 3285">
     <span class='ocr_line' id='line_1_61' title="bbox 1789 3209 3373 3285; baseline -0.008 -14"><span class='ocrx_word' id='word_1_440' title='bbox 1789 3217 2009 3285; x_wconf 90' lang='lat' dir='ltr'><strong>lamque</strong></span> <span class='ocrx_word' id='word_1_441' title='bbox 2057 3215 2176 3269; x_wconf 88' lang='lat' dir='ltr'><strong>sine</strong></span> <span class='ocrx_word' id='word_1_442' title='bbox 2222 3214 2339 3284; x_wconf 92' lang='lat' dir='ltr'><strong>ipso</strong></span> <span class='ocrx_word' id='word_1_443' title='bbox 2386 3213 2583 3268; x_wconf 89' lang='lat' dir='ltr'><strong>salutis</strong></span> <span class='ocrx_word' id='word_1_444' title='bbox 2633 3226 2787 3281; x_wconf 91' lang='lat' dir='ltr'><strong>spem</strong></span> <span class='ocrx_word' id='word_1_445' title='bbox 2839 3209 3002 3264; x_wconf 90' lang='lat' dir='ltr'><strong>nobis</strong></span> <span class='ocrx_word' id='word_1_446' title='bbox 3045 3220 3373 3277; x_wconf 85' lang='lat' dir='ltr'><strong>superesse;</strong></span> 
     </span>
    </p>
   </div>
   <div class='ocr_carea' id='block_1_62' title="bbox 110 3301 3373 3388">
    <p class='ocr_par' dir='ltr' id='par_1_62' title="bbox 110 3301 3373 3388">
     <span class='ocr_line' id='line_1_62' title="bbox 110 3301 3373 3388; baseline -0 -35"><span class='ocrx_word' id='word_1_447' title='bbox 110 3302 309 3357; x_wconf 86' lang='lat' dir='ltr'><strong>ritateiii</strong></span> <span class='ocrx_word' id='word_1_448' title='bbox 340 3303 576 3372; x_wconf 88' lang='lat' dir='ltr'><strong>hujusce</strong></span> <span class='ocrx_word' id='word_1_449' title='bbox 616 3302 921 3357; x_wconf 87' lang='lat' dir='ltr'><strong>testimonii</strong></span> <span class='ocrx_word' id='word_1_450' title='bbox 953 3303 1119 3358; x_wconf 90' lang='lat' dir='ltr'><strong>nullis</strong></span> <span class='ocrx_word' id='word_1_451' title='bbox 1156 3303 1337 3372; x_wconf 72' lang='lat' dir='ltr'><strong>impia:</strong></span> <span class='ocrx_word' id='word_1_452' title='bbox 1368 3304 1567 3359; x_wconf 88' lang='lat' dir='ltr'><strong>mentis</strong></span> <span class='ocrx_word' id='word_1_453' title='bbox 1596 3319 1685 3358; x_wconf 88' lang='lat' dir='ltr'><strong>ar-</strong></span> <span class='ocrx_word' id='word_1_454' title='bbox 1710 3334 1754 3388; x_wconf 67' lang='grc' dir='ltr'><strong>ο</strong></span> <span class='ocrx_word' id='word_1_455' title='bbox 1788 3308 2093 3379; x_wconf 89' lang='lat' dir='ltr'><strong>principem</strong></span> <span class='ocrx_word' id='word_1_456' title='bbox 2148 3322 2276 3359; x_wconf 91' lang='lat' dir='ltr'><strong>vero</strong></span> <span class='ocrx_word' id='word_1_457' title='bbox 2332 3304 2498 3371; x_wconf 88' lang='lat' dir='ltr'><strong>hujus</strong></span> <span class='ocrx_word' id='word_1_458' title='bbox 2554 3304 2743 3358; x_wconf 89' lang='lat' dir='ltr'><strong>mundi</strong></span> <span class='ocrx_word' id='word_1_459' title='bbox 2798 3301 2911 3373; x_wconf 69' lang='grc' dir='ltr'>(ὅὲ)</span> <span class='ocrx_word' id='word_1_460' title='bbox 2962 3301 3085 3371; x_wconf 85' lang='lat' dir='ltr'><strong>ejus</strong></span> <span class='ocrx_word' id='word_1_461' title='bbox 3141 3307 3373 3354; x_wconf 86' lang='lat' dir='ltr'><strong>mortem</strong></span> 
     </span>
    </p>
   </div>
   <div class='ocr_carea' id='block_1_63' title="bbox 109 3393 1679 3465">
    <p class='ocr_par' dir='ltr' id='par_1_63' title="bbox 109 3393 1679 3465">
     <span class='ocr_line' id='line_1_63' title="bbox 109 3393 1679 3465; baseline 0.003 -21"><span class='ocrx_word' id='word_1_462' title='bbox 109 3394 241 3450; x_wconf 84' lang='lat' dir='ltr'><strong>tibus</strong></span> <span class='ocrx_word' id='word_1_463' title='bbox 287 3395 596 3450; x_wconf 87' lang='lat' dir='ltr'><strong>obscurare</strong></span> <span class='ocrx_word' id='word_1_464' title='bbox 643 3404 852 3465; x_wconf 88' lang='lat' dir='ltr'><strong>posset,</strong></span> <span class='ocrx_word' id='word_1_465' title='bbox 895 3409 961 3448; x_wconf 93' lang='lat' dir='ltr'><strong>eo</strong></span> <span class='ocrx_word' id='word_1_466' title='bbox 1004 3393 1155 3448; x_wconf 84' lang='lat' dir='ltr'><strong>venit</strong></span> <span class='ocrx_word' id='word_1_467' title='bbox 1206 3393 1576 3462; x_wconf 74' lang='lat' dir='ltr'><strong>iiiipudentize,</strong></span> <span class='ocrx_word' id='word_1_468' title='bbox 1622 3403 1679 3448; x_wconf 91' lang='lat' dir='ltr'><strong>ut</strong></span> 
     </span>
    </p>
   </div>
   <div class='ocr_carea' id='block_1_64' title="bbox 108 3485 1679 3558">
    <p class='ocr_par' dir='ltr' id='par_1_64' title="bbox 108 3485 1679 3558">
     <span class='ocr_line' id='line_1_64' title="bbox 108 3485 1679 3558; baseline 0.003 -21"><span class='ocrx_word' id='word_1_469' title='bbox 108 3487 333 3542; x_wconf 84' lang='lat' dir='ltr'><strong>scribere</strong></span> <span class='ocrx_word' id='word_1_470' title='bbox 390 3502 563 3542; x_wconf 90' lang='lat' dir='ltr'><strong>ausus</strong></span> <span class='ocrx_word' id='word_1_471' title='bbox 601 3488 673 3544; x_wconf 93' lang='lat' dir='ltr'><strong>sit</strong></span> <span class='ocrx_word' id='word_1_472' title='bbox 718 3506 731 3541; x_wconf 93' lang='lat'><strong>:</strong></span> <span class='ocrx_word' id='word_1_473' title='bbox 778 3486 835 3540; x_wconf 89' lang='lat' dir='ltr'><strong>In</strong></span> <span class='ocrx_word' id='word_1_474' title='bbox 878 3486 1073 3558; x_wconf 79' lang='lat' dir='ltr'><strong>lgnatii</strong></span> <span class='ocrx_word' id='word_1_475' title='bbox 1123 3485 1373 3556; x_wconf 86' lang='lat' dir='ltr'><strong>epistolis</strong></span> <span class='ocrx_word' id='word_1_476' title='bbox 1419 3488 1679 3557; x_wconf 87' lang='lat' dir='ltr'><strong>proposi—</strong></span> 
     </span>
    </p>
   </div>
   <div class='ocr_carea' id='block_1_65' title="bbox 108 3578 1677 3650">
    <p class='ocr_par' dir='ltr' id='par_1_65' title="bbox 108 3578 1677 3650">
     <span class='ocr_line' id='line_1_65' title="bbox 108 3578 1677 3650; baseline 0.003 -21"><span class='ocrx_word' id='word_1_477' title='bbox 108 3578 272 3635; x_wconf 87' lang='lat' dir='ltr'><strong>tiones</strong></span> <span class='ocrx_word' id='word_1_478' title='bbox 311 3581 586 3650; x_wconf 91' lang='lat' dir='ltr'><strong>quasdam</strong></span> <span class='ocrx_word' id='word_1_479' title='bbox 630 3580 1014 3635; x_wconf 89' lang='lat' dir='ltr'><strong>incommodas</strong></span> <span class='ocrx_word' id='word_1_480' title='bbox 1052 3589 1106 3634; x_wconf 94' lang='lat' dir='ltr'><strong>et</strong></span> <span class='ocrx_word' id='word_1_481' title='bbox 1148 3580 1388 3634; x_wconf 85' lang='lat' dir='ltr'><strong>iiisulsas</strong></span> <span class='ocrx_word' id='word_1_482' title='bbox 1428 3581 1677 3649; x_wconf 84' lang='lat' dir='ltr'><strong>reperiri,</strong></span> 
     </span>
    </p>
   </div>
   <div class='ocr_carea' id='block_1_66' title="bbox 108 3671 1678 3741">
    <p class='ocr_par' dir='ltr' id='par_1_66' title="bbox 108 3671 1678 3741">
     <span class='ocr_line' id='line_1_66' title="bbox 108 3671 1678 3741; baseline 0 -17"><span class='ocrx_word' id='word_1_483' title='bbox 108 3686 162 3725; x_wconf 87' lang='lat' dir='ltr'><strong>ac</strong></span> <span class='ocrx_word' id='word_1_484' title='bbox 197 3674 428 3741; x_wconf 88' lang='lat' dir='ltr'><strong>proinde</strong></span> <span class='ocrx_word' id='word_1_485' title='bbox 471 3689 593 3727; x_wconf 91' lang='lat' dir='ltr'><strong>eum</strong></span> <span class='ocrx_word' id='word_1_486' title='bbox 648 3673 700 3727; x_wconf 90' lang='lat' dir='ltr'><strong>in</strong></span> <span class='ocrx_word' id='word_1_487' title='bbox 745 3688 844 3727; x_wconf 87' lang='lat' dir='ltr'><strong>sua</strong></span> <span class='ocrx_word' id='word_1_488' title='bbox 890 3671 958 3727; x_wconf 89' lang='lat' dir='ltr'><strong>de</strong></span> <span class='ocrx_word' id='word_1_489' title='bbox 994 3672 1194 3727; x_wconf 89' lang='lat' dir='ltr'><strong>Christi</strong></span> <span class='ocrx_word' id='word_1_490' title='bbox 1236 3672 1521 3727; x_wconf 82' lang='lat' dir='ltr'><strong>divinitate</strong></span> <span class='ocrx_word' id='word_1_491' title='bbox 1553 3688 1678 3727; x_wconf 85' lang='lat' dir='ltr'><strong>sen-</strong></span> 
     </span>
    </p>
   </div>
   <div class='ocr_carea' id='block_1_67' title="bbox 107 3764 1682 3838">
    <p class='ocr_par' dir='ltr' id='par_1_67' title="bbox 107 3764 1682 3838">
     <span class='ocr_line' id='line_1_67' title="bbox 107 3764 1682 3838; baseline 0.003 -22"><span class='ocrx_word' id='word_1_492' title='bbox 107 3767 259 3819; x_wconf 88' lang='lat' dir='ltr'><strong>tentia</strong></span> <span class='ocrx_word' id='word_1_493' title='bbox 298 3766 463 3821; x_wconf 84' lang='lat' dir='ltr'><strong>facile</strong></span> <span class='ocrx_word' id='word_1_494' title='bbox 508 3765 685 3836; x_wconf 86' lang='lat' dir='ltr'><strong>decipi</strong></span> <span class='ocrx_word' id='word_1_495' title='bbox 724 3766 969 3834; x_wconf 88' lang='lat' dir='ltr'><strong>potuisse</strong></span> <span class='ocrx_word' id='word_1_496' title='bbox 1013 3782 1079 3820; x_wconf 75' lang='lat' dir='ltr'><strong>ex</strong></span> <span class='ocrx_word' id='word_1_497' title='bbox 1118 3764 1415 3821; x_wconf 86' lang='lat' dir='ltr'><strong>traditione</strong></span> <span class='ocrx_word' id='word_1_498' title='bbox 1447 3765 1682 3838; x_wconf 71' lang='lat' dir='ltr'><strong>alicujus</strong></span> 
     </span>
    </p>
   </div>
   <div class='ocr_carea' id='block_1_68' title="bbox 108 3856 1680 3928">
    <p class='ocr_par' dir='ltr' id='par_1_68' title="bbox 108 3856 1680 3928">
     <span class='ocr_line' id='line_1_68' title="bbox 108 3856 1680 3928; baseline 0.003 -19"><span class='ocrx_word' id='word_1_499' title='bbox 108 3858 558 3924; x_wconf 84' lang='lat' dir='ltr'><strong>pseudo—Christi,</strong></span> <span class='ocrx_word' id='word_1_500' title='bbox 590 3866 645 3913; x_wconf 91' lang='lat' dir='ltr'><strong>et</strong></span> <span class='ocrx_word' id='word_1_501' title='bbox 672 3857 1171 3928; x_wconf 84' lang='lat' dir='ltr'><strong>pseudo-apostoli.</strong></span> <span class='ocrx_word' id='word_1_502' title='bbox 1216 3856 1321 3912; x_wconf 91' lang='lat' dir='ltr'><strong>Sed</strong></span> <span class='ocrx_word' id='word_1_503' title='bbox 1362 3858 1547 3911; x_wconf 89' lang='lat' dir='ltr'><strong>nullus</strong></span> <span class='ocrx_word' id='word_1_504' title='bbox 1580 3875 1680 3913; x_wconf 93' lang='lat' dir='ltr'><strong>un-</strong></span> 
     </span>
    </p>
   </div>
   <div class='ocr_carea' id='block_1_69' title="bbox 106 3949 1677 4021">
    <p class='ocr_par' dir='ltr' id='par_1_69' title="bbox 106 3949 1677 4021">
     <span class='ocr_line' id='line_1_69' title="bbox 106 3949 1677 4021; baseline 0.002 -20"><span class='ocrx_word' id='word_1_505' title='bbox 106 3965 254 4017; x_wconf 84' lang='lat' dir='ltr'><strong>quam</strong></span> <span class='ocrx_word' id='word_1_506' title='bbox 301 3952 357 4005; x_wconf 89' lang='lat' dir='ltr'><strong>in</strong></span> <span class='ocrx_word' id='word_1_507' title='bbox 390 3950 691 4021; x_wconf 79' lang='lat' dir='ltr'><strong>lgnatianis</strong></span> <span class='ocrx_word' id='word_1_508' title='bbox 720 3950 971 4020; x_wconf 90' lang='lat' dir='ltr'><strong>epistolis</strong></span> <span class='ocrx_word' id='word_1_509' title='bbox 1016 3949 1422 4005; x_wconf 89' lang='lat' dir='ltr'><strong>incommodam</strong></span> <span class='ocrx_word' id='word_1_510' title='bbox 1462 3959 1560 4004; x_wconf 91' lang='lat' dir='ltr'><strong>aut</strong></span> <span class='ocrx_word' id='word_1_511' title='bbox 1591 3952 1677 4005; x_wconf 80' lang='lat' dir='ltr'><strong>in-</strong></span> 
     </span>
    </p>
   </div>
   <div class='ocr_carea' id='block_1_70' title="bbox 112 4066 1682 4145">
    <p class='ocr_par' dir='ltr' id='par_1_70' title="bbox 112 4066 1682 4145">
     <span class='ocr_line' id='line_1_70' title="bbox 112 4066 1682 4145; baseline 0.004 -25"><span class='ocrx_word' id='word_1_512' title='bbox 112 4133 130 4145; x_wconf 84' lang='lat'>_</span> <span class='ocrx_word' id='word_1_513' title='bbox 170 4066 374 4145; x_wconf 63' lang='lat' dir='ltr'><strong>(49)__&#39;_O</strong></span> <span class='ocrx_word' id='word_1_514' title='bbox 407 4069 520 4140; x_wconf 84' lang='grc' dir='ltr'><strong>γὰρ</strong></span> <span class='ocrx_word' id='word_1_515' title='bbox 546 4067 685 4145; x_wconf 61' lang='grc' dir='ltr'><strong>θεὸς</strong></span> <span class='ocrx_word' id='word_1_516' title='bbox 714 4067 872 4145; x_wconf 40' lang='grc' dir='ltr'><strong>ἠδέ-ῶν</strong></span> <span class='ocrx_word' id='word_1_517' title='bbox 910 4068 1117 4145; x_wconf 55' lang='grc' dir='ltr'><strong>Ἰησοῇς</strong></span> <span class='ocrx_word' id='word_1_518' title='bbox 1150 4068 1392 4145; x_wconf 57' lang='grc' dir='ltr'><strong>Χριστὸς</strong></span> <span class='ocrx_word' id='word_1_519' title='bbox 1419 4071 1477 4145; x_wconf 68' lang='grc' dir='ltr'><strong>ἐν</strong></span> <span class='ocrx_word' id='word_1_520' title='bbox 1504 4072 1682 4143; x_wconf 77' lang='grc' dir='ltr'><strong>Πατρ).</strong></span> 
     </span>
    </p>
   </div>
   <div class='ocr_carea' id='block_1_71' title="bbox 105 4138 1683 4216">
    <p class='ocr_par' dir='ltr' id='par_1_71' title="bbox 105 4138 1683 4216">
     <span class='ocr_line' id='line_1_71' title="bbox 105 4138 1683 4216; baseline 0.008 -32"><span class='ocrx_word' id='word_1_521' title='bbox 105 4138 188 4216; x_wconf 65' lang='grc' dir='ltr'><strong>ᾧν3</strong></span> <span class='ocrx_word' id='word_1_522' title='bbox 221 4138 426 4216; x_wconf 69' lang='grc' dir='ltr'>μᾶλλον</span> <span class='ocrx_word' id='word_1_523' title='bbox 460 4138 936 4216; x_wconf 26' lang='grc' dir='ltr'><strong>φᾳίνετᾳιέίῌρίξι.</strong></span> <span class='ocrx_word' id='word_1_524' title='bbox 973 4138 1039 4216; x_wconf 82' lang='lat' dir='ltr'><strong>ad</strong></span> <span class='ocrx_word' id='word_1_525' title='bbox 1063 4138 1249 4201; x_wconf 54' lang='lat' dir='ltr'><strong>Rom},</strong></span> <span class='ocrx_word' id='word_1_526' title='bbox 1280 4157 1340 4216; x_wconf 30' lang='grc' dir='ltr'><strong>ο.-</strong></span> <span class='ocrx_word' id='word_1_527' title='bbox 1362 4143 1414 4195; x_wconf 82' lang='grc'><strong>5.</strong></span> <span class='ocrx_word' id='word_1_528' title='bbox 1439 4141 1503 4216; x_wconf 87' lang='lat' dir='ltr'><strong>_ln</strong></span> <span class='ocrx_word' id='word_1_529' title='bbox 1534 4138 1683 4196; x_wconf 78' lang='lat' dir='ltr'><strong>salu-</strong></span> 
     </span>
    </p>
   </div>
   <div class='ocr_carea' id='block_1_72' title="bbox 106 4209 1691 4279">
    <p class='ocr_par' dir='ltr' id='par_1_72' title="bbox 106 4209 1691 4279">
     <span class='ocr_line' id='line_1_72' title="bbox 106 4209 1691 4279; baseline 0.006 -21"><span class='ocrx_word' id='word_1_530' title='bbox 106 4209 293 4279; x_wconf 77' lang='lat' dir='ltr'><strong>tatione</strong></span> <span class='ocrx_word' id='word_1_531' title='bbox 328 4210 581 4277; x_wconf 76' lang='lat' dir='ltr'><strong>epistola:</strong></span> <span class='ocrx_word' id='word_1_532' title='bbox 609 4212 674 4264; x_wconf 89' lang='lat' dir='ltr'><strong>ad</strong></span> <span class='ocrx_word' id='word_1_533' title='bbox 702 4209 992 4279; x_wconf 86' lang='lat' dir='ltr'><strong>Ephesios,</strong></span> <span class='ocrx_word' id='word_1_534' title='bbox 1021 4211 1164 4279; x_wconf 79' lang='lat' dir='ltr'><strong>ipsos</strong></span> <span class='ocrx_word' id='word_1_535' title='bbox 1198 4211 1615 4279; x_wconf 63' lang='lat' dir='ltr'><strong>praedestinatos</strong></span> <span class='ocrx_word' id='word_1_536' title='bbox 1636 4223 1691 4267; x_wconf 86' lang='lat' dir='ltr'><strong>et</strong></span> 
     </span>
    </p>
   </div>
   <div class='ocr_carea' id='block_1_73' title="bbox 108 4277 1687 4352">
    <p class='ocr_par' dir='ltr' id='par_1_73' title="bbox 108 4277 1687 4352">
     <span class='ocr_line' id='line_1_73' title="bbox 108 4277 1687 4352; baseline 0.004 -23"><span class='ocrx_word' id='word_1_537' title='bbox 108 4277 480 4352; x_wconf 50' lang='lat' dir='ltr'><strong>eiectos_dicit</strong></span> <span class='ocrx_word' id='word_1_538' title='bbox 505 4297 538 4352; x_wconf 24' lang='lat'><strong>:4</strong></span> <span class='ocrx_word' id='word_1_539' title='bbox 562 4281 651 4352; x_wconf 79' lang='grc' dir='ltr'>Ἐν</span> <span class='ocrx_word' id='word_1_540' title='bbox 699 4277 1092 4352; x_wconf 32' lang='lat' dir='ltr'><strong>assumens</strong></span> <span class='ocrx_word' id='word_1_541' title='bbox 1125 4277 1342 4352; x_wconf 70' lang='grc' dir='ltr'><strong>Πάτρὸς</strong></span> <span class='ocrx_word' id='word_1_542' title='bbox 1371 4282 1465 4335; x_wconf 76' lang='grc' dir='ltr'>καὶ</span> <span class='ocrx_word' id='word_1_543' title='bbox 1512 4283 1687 4352; x_wconf 76' lang='grc' dir='ltr'><strong>Ἰησοῦ</strong></span> 
     </span>
    </p>
   </div>
   <div class='ocr_carea' id='block_1_74' title="bbox 105 4346 1685 4422">
    <p class='ocr_par' dir='ltr' id='par_1_74' title="bbox 105 4346 1685 4422">
     <span class='ocr_line' id='line_1_74' title="bbox 105 4346 1685 4422; baseline 0.007 -24"><span class='ocrx_word' id='word_1_544' title='bbox 105 4346 467 4422; x_wconf 49' lang='lat' dir='ltr'><strong>aptam-350s</strong></span> <span class='ocrx_word' id='word_1_545' title='bbox 509 4350 646 4404; x_wconf 76' lang='grc' dir='ltr'>Θεοῦ</span> <span class='ocrx_word' id='word_1_546' title='bbox 680 4346 885 4422; x_wconf 68' lang='grc' dir='ltr'>ήμῷνε</span> <span class='ocrx_word' id='word_1_547' title='bbox 919 4346 1435 4422; x_wconf 66' lang='grc' dir='ltr'><strong>Νυιυηι-οιθῬειινὶε</strong></span> <span class='ocrx_word' id='word_1_548' title='bbox 1468 4364 1523 4406; x_wconf 88' lang='lat' dir='ltr'><strong>et</strong></span> <span class='ocrx_word' id='word_1_549' title='bbox 1556 4346 1685 4409; x_wconf 78' lang='lat' dir='ltr'><strong>Jesu</strong></span> 
     </span>
    </p>
   </div>
   <div class='ocr_carea' id='block_1_75' title="bbox 108 4416 1682 4488">
    <p class='ocr_par' dir='ltr' id='par_1_75' title="bbox 108 4416 1682 4488">
     <span class='ocr_line' id='line_1_75' title="bbox 108 4416 1682 4488; baseline 0.004 -19"><span class='ocrx_word' id='word_1_550' title='bbox 108 4416 296 4488; x_wconf 54' lang='lat' dir='ltr'><strong>Christi</strong></span> <span class='ocrx_word' id='word_1_551' title='bbox 340 4420 439 4475; x_wconf 90' lang='lat' dir='ltr'><strong>Dei</strong></span> <span class='ocrx_word' id='word_1_552' title='bbox 481 4423 674 4477; x_wconf 89' lang='lat' dir='ltr'><strong>nostri.</strong></span> <span class='ocrx_word' id='word_1_553' title='bbox 703 4416 737 4473; x_wconf 74' lang='grc' dir='ltr'><strong>ἰ’</strong></span> <span class='ocrx_word' id='word_1_554' title='bbox 788 4420 844 4475; x_wconf 90' lang='lat' dir='ltr'><strong>ln</strong></span> <span class='ocrx_word' id='word_1_555' title='bbox 890 4423 1055 4488; x_wconf 89' lang='lat' dir='ltr'><strong>epist.</strong></span> <span class='ocrx_word' id='word_1_556' title='bbox 1094 4422 1162 4476; x_wconf 92' lang='lat' dir='ltr'><strong>ad</strong></span> <span class='ocrx_word' id='word_1_557' title='bbox 1186 4421 1370 4483; x_wconf 49' lang='lat' dir='ltr'><strong>Rom&quot;</strong></span> <span class='ocrx_word' id='word_1_558' title='bbox 1407 4440 1455 4477; x_wconf 90' lang='lat' dir='ltr'><strong>c.</strong></span> <span class='ocrx_word' id='word_1_559' title='bbox 1486 4424 1539 4487; x_wconf 73' lang='grc' dir='ltr'><strong>ϐ,</strong></span> <span class='ocrx_word' id='word_1_560' title='bbox 1572 4426 1682 4477; x_wconf 87' lang='lat' dir='ltr'><strong>ait:</strong></span> 
     </span>
    </p>
   </div>
   <div class='ocr_carea' id='block_1_76' title="bbox 119 4485 1685 4563">
    <p class='ocr_par' dir='ltr' id='par_1_76' title="bbox 119 4485 1685 4563">
     <span class='ocr_line' id='line_1_76' title="bbox 119 4485 1685 4563; baseline 0.005 -24"><span class='ocrx_word' id='word_1_561' title='bbox 119 4485 471 4563; x_wconf 69' lang='grc' dir='ltr'><strong>Ἐπιτρέψατὲ</strong></span> <span class='ocrx_word' id='word_1_562' title='bbox 501 4509 590 4562; x_wconf 86' lang='grc' dir='ltr'><strong>μοι</strong></span> <span class='ocrx_word' id='word_1_563' title='bbox 619 4492 862 4563; x_wconf 75' lang='grc' dir='ltr'><strong>μιμητὴν</strong></span> <span class='ocrx_word' id='word_1_564' title='bbox 894 4485 1031 4547; x_wconf 73' lang='grc' dir='ltr'>εἶναι</span> <span class='ocrx_word' id='word_1_565' title='bbox 1065 4493 1157 4546; x_wconf 80' lang='grc' dir='ltr'><strong>τοῦ</strong></span> <span class='ocrx_word' id='word_1_566' title='bbox 1192 4492 1399 4555; x_wconf 79' lang='grc' dir='ltr'>πάθους</span> <span class='ocrx_word' id='word_1_567' title='bbox 1427 4485 1685 4547; x_wconf 22' lang='grc' dir='ltr'><strong>τοῦνθεοῦ</strong></span> 
     </span>
    </p>
   </div>
   <div class='ocr_carea' id='block_1_77' title="bbox 1786 3394 3371 3467">
    <p class='ocr_par' dir='ltr' id='par_1_77' title="bbox 1786 3394 3371 3467">
     <span class='ocr_line' id='line_1_77' title="bbox 1786 3394 3371 3467; baseline -0.008 -11"><span class='ocrx_word' id='word_1_568' title='bbox 1786 3401 1935 3456; x_wconf 88' lang='lat' dir='ltr'><strong>velut</strong></span> <span class='ocrx_word' id='word_1_569' title='bbox 1960 3410 2015 3454; x_wconf 93' lang='lat' dir='ltr'><strong>et</strong></span> <span class='ocrx_word' id='word_1_570' title='bbox 2041 3397 2229 3453; x_wconf 82' lang='lat' dir='ltr'><strong>Mariae</strong></span> <span class='ocrx_word' id='word_1_571' title='bbox 2260 3397 2630 3467; x_wconf 77' lang='lat' dir='ltr'><strong>virginitatem</strong></span> <span class='ocrx_word' id='word_1_572' title='bbox 2670 3410 2734 3450; x_wconf 92' lang='lat' dir='ltr'><strong>ac</strong></span> <span class='ocrx_word' id='word_1_573' title='bbox 2760 3405 2980 3465; x_wconf 91' lang='lat' dir='ltr'><strong>partum</strong></span> <span class='ocrx_word' id='word_1_574' title='bbox 3014 3394 3318 3465; x_wconf 82' lang='lat' dir='ltr'><strong>ignorasse.</strong></span> <span class='ocrx_word' id='word_1_575' title='bbox 3348 3408 3371 3443; x_wconf 71' lang='grc' dir='ltr'><strong><em>ι</em></strong></span> 
     </span>
    </p>
   </div>
   <div class='ocr_carea' id='block_1_78' title="bbox 1858 3482 3371 3555">
    <p class='ocr_par' dir='ltr' id='par_1_78' title="bbox 1858 3482 3371 3555">
     <span class='ocr_line' id='line_1_78' title="bbox 1858 3482 3371 3555; baseline -0.005 -13"><span class='ocrx_word' id='word_1_576' title='bbox 1858 3487 2135 3543; x_wconf 89' lang='lat' dir='ltr'><strong>Unitatem</strong></span> <span class='ocrx_word' id='word_1_577' title='bbox 2168 3502 2417 3555; x_wconf 60' lang='lat' dir='ltr'><strong>persona).</strong></span> <span class='ocrx_word' id='word_1_578' title='bbox 2462 3487 2518 3540; x_wconf 92' lang='lat' dir='ltr'><strong>in</strong></span> <span class='ocrx_word' id='word_1_579' title='bbox 2562 3488 2742 3554; x_wconf 89' lang='lat' dir='ltr'><strong>specie</strong></span> <span class='ocrx_word' id='word_1_580' title='bbox 2777 3486 3009 3553; x_wconf 90' lang='lat' dir='ltr'><strong>probant</strong></span> <span class='ocrx_word' id='word_1_581' title='bbox 3050 3484 3141 3537; x_wconf 90' lang='lat' dir='ltr'><strong>illa</strong></span> <span class='ocrx_word' id='word_1_582' title='bbox 3175 3482 3371 3552; x_wconf 83' lang='lat' dir='ltr'><strong>lgnatii</strong></span> 
     </span>
    </p>
   </div>
   <div class='ocr_carea' id='block_1_79' title="bbox 1785 3579 3363 3654">
    <p class='ocr_par' dir='ltr' id='par_1_79' title="bbox 1785 3579 3363 3654">
     <span class='ocr_line' id='line_1_79' title="bbox 1785 3579 3363 3654; baseline -0.003 -16"><span class='ocrx_word' id='word_1_583' title='bbox 1785 3585 1951 3638; x_wconf 89' lang='lat' dir='ltr'><strong>verba</strong></span> <span class='ocrx_word' id='word_1_584' title='bbox 1981 3583 2049 3638; x_wconf 91' lang='lat' dir='ltr'><strong>ad</strong></span> <span class='ocrx_word' id='word_1_585' title='bbox 2078 3581 2461 3654; x_wconf 80' lang='lat' dir='ltr'><strong>Maguesiauos</strong></span> <span class='ocrx_word' id='word_1_586' title='bbox 2492 3580 2606 3651; x_wconf 76' lang='lat'><strong>(53)</strong></span> <span class='ocrx_word' id='word_1_587' title='bbox 2631 3596 2645 3633; x_wconf 89' lang='lat'><strong>:</strong></span> <span class='ocrx_word' id='word_1_588' title='bbox 2688 3600 2706 3633; x_wconf 78' lang='grc' dir='ltr'>ι</span> <span class='ocrx_word' id='word_1_589' title='bbox 2747 3579 2953 3635; x_wconf 85' lang='lat' dir='ltr'><strong>Omnes</strong></span> <span class='ocrx_word' id='word_1_590' title='bbox 2977 3579 3363 3635; x_wconf 85' lang='lat' dir='ltr'><strong>concurrite...</strong></span> 
     </span>
    </p>
   </div>
   <div class='ocr_carea' id='block_1_80' title="bbox 1784 3669 3377 3741">
    <p class='ocr_par' dir='ltr' id='par_1_80' title="bbox 1784 3669 3377 3741">
     <span class='ocr_line' id='line_1_80' title="bbox 1784 3669 3377 3741; baseline -0.002 -13"><span class='ocrx_word' id='word_1_591' title='bbox 1784 3675 2023 3730; x_wconf 74' lang='lat' dir='ltr'><strong>velutad</strong></span> <span class='ocrx_word' id='word_1_592' title='bbox 2052 3690 2220 3727; x_wconf 89' lang='lat' dir='ltr'><strong>unum</strong></span> <span class='ocrx_word' id='word_1_593' title='bbox 2244 3670 2435 3727; x_wconf 84' lang='lat' dir='ltr'><strong>Jesum</strong></span> <span class='ocrx_word' id='word_1_594' title='bbox 2468 3672 2775 3739; x_wconf 83' lang='lat' dir='ltr'><strong>Christum,</strong></span> <span class='ocrx_word' id='word_1_595' title='bbox 2805 3673 2898 3741; x_wconf 88' lang='lat' dir='ltr'><strong>qui</strong></span> <span class='ocrx_word' id='word_1_596' title='bbox 2942 3682 2994 3725; x_wconf 90' lang='lat' dir='ltr'><strong>et</strong></span> <span class='ocrx_word' id='word_1_597' title='bbox 3032 3671 3101 3725; x_wconf 91' lang='lat' dir='ltr'><strong>ab</strong></span> <span class='ocrx_word' id='word_1_598' title='bbox 3131 3686 3242 3725; x_wconf 93' lang='lat' dir='ltr'><strong>uno</strong></span> <span class='ocrx_word' id='word_1_599' title='bbox 3274 3669 3377 3725; x_wconf 85' lang='lat' dir='ltr'><strong>Pa-</strong></span> 
     </span>
    </p>
   </div>
   <div class='ocr_carea' id='block_1_81' title="bbox 1786 3763 3377 3838">
    <p class='ocr_par' dir='ltr' id='par_1_81' title="bbox 1786 3763 3377 3838">
     <span class='ocr_line' id='line_1_81' title="bbox 1786 3763 3377 3838; baseline -0.004 -15"><span class='ocrx_word' id='word_1_600' title='bbox 1786 3777 1872 3824; x_wconf 89' lang='lat' dir='ltr'><strong>tre</strong></span> <span class='ocrx_word' id='word_1_601' title='bbox 1913 3768 2112 3838; x_wconf 86' lang='lat' dir='ltr'><strong>prodit,</strong></span> <span class='ocrx_word' id='word_1_602' title='bbox 2144 3776 2199 3821; x_wconf 92' lang='lat' dir='ltr'><strong>et</strong></span> <span class='ocrx_word' id='word_1_603' title='bbox 2228 3766 2283 3819; x_wconf 91' lang='lat' dir='ltr'><strong>in</strong></span> <span class='ocrx_word' id='word_1_604' title='bbox 2318 3780 2429 3820; x_wconf 91' lang='lat' dir='ltr'><strong>uno</strong></span> <span class='ocrx_word' id='word_1_605' title='bbox 2462 3765 2700 3831; x_wconf 79' lang='lat' dir='ltr'><strong>exsistit,</strong></span> <span class='ocrx_word' id='word_1_606' title='bbox 2732 3773 2787 3819; x_wconf 89' lang='lat' dir='ltr'><strong>et</strong></span> <span class='ocrx_word' id='word_1_607' title='bbox 2831 3766 2884 3818; x_wconf 91' lang='lat' dir='ltr'><strong>in</strong></span> <span class='ocrx_word' id='word_1_608' title='bbox 2927 3780 3098 3819; x_wconf 89' lang='lat' dir='ltr'><strong>unum</strong></span> <span class='ocrx_word' id='word_1_609' title='bbox 3150 3763 3377 3818; x_wconf 85' lang='lat' dir='ltr'><strong>reverti-</strong></span> 
     </span>
    </p>
   </div>
   <div class='ocr_carea' id='block_1_82' title="bbox 1788 3856 3375 3929">
    <p class='ocr_par' dir='ltr' id='par_1_82' title="bbox 1788 3856 3375 3929">
     <span class='ocr_line' id='line_1_82' title="bbox 1788 3856 3375 3929; baseline -0.004 -12"><span class='ocrx_word' id='word_1_610' title='bbox 1788 3870 1896 3917; x_wconf 86' lang='lat' dir='ltr'><strong>tur.</strong></span> <span class='ocrx_word' id='word_1_611' title='bbox 1930 3881 1949 3913; x_wconf 73' lang='grc' dir='ltr'><strong><em>ι</em></strong></span> <span class='ocrx_word' id='word_1_612' title='bbox 1980 3860 2128 3915; x_wconf 92' lang='lat' dir='ltr'><strong>Duas</strong></span> <span class='ocrx_word' id='word_1_613' title='bbox 2159 3859 2362 3929; x_wconf 90' lang='lat' dir='ltr'><strong>ubique</strong></span> <span class='ocrx_word' id='word_1_614' title='bbox 2389 3856 2521 3913; x_wconf 83' lang='lat' dir='ltr'><strong>Jesu</strong></span> <span class='ocrx_word' id='word_1_615' title='bbox 2556 3858 2761 3912; x_wconf 82' lang='lat' dir='ltr'><strong>Christi</strong></span> <span class='ocrx_word' id='word_1_616' title='bbox 2792 3867 3020 3912; x_wconf 89' lang='lat' dir='ltr'><strong>naturas</strong></span> <span class='ocrx_word' id='word_1_617' title='bbox 3049 3857 3125 3911; x_wconf 78' lang='lat' dir='ltr'><strong>ita</strong></span> <span class='ocrx_word' id='word_1_618' title='bbox 3159 3870 3375 3915; x_wconf 85' lang='lat' dir='ltr'><strong>memo-</strong></span> 
     </span>
    </p>
   </div>
   <div class='ocr_carea' id='block_1_83' title="bbox 1786 3950 3376 4024">
    <p class='ocr_par' dir='ltr' id='par_1_83' title="bbox 1786 3950 3376 4024">
     <span class='ocr_line' id='line_1_83' title="bbox 1786 3950 3376 4024; baseline -0.003 -15"><span class='ocrx_word' id='word_1_619' title='bbox 1786 3962 1872 4009; x_wconf 87' lang='lat' dir='ltr'><strong>rat</strong></span> <span class='ocrx_word' id='word_1_620' title='bbox 1897 3952 2009 4024; x_wconf 75' lang='grc'>(54)</span> <span class='ocrx_word' id='word_1_621' title='bbox 2033 3962 2093 4008; x_wconf 89' lang='lat' dir='ltr'><strong>ut</strong></span> <span class='ocrx_word' id='word_1_622' title='bbox 2119 3968 2214 4007; x_wconf 86' lang='lat' dir='ltr'><strong>eas</strong></span> <span class='ocrx_word' id='word_1_623' title='bbox 2238 3966 2432 4021; x_wconf 86' lang='lat' dir='ltr'><strong>reapse</strong></span> <span class='ocrx_word' id='word_1_624' title='bbox 2458 3952 2597 4005; x_wconf 89' lang='lat' dir='ltr'><strong>inter</strong></span> <span class='ocrx_word' id='word_1_625' title='bbox 2628 3966 2688 4006; x_wconf 90' lang='lat' dir='ltr'><strong>se</strong></span> <span class='ocrx_word' id='word_1_626' title='bbox 2711 3950 3003 4005; x_wconf 87' lang='lat' dir='ltr'><strong>distinctas</strong></span> <span class='ocrx_word' id='word_1_627' title='bbox 3024 3965 3167 4017; x_wconf 88' lang='lat' dir='ltr'><strong>esse,</strong></span> <span class='ocrx_word' id='word_1_628' title='bbox 3194 3963 3376 4020; x_wconf 87' lang='lat' dir='ltr'><strong>neque</strong></span> 
     </span>
    </p>
   </div>
   <div class='ocr_carea' id='block_1_84' title="bbox 1792 4070 3375 4142">
    <p class='ocr_par' dir='ltr' id='par_1_84' title="bbox 1792 4070 3375 4142">
     <span class='ocr_line' id='line_1_84' title="bbox 1792 4070 3375 4142; baseline -0.003 -15"><span class='ocrx_word' id='word_1_629' title='bbox 1792 4083 2027 4129; x_wconf 84' lang='lat' dir='ltr'><strong>mentem</strong></span> <span class='ocrx_word' id='word_1_630' title='bbox 2078 4071 2361 4142; x_wconf 79' lang='lat' dir='ltr'><strong>D.Ignatii</strong></span> <span class='ocrx_word' id='word_1_631' title='bbox 2401 4072 2607 4140; x_wconf 89' lang='lat' dir='ltr'><strong>optime</strong></span> <span class='ocrx_word' id='word_1_632' title='bbox 2654 4072 2945 4141; x_wconf 79' lang='lat' dir='ltr'><strong>expressit,</strong></span> <span class='ocrx_word' id='word_1_633' title='bbox 2974 4070 3375 4142; x_wconf 83' lang='lat' dir='ltr'><strong>simulquevo-</strong></span> 
     </span>
    </p>
   </div>
   <div class='ocr_carea' id='block_1_85' title="bbox 1791 4141 3377 4215">
    <p class='ocr_par' dir='ltr' id='par_1_85' title="bbox 1791 4141 3377 4215">
     <span class='ocr_line' id='line_1_85' title="bbox 1791 4141 3377 4215; baseline -0.001 -18"><span class='ocrx_word' id='word_1_634' title='bbox 1791 4146 1871 4199; x_wconf 88' lang='lat' dir='ltr'><strong>cis</strong></span> <span class='ocrx_word' id='word_1_635' title='bbox 1910 4145 2174 4215; x_wconf 78' lang='grc' dir='ltr'><strong>ἀγένητος</strong></span> <span class='ocrx_word' id='word_1_636' title='bbox 2196 4141 2329 4197; x_wconf 21' lang='lat' dir='ltr'><strong>isch</strong></span> <span class='ocrx_word' id='word_1_637' title='bbox 2373 4144 2699 4213; x_wconf 80' lang='grc' dir='ltr'><strong>ἀγέννητος,</strong></span> <span class='ocrx_word' id='word_1_638' title='bbox 2747 4154 2910 4215; x_wconf 85' lang='lat' dir='ltr'><strong>prout</strong></span> <span class='ocrx_word' id='word_1_639' title='bbox 2942 4159 3003 4195; x_wconf 91' lang='lat' dir='ltr'><strong>ea</strong></span> <span class='ocrx_word' id='word_1_640' title='bbox 3038 4157 3067 4194; x_wconf 92' lang='lat' dir='ltr'><strong>a</strong></span> <span class='ocrx_word' id='word_1_641' title='bbox 3101 4141 3377 4196; x_wconf 90' lang='lat' dir='ltr'><strong>veteribus</strong></span> 
     </span>
    </p>
   </div>
   <div class='ocr_carea' id='block_1_86' title="bbox 1793 4213 3376 4285">
    <p class='ocr_par' dir='ltr' id='par_1_86' title="bbox 1793 4213 3376 4285">
     <span class='ocr_line' id='line_1_86' title="bbox 1793 4213 3376 4285; baseline -0.004 -16"><span class='ocrx_word' id='word_1_642' title='bbox 1793 4213 2321 4285; x_wconf 17' lang='lat' dir='ltr'><strong>usurpatu&#39;ilegitur,</strong></span> <span class='ocrx_word' id='word_1_643' title='bbox 2368 4214 2644 4285; x_wconf 86' lang='lat' dir='ltr'><strong>duplicem</strong></span> <span class='ocrx_word' id='word_1_644' title='bbox 2695 4213 3069 4285; x_wconf 85' lang='lat' dir='ltr'><strong>acceptionem</strong></span> <span class='ocrx_word' id='word_1_645' title='bbox 3118 4220 3376 4285; x_wconf 77' lang='lat' dir='ltr'><strong>accurate</strong></span> 
     </span>
    </p>
   </div>
   <div class='ocr_carea' id='block_1_87' title="bbox 1787 4281 3377 4353">
    <p class='ocr_par' dir='ltr' id='par_1_87' title="bbox 1787 4281 3377 4353">
     <span class='ocr_line' id='line_1_87' title="bbox 1787 4281 3377 4353; baseline -0.002 -13"><span class='ocrx_word' id='word_1_646' title='bbox 1787 4281 2038 4340; x_wconf 78' lang='lat' dir='ltr'><strong>distinxit</strong></span> <span class='ocrx_word' id='word_1_647' title='bbox 2080 4281 2551 4351; x_wconf 47' lang='lat' dir='ltr'><strong>MIAthanasius,</strong></span> <span class='ocrx_word' id='word_1_648' title='bbox 2579 4299 2743 4353; x_wconf 90' lang='lat' dir='ltr'><strong>quem</strong></span> <span class='ocrx_word' id='word_1_649' title='bbox 2775 4281 3005 4338; x_wconf 85' lang='lat' dir='ltr'><strong>consule</strong></span> <span class='ocrx_word' id='word_1_650' title='bbox 3045 4284 3101 4336; x_wconf 90' lang='lat' dir='ltr'><strong>in</strong></span> <span class='ocrx_word' id='word_1_651' title='bbox 3128 4282 3273 4336; x_wconf 91' lang='lat' dir='ltr'><strong>libro</strong></span> <span class='ocrx_word' id='word_1_652' title='bbox 3299 4281 3377 4337; x_wconf 70' lang='lat' dir='ltr'><strong>Dc</strong></span> 
     </span>
    </p>
   </div>
   <div class='ocr_carea' id='block_1_88' title="bbox 1785 4354 2517 4425">
    <p class='ocr_par' dir='ltr' id='par_1_88' title="bbox 1785 4354 2517 4425">
     <span class='ocr_line' id='line_1_88' title="bbox 1785 4354 2517 4425; baseline -0.004 -15"><span class='ocrx_word' id='word_1_653' title='bbox 1785 4356 2025 4425; x_wconf 77' lang='lat' dir='ltr'><strong>syiiodis,</strong></span> <span class='ocrx_word' id='word_1_654' title='bbox 2065 4366 2195 4409; x_wconf 87' lang='lat' dir='ltr'><strong>toni.</strong></span> <span class='ocrx_word' id='word_1_655' title='bbox 2231 4355 2269 4419; x_wconf 94' lang='lat' dir='ltr'><strong>I,</strong></span> <span class='ocrx_word' id='word_1_656' title='bbox 2309 4371 2361 4425; x_wconf 89' lang='lat' dir='ltr'><strong>p.</strong></span> <span class='ocrx_word' id='word_1_657' title='bbox 2391 4354 2517 4408; x_wconf 66' lang='lat'><strong>99:2.</strong></span> 
     </span>
    </p>
   </div>
   <div class='ocr_carea' id='block_1_89' title="bbox 1860 4422 3374 4496">
    <p class='ocr_par' dir='ltr' id='par_1_89' title="bbox 1860 4422 3374 4496">
     <span class='ocr_line' id='line_1_89' title="bbox 1860 4422 3374 4496; baseline -0.002 -16"><span class='ocrx_word' id='word_1_658' title='bbox 1860 4428 1973 4496; x_wconf 81' lang='grc'>(51)</span> <span class='ocrx_word' id='word_1_659' title='bbox 2005 4446 2022 4476; x_wconf 76' lang='grc' dir='ltr'>ι</span> <span class='ocrx_word' id='word_1_660' title='bbox 2045 4422 2494 4496; x_wconf 54' lang='grc' dir='ltr'><strong>Οὓιιιωιεόυξθε</strong></span> <span class='ocrx_word' id='word_1_661' title='bbox 2516 4434 2745 4487; x_wconf 88' lang='lat' dir='ltr'><strong>vestras,</strong></span> <span class='ocrx_word' id='word_1_662' title='bbox 2767 4438 2897 4496; x_wconf 83' lang='lat' dir='ltr'><strong>cum</strong></span> <span class='ocrx_word' id='word_1_663' title='bbox 2921 4422 3077 4477; x_wconf 91' lang='lat' dir='ltr'><strong>vobis</strong></span> <span class='ocrx_word' id='word_1_664' title='bbox 3099 4422 3374 4496; x_wconf 71' lang='lat' dir='ltr'><strong>quispiam</strong></span> 
     </span>
    </p>
   </div>
   <div class='ocr_carea' id='block_1_90' title="bbox 1784 4491 3372 4565">
    <p class='ocr_par' dir='ltr' id='par_1_90' title="bbox 1784 4491 3372 4565">
     <span class='ocr_line' id='line_1_90' title="bbox 1784 4491 3372 4565; baseline -0.002 -15"><span class='ocrx_word' id='word_1_665' title='bbox 1784 4491 2031 4565; x_wconf 80' lang='lat' dir='ltr'><strong>loquitur</strong></span> <span class='ocrx_word' id='word_1_666' title='bbox 2071 4499 2190 4550; x_wconf 82' lang='lat' dir='ltr'><strong>sine</strong></span> <span class='ocrx_word' id='word_1_667' title='bbox 2225 4495 2354 4550; x_wconf 86' lang='lat' dir='ltr'><strong>Jesu</strong></span> <span class='ocrx_word' id='word_1_668' title='bbox 2385 4494 2641 4557; x_wconf 83' lang='lat' dir='ltr'><strong>Christo,</strong></span> <span class='ocrx_word' id='word_1_669' title='bbox 2686 4495 2778 4562; x_wconf 90' lang='lat' dir='ltr'><strong>qui</strong></span> <span class='ocrx_word' id='word_1_670' title='bbox 2814 4509 2881 4546; x_wconf 79' lang='lat' dir='ltr'><strong>ex</strong></span> <span class='ocrx_word' id='word_1_671' title='bbox 2903 4491 3372 4565; x_wconf 14' lang='lat' dir='ltr'><strong>genere‘Davidis,</strong></span> 
     </span>
    </p>
   </div>
   <div class='ocr_carea' id='block_1_91' title="bbox 150 4562 3375 4653">
    <p class='ocr_par' dir='ltr' id='par_1_91' title="bbox 150 4562 3375 4653">
     <span class='ocr_line' id='line_1_91' title="bbox 150 4562 3375 4653; baseline 0.001 -40"><span class='ocrx_word' id='word_1_672' title='bbox 150 4562 1137 4653; x_wconf 40' lang='lat' dir='ltr'><strong>Conceditemiliiliigitatoremesse</strong></span> <span class='ocrx_word' id='word_1_673' title='bbox 1158 4565 1417 4653; x_wconf 51' lang='lat' dir='ltr'><strong>palssioiiis</strong></span> <span class='ocrx_word' id='word_1_674' title='bbox 1442 4564 1536 4617; x_wconf 73' lang='lat' dir='ltr'><strong>Dei”</strong></span> <span class='ocrx_word' id='word_1_675' title='bbox 1560 4567 1682 4653; x_wconf 48' lang='lat' dir='ltr'><strong>i&#39;im&#39;.</strong></span> <span class='ocrx_word' id='word_1_676' title='bbox 1715 4599 1761 4653; x_wconf 63' lang='grc' dir='ltr'><strong>Β</strong></span> <span class='ocrx_word' id='word_1_677' title='bbox 1788 4562 1881 4641; x_wconf 84' lang='lat' dir='ltr'><strong>qui</strong></span> <span class='ocrx_word' id='word_1_678' title='bbox 1917 4582 1983 4621; x_wconf 82' lang='lat' dir='ltr'><strong>ex</strong></span> <span class='ocrx_word' id='word_1_679' title='bbox 2015 4566 2210 4648; x_wconf 66' lang='lat' dir='ltr'><strong>blaria,</strong></span> <span class='ocrx_word' id='word_1_680' title='bbox 2246 4567 2341 4635; x_wconf 86' lang='lat' dir='ltr'><strong>qui</strong></span> <span class='ocrx_word' id='word_1_681' title='bbox 2374 4580 2501 4619; x_wconf 86' lang='lat' dir='ltr'><strong>vere</strong></span> <span class='ocrx_word' id='word_1_682' title='bbox 2547 4571 2842 4653; x_wconf 44' lang='lat' dir='ltr'><strong>iiatuslc&#39;s‘t,</strong></span> <span class='ocrx_word' id='word_1_683' title='bbox 2885 4562 3223 4653; x_wconf 38' lang='lat' dir='ltr'><strong>editz.‘bibit,</strong></span> <span class='ocrx_word' id='word_1_684' title='bbox 3247 4576 3375 4616; x_wconf 84' lang='lat' dir='ltr'><strong>vere</strong></span> 
     </span>
    </p>
   </div>
   <div class='ocr_carea' id='block_1_92' title="bbox 111 4574 1683 4705">
    <p class='ocr_par' dir='ltr' id='par_1_92' title="bbox 111 4574 1683 4705">
     <span class='ocr_line' id='line_1_92' title="bbox 111 4574 1682 4677; baseline 0.004 -66"><span class='ocrx_word' id='word_1_685' title='bbox 111 4574 197 4677; x_wconf 59' lang='lat' dir='ltr'><strong>pou</strong></span> <span class='ocrx_word' id='word_1_686' title='bbox 216 4579 228 4612; x_wconf 94' lang='lat'><strong>:</strong></span> <span class='ocrx_word' id='word_1_687' title='bbox 247 4574 536 4615; x_wconf 63' lang='lat' dir='ltr'><strong>Concedite</strong></span> <span class='ocrx_word' id='word_1_688' title='bbox 552 4574 1016 4619; x_wconf 75' lang='lat' dir='ltr'><strong>mtltttntttatorem</strong></span> <span class='ocrx_word' id='word_1_689' title='bbox 1028 4580 1137 4617; x_wconf 79' lang='lat' dir='ltr'><strong>esse</strong></span> <span class='ocrx_word' id='word_1_690' title='bbox 1158 4574 1417 4632; x_wconf 75' lang='lat' dir='ltr'><strong>passionis</strong></span> <span class='ocrx_word' id='word_1_691' title='bbox 1442 4574 1534 4617; x_wconf 70' lang='lat' dir='ltr'><strong>[let</strong></span> <span class='ocrx_word' id='word_1_692' title='bbox 1560 4574 1682 4619; x_wconf 75' lang='lat' dir='ltr'><strong>iuet.</strong></span> 
     </span>
     <span class='ocr_line' id='line_1_93' title="bbox 134 4631 1683 4705; baseline 0.006 -25"><span class='ocrx_word' id='word_1_693' title='bbox 134 4644 160 4679; x_wconf 91' lang='lat' dir='ltr'><strong>n</strong></span> <span class='ocrx_word' id='word_1_694' title='bbox 186 4631 287 4683; x_wconf 87' lang='lat' dir='ltr'><strong>line</strong></span> <span class='ocrx_word' id='word_1_695' title='bbox 334 4633 592 4705; x_wconf 56' lang='lat' dir='ltr'><strong>epistola:</strong></span> <span class='ocrx_word' id='word_1_696' title='bbox 625 4634 692 4688; x_wconf 89' lang='lat' dir='ltr'><strong>ad</strong></span> <span class='ocrx_word' id='word_1_697' title='bbox 720 4633 1084 4705; x_wconf 82' lang='lat' dir='ltr'><strong>Polycarpum</strong></span> <span class='ocrx_word' id='word_1_698' title='bbox 1114 4650 1127 4685; x_wconf 89' lang='lat'><strong>:</strong></span> <span class='ocrx_word' id='word_1_699' title='bbox 1160 4653 1178 4683; x_wconf 73' lang='grc' dir='ltr'>ι</span> <span class='ocrx_word' id='word_1_700' title='bbox 1207 4634 1349 4702; x_wconf 84' lang='lat' dir='ltr'><strong>Opto</strong></span> <span class='ocrx_word' id='word_1_701' title='bbox 1372 4652 1469 4686; x_wconf 82' lang='lat' dir='ltr'><strong>vos</strong></span> <span class='ocrx_word' id='word_1_702' title='bbox 1498 4637 1683 4690; x_wconf 83' lang='lat' dir='ltr'><strong>valere</strong></span> 
     </span>
    </p>
   </div>
   <div class='ocr_carea' id='block_1_93' title="bbox 108 4702 1685 4776">
    <p class='ocr_par' dir='ltr' id='par_1_93' title="bbox 108 4702 1685 4776">
     <span class='ocr_line' id='line_1_94' title="bbox 108 4702 1685 4776; baseline 0.004 -24"><span class='ocrx_word' id='word_1_703' title='bbox 108 4712 322 4776; x_wconf 63' lang='lat' dir='ltr'><strong>semper</strong></span> <span class='ocrx_word' id='word_1_704' title='bbox 360 4702 417 4755; x_wconf 91' lang='lat' dir='ltr'><strong>in</strong></span> <span class='ocrx_word' id='word_1_705' title='bbox 469 4702 581 4776; x_wconf 83' lang='lat' dir='ltr'><strong>Deo</strong></span> <span class='ocrx_word' id='word_1_706' title='bbox 634 4702 835 4776; x_wconf 71' lang='lat' dir='ltr'><strong>nostro</strong></span> <span class='ocrx_word' id='word_1_707' title='bbox 866 4702 994 4760; x_wconf 80' lang='lat' dir='ltr'><strong>Jcsii</strong></span> <span class='ocrx_word' id='word_1_708' title='bbox 1038 4703 1291 4776; x_wconf 75' lang='lat' dir='ltr'><strong>Christo,</strong></span> <span class='ocrx_word' id='word_1_709' title='bbox 1326 4726 1343 4756; x_wconf 75' lang='grc' dir='ltr'><strong><em>ι</em></strong></span> <span class='ocrx_word' id='word_1_710' title='bbox 1387 4705 1685 4776; x_wconf 23' lang='grc' dir='ltr'><strong>αὲρῤῶσθαι</strong></span> 
     </span>
    </p>
   </div>
   <div class='ocr_carea' id='block_1_94' title="bbox 110 4767 1682 4847">
    <p class='ocr_par' dir='ltr' id='par_1_94' title="bbox 110 4767 1682 4847">
     <span class='ocr_line' id='line_1_95' title="bbox 110 4767 1682 4847; baseline 0.003 -22"><span class='ocrx_word' id='word_1_711' title='bbox 110 4767 573 4847; x_wconf 31' lang='lat'><strong>6235:3313“</strong></span> <span class='ocrx_word' id='word_1_712' title='bbox 596 4775 653 4826; x_wconf 75' lang='grc' dir='ltr'>ὲν</span> <span class='ocrx_word' id='word_1_713' title='bbox 681 4774 975 4847; x_wconf 14' lang='grc' dir='ltr'><strong>Θεῷνὴμῶν</strong></span> <span class='ocrx_word' id='word_1_714' title='bbox 1005 4774 1178 4847; x_wconf 78' lang='grc' dir='ltr'>Ἰησοῦ</span> <span class='ocrx_word' id='word_1_715' title='bbox 1198 4767 1682 4847; x_wconf 27' lang='grc' dir='ltr'>ΧριστῴΑὲὖχομαι.</span> 
     </span>
    </p>
   </div>
   <div class='ocr_carea' id='block_1_95' title="bbox 172 4840 1688 4915">
    <p class='ocr_par' dir='ltr' id='par_1_95' title="bbox 172 4840 1688 4915">
     <span class='ocr_line' id='line_1_96' title="bbox 172 4840 1688 4915; baseline 0.005 -22"><span class='ocrx_word' id='word_1_716' title='bbox 172 4840 278 4915; x_wconf 65' lang='lat' dir='ltr'><strong>(ﬁli)</strong></span> <span class='ocrx_word' id='word_1_717' title='bbox 332 4842 552 4904; x_wconf 71' lang='lat' dir='ltr'><strong>Mt’J&#39;ilO,</strong></span> <span class='ocrx_word' id='word_1_718' title='bbox 593 4840 871 4915; x_wconf 55' lang='grc' dir='ltr'><strong>Δ[εννηέόξ</strong></span> <span class='ocrx_word' id='word_1_719' title='bbox 900 4847 991 4899; x_wconf 81' lang='grc' dir='ltr'><strong>καὶ</strong></span> <span class='ocrx_word' id='word_1_720' title='bbox 1038 4840 1587 4915; x_wconf 61' lang='grc' dir='ltr'><strong>ἆγέννηὲος,ἱΐθοὶὶιὲ</strong></span> <span class='ocrx_word' id='word_1_721' title='bbox 1632 4857 1688 4901; x_wconf 86' lang='lat' dir='ltr'><strong>et</strong></span> 
     </span>
    </p>
   </div>
   <div class='ocr_carea' id='block_1_96' title="bbox 112 4910 1684 4985">
    <p class='ocr_par' dir='ltr' id='par_1_96' title="bbox 112 4910 1684 4985">
     <span class='ocr_line' id='line_1_97' title="bbox 112 4910 1684 4985; baseline 0.006 -25"><span class='ocrx_word' id='word_1_722' title='bbox 112 4925 204 4985; x_wconf 77' lang='lat' dir='ltr'><strong>non</strong></span> <span class='ocrx_word' id='word_1_723' title='bbox 230 4913 572 4968; x_wconf 67' lang='lat' dir='ltr'><strong>factusncum</strong></span> <span class='ocrx_word' id='word_1_724' title='bbox 606 4910 826 4969; x_wconf 82' lang='lat' dir='ltr'><strong>Gelasio</strong></span> <span class='ocrx_word' id='word_1_725' title='bbox 847 4916 991 4985; x_wconf 82' lang='lat' dir='ltr'><strong>Papa</strong></span> <span class='ocrx_word' id='word_1_726' title='bbox 1024 4910 1471 4984; x_wconf 78' lang='lat' dir='ltr'><strong>interpretamur,</strong></span> <span class='ocrx_word' id='word_1_727' title='bbox 1506 4918 1684 4984; x_wconf 84' lang='lat' dir='ltr'><strong>siqui-</strong></span> 
     </span>
    </p>
   </div>
   <div class='ocr_carea' id='block_1_97' title="bbox 110 4977 1687 5057">
    <p class='ocr_par' dir='ltr' id='par_1_97' title="bbox 110 4977 1687 5057">
     <span class='ocr_line' id='line_1_98' title="bbox 110 4977 1687 5057; baseline 0.004 -24"><span class='ocrx_word' id='word_1_728' title='bbox 110 4977 217 5057; x_wconf 78' lang='lat' dir='ltr'><strong>dem</strong></span> <span class='ocrx_word' id='word_1_729' title='bbox 263 5000 467 5038; x_wconf 72' lang='lat' dir='ltr'><strong>sensus</strong></span> <span class='ocrx_word' id='word_1_730' title='bbox 507 4986 556 5038; x_wconf 91' lang='lat' dir='ltr'><strong>id</strong></span> <span class='ocrx_word' id='word_1_731' title='bbox 584 4985 861 5055; x_wconf 82' lang='lat' dir='ltr'><strong>elllagitat,</strong></span> <span class='ocrx_word' id='word_1_732' title='bbox 897 4977 950 5039; x_wconf 76' lang='lat' dir='ltr'><strong>et</strong></span> <span class='ocrx_word' id='word_1_733' title='bbox 976 4977 1322 5040; x_wconf 75' lang='lat' dir='ltr'><strong>notissimum</strong></span> <span class='ocrx_word' id='word_1_734' title='bbox 1355 4998 1440 5042; x_wconf 91' lang='lat' dir='ltr'><strong>est</strong></span> <span class='ocrx_word' id='word_1_735' title='bbox 1459 4977 1503 5041; x_wconf 38' lang='lat' dir='ltr'><strong>&#39;a</strong></span> <span class='ocrx_word' id='word_1_736' title='bbox 1537 4977 1687 5041; x_wconf 78' lang='lat' dir='ltr'><strong>Cra-</strong></span> 
     </span>
    </p>
   </div>
   <div class='ocr_carea' id='block_1_98' title="bbox 112 5057 1678 5127">
    <p class='ocr_par' dir='ltr' id='par_1_98' title="bbox 112 5057 1678 5127">
     <span class='ocr_line' id='line_1_99' title="bbox 112 5057 1678 5127; baseline 0.006 -26"><span class='ocrx_word' id='word_1_737' title='bbox 112 5065 181 5104; x_wconf 81' lang='lat' dir='ltr'><strong>eis</strong></span> <span class='ocrx_word' id='word_1_738' title='bbox 209 5068 369 5109; x_wconf 86' lang='lat' dir='ltr'><strong>voces</strong></span> <span class='ocrx_word' id='word_1_739' title='bbox 392 5058 740 5127; x_wconf 62' lang='lat' dir='ltr'><strong>Tawmdget</strong></span> <span class='ocrx_word' id='word_1_740' title='bbox 772 5057 1000 5127; x_wconf 76' lang='grc' dir='ltr'>γενητός</span> <span class='ocrx_word' id='word_1_741' title='bbox 1027 5059 1370 5126; x_wconf 90' lang='lat' dir='ltr'><strong>prosmiscue</strong></span> <span class='ocrx_word' id='word_1_742' title='bbox 1403 5064 1678 5127; x_wconf 85' lang='lat' dir='ltr'><strong>usurpari.</strong></span> 
     </span>
    </p>
   </div>
   <div class='ocr_carea' id='block_1_99' title="bbox 113 5102 1681 5203">
    <p class='ocr_par' dir='ltr' id='par_1_99' title="bbox 113 5102 1681 5203">
     <span class='ocr_line' id='line_1_100' title="bbox 113 5102 1681 5203; baseline 0.006 -30"><span class='ocrx_word' id='word_1_743' title='bbox 113 5102 417 5203; x_wconf 76' lang='lat' dir='ltr'><strong>quanquaiii</strong></span> <span class='ocrx_word' id='word_1_744' title='bbox 478 5102 835 5203; x_wconf 61' lang='lat' dir='ltr'><strong>ecclesiastici</strong></span> <span class='ocrx_word' id='word_1_745' title='bbox 890 5102 1003 5182; x_wconf 52' lang='lat' dir='ltr'><strong>iere</strong></span> <span class='ocrx_word' id='word_1_746' title='bbox 1027 5102 1353 5203; x_wconf 77' lang='lat' dir='ltr'><strong>rscriptores</strong></span> <span class='ocrx_word' id='word_1_747' title='bbox 1403 5102 1681 5195; x_wconf 57' lang='lat' dir='ltr'><strong>callidlici,</strong></span> 
     </span>
    </p>
   </div>
   <div class='ocr_carea' id='block_1_100' title="bbox 115 5196 1681 5265">
    <p class='ocr_par' dir='ltr' id='par_1_100' title="bbox 115 5196 1681 5265">
     <span class='ocr_line' id='line_1_101' title="bbox 115 5196 1681 5265; baseline 0.005 -20"><span class='ocrx_word' id='word_1_748' title='bbox 115 5196 400 5265; x_wconf 56' lang='lat' dir='ltr'><strong>praesertim</strong></span> <span class='ocrx_word' id='word_1_749' title='bbox 436 5196 531 5264; x_wconf 92' lang='lat' dir='ltr'><strong>qui</strong></span> <span class='ocrx_word' id='word_1_750' title='bbox 560 5206 682 5265; x_wconf 90' lang='lat' dir='ltr'><strong>post</strong></span> <span class='ocrx_word' id='word_1_751' title='bbox 707 5198 925 5252; x_wconf 87' lang='lat' dir='ltr'><strong>tertium</strong></span> <span class='ocrx_word' id='word_1_752' title='bbox 956 5199 1215 5252; x_wconf 64' lang='lat' dir='ltr'><strong>smculum</strong></span> <span class='ocrx_word' id='word_1_753' title='bbox 1249 5198 1527 5263; x_wconf 85' lang='lat' dir='ltr'><strong>vixerunt,</strong></span> <span class='ocrx_word' id='word_1_754' title='bbox 1554 5215 1681 5253; x_wconf 75' lang='lat' dir='ltr'><strong>cas-</strong></span> 
     </span>
    </p>
   </div>
   <div class='ocr_carea' id='block_1_101' title="bbox 113 5261 1681 5342">
    <p class='ocr_par' dir='ltr' id='par_1_101' title="bbox 113 5261 1681 5342">
     <span class='ocr_line' id='line_1_102' title="bbox 113 5261 1681 5342; baseline 0.006 -29"><span class='ocrx_word' id='word_1_755' title='bbox 113 5261 218 5342; x_wconf 74' lang='lat' dir='ltr'><strong>dein</strong></span> <span class='ocrx_word' id='word_1_756' title='bbox 252 5265 306 5319; x_wconf 90' lang='lat' dir='ltr'><strong>in</strong></span> <span class='ocrx_word' id='word_1_757' title='bbox 338 5261 748 5342; x_wconf 65' lang='lat' dir='ltr'><strong>quaéstionede</strong></span> <span class='ocrx_word' id='word_1_758' title='bbox 776 5267 1213 5342; x_wconf 73' lang='lat' dir='ltr'><strong>Filiidivinitale</strong></span> <span class='ocrx_word' id='word_1_759' title='bbox 1252 5261 1565 5342; x_wconf 78' lang='lat' dir='ltr'><strong>accuratius</strong></span> <span class='ocrx_word' id='word_1_760' title='bbox 1593 5271 1681 5323; x_wconf 87' lang='lat' dir='ltr'><strong>di-</strong></span> 
     </span>
    </p>
   </div>
   <div class='ocr_carea' id='block_1_102' title="bbox 113 5336 1681 5410">
    <p class='ocr_par' dir='ltr' id='par_1_102' title="bbox 113 5336 1681 5410">
     <span class='ocr_line' id='line_1_103' title="bbox 113 5336 1681 5410; baseline 0.006 -27"><span class='ocrx_word' id='word_1_761' title='bbox 113 5336 433 5410; x_wconf 73' lang='lat' dir='ltr'><strong>stinxerunt.</strong></span> <span class='ocrx_word' id='word_1_762' title='bbox 496 5336 720 5410; x_wconf 63' lang='lat' dir='ltr'><strong>Accedit</strong></span> <span class='ocrx_word' id='word_1_763' title='bbox 781 5340 925 5404; x_wconf 78' lang='lat' dir='ltr'><strong>quod</strong></span> <span class='ocrx_word' id='word_1_764' title='bbox 966 5354 1069 5393; x_wconf 82' lang='lat' dir='ltr'><strong>vox</strong></span> <span class='ocrx_word' id='word_1_765' title='bbox 1101 5338 1368 5410; x_wconf 58' lang='grc' dir='ltr'>ἀγένητος</span> <span class='ocrx_word' id='word_1_766' title='bbox 1399 5341 1501 5394; x_wconf 91' lang='lat' dir='ltr'><strong>soli</strong></span> <span class='ocrx_word' id='word_1_767' title='bbox 1532 5340 1681 5393; x_wconf 81' lang='lat' dir='ltr'><strong>Patri</strong></span> 
     </span>
    </p>
   </div>
   <div class='ocr_carea' id='block_1_103' title="bbox 117 5406 1680 5481">
    <p class='ocr_par' dir='ltr' id='par_1_103' title="bbox 117 5406 1680 5481">
     <span class='ocr_line' id='line_1_104' title="bbox 117 5406 1680 5481; baseline 0.007 -28"><span class='ocrx_word' id='word_1_768' title='bbox 117 5413 286 5481; x_wconf 83' lang='lat' dir='ltr'><strong>tiipote</strong></span> <span class='ocrx_word' id='word_1_769' title='bbox 331 5406 579 5481; x_wconf 74' lang='lat' dir='ltr'><strong>ingenito</strong></span> <span class='ocrx_word' id='word_1_770' title='bbox 611 5418 921 5481; x_wconf 86' lang='lat' dir='ltr'><strong>competat;</strong></span> <span class='ocrx_word' id='word_1_771' title='bbox 955 5426 1147 5481; x_wconf 84' lang='lat' dir='ltr'><strong>quare</strong></span> <span class='ocrx_word' id='word_1_772' title='bbox 1169 5406 1550 5481; x_wconf 74' lang='lat' dir='ltr'><strong>lgiiatiusiion</strong></span> <span class='ocrx_word' id='word_1_773' title='bbox 1579 5425 1680 5479; x_wconf 88' lang='lat' dir='ltr'><strong>po-</strong></span> 
     </span>
    </p>
   </div>
   <div class='ocr_carea' id='block_1_104' title="bbox 116 5477 1682 5548">
    <p class='ocr_par' dir='ltr' id='par_1_104' title="bbox 116 5477 1682 5548">
     <span class='ocr_line' id='line_1_105' title="bbox 116 5477 1682 5548; baseline 0.007 -27"><span class='ocrx_word' id='word_1_774' title='bbox 116 5477 205 5548; x_wconf 83' lang='lat' dir='ltr'><strong>tuit</strong></span> <span class='ocrx_word' id='word_1_775' title='bbox 243 5477 827 5548; x_wconf 45' lang='lat' dir='ltr'><strong>iutelliigereigenitum</strong></span> <span class='ocrx_word' id='word_1_776' title='bbox 874 5490 930 5534; x_wconf 90' lang='lat' dir='ltr'><strong>et</strong></span> <span class='ocrx_word' id='word_1_777' title='bbox 972 5480 1516 5548; x_wconf 69' lang='lat' dir='ltr'><strong>ingenituumquiin</strong></span> <span class='ocrx_word' id='word_1_778' title='bbox 1563 5477 1682 5548; x_wconf 59' lang='lat' dir='ltr'><strong>cpi.</strong></span> 
     </span>
    </p>
   </div>
   <div class='ocr_carea' id='block_1_105' title="bbox 116 5545 1681 5619">
    <p class='ocr_par' dir='ltr' id='par_1_105' title="bbox 116 5545 1681 5619">
     <span class='ocr_line' id='line_1_106' title="bbox 116 5545 1681 5619; baseline 0.008 -27"><span class='ocrx_word' id='word_1_779' title='bbox 116 5545 239 5619; x_wconf 77' lang='lat' dir='ltr'><strong>stola</strong></span> <span class='ocrx_word' id='word_1_780' title='bbox 285 5548 353 5619; x_wconf 88' lang='lat' dir='ltr'><strong>ad</strong></span> <span class='ocrx_word' id='word_1_781' title='bbox 387 5545 699 5619; x_wconf 76' lang='lat' dir='ltr'><strong>Trallianos</strong></span> <span class='ocrx_word' id='word_1_782' title='bbox 734 5565 828 5603; x_wconf 88' lang='lat' dir='ltr'><strong>eos</strong></span> <span class='ocrx_word' id='word_1_783' title='bbox 866 5545 1204 5613; x_wconf 73' lang='lat' dir='ltr'><strong>exsecratur,</strong></span> <span class='ocrx_word' id='word_1_784' title='bbox 1239 5560 1334 5619; x_wconf 79' lang='lat' dir='ltr'><strong>qui</strong></span> <span class='ocrx_word' id='word_1_785' title='bbox 1360 5545 1555 5604; x_wconf 79' lang='lat' dir='ltr'><strong>Filium</strong></span> <span class='ocrx_word' id='word_1_786' title='bbox 1586 5545 1681 5605; x_wconf 84' lang='lat' dir='ltr'><strong>Dei</strong></span> 
     </span>
    </p>
   </div>
   <div class='ocr_carea' id='block_1_106' title="bbox 116 5617 1681 5689">
    <p class='ocr_par' dir='ltr' id='par_1_106' title="bbox 116 5617 1681 5689">
     <span class='ocr_line' id='line_1_107' title="bbox 116 5617 1681 5689; baseline 0.006 -26"><span class='ocrx_word' id='word_1_787' title='bbox 116 5624 290 5689; x_wconf 70' lang='lat' dir='ltr'><strong>dicunt</strong></span> <span class='ocrx_word' id='word_1_788' title='bbox 318 5617 946 5689; x_wconf 63' lang='grc' dir='ltr'><strong>ἀγένητοντιὶηεοιιὶιυηι</strong></span> <span class='ocrx_word' id='word_1_789' title='bbox 979 5619 1140 5685; x_wconf 69' lang='grc' dir='ltr'><strong>ιρυίδ</strong></span> <span class='ocrx_word' id='word_1_790' title='bbox 1179 5617 1285 5675; x_wconf 83' lang='lat' dir='ltr'><strong>non</strong></span> <span class='ocrx_word' id='word_1_791' title='bbox 1312 5621 1459 5674; x_wconf 90' lang='lat' dir='ltr'><strong>videt</strong></span> <span class='ocrx_word' id='word_1_792' title='bbox 1485 5620 1681 5689; x_wconf 66' lang='lat' dir='ltr'><strong>praefa-</strong></span> 
     </span>
    </p>
   </div>
   <div class='ocr_carea' id='block_1_107' title="bbox 117 5683 1682 5761">
    <p class='ocr_par' dir='ltr' id='par_1_107' title="bbox 117 5683 1682 5761">
     <span class='ocr_line' id='line_1_108' title="bbox 117 5683 1682 5761; baseline 0.007 -28"><span class='ocrx_word' id='word_1_793' title='bbox 117 5683 408 5761; x_wconf 59' lang='lat' dir='ltr'><strong>tislgnatii</strong></span> <span class='ocrx_word' id='word_1_794' title='bbox 428 5683 618 5761; x_wconf 62' lang='lat' dir='ltr'><strong>verbis</strong></span> <span class='ocrx_word' id='word_1_795' title='bbox 634 5683 849 5743; x_wconf 73' lang='lat' dir='ltr'><strong>Ariona:</strong></span> <span class='ocrx_word' id='word_1_796' title='bbox 879 5683 1229 5761; x_wconf 70' lang='lat' dir='ltr'><strong>blasphemia:</strong></span> <span class='ocrx_word' id='word_1_797' title='bbox 1258 5683 1509 5761; x_wconf 77' lang='lat' dir='ltr'><strong>jugulum</strong></span> <span class='ocrx_word' id='word_1_798' title='bbox 1537 5690 1682 5760; x_wconf 88' lang='lat' dir='ltr'><strong>peti?</strong></span> 
     </span>
    </p>
   </div>
   <div class='ocr_carea' id='block_1_108' title="bbox 115 5752 1682 5833">
    <p class='ocr_par' dir='ltr' id='par_1_108' title="bbox 115 5752 1682 5833">
     <span class='ocr_line' id='line_1_109' title="bbox 115 5752 1682 5833; baseline 0.001 -20"><span class='ocrx_word' id='word_1_799' title='bbox 115 5752 307 5833; x_wconf 69' lang='lat' dir='ltr'><strong>Quippe</strong></span> <span class='ocrx_word' id='word_1_800' title='bbox 356 5758 450 5811; x_wconf 89' lang='lat' dir='ltr'><strong>hic</strong></span> <span class='ocrx_word' id='word_1_801' title='bbox 495 5756 745 5833; x_wconf 78' lang='lat' dir='ltr'><strong>Christus</strong></span> <span class='ocrx_word' id='word_1_802' title='bbox 798 5776 906 5813; x_wconf 90' lang='lat' dir='ltr'><strong>non</strong></span> <span class='ocrx_word' id='word_1_803' title='bbox 957 5752 1117 5815; x_wconf 75' lang='grc' dir='ltr'><strong>ιιῐυιίο</strong></span> <span class='ocrx_word' id='word_1_804' title='bbox 1146 5752 1682 5833; x_wconf 46' lang='lat' dir='ltr'><strong>Det-isvagnoscitur</strong></span> 
     </span>
    </p>
   </div>
   <div class='ocr_carea' id='block_1_109' title="bbox 115 5830 1682 5899">
    <p class='ocr_par' dir='ltr' id='par_1_109' title="bbox 115 5830 1682 5899">
     <span class='ocr_line' id='line_1_110' title="bbox 115 5830 1682 5899; baseline 0.006 -25"><span class='ocrx_word' id='word_1_805' title='bbox 115 5835 224 5875; x_wconf 78' lang='lat' dir='ltr'><strong>vere</strong></span> <span class='ocrx_word' id='word_1_806' title='bbox 256 5830 618 5899; x_wconf 70' lang='lat' dir='ltr'><strong>immortalis,</strong></span> <span class='ocrx_word' id='word_1_807' title='bbox 664 5830 716 5882; x_wconf 91' lang='lat' dir='ltr'><strong>in</strong></span> <span class='ocrx_word' id='word_1_808' title='bbox 762 5845 928 5883; x_wconf 89' lang='lat' dir='ltr'><strong>carne</strong></span> <span class='ocrx_word' id='word_1_809' title='bbox 974 5831 1247 5899; x_wconf 74' lang='lat' dir='ltr'><strong>quondam</strong></span> <span class='ocrx_word' id='word_1_810' title='bbox 1289 5832 1543 5896; x_wconf 85' lang='lat' dir='ltr'><strong>mortali;</strong></span> <span class='ocrx_word' id='word_1_811' title='bbox 1587 5832 1682 5887; x_wconf 87' lang='lat' dir='ltr'><strong>sed</strong></span> 
     </span>
    </p>
   </div>
   <div class='ocr_carea' id='block_1_110' title="bbox 118 5898 1679 5964">
    <p class='ocr_par' dir='ltr' id='par_1_110' title="bbox 118 5898 1679 5964">
     <span class='ocr_line' id='line_1_111' title="bbox 118 5898 1679 5964; baseline 0.007 -18"><span class='ocrx_word' id='word_1_812' title='bbox 118 5907 211 5947; x_wconf 69' lang='lat' dir='ltr'><strong>sua</strong></span> <span class='ocrx_word' id='word_1_813' title='bbox 248 5898 466 5964; x_wconf 82' lang='lat' dir='ltr'><strong>lactus,</strong></span> <span class='ocrx_word' id='word_1_814' title='bbox 507 5899 606 5953; x_wconf 87' lang='lat' dir='ltr'><strong>hoc</strong></span> <span class='ocrx_word' id='word_1_815' title='bbox 638 5909 723 5956; x_wconf 87' lang='lat' dir='ltr'><strong>est</strong></span> <span class='ocrx_word' id='word_1_816' title='bbox 763 5900 1043 5957; x_wconf 86' lang='lat' dir='ltr'><strong>increatus</strong></span> <span class='ocrx_word' id='word_1_817' title='bbox 1087 5901 1287 5958; x_wconf 81' lang='lat' dir='ltr'><strong>disci-te</strong></span> <span class='ocrx_word' id='word_1_818' title='bbox 1331 5902 1550 5957; x_wconf 82' lang='lat' dir='ltr'><strong>dic.tur.</strong></span> <span class='ocrx_word' id='word_1_819' title='bbox 1604 5902 1679 5957; x_wconf 88' lang='lat' dir='ltr'><strong>lta</strong></span> 
     </span>
    </p>
   </div>
   <div class='ocr_carea' id='block_1_111' title="bbox 1790 4632 3375 4707">
    <p class='ocr_par' dir='ltr' id='par_1_111' title="bbox 1790 4632 3375 4707">
     <span class='ocr_line' id='line_1_112' title="bbox 1790 4632 3375 4707; baseline -0.005 -15"><span class='ocrx_word' id='word_1_820' title='bbox 1790 4632 2220 4707; x_wconf 81' lang='lat' dir='ltr'><strong>persecutionem</strong></span> <span class='ocrx_word' id='word_1_821' title='bbox 2264 4632 2476 4704; x_wconf 55' lang='lat' dir='ltr'><strong>&#39;passus</strong></span> <span class='ocrx_word' id='word_1_822' title='bbox 2521 4643 2603 4689; x_wconf 91' lang='lat' dir='ltr'><strong>est</strong></span> <span class='ocrx_word' id='word_1_823' title='bbox 2637 4632 2958 4707; x_wconf 33' lang='lat' dir='ltr'><strong>sub-Pontio</strong></span> <span class='ocrx_word' id='word_1_824' title='bbox 2980 4632 3186 4707; x_wconf 78' lang='lat' dir='ltr'><strong>Pilato;</strong></span> <span class='ocrx_word' id='word_1_825' title='bbox 3225 4646 3375 4707; x_wconf 87' lang='lat' dir='ltr'><strong>__vere</strong></span> 
     </span>
    </p>
   </div>
   <div class='ocr_carea' id='block_1_112' title="bbox 1791 4702 3371 4767">
    <p class='ocr_par' dir='ltr' id='par_1_112' title="bbox 1791 4702 3371 4767">
     <span class='ocr_line' id='line_1_113' title="bbox 1791 4702 3371 4767; baseline -0.004 -4"><span class='ocrx_word' id='word_1_826' title='bbox 1791 4702 2090 4763; x_wconf 70' lang='lat' dir='ltr'><strong>cruciﬁxus</strong></span> <span class='ocrx_word' id='word_1_827' title='bbox 2131 4716 2186 4761; x_wconf 85' lang='lat' dir='ltr'><strong>et</strong></span> <span class='ocrx_word' id='word_1_828' title='bbox 2232 4702 2484 4759; x_wconf 76' lang='lat' dir='ltr'><strong>mortuus</strong></span> <span class='ocrx_word' id='word_1_829' title='bbox 2529 4714 2631 4767; x_wconf 88' lang='lat' dir='ltr'><strong>est,</strong></span> <span class='ocrx_word' id='word_1_830' title='bbox 2668 4703 2979 4757; x_wconf 90' lang='lat' dir='ltr'><strong>videntibus</strong></span> <span class='ocrx_word' id='word_1_831' title='bbox 3027 4702 3371 4764; x_wconf 66' lang='lat' dir='ltr'><strong>caelestibus.</strong></span> 
     </span>
    </p>
   </div>
   <div class='ocr_carea' id='block_1_113' title="bbox 1793 4772 3376 4842">
    <p class='ocr_par' dir='ltr' id='par_1_113' title="bbox 1793 4772 3376 4842">
     <span class='ocr_line' id='line_1_114' title="bbox 1793 4772 3376 4842; baseline -0.003 -10"><span class='ocrx_word' id='word_1_832' title='bbox 1793 4778 2150 4832; x_wconf 87' lang='lat' dir='ltr'><strong>terrestribus</strong></span> <span class='ocrx_word' id='word_1_833' title='bbox 2186 4787 2239 4831; x_wconf 90' lang='lat' dir='ltr'><strong>et</strong></span> <span class='ocrx_word' id='word_1_834' title='bbox 2269 4774 2674 4837; x_wconf 87' lang='lat' dir='ltr'><strong>subterraneis;</strong></span> <span class='ocrx_word' id='word_1_835' title='bbox 2716 4776 2827 4842; x_wconf 79' lang='lat' dir='ltr'><strong>qui“</strong></span> <span class='ocrx_word' id='word_1_836' title='bbox 2842 4782 2895 4826; x_wconf 91' lang='lat' dir='ltr'><strong>et</strong></span> <span class='ocrx_word' id='word_1_837' title='bbox 2920 4788 3045 4826; x_wconf 89' lang='lat' dir='ltr'><strong>vere</strong></span> <span class='ocrx_word' id='word_1_838' title='bbox 3073 4772 3376 4827; x_wconf 73' lang='lat' dir='ltr'><strong>resurrexit</strong></span> 
     </span>
    </p>
   </div>
   <div class='ocr_carea' id='block_1_114' title="bbox 1790 4843 3375 4912">
    <p class='ocr_par' dir='ltr' id='par_1_114' title="bbox 1790 4843 3375 4912">
     <span class='ocr_line' id='line_1_115' title="bbox 1790 4843 3375 4912; baseline -0.005 -10"><span class='ocrx_word' id='word_1_839' title='bbox 1790 4864 1821 4902; x_wconf 86' lang='lat' dir='ltr'><strong>a</strong></span> <span class='ocrx_word' id='word_1_840' title='bbox 1860 4848 2095 4902; x_wconf 86' lang='lat' dir='ltr'><strong>mortuis</strong></span> <span class='ocrx_word' id='word_1_841' title='bbox 2128 4846 2492 4899; x_wconf 75' lang='lat' dir='ltr'><strong>i&#39;esnscitaiite</strong></span> <span class='ocrx_word' id='word_1_842' title='bbox 2543 4845 2719 4911; x_wconf 84' lang='lat' dir='ltr'><strong>ipsum</strong></span> <span class='ocrx_word' id='word_1_843' title='bbox 2755 4843 2916 4897; x_wconf 88' lang='lat' dir='ltr'><strong>Patre</strong></span> <span class='ocrx_word' id='word_1_844' title='bbox 2961 4845 3136 4912; x_wconf 87' lang='lat' dir='ltr'><strong>ipsius</strong></span> <span class='ocrx_word' id='word_1_845' title='bbox 3176 4858 3375 4897; x_wconf 85' lang='lat' dir='ltr'><strong>secun-</strong></span> 
     </span>
    </p>
   </div>
   <div class='ocr_carea' id='block_1_115' title="bbox 1789 4914 3373 4983">
    <p class='ocr_par' dir='ltr' id='par_1_115' title="bbox 1789 4914 3373 4983">
     <span class='ocr_line' id='line_1_116' title="bbox 1789 4914 3373 4983; baseline -0.004 -11"><span class='ocrx_word' id='word_1_846' title='bbox 1789 4920 1921 4972; x_wconf 91' lang='lat' dir='ltr'><strong>dum</strong></span> <span class='ocrx_word' id='word_1_847' title='bbox 1962 4918 2413 4980; x_wconf 81' lang='lat' dir='ltr'><strong>similitudinem,</strong></span> <span class='ocrx_word' id='word_1_848' title='bbox 2458 4931 2564 4983; x_wconf 91' lang='lat' dir='ltr'><strong>qua</strong></span> <span class='ocrx_word' id='word_1_849' title='bbox 2605 4924 2659 4967; x_wconf 86' lang='lat' dir='ltr'><strong>et</strong></span> <span class='ocrx_word' id='word_1_850' title='bbox 2692 4930 2792 4969; x_wconf 91' lang='lat' dir='ltr'><strong>nos</strong></span> <span class='ocrx_word' id='word_1_851' title='bbox 2838 4914 2940 4983; x_wconf 87' lang='lat' dir='ltr'><strong>ipsi</strong></span> <span class='ocrx_word' id='word_1_852' title='bbox 2971 4915 3255 4968; x_wconf 87' lang='lat' dir='ltr'><strong>credentes</strong></span> <span class='ocrx_word' id='word_1_853' title='bbox 3299 4915 3373 4966; x_wconf 85' lang='lat' dir='ltr'><strong>ita</strong></span> 
     </span>
    </p>
   </div>
   <div class='ocr_carea' id='block_1_116' title="bbox 1790 4932 3372 5053">
    <p class='ocr_par' dir='ltr' id='par_1_116' title="bbox 1790 4932 3372 5053">
     <span class='ocr_line' id='line_1_117' title="bbox 1790 4932 3372 4983; baseline -0.004 -11"><span class='ocrx_word' id='word_1_854' title='bbox 1790 4932 1921 4972; x_wconf 85' lang='lat' dir='ltr'><strong>dum</strong></span> <span class='ocrx_word' id='word_1_855' title='bbox 1962 4932 2413 4980; x_wconf 80' lang='lat' dir='ltr'><strong>similitudinem,</strong></span> <span class='ocrx_word' id='word_1_856' title='bbox 2499 4932 2564 4967; x_wconf 91' lang='lat' dir='ltr'><strong>ua</strong></span> <span class='ocrx_word' id='word_1_857' title='bbox 2605 4932 2659 4967; x_wconf 82' lang='lat' dir='ltr'><strong>et</strong></span> <span class='ocrx_word' id='word_1_858' title='bbox 2692 4932 2792 4969; x_wconf 90' lang='lat' dir='ltr'><strong>nos</strong></span> <span class='ocrx_word' id='word_1_859' title='bbox 2838 4932 2940 4983; x_wconf 91' lang='lat' dir='ltr'><strong>ipsi</strong></span> <span class='ocrx_word' id='word_1_860' title='bbox 2971 4932 3255 4968; x_wconf 83' lang='lat' dir='ltr'><strong>credentes</strong></span> <span class='ocrx_word' id='word_1_861' title='bbox 3299 4932 3372 4966; x_wconf 85' lang='lat' dir='ltr'><strong>ita</strong></span> 
     </span>
     <span class='ocr_line' id='line_1_118' title="bbox 1790 4932 3372 5053; baseline -0.004 -12"><span class='ocrx_word' id='word_1_862' title='bbox 1790 4989 2136 5042; x_wconf 88' lang='lat' dir='ltr'><strong>resuscitabit</strong></span> <span class='ocrx_word' id='word_1_863' title='bbox 2172 4986 2333 5040; x_wconf 85' lang='lat' dir='ltr'><strong>Pater</strong></span> <span class='ocrx_word' id='word_1_864' title='bbox 2373 4986 2428 5039; x_wconf 91' lang='lat' dir='ltr'><strong>in</strong></span> <span class='ocrx_word' id='word_1_865' title='bbox 2454 4932 2675 5039; x_wconf 62' lang='lat' dir='ltr'><strong>gill‘iSlO</strong></span> <span class='ocrx_word' id='word_1_866' title='bbox 2702 4983 2854 5045; x_wconf 85' lang='lat' dir='ltr'><strong>Jesu,</strong></span> <span class='ocrx_word' id='word_1_867' title='bbox 2899 4986 3017 5039; x_wconf 89' lang='lat' dir='ltr'><strong>sine</strong></span> <span class='ocrx_word' id='word_1_868' title='bbox 3049 5001 3160 5053; x_wconf 89' lang='lat' dir='ltr'><strong>quo</strong></span> <span class='ocrx_word' id='word_1_869' title='bbox 3186 4999 3372 5036; x_wconf 79' lang='lat' dir='ltr'><strong>veram</strong></span> 
     </span>
    </p>
   </div>
   <div class='ocr_carea' id='block_1_117' title="bbox 1788 5054 3365 5124">
    <p class='ocr_par' dir='ltr' id='par_1_117' title="bbox 1788 5054 3365 5124">
     <span class='ocr_line' id='line_1_119' title="bbox 1788 5054 3365 5124; baseline -0.004 -12"><span class='ocrx_word' id='word_1_870' title='bbox 1788 5059 1955 5113; x_wconf 80' lang='lat' dir='ltr'><strong>vitam</strong></span> <span class='ocrx_word' id='word_1_871' title='bbox 1993 5072 2101 5112; x_wconf 89' lang='lat' dir='ltr'><strong>non</strong></span> <span class='ocrx_word' id='word_1_872' title='bbox 2133 5058 2419 5111; x_wconf 87' lang='lat' dir='ltr'><strong>habemus.</strong></span> <span class='ocrx_word' id='word_1_873' title='bbox 2454 5076 2473 5108; x_wconf 72' lang='grc' dir='ltr'><strong><em>ι</em></strong></span> <span class='ocrx_word' id='word_1_874' title='bbox 2509 5054 2683 5124; x_wconf 87' lang='lat' dir='ltr'><strong>Epist.</strong></span> <span class='ocrx_word' id='word_1_875' title='bbox 2724 5057 2789 5109; x_wconf 83' lang='lat' dir='ltr'><strong>a&#39;d</strong></span> <span class='ocrx_word' id='word_1_876' title='bbox 2824 5055 3134 5119; x_wconf 85' lang='lat' dir='ltr'><strong>Trallanos,</strong></span> <span class='ocrx_word' id='word_1_877' title='bbox 3159 5070 3280 5122; x_wconf 86' lang='lat' dir='ltr'><strong>cap.</strong></span> <span class='ocrx_word' id='word_1_878' title='bbox 3310 5054 3365 5106; x_wconf 90' lang='lat'><strong>9.</strong></span> 
     </span>
    </p>
   </div>
   <div class='ocr_carea' id='block_1_118' title="bbox 1786 5124 3372 5197">
    <p class='ocr_par' dir='ltr' id='par_1_118' title="bbox 1786 5124 3372 5197">
     <span class='ocr_line' id='line_1_120' title="bbox 1786 5124 3372 5197; baseline -0.003 -14"><span class='ocrx_word' id='word_1_879' title='bbox 1786 5139 1795 5173; x_wconf 78' lang='grc' dir='ltr'>ι</span> <span class='ocrx_word' id='word_1_880' title='bbox 1864 5129 1980 5197; x_wconf 75' lang='grc'>(52)</span> <span class='ocrx_word' id='word_1_881' title='bbox 2014 5147 2033 5178; x_wconf 83' lang='grc'><strong>‹</strong></span> <span class='ocrx_word' id='word_1_882' title='bbox 2071 5128 2384 5196; x_wconf 85' lang='lat' dir='ltr'><strong>Priiicipem</strong></span> <span class='ocrx_word' id='word_1_883' title='bbox 2430 5128 2596 5195; x_wconf 85' lang='lat' dir='ltr'><strong>hujus</strong></span> <span class='ocrx_word' id='word_1_884' title='bbox 2644 5127 2832 5180; x_wconf 86' lang='lat' dir='ltr'><strong>mundi</strong></span> <span class='ocrx_word' id='word_1_885' title='bbox 2888 5127 3046 5179; x_wconf 87' lang='lat' dir='ltr'><strong>latuit</strong></span> <span class='ocrx_word' id='word_1_886' title='bbox 3085 5124 3372 5197; x_wconf 64' lang='lat' dir='ltr'><strong>virginitas</strong></span> 
     </span>
    </p>
   </div>
   <div class='ocr_carea' id='block_1_119' title="bbox 1788 5194 3367 5269">
    <p class='ocr_par' dir='ltr' id='par_1_119' title="bbox 1788 5194 3367 5269">
     <span class='ocr_line' id='line_1_121' title="bbox 1788 5194 3367 5269; baseline -0.006 -16"><span class='ocrx_word' id='word_1_887' title='bbox 1788 5194 1991 5263; x_wconf 61' lang='lat' dir='ltr'><strong>Mariae,</strong></span> <span class='ocrx_word' id='word_1_888' title='bbox 2028 5209 2080 5253; x_wconf 91' lang='lat' dir='ltr'><strong>et</strong></span> <span class='ocrx_word' id='word_1_889' title='bbox 2122 5194 2312 5269; x_wconf 85' lang='lat' dir='ltr'><strong>partus</strong></span> <span class='ocrx_word' id='word_1_890' title='bbox 2351 5194 2523 5267; x_wconf 84' lang='lat' dir='ltr'><strong>ipsius</strong></span> <span class='ocrx_word' id='word_1_891' title='bbox 2560 5198 2833 5261; x_wconf 90' lang='lat' dir='ltr'><strong>similiter,</strong></span> <span class='ocrx_word' id='word_1_892' title='bbox 2884 5204 2937 5269; x_wconf 77' lang='lat' dir='ltr'><strong>et</strong></span> <span class='ocrx_word' id='word_1_893' title='bbox 2974 5194 3367 5269; x_wconf 78' lang='lat' dir='ltr'><strong>mors_Domi-</strong></span> 
     </span>
    </p>
   </div>
   <div class='ocr_carea' id='block_1_120' title="bbox 1788 5263 3365 5342">
    <p class='ocr_par' dir='ltr' id='par_1_120' title="bbox 1788 5263 3365 5342">
     <span class='ocr_line' id='line_1_122' title="bbox 1788 5263 3365 5342; baseline -0.004 -18"><span class='ocrx_word' id='word_1_894' title='bbox 1788 5273 1865 5333; x_wconf 87' lang='lat' dir='ltr'><strong>iii,</strong></span> <span class='ocrx_word' id='word_1_895' title='bbox 1900 5272 2001 5323; x_wconf 86' lang='lat' dir='ltr'><strong>tria</strong></span> <span class='ocrx_word' id='word_1_896' title='bbox 2029 5263 2286 5342; x_wconf 76' lang='lat' dir='ltr'><strong>mysteria</strong></span> <span class='ocrx_word' id='word_1_897' title='bbox 2311 5263 2597 5342; x_wconf 66' lang='lat' dir='ltr'><strong>clamoris,</strong></span> <span class='ocrx_word' id='word_1_898' title='bbox 2628 5284 2751 5342; x_wconf 55' lang='lat' dir='ltr'><strong>qua}</strong></span> <span class='ocrx_word' id='word_1_899' title='bbox 2782 5269 2839 5321; x_wconf 88' lang='lat' dir='ltr'><strong>in</strong></span> <span class='ocrx_word' id='word_1_900' title='bbox 2871 5265 3089 5321; x_wconf 87' lang='lat' dir='ltr'><strong>silentio</strong></span> <span class='ocrx_word' id='word_1_901' title='bbox 3132 5263 3230 5319; x_wconf 88' lang='lat' dir='ltr'><strong>Dei</strong></span> <span class='ocrx_word' id='word_1_902' title='bbox 3263 5279 3365 5334; x_wconf 87' lang='lat' dir='ltr'><strong>pa-</strong></span> 
     </span>
    </p>
   </div>
   <div class='ocr_carea' id='block_1_121' title="bbox 1788 5338 2773 5409">
    <p class='ocr_par' dir='ltr' id='par_1_121' title="bbox 1788 5338 2773 5409">
     <span class='ocr_line' id='line_1_123' title="bbox 1788 5338 2773 5409; baseline -0.005 -13"><span class='ocrx_word' id='word_1_903' title='bbox 1788 5351 1926 5396; x_wconf 86' lang='lat' dir='ltr'><strong>trata</strong></span> <span class='ocrx_word' id='word_1_904' title='bbox 1954 5338 2102 5395; x_wconf 60' lang='lat' dir='ltr'><strong>sunt;</strong></span> <span class='ocrx_word' id='word_1_905' title='bbox 2138 5361 2157 5391; x_wconf 72' lang='grc' dir='ltr'><strong><em>ι</em></strong></span> <span class='ocrx_word' id='word_1_906' title='bbox 2190 5339 2290 5409; x_wconf 79' lang='lat' dir='ltr'><strong>Ep.</strong></span> <span class='ocrx_word' id='word_1_907' title='bbox 2317 5341 2382 5393; x_wconf 89' lang='lat' dir='ltr'><strong>ad</strong></span> <span class='ocrx_word' id='word_1_908' title='bbox 2411 5338 2572 5407; x_wconf 82' lang='lat' dir='ltr'><strong>Eph.,</strong></span> <span class='ocrx_word' id='word_1_909' title='bbox 2601 5354 2650 5392; x_wconf 94' lang='lat' dir='ltr'><strong>c.</strong></span> <span class='ocrx_word' id='word_1_910' title='bbox 2684 5339 2773 5409; x_wconf 71' lang='lat'><strong>19.</strong></span> 
     </span>
    </p>
   </div>
   <div class='ocr_carea' id='block_1_122' title="bbox 1859 5403 3370 5490">
    <p class='ocr_par' dir='ltr' id='par_1_122' title="bbox 1859 5403 3370 5490">
     <span class='ocr_line' id='line_1_124' title="bbox 1859 5403 3370 5490; baseline -0.005 -26"><span class='ocrx_word' id='word_1_911' title='bbox 1859 5413 1972 5490; x_wconf 66' lang='grc' dir='ltr'>(ᾃῦ)</span> <span class='ocrx_word' id='word_1_912' title='bbox 2010 5410 2183 5490; x_wconf 86' lang='lat' dir='ltr'><strong>Epist.</strong></span> <span class='ocrx_word' id='word_1_913' title='bbox 2210 5403 2285 5490; x_wconf 57' lang='lat' dir='ltr'><strong>ad</strong></span> <span class='ocrx_word' id='word_1_914' title='bbox 2334 5403 2602 5490; x_wconf 66' lang='lat' dir='ltr'><strong>Magnes,</strong></span> <span class='ocrx_word' id='word_1_915' title='bbox 2633 5407 2770 5490; x_wconf 4' lang='lat' dir='ltr'><strong>c.j:7.</strong></span> <span class='ocrx_word' id='word_1_916' title='bbox 2802 5406 2862 5462; x_wconf 89' lang='lat' dir='ltr'><strong>1n</strong></span> <span class='ocrx_word' id='word_1_917' title='bbox 2901 5405 3092 5461; x_wconf 90' lang='lat' dir='ltr'><strong>eadem</strong></span> <span class='ocrx_word' id='word_1_918' title='bbox 3131 5403 3370 5490; x_wconf 77' lang='lat' dir='ltr'><strong>epistola</strong></span> 
     </span>
    </p>
   </div>
   <div class='ocr_carea' id='block_1_123' title="bbox 1790 5476 3370 5550">
    <p class='ocr_par' dir='ltr' id='par_1_123' title="bbox 1790 5476 3370 5550">
     <span class='ocr_line' id='line_1_125' title="bbox 1790 5476 3370 5550; baseline -0.004 -16"><span class='ocrx_word' id='word_1_919' title='bbox 1790 5476 2150 5550; x_wconf 64' lang='lat' dir='ltr'><strong>S.&#39;lg&#39;iiaiius</strong></span> <span class='ocrx_word' id='word_1_920' title='bbox 2206 5476 2571 5550; x_wconf 81' lang='lat' dir='ltr'><strong>Magnesiaiiis</strong></span> <span class='ocrx_word' id='word_1_921' title='bbox 2632 5479 2763 5533; x_wconf 91' lang='lat' dir='ltr'><strong>satis</strong></span> <span class='ocrx_word' id='word_1_922' title='bbox 2800 5493 2887 5550; x_wconf 26' lang='lat' dir='ltr'><strong>‘se</strong></span> <span class='ocrx_word' id='word_1_923' title='bbox 2947 5476 3370 5550; x_wconf 81' lang='lat' dir='ltr'><strong>commendasse</strong></span> 
     </span>
    </p>
   </div>
   <div class='ocr_carea' id='block_1_124' title="bbox 1786 5546 3372 5616">
    <p class='ocr_par' dir='ltr' id='par_1_124' title="bbox 1786 5546 3372 5616">
     <span class='ocr_line' id='line_1_126' title="bbox 1786 5546 3372 5616; baseline -0.006 -11"><span class='ocrx_word' id='word_1_924' title='bbox 1786 5546 2117 5606; x_wconf 71' lang='lat' dir='ltr'><strong>Christiana:</strong></span> <span class='ocrx_word' id='word_1_925' title='bbox 2145 5546 2372 5606; x_wconf 72' lang='lat' dir='ltr'><strong>unitatis</strong></span> <span class='ocrx_word' id='word_1_926' title='bbox 2397 5550 2770 5605; x_wconf 76' lang='lat' dir='ltr'><strong>excellentiam</strong></span> <span class='ocrx_word' id='word_1_927' title='bbox 2791 5546 2917 5616; x_wconf 87' lang='lat' dir='ltr'><strong>jure</strong></span> <span class='ocrx_word' id='word_1_928' title='bbox 2944 5547 3244 5601; x_wconf 88' lang='lat' dir='ltr'><strong>arbitratus</strong></span> <span class='ocrx_word' id='word_1_929' title='bbox 3272 5553 3372 5616; x_wconf 86' lang='lat' dir='ltr'><strong>est</strong></span> 
     </span>
    </p>
   </div>
   <div class='ocr_carea' id='block_1_125' title="bbox 1787 5614 3369 5687">
    <p class='ocr_par' dir='ltr' id='par_1_125' title="bbox 1787 5614 3369 5687">
     <span class='ocr_line' id='line_1_127' title="bbox 1787 5614 3369 5687; baseline -0.005 -12"><span class='ocrx_word' id='word_1_930' title='bbox 1787 5622 1876 5681; x_wconf 91' lang='lat' dir='ltr'><strong>liis</strong></span> <span class='ocrx_word' id='word_1_931' title='bbox 1905 5623 2130 5677; x_wconf 89' lang='lat' dir='ltr'><strong>verbis:</strong></span> <span class='ocrx_word' id='word_1_932' title='bbox 2170 5641 2187 5671; x_wconf 86' lang='grc'><em>‹</em></span> <span class='ocrx_word' id='word_1_933' title='bbox 2228 5620 2383 5676; x_wconf 87' lang='lat' dir='ltr'><strong>Unus</strong></span> <span class='ocrx_word' id='word_1_934' title='bbox 2418 5630 2503 5675; x_wconf 91' lang='lat' dir='ltr'><strong>est</strong></span> <span class='ocrx_word' id='word_1_935' title='bbox 2543 5618 2705 5674; x_wconf 81' lang='lat' dir='ltr'><strong>Jcsus</strong></span> <span class='ocrx_word' id='word_1_936' title='bbox 2754 5614 3040 5685; x_wconf 86' lang='lat' dir='ltr'><strong>Christus,</strong></span> <span class='ocrx_word' id='word_1_937' title='bbox 3073 5632 3186 5687; x_wconf 89' lang='lat' dir='ltr'><strong>quo</strong></span> <span class='ocrx_word' id='word_1_938' title='bbox 3228 5614 3369 5670; x_wconf 90' lang='lat' dir='ltr'><strong>nihil</strong></span> 
     </span>
    </p>
   </div>
   <div class='ocr_carea' id='block_1_126' title="bbox 1786 5693 2320 5761">
    <p class='ocr_par' dir='ltr' id='par_1_126' title="bbox 1786 5693 2320 5761">
     <span class='ocr_line' id='line_1_128' title="bbox 1786 5693 2320 5761; baseline -0.007 -16"><span class='ocrx_word' id='word_1_939' title='bbox 1786 5693 2134 5761; x_wconf 67' lang='lat' dir='ltr'><strong>priest-nntius</strong></span> <span class='ocrx_word' id='word_1_940' title='bbox 2163 5702 2266 5745; x_wconf 88' lang='lat' dir='ltr'><strong>est.</strong></span> <span class='ocrx_word' id='word_1_941' title='bbox 2302 5712 2320 5741; x_wconf 73' lang='grc' dir='ltr'><strong><em>ι</em></strong></span> 
     </span>
    </p>
   </div>
   <div class='ocr_carea' id='block_1_127' title="bbox 1861 5760 3367 5884">
    <p class='ocr_par' dir='ltr' id='par_1_127' title="bbox 1861 5760 3367 5884">
     <span class='ocr_line' id='line_1_129' title="bbox 1861 5760 3367 5884; baseline -0.003 -68"><span class='ocrx_word' id='word_1_942' title='bbox 1861 5764 1975 5884; x_wconf 54' lang='grc' dir='ltr'>(ξῆν)</span> <span class='ocrx_word' id='word_1_943' title='bbox 2008 5764 2243 5817; x_wconf 85' lang='lat' dir='ltr'><strong>Consule</strong></span> <span class='ocrx_word' id='word_1_944' title='bbox 2277 5763 2393 5816; x_wconf 88' lang='lat' dir='ltr'><strong>loca</strong></span> <span class='ocrx_word' id='word_1_945' title='bbox 2437 5776 2601 5829; x_wconf 85' lang='lat' dir='ltr'><strong>supra</strong></span> <span class='ocrx_word' id='word_1_946' title='bbox 2630 5761 2742 5831; x_wconf 89' lang='lat' dir='ltr'><strong>jam</strong></span> <span class='ocrx_word' id='word_1_947' title='bbox 2785 5761 3037 5831; x_wconf 79' lang='lat' dir='ltr'><strong>allegata,</strong></span> <span class='ocrx_word' id='word_1_948' title='bbox 3071 5760 3127 5814; x_wconf 90' lang='lat' dir='ltr'><strong>in</strong></span> <span class='ocrx_word' id='word_1_949' title='bbox 3154 5761 3367 5830; x_wconf 86' lang='lat' dir='ltr'><strong>primis,</strong></span> 
     </span>
     <span class='ocr_line' id='line_1_130' title="bbox 1958 5829 3367 5884; baseline -0.001 0"><span class='ocrx_word' id='word_1_950' title='bbox 1958 5849 2043 5884; x_wconf 79' lang='lat' dir='ltr'><strong>ei).</strong></span> <span class='ocrx_word' id='word_1_951' title='bbox 2070 5833 2137 5884; x_wconf 91' lang='lat' dir='ltr'><strong>ad</strong></span> <span class='ocrx_word' id='word_1_952' title='bbox 2166 5832 2327 5884; x_wconf 51' lang='lat' dir='ltr'><strong>ritili“</strong></span> <span class='ocrx_word' id='word_1_953' title='bbox 2361 5851 2410 5884; x_wconf 85' lang='lat' dir='ltr'><strong>e.</strong></span> <span class='ocrx_word' id='word_1_954' title='bbox 2437 5832 2471 5884; x_wconf 82' lang='lat'><strong>5</strong></span> <span class='ocrx_word' id='word_1_955' title='bbox 2537 5848 2622 5884; x_wconf 86' lang='lat' dir='ltr'><strong>en.</strong></span> <span class='ocrx_word' id='word_1_956' title='bbox 2670 5832 2736 5884; x_wconf 87' lang='lat' dir='ltr'><strong>ad</strong></span> <span class='ocrx_word' id='word_1_957' title='bbox 2775 5831 3117 5884; x_wconf 86' lang='lat' dir='ltr'><strong>Polvcaruun</strong></span> <span class='ocrx_word' id='word_1_958' title='bbox 3141 5842 3219 5884; x_wconf 61' lang='lat' dir='ltr'><strong>iet</strong></span> <span class='ocrx_word' id='word_1_959' title='bbox 3253 5848 3303 5884; x_wconf 72' lang='grc' dir='ltr'><strong>ιι.</strong></span> <span class='ocrx_word' id='word_1_960' title='bbox 3336 5829 3367 5882; x_wconf 71' lang='grc'><strong>5</strong></span> 
     </span>
    </p>
   </div>
   <div class='ocr_carea' id='block_1_128' title="bbox 1788 5829 3372 5902">
    <p class='ocr_par' dir='ltr' id='par_1_128' title="bbox 1788 5829 3372 5902">
     <span class='ocr_line' id='line_1_131' title="bbox 1788 5829 3372 5902; baseline -0.004 -13"><span class='ocrx_word' id='word_1_961' title='bbox 1788 5851 1838 5889; x_wconf 89' lang='lat' dir='ltr'><strong>c.</strong></span> <span class='ocrx_word' id='word_1_962' title='bbox 1870 5829 1900 5884; x_wconf 84' lang='grc'><strong>⁸7</strong></span> <span class='ocrx_word' id='word_1_963' title='bbox 1958 5829 2043 5902; x_wconf 79' lang='lat' dir='ltr'><strong>ep.</strong></span> <span class='ocrx_word' id='word_1_964' title='bbox 2070 5833 2137 5887; x_wconf 87' lang='lat' dir='ltr'><strong>ad</strong></span> <span class='ocrx_word' id='word_1_965' title='bbox 2166 5832 2327 5901; x_wconf 60' lang='grc' dir='ltr'><strong>εὐνὴ..</strong></span> <span class='ocrx_word' id='word_1_966' title='bbox 2361 5851 2410 5887; x_wconf 83' lang='lat' dir='ltr'><strong>e.</strong></span> <span class='ocrx_word' id='word_1_967' title='bbox 2437 5832 2471 5886; x_wconf 82' lang='lat'><strong>5</strong></span> <span class='ocrx_word' id='word_1_968' title='bbox 2537 5829 2640 5899; x_wconf 52' lang='lat' dir='ltr'><strong>cp.</strong></span> <span class='ocrx_word' id='word_1_969' title='bbox 2670 5832 2736 5885; x_wconf 86' lang='lat' dir='ltr'><strong>ad</strong></span> <span class='ocrx_word' id='word_1_970' title='bbox 2775 5829 3117 5902; x_wconf 74' lang='lat' dir='ltr'><strong>Polycarpun</strong></span> <span class='ocrx_word' id='word_1_971' title='bbox 3141 5829 3219 5887; x_wconf 58' lang='lat' dir='ltr'><strong>iet</strong></span> <span class='ocrx_word' id='word_1_972' title='bbox 3253 5848 3303 5885; x_wconf 69' lang='grc' dir='ltr'><strong>ιι.</strong></span> <span class='ocrx_word' id='word_1_973' title='bbox 3327 5829 3372 5902; x_wconf 68' lang='grc' dir='ltr'><strong>Δ2⁷»</strong></span> 
     </span>
    </p>
   </div>
   <div class='ocr_carea' id='block_1_129' title="bbox 1791 5899 3369 5974">
    <p class='ocr_par' dir='ltr' id='par_1_129' title="bbox 1791 5899 3369 5974">
     <span class='ocr_line' id='line_1_132' title="bbox 1791 5899 3369 5974; baseline -0.004 -14"><span class='ocrx_word' id='word_1_974' title='bbox 1791 5905 1859 5960; x_wconf 81' lang='lat' dir='ltr'><strong>ad</strong></span> <span class='ocrx_word' id='word_1_975' title='bbox 1879 5899 2122 5972; x_wconf 64' lang='lat' dir='ltr'><strong>Sinin-in;</strong></span> <span class='ocrx_word' id='word_1_976' title='bbox 2157 5899 2277 5973; x_wconf 74' lang='lat' dir='ltr'><strong>cap.</strong></span> <span class='ocrx_word' id='word_1_977' title='bbox 2314 5904 2374 5957; x_wconf 68' lang='lat' dir='ltr'><strong>lii</strong></span> <span class='ocrx_word' id='word_1_978' title='bbox 2407 5905 2474 5959; x_wconf 90' lang='lat' dir='ltr'><strong>ad</strong></span> <span class='ocrx_word' id='word_1_979' title='bbox 2492 5902 2761 5974; x_wconf 63' lang='lat' dir='ltr'><strong>Magnes;</strong></span> <span class='ocrx_word' id='word_1_980' title='bbox 2785 5903 2851 5958; x_wconf 84' lang='lat' dir='ltr'><strong>ad</strong></span> <span class='ocrx_word' id='word_1_981' title='bbox 2876 5899 3141 5973; x_wconf 67' lang='lat' dir='ltr'><strong>Smyrnaei</strong></span> <span class='ocrx_word' id='word_1_982' title='bbox 3165 5922 3213 5967; x_wconf 67' lang='grc' dir='ltr'><strong>δ,</strong></span> <span class='ocrx_word' id='word_1_983' title='bbox 3233 5918 3282 5957; x_wconf 87' lang='lat' dir='ltr'><strong>c.</strong></span> <span class='ocrx_word' id='word_1_984' title='bbox 3318 5899 3369 5954; x_wconf 75' lang='lat' dir='ltr'><strong>l.</strong></span> 
     </span>
    </p>
   </div>
  </div>
