3754 6206
375 336 481 392 595

1443 341 1498 395 S.
1534 339 1879 396 lGNATlUS.
1895 340 1991 381 ’--
2020 341 2547 399 PROLEGOMENA.
3526 342 3609 398 596

377 460 720 527 commistas,
745 470 837 515 aut
869 458 1148 528 confusas,
1196 462 1290 518 sed
1324 478 1491 518 unam
1522 464 1576 518 in
1606 464 1726 535 ipso
1760 478 1951 533 perso-
1982 467 2027 523 Α
2057 473 2203 519 ctam
2229 506 2245 531 ,
2281 466 2440 535 quia,
2477 474 2537 520 ut
2570 464 2645 519 ait
2679 458 3048 520 Tcitullianns
3076 464 3188 535 (57)
3217 484 3230 519 :
3271 482 3291 515 ‹
3330 462 3482 518 Vana
3516 479 3608 527 res,

378 565 502 604 nam
534 567 627 620 per
652 552 911 607 unitatem
942 554 1234 608 efﬁcientes
1266 562 1532 608 censeret.

448 642 737 699 Veritatem
768 645 1160 701 incarnationis
1183 688 1196 709 .
1228 645 1621 715 Christumque
1650 659 1777 699 vere
1816 659 1941 713 pas—

372 751 492 789 sum
521 751 584 790 ac
630 739 1041 804 resurrexisse,
1084 747 1277 792 contra
1327 735 1704 807 phantasticos
1751 736 1940 791 multis

372 825 429 881 S.
472 828 709 899 lgnatius
736 832 947 901 probat.
980 832 1122 885 Inter
1150 831 1255 885 alia
1286 832 1359 885 ita
1392 831 1783 886 ratiocinatur:
1818 849 1838 883 ε
1880 830 1936 884 Si

366 937 513 987 vero,
540 932 597 977 ut
622 925 841 993 quidam
864 924 1031 989 atbei,
1052 926 1154 979 hoc
1182 935 1261 980 est
1287 925 1550 991 inﬁdeles,
1571 924 1740 988 aiunt,
1760 925 1938 994 ipsum

365 1014 694 1087 (Christum)
740 1016 1044 1072 secundum
1100 1017 1474 1088 apparentiam
1523 1030 1646 1071 esse
1692 1032 1940 1087 passum,

366 1107 467 1176 ipsi
508 1109 806 1163 secundum
846 1109 1218 1178 apparentiam
1252 1110 1605 1176 exsistentes;
1658 1125 1760 1180 ego
1807 1109 1938 1180 quid

365 1198 585 1255 vinctus
623 1200 781 1255 sum?
812 1210 866 1253 et
912 1216 1011 1254 cur
1044 1210 1173 1270 opto
1206 1217 1329 1255 cum
1360 1202 1553 1256 bestiis
1592 1201 1941 1271 depugnare?

365 1291 570 1348 frustra
606 1294 788 1364 itaque
823 1294 1047 1348 morior.
1084 1312 1101 1345 ι
1134 1325 1204 1335 --
1236 1314 1255 1346 ι
1288 1294 1761 1365 Profect0,.addit
1793 1296 1943 1349 insu-

363 1391 798 1456 per,cmendacia
834 1391 901 1445 de
940 1389 1175 1445 Domino
1207 1404 1314 1443 non
1357 1390 1641 1460 contingo,
1681 1408 1701 1440 ι
1742 1388 1852 1460 ἄρα
1877 1388 1940 1442 οὐ

362 1478 770 1551 καταψεύδομαι
803 1480 899 1535 τοῦ
926 1481 1153 1553 Κυρίου.
1197 1499 1216 1532 ι
1249 1480 1442 1552 Fugite
1487 1496 1639 1552 ergo,
1666 1500 1686 1534 ι
1713 1482 1938 1538 conclu-

360 1569 439 1623 dit
464 1570 579 1639 ipse
605 1571 672 1625 de
714 1572 1073 1641 phantasticis
1112 1575 1381 1645 loquens,
1405 1593 1424 1625 ι
1468 1572 1639 1645 fugite
1671 1575 1938 1646 malignas

362 1661 462 1718 has
497 1662 733 1731 stirpes,
787 1680 911 1734 qua:
969 1667 1201 1738 gignunt
1261 1666 1605 1722 mortiferum
1662 1667 1936 1734 fructum,

362 1768 524 1821 quem
552 1754 598 1811 si
638 1756 764 1826 quis
794 1758 1046 1827 gustarit,
1074 1758 1339 1815 continuo
1373 1759 1606 1815 moritur
1634 1758 1800 1831 (55).»

364 1863 391 1936 §
422 1864 509 1941 ΙΥ.
542 1867 619 1941 _De
656 1868 791 1941 reali
831 1872 1113 1937 prwsentia
1154 1872 1389 1941 corporis
1419 1870 1623 1927 Christi
1664 1874 1722 1926 in
1743 1874 1941 1927 eucha-
1978 1862 2018 1917 Β

432 1938 712 2010 ζὶξιὶανάε
736 1939 975 1993 diaconis
1009 1938 1348 1998 eucharistia:
1375 1943 1665 2010 ministris,
1700 1952 1751 1998 et
1782 1945 1846 1998 de
1877 1944 1936 1999 S.

431 2006 859 2063 Christianorum
881 2013 1064 2065 altari.

428 2121 505 2177 Ex
549 2125 791 2195 antiquis
836 2127 1195 2197 scriptoribus
1237 2137 1423 2185 noster
1449 2129 1503 2183 in
1538 2129 1731 2199 primis
1778 2129 1938 2200 lgna—

355 2214 497 2280 tius,
531 2232 719 2272 verum
749 2218 801 2272 in
842 2220 1179 2275 eucharistia
1214 2235 1337 2277 esse
1362 2220 1571 2277 Christi
1605 2237 1828 2292 corpus,
1858 2222 1941 2277 di-

284 2350 287 2353 λ
355 2310 663 2365 sertissime
706 2312 886 2368 docet.
923 2311 1207 2383 Siquidem
1248 2314 1345 2369 ubi
1387 2315 1455 2369 de
1503 2316 1795 2381 haereticis,
1843 2316 1936 2385 qui

352 2399 637 2456 Christum
665 2419 773 2458 non
813 2419 1023 2467 veram,
1055 2405 1151 2460 sed
1189 2406 1371 2461 fictam
1400 2416 1456 2462 et
1480 2408 1791 2463 simulatam
1815 2425 1938 2464 car-

354 2509 480 2548 nem
514 2498 883 2567 assumpsisse
906 2499 1242 2568 garriebant,
1272 2514 1582 2555 sermonem
1611 2502 1792 2567 habet,
1823 2503 1940 2560 bare

354 2586 651 2642 ohservatu
697 2588 1025 2662 dignissima
1064 2591 1276 2661 profert
1305 2594 1511 2648 verba:
1542 2613 1560 2646 ι
1609 2594 1695 2651 Ab
1734 2599 1933 2653 eucha-

353 2674 532 2742 ristia,
559 2679 759 2749 inquit,
784 2681 1087 2749 abstinent,
1127 2692 1353 2755 propter
1373 2700 1482 2740 non
1517 2687 1785 2755 Conﬁteri,
1814 2705 1939 2745 car-

352 2782 478 2822 nem
511 2759 635 2825 esse
662 2769 969 2828 Salvatoris
993 2775 1169 2830 nostri
1197 2774 1325 2831 Jesu
1355 2776 1558 2833 Christi
1590 2794 1692 2849 pro
1741 2793 1935 2848 pecca-

350 2859 423 2914 t-is
448 2862 652 2916 nostris
679 2878 899 2933 passam
934 2864 1070 2936 (56).
1104 2884 1122 2917 ι
1163 2865 1230 2922 Et
1258 2883 1413 2933 vero,
1443 2870 1489 2925 si
1518 2878 1649 2925 tunc
1671 2870 1937 2925 Christia~

350 2952 405 3006 ni
436 2953 491 3007 in
518 2956 731 3025 eadem,
761 2972 827 3012 ac
847 2955 1151 3013 Calviniani
1182 2960 1357 3015 nostri
1383 2960 1618 3017 fuissent
1641 2965 1930 3031 sententia,

348 3046 742 3103 eucharistiam
766 3051 1017 3120 corporis
1040 3050 1244 3107 Christi
1276 3053 1479 3108 nudam
1511 3054 1782 3109 duntaxat
1808 3070 1934 3111 esse

348 3137 602 3208 ﬁguram,
640 3142 711 3197 ab
738 3142 819 3198 eis
847 3159 955 3198 non
986 3146 1170 3215 potius
1197 3145 1287 3200 illa
1320 3146 1472 3215 rejici
1503 3146 1716 3211 debuit,
1760 3163 1929 3218 quam

2056 558 2202 626 quod
2251 566 2336 611 εει
2382 558 2729 625 phantasma,
2765 558 2994 628 ﬁguram
3030 572 3138 611 non
3168 555 3427 611 admittit.
3464 573 3483 605 ι
3521 553 3608 607 Sed

2055 649 2163 703 huc
2197 648 2284 702 illa
2322 648 2642 703 Tertulliani
2677 648 2976 703 auctoritas
3006 662 3289 718 perperam
3317 645 3607 701 adducitur.

2054 741 2129 794 lbi
2165 741 2311 795 enim
2346 742 2542 796 doctus
2574 740 2665 795 ille
2696 740 2781 794 vir
2808 739 3138 794 Marcionem
3159 781 3175 805 ,
3206 739 3300 808 qui
3344 737 3609 792 Christum

2056 831 2241 887 ﬁctum
2278 831 2554 887 hominem
2587 841 2643 887 et
2663 832 2987 902 phantasma
3018 830 3186 886 fuisse
3218 830 3509 893 delirabat,
3524 830 3613 883 hoc

2055 923 2370 980 testimonio
2404 921 2656 978 Jeremia:
2686 923 2958 979 dicentis:
3002 921 3214 978 Venite.
3255 923 3532 976 mittamus
3560 921 3614 973 li-

2055 1033 2216 1088 gnum
2246 1018 2303 1071 in
2324 1032 2511 1087 panem
2542 1016 2657 1089 (58)
2689 1016 2905 1088 egregie
2939 1014 3154 1081 refellit,
3185 1014 3534 1084 ostenditque
3556 1028 3613 1068 eo

2052 1110 2156 1167 loci
2188 1126 2384 1182 panem
2424 1127 2535 1165 non
2585 1110 2817 1181 ﬁguram
2859 1109 3065 1164 Christi
3097 1107 3404 1177 simplicem
3446 1115 3503 1162 et
3526 1122 3615 1160 nu-

2050 1204 2200 1271 dam,
2233 1204 2327 1259 sed
2362 1203 2735 1274 propheticam
2776 1202 3060 1273 appellari.

2118 1297 2187 1351 At
2220 1296 2274 1350 in
2311 1297 2645 1352 cucharistia
2673 1295 2825 1368 juxta
2859 1295 3285 1350 Calvinistarum
3313 1294 3615 1364 opinionem

2048 1401 2160 1444 non
2193 1386 2364 1442 futuri
2408 1388 2654 1459 corporis
2702 1387 3041 1458 prophetica,
3076 1387 3171 1441 sed
3214 1388 3473 1457 corporis
3505 1401 3618 1441 vere

2047 1480 2364 1536 exsistentis
2398 1480 2570 1551 ﬁgura
2603 1486 2707 1535 est.
2748 1479 2884 1545 Quis
2915 1492 3095 1534 autem
3120 1479 3404 1534 revocabit
3444 1478 3498 1532 in
3534 1478 3619 1532 du-

2047 1572 2221 1639 bium,
2254 1572 2496 1641 aliquam
2526 1571 2796 1642 corporis,
2821 1571 2962 1640 quod
2986 1571 3243 1626 simulate
3270 1578 3327 1624 et
3356 1569 3482 1625 ﬁcte
3504 1577 3619 1623 tan-

2047 1670 2164 1716 tum
2187 1662 2424 1728 exsistit,
2456 1676 2616 1732 posse
2649 1677 2771 1717 esse
2800 1662 3032 1732 ﬁguram
3056 1661 3080 1714 ?
3106 1658 3360 1715 Haeretici
3389 1675 3521 1730 ergo
3548 1658 3618 1711 illi

2047 1750 2191 1807 hanc
2223 1753 2295 1807 ob
2320 1767 2544 1808 causam
2581 1753 2971 1808 eucharistiam
2993 1794 3009 1819 ,
3059 1751 3224 1808 sicuti
3264 1752 3616 1823 baptismum,

2047 1857 2209 1911 quem
2254 1843 2377 1899 ﬁcte
2414 1843 2619 1899 Christi
2664 1844 2859 1899 mortis
2893 1844 3123 1913 ﬁguram
3168 1859 3291 1899 esse
3333 1843 3621 1898 contende-

2050 1934 2204 2001 bant,
2251 1950 2509 2005 respuere
2533 1951 2643 1991 non
2674 1936 2998 1991 debuerunt.
3029 1934 3153 1989 Vim
3191 1934 3426 2005 hujusce
3459 1950 3619 2004 argu-

2043 2026 2216 2081 menti
2248 2041 2375 2082 cum
2409 2027 2638 2083 sentiret
2675 2027 2941 2084 Claudius
2988 2027 3464 2084 Charentonensis
3498 2028 3620 2083 olim

2042 2116 2315 2185 minister,
2349 2118 2404 2173 in
2437 2118 2599 2173 aliam
2630 2119 2765 2174 abiit
2794 2121 3143 2175 sententiam.
3172 2118 3485 2190 Respondit
3522 2121 3622 2175 ita-

2040 2224 2149 2280 que
2170 2210 2285 2281 (59)
2314 2211 2417 2267 hos
2444 2211 2731 2267 haereticos
2772 2212 2936 2267 stulte
2986 2213 3288 2269 credidisse
3320 2212 3622 2278 Christum,

2042 2303 2137 2373 qui
2176 2318 2365 2358 verum
2402 2318 2602 2374 corpus
2635 2303 2847 2371 habuit,
2875 2304 2963 2360 bis
2994 2304 3178 2359 verbis
3205 2323 3220 2359 :
3253 2304 3374 2358 Hoc
3404 2316 3483 2360 est
3510 2322 3624 2359 cor-

2040 2412 2137 2456 pus
2167 2412 2369 2460 meum,
2412 2411 2606 2466 panem
2630 2437 2645 2461 ,
2680 2404 2742 2450 ut
2787 2411 2991 2467 corpus
3024 2411 3187 2451 suum
3223 2396 3404 2465 ﬁeret,
3440 2412 3624 2453 revera

2039 2487 2351 2558 adoptasse.
2384 2489 2440 2543 Id
2468 2503 2628 2556 vero,
2651 2497 2711 2542 ut
2739 2488 2965 2559 probet,
3007 2487 3417 2544 Tertullianum
3445 2492 3568 2545 loco
3594 2507 3623 2545 a

2039 2580 2201 2635 nobis
2243 2596 2406 2651 supra
2458 2582 2649 2647 citato,
2688 2590 2878 2636 testem
2919 2584 3193 2652 producit.
3236 2581 3345 2639 Sed
3378 2584 3453 2638 ibi
3490 2582 3623 2638 Terv

2040 2671 2306 2726 tullianus
2362 2672 2431 2726 de
2473 2671 2565 2726 illa
2617 2672 2999 2728 haereticorum
3055 2674 3221 2730 stulta
3254 2675 3521 2744 opinione
3559 2691 3628 2730 nc

2039 2764 2329 2819 minimum
2384 2764 2605 2834 quidem
2666 2765 2893 2820 verbum
2954 2766 3100 2821 fecit.
3166 2766 3343 2822 Instat
3411 2767 3505 2822 ille
3559 2784 3625 2823 ex
3708 2776 3715 2781 '

2034 2856 2388 2924 Bellarmino,
2413 2857 2481 2911 ab
2509 2857 2781 2913 haereticis
2804 2857 2912 2913 illis
2943 2873 3051 2912 non
3080 2866 3189 2912 tam
3214 2871 3627 2916 sacramentum

2035 2949 2402 3018 eucharistiaa,
2437 2964 2601 3020 quam
2638 2951 2957 3021 mysterium
3006 2949 3417 3008 lncarnationis
3457 2953 3628 3009 fuisse

2036 3043 2439 3113 impugnatum.
2484 3041 2628 3109 Quid
2674 3042 2832 3097 inde?
2879 3041 3135 3113 Nunquid
3178 3048 3509 3115 mysterium
3542 3046 3627 3101 ln-

2035 3140 2373 3196 carnationis
2397 3140 2554 3195 aliter
2586 3140 2897 3210 impugnari
2932 3156 3041 3196 non
3072 3152 3283 3212 potest;
3323 3146 3433 3201 nisi
3468 3147 3625 3203 Chri-

345 3229 675 3301 haptismus,
708 3234 804 3303 qui
834 3250 962 3290 vere
994 3237 1192 3291 mortis
1240 3235 1447 3292 Christi
1483 3237 1655 3305 ﬁgura
1688 3253 1813 3295 esse
1844 3240 1932 3295 di-
1965 3220 2008 3278 (ἶ
2045 3242 2163 3288 stus
2189 3248 2407 3302 panem,
2444 3242 2507 3287 ut
2534 3248 2696 3288 suum
2724 3248 2924 3303 corpus
2957 3246 3123 3301 esset,
3151 3235 3452 3307 adoptasse
3477 3241 3629 3295 dica-

346 3320 511 3377 citur.
552 3324 667 3379 [mo
708 3326 777 3380 ab
810 3326 920 3383 illis
948 3336 1003 3383 et
1030 3328 1368 3384 eucharistia
1406 3345 1516 3385 non
1549 3346 1709 3387 secus
1735 3346 1800 3386 ac
1827 3331 1928 3386 ba-

344 3413 580 3481 ptismus
612 3417 880 3473 ambabus
932 3419 1078 3475 ulnis
1124 3420 1473 3491 suscipienda
1524 3432 1678 3491 erat;
1729 3424 1931 3494 quippe

344 3519 452 3573 qua
484 3505 765 3564 Christum
820 3511 1043 3578 nullibi,
1092 3512 1198 3567 nisi
1244 3513 1300 3567 in
1352 3513 1557 3585 ﬁgura,
1605 3530 1715 3570 non
1749 3517 1930 3587 rcipsa

340 3598 621 3654 exstitisse
645 3600 1057 3656 concluderent.
1094 3603 1233 3658 Cum
1266 3620 1398 3675 ergo
1429 3606 1498 3660 ab
1531 3606 1622 3661 illa
1654 3607 1934 3664 abstinue-

344 3688 475 3754 rint,
505 3690 561 3744 in
595 3691 789 3747 eadem
816 3692 934 3762 ipsa
962 3708 1150 3747 verum
1184 3708 1385 3763 corpus
1415 3695 1621 3751 Christi
1656 3712 1780 3753 esse
1806 3713 1930 3767 per—

342 3798 566 3838 suasum
604 3784 901 3840 habebant.

408 3872 644 3943 Objiciet
679 3874 866 3929 forsan
900 3877 1099 3946 aliquis
1132 3879 1549 3948 eucharistiam,
1585 3882 1689 3938 etsi
1719 3883 1923 3939 nudam

339 3967 587 4035 corporis
636 3967 841 4023 Christi
894 3970 1149 4039 ﬁguram,
1192 3972 1313 4028 ideo
1345 3981 1529 4029 tamen
1568 3974 1640 4029 ab
1670 3974 1750 4030 eis
1783 3976 1925 4047 reje-

412 4110 528 4179 (55)
553 4110 724 4192 Epist.
752 4113 823 4192 ad
840 4111 1062 4192 -Trall.,
1094 4131 1144 4172 c.
1189 4117 1295 4192 lO._
1325 4118 1383 4192 l_n
1434 4119 1597 4192 epist.
1632 4120 1700 4192 ad
1731 4119 1922 4192 Smyr-

338 4194 491 4235 nzeos
518 4182 808 4258 repetitS.
840 4184 1105 4254 lgnatius,
1153 4189 1299 4258 quod
1326 4182 1484 4245 Iesus
1523 4189 1768 4244 Christus
1808 4182 1924 4246 v'ere

336 4267 526 4333 passus
554 4266 664 4333 est,
694 4256 833 4333 sicut
856 4265 923 4333 et
956 4256 1202 4333 sejpsttni
1224 4262 1533 4333 suscitavit,
1574 4260 1669 4333 καὶ
1706 4262 1923 4333 ᾁληθῶς

335 4322 558 4401 ἐπᾳθςν,
715 4327 809 4379 καὶ
844 4322 1060 4401 ῥηθῶἐς
1111 4330 1408 4399 ἀνέστησεν
1466 4331 1675 4384 ἑαυτόν.
1703 4322 1836 4401 Cap.
1870 4322 1925 4396 2,

337 4402 393 4445 et
417 4392 558 4448 infra
592 4396 758 4469 habet
785 4415 798 4450 :
822 4415 841 4447 «η
866 4392 980 4469 Ego
1002 4412 1055 4452 et
1081 4409 1204 4469 post
1231 4392 1695 4455 resurrectionem
1717 4392 1842 4457 cuin
1878 4392 1931 4455 in

335 4479 525 4542 carne.
543 4467 704 4532 novi,
750 4478 805 4521 et
840 4468 1003 4522 credo
1040 4467 1185 4542 esse.
1222 4469 1290 4542 Et
1326 4470 1549 4542 quando
1595 4471 1660 4523 ad
1688 4487 1804 4539 eos,
1838 4472 1931 4542 qui

2023 4120 2277 4202 ξωαξῆρος
2299 4118 2477 4202 Λήμῶν
2522 4117 2764 4202 ’ῐῃσοΰηΧ
2776 4116 2988 4202 ριστῖοῦ3

2040 3324 2161 3380 tur?
2192 3323 2319 3379 Haec
2351 3339 2483 3379 sane
2534 3340 2670 3379 vana
2711 3339 2875 3395 quam
2922 3325 3032 3380 sint
3082 3334 3138 3381 et
3186 3312 3405 3398 futilia,
3462 3345 3629 3387 nemo

2035 3434 2144 3474 non
2170 3419 2334 3476 videt.

2104 3514 2517 3571 Observandum
2540 3528 2781 3585 quoque,
2806 3513 3068 3570 diaconos
3111 3513 3255 3570 inter
3285 3530 3481 3572 sacros
3500 3516 3631 3571 ado-

2034 3609 2192 3663 randi
2220 3607 2570 3663 eucharistiaa
2618 3606 2951 3661 sacramenti
2990 3606 3279 3662 ministros
3308 3607 3379 3661 ab
3412 3607 3627 3678 lgnatio

2033 3698 2377 3769 computari:
2408 3706 2625 3768 oportet
2655 3706 2709 3753 et
2742 3698 3007 3753 diaconos
3045 3698 3330 3754 ministros
3351 3700 3629 3755 exsisten-

2031 3806 2115 3845 tes
2132 3789 2518 3860 mysteriorum
2547 3786 2677 3843 Jesu
2707 3788 2980 3843 Christi...
3020 3786 3138 3841 Non
3165 3788 3313 3842 enim
3343 3789 3625 3855 ciborum,

2031 3894 2087 3939 et
2124 3891 2350 3952 potuum
2382 3889 2513 3936 sunt
2545 3880 2783 3935 ministri
2818 3879 2954 3950 (60).
3003 3878 3145 3935 Hinc
3177 3880 3347 3935 etiam
3386 3879 3448 3938 S.
3500 3881 3626 3935 Ste-

2031 3979 2249 4048 phanus
2283 3990 2427 4030 unus
2468 3989 2535 4028 ex
2579 3984 2786 4044 septem
2828 3962 3022 4044 primis
3071 3970 3334 4028 Ecclesiae
3367 3973 3628 4029 diaconis

3022 4116 3119 4184 τὴν
3152 4114 3299 4185 ὑπὲρ
3330 4112 3627 4185 ἁμαρτιῶν

2030 4186 2626 4267 ήμῶὗστᾳθόῦσςινκῆγ
2657 4189 2731 4267 τῇ
2778 4186 3113 4267 χρηστότηῖι
3225 4186 3419 4259 Πατὴρ
3464 4186 3625 4267 ﬁrst:

2032 4256 2145 4334 ῥὲν.
2172 4279 2191 4311 ι
2214 4256 2653 4334 Αὺᾼειιοιιωπὶδίἱει
2681 4256 2735 4334 et
2762 4256 3009 4334 oratione
3039 4256 3353 4322 abstinent,
3382 4256 3454 4334 eo
3472 4256 3626 4326 quod

2034 4327 2143 4393 non
2178 4329 2542 4386 conﬁteantur
2584 4328 2972 4381 eucharistiam
3003 4342 3226 4380 carnem
3269 4342 3393 4382 esse
3420 4327 3627 4381 Serva-

2032 4404 2169 4458 toris
2202 4400 2375 4455 nostri
2399 4397 2527 4454 Jcsu
2555 4397 2785 4468 Christi,
2816 4413 2939 4467 qua:
2983 4413 3082 4468 pro
3121 4398 3363 4465 peccatis
3411 4398 3626 4452 nostris

2075 4488 2200 4528 assa
2235 4479 2337 4535 est,
2367 4486 2530 4538 quam
2560 4467 2722 4538 Pater
2746 4483 2844 4538 sua
2876 4467 3211 4538 benignitate
3242 4468 3554 4523 suscitavit.
3599 4485 3619 4518 ι

336 4550 461 4587 cum
490 4534 652 4613 P_etro
682 4546 861 4601 erant,
887 4542 1032 4613 venit
1058 4582 1073 4605 ,
1111 4540 1294 4613 inquit
1338 4534 1473 4609 ipsis
1501 4559 1513 4593 :
1549 4534 1926 4609 Apprehendi-
1962 4540 2006 4595 D
2035 4534 2207 4613 Epist.
2243 4534 2590 4610 adSinyrn.,
2619 4554 2666 4593 c.
2702 4534 3107 4613 7._Verba_hzec
3138 4547 3358 4613 certum
3371 4538 3626 4613 reddunt

338 4614 413 4679 te,
446 4607 660 4675 palpate
686 4624 792 4670 me,
818 4619 873 4663 et
895 4608 1095 4674 videte,
1124 4607 1270 4679 quod
1303 4607 1409 4664 non
1441 4626 1564 4665 sum
1590 4607 1922 4667 dannonium

336 4675 683 4752 incorporale
712 4697 725 4733 :
758 4689 812 4733 et
841 4675 1345 4752 confestim—ipsum
1379 4682 1673 4749 tetigerunt
1695 4722 1712 4752 ,
1761 4692 1926 4752 atque

336 4745 692 4822 crediderunt
718 4749 957 4804 convicti
986 4764 1151 4804 carne
1178 4745 1351 4819 ipsius
1375 4761 1428 4804 et
1452 4745 1667 4819 spiritu.
1696 4745 1926 4822 Propter

336 4814 444 4869 hoc
479 4816 645 4889 etiam
672 4828 906 4873 mortem
953 4814 1439 4889 contempserunt;
1481 4814 1657 4889 supra
1692 4814 1921 4877 mortem

333 4900 466 4940 vero
491 4887 697 4942 inventi
724 4900 873 4943 sunt.
910 4889 1042 4944 Post
1078 4887 1540 4946 resurrectionem
1564 4887 1770 4946 "autem
1797 4909 1922 4947 cum

333 4955 444 5011 illis
476 4960 735 5033 comedit,
776 4969 831 5033 et
872 4960 1031 5033 bibit,
1082 4970 1142 5014 ut
1168 4962 1477 5033 carnalis,
1511 4961 1592 5025 ὡς
1637 4964 1923 5033 σαρκικός,

332 5030 588 5111 quamvis
655 5030 1020 5111 spiritualiter
1086 5031 1274 5111 unitus
1317 5031 1503 5111 “Patri.
1550 5052 1581 5111 »-
1635 5030 1807 5101 Epist.
1856 5037 1924 5088 ad

335 5098 581 5171 Smyrn.,
611 5114 659 5155 c.
686 5098 751 5156 ’5.
790 5099 907 5154 Non
948 5101 1263 5155 mirandum
1314 5100 1372 5155 S.
1410 5098 1811 5171 Ignatiunftam
1834 5121 1925 5159 ve-

332 5166 621 5224 hementer
641 5172 1010 5240 deprtedicare
1042 5172 1323 5225 veritatem
1357 5166 1923 5241 ltic'arnatim1is,cum

331 5252 487 5293 error
528 5243 819 5313 oppositus
841 5243 1000 5296 valde
1027 5242 1328 5297 obtinuerit
1377 5246 1715 5313 temporibus
1757 5247 1922 5300 etiam

332 5310 728 5379 apostolorum,
756 5312 925 5366 sicuti
954 5327 1213 5379 expresse
1270 5310 1542 5368 testantur
1575 5315 1803 5370 Tertull.
1824 5317 1920 5369 lib.

334 5376 410 5454 D_e
433 5376 762 5450 prwscript.,
791 5398 841 5436 c.
867 5383 960 5447 55,
990 5376 1055 5438 ac
1076 5382 1140 5454 D.
1172 5380 1396 5437 Hieron.
1429 5386 1679 5439 adversus
1710 5385 1927 5454 Luci/e-

334 5448 536 5524 ςξαῃυεἱ
570 5466 621 5505 c.
654 5448 724 5517 8,
759 5468 975 5524 necnon
1024 5453 1238 5508 eruitur
1285 5470 1314 5507 a
1361 5457 1537 5524 prima
1589 5455 1651 5507 D.
1696 5448 1925 5510 Joannis

337 5516 664 5586 Epistola,c.
685 5539 723 5577 ι.
758 5522 994 5578 Haeresis
1032 5524 1148 5578 haec
1191 5516 1504 5579 communis
1526 5536 1646 5581 erat
1669 5527 1925 5579 omnibus

336 5586 636 5661 Gnosticis,
690 5594 835 5647 sicut
877 5595 1267 5649 animadvertit
1296 5594 1637 5661 Tillemont.,
1671 5605 1712 5648 t.
1736 5596 1754 5647 l
1778 5594 1921 5650 Hist.

333 5659 545 5726 eccles.,
579 5672 699 5729 post
725 5662 1065 5717 Pearsonum
1099 5674 1152 5718 et
1182 5664 1419 5719 Bullum.

405 5730 919 5806 (ὃβγΕὐχαριστίας
969 5735 1065 5806 xa‘t
1107 5737 1418 5806 προσευχῆς
1461 5736 1786 5806 ἀπέχονται,
1837 5735 1927 5789 διὰ

338 5799 396 5851 τὸ
429 5800 507 5873 μὴ
529 5799 812 5871 ὁμολογεῖν
866 5808 964 5869 τὴν
1017 5799 1386 5874 εὐχαριστίαὶῖ
1428 5799 1605 5875 σάρκᾶ
1650 5802 1782 5859 εἶναι
1832 5807 1923 5861 τοῦ

2033 4607 2410 4668 testimonium
2437 4607 2503 4664 de
2527 4609 2814 4678 prazsentia
2847 4609 2981 4662 reali
3018 4609 3271 4678 corporis
3318 4608 3527 4662 Christi
3562 4607 3621 4660 in

2033 4682 2386 4739 sanctissimo
2418 4677 2606 4734 altaris
2630 4689 2995 4733 sacramento.
3034 4677 3099 4732 Et
3126 4693 3315 4731 revera
3342 4678 3477 4747 quid
3500 4679 3624 4731 cla-

2032 4756 2171 4820 rius,
2202 4753 2333 4822 quid
2365 4752 2571 4822 certius
2600 4749 2706 4822 dici
2749 4758 2926 4818 potest
2970 4764 3070 4822 pro
3116 4748 3481 4822 hae_veritate
3509 4764 3621 4800 no—

2032 4818 2164 4879 stris
2196 4818 2348 4877 liisce
2386 4821 2581 4875 diebus
2627 4820 2682 4873 in
2716 4818 3091 4873 controversia
3123 4818 3335 4886 posita,
3382 4818 3453 4872 iis
3492 4833 3622 4887 quae

2031 4895 2189 4949 docet
2211 4891 2269 4946 S.
2297 4891 2536 4962 lgnatius
2555 4934 2569 4957 ,
2599 4889 2851 4962 videlicet
2884 4888 3281 4962 eucharistiam
3319 4903 3446 4943 esse
3488 4903 3621 4962 car-

2032 4980 2157 5018 nem
2192 4958 2501 5017 Servatoris
2531 4960 2701 5014 nostri
2742 4958 2871 5013 Jesu
2905 4958 3145 5023 Christi;
3172 4958 3323 5012 illam
3363 4959 3619 5012 eamdem

2031 5048 2273 5100 carnem,
2304 5048 2425 5101 qua:
2444 5046 2542 5100 pro
2569 5031 2807 5099 peccatis
2830 5030 3033 5101 nostris
3055 5044 3215 5097 passa
3239 5039 3347 5101 est,
3370 5039 3423 5082 et
3443 5043 3620 5098 quam

2031 5103 2192 5157 Pater
2218 5099 2406 5172 posica
2447 5099 2776 5155 suscitavit?
2818 5099 3103 5165 Quomodo
3124 5099 3436 5172 consociati
3480 5116 3621 5169 pos-

2032 5187 2161 5231 sunt
2189 5170 2509 5243 h’ujusmodi
2533 5172 2916 5243 phrasescum
2965 5185 3134 5224 sensu
3177 5170 3414 5243 ﬁgurato
3442 5186 3621 5243 nova-

2031 5241 2451 5300 torumiNunc
2500 5242 2667 5312 igitur
2708 5241 2939 5295 miretur
2978 5255 3175 5307 nemo,
3207 5242 3274 5312 sig
3303 5243 3401 5295 hos
3431 5241 3623 5293 videat

2030 5327 2352 5384 respuentes
2407 5311 2785 5367 auctoritatem
2838 5311 3312 5384 cpistolarum_S.
3372 5311 3620 5381 lgnatii,

2030 5381 2265 5455 quarum
2314 5384 2564 5438 doctrina
2599 5398 2790 5437 eorum
2826 5381 3089 5435 doctrinae
3128 5397 3160 5435 e
3202 5382 3473 5436 diametro
3526 5391 3623 5435 est

2029 5456 2300 5526 opposita.

2101 5520 2218 5593 (57)
2248 5523 2642 5591 Tertullianus,
2660 5522 2758 5577 lib.
2788 5537 2840 5576 tv
2864 5531 3050 5575 contra
3079 5520 3496 5588 Marcionem,c.
3516 5523 3617 5576 40.

2101 5596 2214 5665 (58)
2245 5594 2472 5659 Jerem.,
2498 5610 2620 5662 cap.
2652 5609 2728 5657 χι,
2844 5593 2931 5665 i9.

2101 5662 2214 5735 (59)
2249 5665 2515 5735 Ilcspons.
2547 5665 2613 5720 ad
2646 5672 2805 5718 tract.
2831 5662 2908 5716 De
2931 5663 3237 5732 perpetuit.,
3268 5672 3421 5733 parte
3444 5678 3481 5716 ιι
3503 5703 3521 5728 ,
3558 5678 3621 5717 c.

2028 5736 2118 5790 21.
2142 5752 2194 5790 n.
2217 5736 2343 5789 269.

2102 5752 2365 5877 ξὲὁῗοὲέῐ
2401 5804 2456 5857 δὲ
2522 5806 2613 5859 καὶ
2647 5806 2770 5869 τοὺς
2799 5803 3075 5867 διακόνους
3110 5804 3273 5867 ὄντας
3306 5802 3627 5874 μυστηρίου
