3754 6206
161 296 240 351 597
1222 294 1339 363 _DE
1378 294 1727 351 DOCTRINA
1767 293 1823 349 S.
1852 292 2124 350 IGNATIL

3271 292 3369 346 598

158 428 212 469 au
241 414 510 471 Ambrosio
562 423 798 473 vocatur
842 416 1077 472 minister
1116 416 1304 472 altaris
1344 418 1480 488 (6i).
1523 417 1589 472 Et
1620 416 1682 470 D.
1713 420 1760 476 Α
1787 414 1854 470 de
1885 415 2155 486 spirituali
2204 430 2267 470 ac
2304 414 2695 486 metaphorico,
2748 413 2844 469 sed
2890 411 2959 467 de
3003 410 3272 469 materiali
3320 421 3370 464 et

160 508 444 564 Laurentius
479 508 625 579 apud
677 509 929 563 eumdem
978 508 1254 564 doctorem
1303 509 1418 579 (62)
1473 506 1687 563 Sixtum

156 617 391 657 summum
433 602 750 671 pontiﬁcem
798 601 885 657 his
915 601 1092 657 verbis
1134 601 1424 671 compellat
1460 618 1475 656 :
1519 620 1539 652 ι
1581 600 1689 655 Ex-

156 694 324 761 perire,
345 700 522 746 utruin
539 691 802 747 idoneum
818 691 1127 747 ministrum
1144 691 1396 760 elegeris,
1416 691 1503 746 cui
1538 706 1689 745 com-

155 783 317 837 misisti
350 782 619 838 Dominici
658 782 944 853 sanguinis
989 782 1480 838 consecrationem.
1520 800 1540 834 ›
1582 780 1688 835 Sed

154 876 260 929 illud
284 876 623 945 potissimum
650 876 706 931 in
734 876 913 931 verbis
949 874 1007 931 S.
1036 874 1227 947 lgnatii
1257 875 1690 930 animadverten-

150 967 276 1029 dum,
306 967 444 1036 quod
475 967 596 1037 ipse
628 967 699 1023 de
732 967 924 1023 iisdem
955 967 1202 1023 diaconis
1231 967 1442 1023 addidit
1468 986 1481 1021 :
1514 985 1532 1018 ι
1569 964 1687 1019 Non

150 1060 271 1112 enim
298 1060 541 1114 ciborum
576 1067 634 1115 et
671 1067 901 1129 potuum
943 1068 1070 1115 sunt
1103 1058 1363 1114 ministri.
1412 1077 1431 1110 ι
1476 1056 1688 1113 Etenim

150 1152 193 1206 hi
216 1152 431 1221 primum
461 1152 715 1221 quidem,
749 1160 814 1206 ut
838 1150 1124 1206 viduarum
1147 1166 1562 1222 pauperumque
1592 1167 1690 1206 cu-

148 1260 243 1298 ram
283 1253 550 1315 gererent,
594 1244 667 1299 ab
697 1244 961 1315 apostolis
999 1251 1130 1299 sunt
1176 1243 1434 1299 ordinati.
1485 1242 1688 1298 Verum

148 1336 498 1393 secundarium
547 1336 688 1391 illud
721 1351 915 1391 eorum
957 1350 1184 1404 munus,
1216 1336 1471 1407 quamvis
1498 1335 1691 1406 primm

146 1444 309 1483 eorum
352 1430 609 1485 electioni
665 1430 1011 1486 occasionem
1071 1429 1316 1496 dederit;
1359 1429 1689 1500 quibusdam

145 1530 295 1578 tamen
332 1523 381 1577 in
422 1522 748 1594 regionibus
789 1523 951 1593 paulo
984 1531 1111 1594 post
1150 1523 1548 1579 mutationibus
1590 1523 1693 1579 fuit

144 1615 429 1670 obnoxium.
465 1615 645 1671 Porro
688 1616 736 1672 si
760 1616 890 1686 quid
915 1625 1105 1672 contra
1140 1615 1487 1672 Justiuianus
1512 1625 1567 1672 et
1596 1631 1689 1688 sy-

143 1708 291 1763 nodus
320 1706 583 1764 Trullana
615 1708 731 1778 (65)
764 1708 1095 1764 deﬁnierunt
1134 1709 1239 1765 hac
1278 1708 1332 1763 in
1367 1724 1423 1764 re
1453 1724 1520 1763 ex
1548 1709 1689 1763 male

1792 523 1923 563 vero
1958 507 2117 562 altari
2147 522 2273 561 eum
2324 506 2471 577 loqui
2512 520 2736 562 necesse
2761 513 2864 560 est.
2913 502 3156 573 Denique
3178 502 3225 557 si
3252 518 3342 557 mu

1793 599 2018 654 lierihus
2071 598 2262 653 altaris
2314 613 2566 654 accessus
2609 598 2741 654 olim
2789 595 3235 661 interdicebatur,
3275 610 3370 663 por

1792 689 1960 746 divini
1994 699 2201 745 tantum
2229 690 2389 745 oiiieii
2426 700 2690 762 tempora,
2734 707 2842 748 non
2873 699 3077 757 autem,
3109 706 3235 747 cum
3272 704 3369 743 eu-

1794 782 2054 837 charistia
2086 783 2403 852 accipienda
2431 792 2596 849 esset,
2622 783 2754 838 illud
2777 784 2857 839 eis
2881 784 3213 852 prohibitum
3243 782 3365 837 fuit.

1863 872 2098 930 lnstabis
2132 891 2147 930 :
2197 873 2396 930 Primis
2432 874 2686 931 Ecclesia:
2725 877 2941 932 saeculis
2978 892 3161 931 vocem
3198 877 3368 929 altare

1794 966 1974 1022 rarius
2023 966 2326 1022 adhibitam
2370 983 2401 1021 a
2451 967 2727 1031 Patribus,
2776 968 2892 1038 qui,
2937 983 3061 1023 cum
3106 967 3368 1023 adversus

1793 1060 2045 1115 ethnicos
2070 1060 2436 1129 disputarem,
2460 1060 2565 1114 ulla
2595 1059 2926 1115 Christianis
2970 1059 3165 1115 altaria
3198 1057 3370 1113 fuisse

1795 1162 2108 1207 constanter
2134 1152 2518 1221 pernegabant.
2562 1152 2667 1208 Sed
2706 1153 2794 1209 his
2836 1152 2997 1208 facile
3032 1151 3368 1223 respondeas

1793 1243 1971 1314 primo
1998 1259 2185 1298 vocem
2230 1243 2377 1298 illam
2410 1244 2581 1298 altare
2627 1245 2697 1299 ah
2728 1245 2961 1314 lgnatio,
3000 1243 3191 1315 quidni
3217 1253 3271 1298 et
3297 1243 3369 1297 ab

1793 1335 1917 1390 aliis
1936 1335 2209 1399 Patribus,
2253 1353 2488 1407 quorum
2520 1337 2721 1407 scripta
2747 1338 3048 1408 perierunt,
3077 1352 3183 1393 non
3215 1353 3367 1402 raro,

1794 1430 1888 1485 sed
1940 1445 2084 1499 saape
2133 1437 2473 1500 usurpatam.
2505 1429 2779 1499 Secundo,
2816 1432 2858 1487 si
2908 1432 3070 1502 primi
3112 1429 3372 1486 Ecclesia:

1795 1519 1983 1577 Patres
2011 1521 2068 1576 in
2100 1524 2216 1579 suis
2256 1532 2445 1583 contra
2487 1538 2730 1595 paganos
2772 1525 2991 1595 scriptis
3028 1533 3083 1579 et
3120 1524 3370 1593 disputa-

1794 1614 2035 1670 titnibus
2082 1616 2235 1671 nulla
2279 1615 2611 1674 Christianis
2645 1618 2837 1674 altaria
2875 1618 3047 1674 fuisse
3091 1617 3369 1679 dixerunt,

1795 1706 1853 1761 in
1899 1707 2022 1765 aliis
2062 1711 2319 1781 operibus
2365 1722 2460 1767 aut
2508 1713 2862 1769 sermonibus
2905 1714 2973 1769 ad
3031 1712 3372 1770 Christianos

144 1800 426 1868 intellectis,
478 1816 612 1857 cum
655 1800 1117 1861 Neocaesariensis
1166 1801 1421 1867 concilii,
1468 1809 1582 1857 tum
1629 1800 1687 1857 S.
1721 1789 1765 1847 Β
1794 1799 2016 1869 habitis,
2047 1818 2145 1858 sua
2175 1804 2322 1874 ipsos
2351 1805 2545 1861 altaria
2585 1806 2844 1863 habuisse
2863 1817 3137 1862 asserunt.
3168 1806 3373 1874 Quam-

139 1894 485 1967 Chrysostomi
516 1895 704 1952 verbis
728 1935 745 1961 ,
780 1896 849 1951 ab
876 1896 1101 1967 antiqua
1147 1894 1371 1951 Patrum
1399 1895 1691 1952 traditione

142 1997 472 2042 recesserunt.
548 2018 551 2021 »
913 1974 936 1997 ‘

192 2074 362 2148 Neque
391 2078 527 2134 illud
554 2078 726 2134 etiam
773 2075 1137 2149 perfunctoria
1174 2079 1555 2134 observatione
1592 2079 1692 2135 ad-

140 2168 432 2236 notandum,
481 2170 636 2239 quod
684 2169 925 2242 lgnatius
959 2171 1026 2226 de
1064 2187 1225 2227 sacro
1253 2171 1692 2228 Christianorum

138 2258 268 2313 altari
310 2260 375 2315 ad
435 2260 712 2332 Ephesios
756 2261 871 2333 (64)
918 2260 1157 2316 scribit:
1200 2280 1218 2314 ι
1255 2259 1463 2331 Siquis
1488 2276 1596 2317 nou
1623 2261 1694 2316 sit

140 2351 257 2407 intra
299 2354 491 2421 altare,
549 2373 573 2408 ι
618 2353 714 2407 τοῦ
754 2353 1165 2426 θυσιαστηρίου,
1212 2373 1232 2407 ι
1271 2354 1518 2425 privatur
1552 2370 1693 2426 pane

133 2442 228 2499 Dei.
256 2464 274 2497 ι
306 2444 370 2500 Et
396 2446 464 2500 ad
486 2444 836 2515 Philadelph.
863 2444 975 2517 (65)
1001 2464 1015 2501 :
1043 2463 1061 2497 ι
1092 2443 1214 2501 Una
1246 2444 1392 2500 enim
1420 2458 1550 2500 caro
1576 2441 1690 2498 Do-

134 2537 241 2588 mini
262 2538 430 2592 nostri
457 2536 597 2592 Jesu
639 2536 870 2604 Christi,
902 2547 958 2592 et
990 2554 1133 2594 unus
1160 2537 1302 2592 calix
1336 2536 1392 2591 in
1427 2535 1686 2592 unionem

136 2623 383 2693 sanguinis
424 2625 631 2696 ipsius,
677 2641 847 2680 unum
892 2627 1083 2691 altare,
1122 2625 1181 2680 ἓν
1221 2627 1624 2700 θυσιαστήριον.
1668 2646 1689 2681 ι

135 2708 213 2769 llis
249 2715 299 2769 in
333 2716 476 2773 locis
526 2731 729 2772 vocem
756 2716 1142 2790 θυσιαστήριον
1185 2718 1242 2772 in
1295 2733 1395 2774 sua
1448 2720 1691 2790 propria,

135 2817 238 2857 vera
262 2820 321 2860 ac
361 2806 609 2877 genuina
645 2806 1066 2877 signiﬁcatione,
1103 2809 1363 2864 nimirum
1396 2826 1499 2881 pro
1535 2826 1694 2867 sacra

132 2909 311 2965 mensa,
340 2897 394 2952 in
428 2914 542 2969 qua
573 2898 780 2955 Christi
815 2914 1017 2970 corpus
1055 2900 1392 2967 immolatur,
1442 2904 1695 2974 usurpari

131 2988 471 3046 certissimum
527 3000 652 3059 est;
696 2992 840 3047 unde
884 2991 1128 3062 profecto
1170 2993 1483 3051 refutantur
1514 2996 1693 3052 Calvi-

1796 1894 1985 1952 obrem
2015 1912 2140 1952 cum
2191 1896 2562 1968 antiquissimi
2612 1900 2687 1954 illi
2741 1900 3035 1970 scriptores
3084 1899 3188 1955 sibi
3241 1898 3373 1969 ipsis

1794 1988 2057 2044 contrarii
2101 2005 2223 2045 esse
2273 2006 2383 2045 non
2444 1991 2685 2061 possint,
2739 1991 2902 2046 iidem
2950 1990 3138 2061 procul
3183 1990 3370 2056 dubio,

1795 2078 1887 2134 ubi
1918 2079 2051 2135 illud
2087 2079 2419 2146 inﬁcientur,
2462 2081 2537 2136 ibi
2582 2082 2649 2136 de
2692 2081 2958 2137 altaribus
3004 2080 3262 2151 publicis.
3316 2080 3371 2137 in

1793 2172 1996 2241 quibus
2031 2171 2303 2226 sacriﬁcia
2336 2172 2577 2228 maximo
2616 2182 2904 2243 apparatu,
2932 2182 2987 2228 et
3027 2187 3366 2244 paganorum

1794 2277 1947 2317 more
1975 2262 2186 2327 ﬁerent,
2224 2269 2353 2317 sunt
2398 2260 2757 2332 intelligendi.
2804 2261 2871 2317 Et
2914 2271 3061 2318 certe
3105 2278 3229 2318 cum
3267 2260 3373 2331 ipsi

1791 2354 2183 2411 eucharistiam
2224 2370 2414 2409 verum
2450 2356 2697 2423 corporis
2743 2362 2798 2411 et
2845 2355 3130 2425 sanguinis
3169 2353 3371 2410 Christi

1792 2445 2126 2504 sacriﬁcium
2147 2460 2269 2501 esse
2302 2446 2453 2502 omni
2484 2447 2890 2502 asseveratione
2916 2446 3203 2514 aﬁirment,
3228 2446 3375 2517 apud

1798 2536 2135 2595 Christianos
2152 2553 2339 2593 verum
2366 2553 2430 2593 ac
2446 2540 2723 2608 proprium
2742 2539 2911 2595 altare
2936 2539 3155 2611 aliquod
3183 2538 3376 2602 fuisse,

1794 2645 1993 2702 negare
2015 2646 2125 2686 non
2150 2640 2467 2700 potuerunt.

1865 2746 1942 2802 De
1966 2746 2313 2802 eucharistia:
2350 2756 2699 2802 sacramento
2737 2749 3013 2805 disserens
3042 2748 3103 2803 D.
3135 2746 3377 2819 lgnatius

1794 2839 1959 2895 simul
1992 2839 2234 2895 declarat
2270 2839 2514 2894 divinum
2557 2842 2703 2896 hunc
2739 2841 2924 2897 cibum
2955 2843 3229 2912 quoddam
3254 2858 3378 2898 esse

1794 2931 2126 2991 remedium.
2162 2932 2309 3001 quod
2337 2931 2590 3002 producit
2623 2934 3089 2988 immortalitatem
3116 2952 3130 2985 :
3158 2933 3379 3006 Φάρμα-

1795 3040 1890 3077 κον
1922 3023 2239 3087 ἀθανασίας,
2277 3041 2295 3074 ι
2331 3022 2685 3093 pharmacum
2716 3023 3145 3080 immortalitatis
3169 3022 3303 3094 (67),
3352 3041 3372 3074 ι

130 3082 271 3151 “iam,
299 3087 392 3156 qui
422 3103 629 3143 verum
659 3086 864 3144 (Ἇπῖεῑί
894 3104 1094 3159 corpus
1130 3090 1184 3145 ίη
1216 3091 1549 3148 mellam“?!
1571 3108 1695 3150 esse
1718 3139 1763 3197 α
1798 3116 2040 3186 glorioso
2083 3082 2451 3170 hoc'nomine
2495 3114 2640 3171 istud
2672 3115 2918 3171 divinum
2966 3082 3375 3171 sacramentum

121 3184 377 3245 negantes,
418 3194 619 3235 vocem
661 3195 881 3250 quoque
909 3180 1312 3254 θυσιαστήριον,
1340 3184 1532 3250 altare,
1563 3200 1694 3240 vero

126 3277 176 3319 ae
216 3268 435 3338 proprio
483 3269 803 3339 significatu
854 3286 952 3341 per
1008 3272 1113 3326 tria
1164 3274 1343 3343 prima
1382 3276 1580 3330 saecula
1624 3276 1693 3331 ab

127 3354 335 3426 antiquis
364 3356 638 3415 Patribus
666 3369 945 3431 acceptam
974 3361 1307 3420 inﬁciantur.
1334 3364 1558 3422 Frustra
1594 3382 1693 3420 au-

126 3454 213 3502 tem
268 3450 461 3522 objicit
519 3451 786 3509 Vedelius
839 3453 1293 3525 :Eucharistiam
1334 3457 1693 3529 Ignatiitem-

124 3551 235 3603 pore
269 3542 333 3597 ad
376 3558 644 3599 mensam
694 3544 954 3615 ligneam,
991 3562 1115 3616 quae
1163 3547 1332 3602 altare
1363 3547 1581 3618 proprie
1607 3548 1693 3603 di-

123 3636 248 3687 ctum
298 3650 409 3690 non
459 3645 613 3701 erat,
671 3634 847 3692 fuisse
906 3637 1363 3695 administratam.
1418 3640 1691 3696 Incertum

124 3734 330 3792 namque
364 3726 559 3795 primo
601 3734 688 3781 est
725 3734 909 3781 utrum
944 3726 1033 3782 his
1073 3725 1331 3784 Ecclesia:
1356 3729 1693 3800 temporibus

123 3811 278 3870 tabula
317 3816 501 3888 lignea
552 3834 625 3873 an
658 3818 872 3888 lapidea
912 3819 997 3875 usi
1028 3819 1253 3876 fuerint.
1300 3820 1553 3878 Secundo
1582 3838 1690 3878 non

122 3907 345 3965 materies
392 3910 646 3981 lapidea,
688 3921 784 3966 aut
818 3912 1016 3983 lignea,
1043 3913 1139 3969 sed
1167 3915 1497 3971 sacriﬁcium
1529 3932 1693 3984 super

123 4007 360 4067 mensam,
407 4001 802 4073 cujuscunque
842 4003 1086 4059 materiei
1123 4004 1216 4072 sit,
1264 4005 1335 4061 ab
1378 4006 1693 4063 hominibus

123 4079 213 4139 Deo
245 4090 491 4146 oblatum
544 4090 723 4146 altare
762 4093 979 4163 proprie
1015 4094 1222 4150 dictum
1252 4098 1555 4153 constituit.
1588 4097 1693 4154 Ne-

121 4188 208 4243 QUe
228 4193 351 4236 vero
380 4181 435 4236 id
465 4182 708 4254 majoris
734 4186 997 4240 momenti
1022 4195 1127 4254 est,
1163 4190 1309 4258 quod
1346 4189 1489 4245 idem
1523 4190 1693 4246 Vede-

122 4265 206 4322 lius
233 4285 316 4337 eo,
353 4274 490 4343 quia
539 4274 891 4342 mulieribus,
924 4290 992 4330 ne
1034 4277 1100 4331 ad
1149 4279 1320 4335 altare
1348 4282 1690 4349 accederent,

122 4361 369 4417 nonnullis
399 4363 723 4419 canonihus
765 4364 879 4435 (66)
909 4366 1139 4422 vetitum
1167 4378 1333 4435 esset,
1377 4370 1504 4426 inde
1536 4370 1693 4441 lgna-

1796 3208 2032 3279 appellat
2064 3225 2078 3263 :
2112 3209 2409 3278 statimque
2448 3208 2600 3264 addit
2650 3209 2798 3279 quod
2835 3216 3238 3264 sacramentum
3270 3208 3377 3264 hoc

1793 3310 1876 3356 est
1900 3301 2222 3366 antidotum,
2249 3318 2313 3355 ne
2350 3301 2668 3366 moriamur,
2698 3302 2788 3355 sed
2821 3301 3059 3355 vivamus
3097 3316 3300 3369 semper
3320 3300 3376 3354 in

1792 3393 1921 3449 Iesu
1951 3393 2185 3450 Christo.
2225 3393 2528 3465 Magniﬁca:
2574 3393 2893 3464 hujusmodi
2926 3394 3157 3462 phrases
3185 3393 3241 3447 in
3278 3408 3377 3448 au-

1793 3495 1943 3542 ctore
1992 3496 2102 3541 tam
2136 3496 2374 3551 vetusto,
2411 3486 2555 3542 sicut
2580 3496 2662 3541 est
2696 3486 2758 3541 D.
2794 3485 3059 3556 lguatius,
3100 3499 3375 3540 summam

1793 3579 2073 3633 evidenter
2107 3579 2403 3635 ostendunt
2444 3580 2873 3645 venerationem,
2910 3594 3019 3650 qua
3059 3579 3378 3635 colebantur

1793 3672 1977 3727 divina
2006 3673 2123 3727 haec
2156 3672 2412 3743 mysteria
2439 3673 2634 3743 primis
2665 3672 2922 3733 Ecclesiae
2947 3672 3302 3743 temporibus.

2338 3860 2733 3917 ARTlCULUS
2772 3860 2834 3917 ll.

2220 3988 2654 4030 OBSERVATIONES
2693 3988 2955 4030 MORALES~

1864 4090 2066 4146 Prmter
2088 4090 2449 4161 obligationes
2473 4090 2783 4159 episcopos,
2808 4088 3152 4158 presbyteros
3177 4102 3243 4143 ac
3262 4086 3380 4143 dia-

1794 4199 1964 4240 conos
1998 4193 2413 4250 concernentes,
2443 4182 2885 4238 Christianorum
2935 4180 3161 4251 insuper
3192 4180 3381 4235 munia

1794 4285 1846 4330 et
1874 4275 2237 4345 obligationes
2276 4274 2329 4328 in
2362 4274 2595 4344 epistola
2627 4274 2695 4329 ad
2719 4273 3078 4345 Polycarpum
3108 4272 3220 4341 (68)
3261 4288 3382 4342 per-

1793 4376 2015 4433 tractat,
2040 4368 2098 4422 in
2130 4383 2238 4438 qua
2269 4369 2486 4438 magnis
2518 4366 2683 4422 etiam
2727 4366 2985 4422 laudibus
3033 4373 3194 4421 ornat
3234 4363 3380 4418 οωιὶ-

120 4448 230 4506 tium
275 4472 384 4510 non
442 4457 517 4512 de
560 4457 752 4527 aliquo
795 4460 1101 4528 materiali,
1145 4462 1238 4517 sed
1292 4463 1359 4517 de
1400 4463 1687 4532 spirituali,
1722 4481 1769 4540 υ
1795 4462 1917 4516 hem
1956 4461 2125 4515 vitam
2152 4460 2265 4530 (69)
2292 4469 2512 4531 agentes
2548 4477 2561 4512 ι
2591 4474 2686 4515 eos
2710 4469 2894 4513 tamen
2918 4465 3202 4529 propterea
3229 4454 3379 4509 inani

121 4554 312 4607 precum
363 4547 593 4603 scilicet
636 4557 692 4603 et
738 4550 1055 4606 orationum
1116 4552 1526 4623 intelligendum
1570 4572 1696 4612 esse

120 4639 395 4693 contendit.
433 4638 746 4696 Enimvero
787 4641 929 4697 idem
969 4642 1083 4712 ipse
1119 4643 1396 4710 Vedelius,
1438 4662 1561 4701 cum
1593 4648 1694 4701 hos

120 4718 230 4775 Citat
274 4740 549 4794 canones,
599 4728 696 4798 qui
739 4745 927 4785 vocem
981 4733 1170 4789 altaris
1201 4749 1330 4789 vero
1368 4751 1433 4791 ac
1460 4738 1696 4807 genuino

116 4823 253 4868 sensu
281 4827 590 4890 usurpant,
617 4820 858 4890 seipsum
890 4821 1207 4892 imprudens
1226 4825 1459 4896 jugulat.
1493 4827 1695 4884 Deinde

119 4900 332 4969 lgnatius
374 4913 448 4968 de
511 4912 856 4969 eucharistia
905 4915 1167 4986 loquitur,
1216 4933 1282 4973 ac
1326 4920 1553 4989 proinde
1582 4937 1693 4977 non

125 5035 277 5121 Ἰησοῦ
308 5046 563 5121 ξριστοῦ
590 5047 747 5121 κατὰ-
773 5046 953 5121 πάντα
974 5049 1174 5121 τρόπον
1208 5053 1374 5107 πᾶσιν
1404 5054 1659 5121 ἀρέσκειν
1676 5072 1687 5085 ·

116 5106 285 5187 oft-7&9
310 5106 634 5187 βρωμάτων
666 5117 760 5169 καὶ
790 5119 974 5172 ποτῶν
1002 5106 1111 5173 ἐῐσι
1143 5121 1396 5186 διάκονοι,
1413 5106 1527 5177 ἀλλ’
1573 5125 1695 5178 Ἐκ-

116 5177 321 5260 κλτβίάέ
347 5177 498 5240 esse
525 5187 821 5260 ῥπήρείςαι.
855 5207 874 5239 σ
904 5189 1130 5260 Oportet
1151 5199 1333 5246 autem
1360 5177 1413 5248 et
1433 5177 1694 5251 diaconos

117 5258 492 5328 mysteriorum
516 5255 657 5328 Iesu
679 5257 883 5313 Christi
909 5255 1193 5316 ministros
1215 5262 1364 5316 omni
1394 5265 1554 5318 modo
1576 5279 1695 5318 om-

118 5320 256 5411 [lib-Its
282 5326 533 5394 placere.
579 5325 701 5411 Diog
752 5329 895 5411 enim
926 5330 1188 5411 Siborum
1232 5341 1287 5411 et
1319 5344 1544 5411 potuum
1586 5334 1694 5411 "li-

117 5394 251 5512 giséri
293 5406 469 5461 sunt,
499 5396 601 5451 sed
640 5394 902 5453 Ecclesiae
923 5398 1018 5454 Dei
1043 5394 1357 5457 ministri.)
1392 5403 1474 5459 Ad
1500 5394 1690 5471 Trall.,

175 5530 276 5611 (61)
304 5532 428 5614 Lib.
462 5534 545 5589 De
567 5534 834 5659 viaginit”
872 5552 922 5592 ε.
948 5538 1039 5605 18,
1067 5539 1096 5612 ς
1129 5538 1239 5595 119.

172 5602 429 5665 (621Lnb.
464 5621 483 5658 ι
517 5605 592 5658 De
670 5606 795 5674 Iﬁc.,
820 5622 871 5664 c.
932 5609 1020 5665 H.

176 5670 281 5734 (63)
308 5673 546 5729 Canone
576 5676 669 5730 41.

176 5690 281 5734 (00)
308 5690 546 5729 l.anOne
576 5690 669 5730 41.

175 5739 280 5808 (64)
320 5743 462 5819 Cap.
500 5745 554 5800 5.

1799 4551 1970 4623 gloria
1999 4551 2178 4607 eﬁ‘erri
2209 4566 2319 4604 non
2347 4551 2483 4604 vult.
2531 4550 2609 4604 Illi
2648 4564 2800 4611 vero,
2846 4549 2942 4619 qui
2996 4546 3215 4616 nuptias
3243 4560 3377 4601 con~

1798 4642 2045 4706 trahunt,
2088 4641 2272 4696 subdit
2304 4642 2422 4711 ipse
2458 4640 2570 4709 (70)
2611 4640 2663 4693 id
2701 4640 2960 4709 episcopo
2994 4646 3271 4693 annuente
3298 4635 3379 4689 fa-

1799 4736 1967 4802 ciant,
1996 4743 2055 4789 ut
2086 4735 2288 4803 nuptiae
2324 4733 2628 4788 secundum
2667 4732 2838 4787 Deum
2878 4733 3010 4799 sint,
3042 4747 3150 4788 non
3176 4746 3378 4787 secun-

1810 4828 1926 4883 lum
1960 4828 2337 4898 cupiditatem.

1869 4920 1927 4976 In
1956 4921 2188 4992 epistola
2215 4921 2285 4976 ad
2311 4919 2577 4993 Ephesios
2600 4929 2825 4977 sanctus
2854 4928 3064 4991 martyr
3095 4931 3378 4974 commen—

1786 5102 1793 5109 .
1868 5053 1982 5124 (65)
2020 5054 2153 5125 Cap.
2184 5055 2236 5109 4.

1870 5148 1983 5220 (66)
2022 5148 2231 5202 Coneil.
2266 5145 2675 5210 Laodicmnum,
2699 5158 2911 5200 canone
2934 5143 3025 5199 44.

1869 5240 1985 5311 (67)
2026 5239 2198 5309 Epist.
2229 5240 2295 5293 ad
2322 5237 2547 5309 Ephes.,
2568 5251 2687 5306 cap.
2717 5235 2807 5289 20.

1892 5334 1983 5386 68)
2022 5331 2152 5386 Cap.
2183 5333 2234 5385 6.

2022 5334 2302 5473 (gius
2332 5408 2513 5473 potest
2535 5398 2897 5473 inAcastitate
2920 5410 3141 5451 manere
3172 5395 3239 5451 ad
3280 5396 3381 5473 hos:

1797 5466 1987 5528 norem
2021 5466 2210 5525 carnis
2240 5466 2559 5534 Dominicaz,
2608 5468 2661 5521 in
2707 5467 3016 5521 humilitate
3048 5476 3287 5520 maneat.
3322 5466 3379 5520 Si

1798 5543 2082 5611 glorietur,
2107 5541 2284 5611 periit.
2327 5538 2544 5611 Et_si_se
2573 5537 2839 5611 majorem
2873 5536 3135 5605 episcopo
3171 5545 3377 5603 censet,

1798 5607 2022 5666 interiit.
2061 5629 2079 5660 ι
2108 5609 2276 5678 Epist.
2304 5608 2369 5661 ad
2390 5608 2699 5677 I‘olycarp.,
2728 5622 2776 5660 c.
2808 5607 2863 5660 5.

1872 5682 1982 5747 (70)
2028 5698 2045 5730 ι
2098 5675 2260 5731 Decet
2301 5689 2360 5731 ut
2416 5675 2714 5745 sponsi‘et
2744 5692 2961 5745 Sponsre
3001 5676 3083 5747 de
3110 5675 3379 5730 sententia

1799 5746 2037 5823 episcopi
2070 5748 2379 5819 conjugium
2414 5746 2635 5815 faciant,
2670 5764 2776 5817 quo
2812 5747 3014 5818 nupti:e
3044 5746 3154 5803 sint
3177 5761 3378 5802 secun-
