3754 6206
401 304 502 357 5Ὁῦ

1439 304 1498 359 S.
1541 305 1897 363 lGNA'l‘lUS.
1938 338 2007 346 --
2045 303 2564 363 PROLEGOMENA.

3563 305 3650 362 600

393 424 505 489 dat,
541 422 701 478 fidem
753 440 817 481 ac
862 424 1183 480 charitatem
1232 423 1378 497 (7i);
1426 428 1695 484 orationis
1741 428 1982 498 publica:
2010 434 2055 489 Α
2083 425 2280 482 Nullus
2325 427 2486 481 fidem
2527 423 2915 495 repromittens
2960 432 3170 493 peccat,
3211 438 3388 494 neque
3432 424 3650 479 cbarita-

393 526 677 573 enumerat
706 517 967 574 utilitates
996 517 1134 590 (72).
1168 536 1188 570 ε
1226 517 1400 574 Nemo
1425 531 1594 588 erret,
1618 522 1695 576 ait
1735 520 1793 576 S.
1816 520 1977 592 lgna-

391 610 520 665 tius.
564 610 666 665 nisi
694 611 821 679 quis
867 610 1009 664 intra
1049 610 1221 667 altare
1256 612 1604 683 sit,privatur
1641 630 1782 684 pane
1826 614 1923 671 Dei
1959 634 1973 670 :

388 704 435 756 si
478 702 625 756 enim
671 702 836 758 unius
871 710 1037 772 atque
1078 702 1306 758 alterius
1332 705 1578 774 precatio
1620 714 1801 761 tantas
1832 706 1975 763 vires

387 794 569 860 habet,
597 804 807 864 quanto
834 794 1011 863 magis
1058 793 1171 861 illa,
1202 811 1327 866 quae
1365 797 1606 867 episcopi
1636 807 1738 862 est,
1772 799 1858 853 vel
1894 808 1976 854 to-

386 884 493 938 tius
522 882 801 939 Ecclesiae.
845 883 951 950 Qui
991 884 1157 955 igitur
1194 884 1250 940 in
1296 899 1627 942 conventum
1666 904 1773 944 non
1802 890 1971 955 venit,

386 978 602 1048 hicjam
636 978 895 1048 superbia
935 978 1114 1033 elatus
1155 986 1259 1045 est,
1304 987 1359 1033 et
1387 980 1627 1050 seipsum
1676 980 1970 1051 separavit.

383 1069 514 1125 Date
550 1070 733 1139 itaque
764 1087 1011 1139 operam,
1047 1092 1066 1123 ι
1100 1072 1177 1126 ait
1211 1072 1433 1141 insuper
1457 1071 1523 1126 ad
1545 1071 1766 1127 eosdem
1795 1071 1974 1142 Ephe-

380 1160 514 1227 sios,
569 1180 587 1212 ι
622 1170 679 1213 ut
710 1162 945 1216 crebrius
1007 1162 1444 1233 congregemini,
1502 1163 1570 1218 ad
1614 1164 1821 1233 gratias
1859 1162 1971 1218 Deo

379 1255 642 1322 agendas,
676 1253 933 1323 illiusque
974 1253 1202 1323 gloriam
1249 1268 1264 1306 :
1301 1253 1522 1322 quando
1578 1253 1724 1308 enim
1771 1254 1971 1323 sapius

380 1342 433 1397 in
464 1342 607 1397 idem
631 1344 738 1399 loci
766 1344 1096 1409 convenitis,
1128 1344 1527 1400 labefactantur
1554 1345 1702 1402 vires
1730 1345 1968 1411 Satanae,

377 1441 431 1485 et
456 1435 753 1489 concordia
780 1443 980 1491 vestrae
1011 1434 1135 1489 ﬁdei
1159 1436 1390 1491 solvitur
1415 1436 1666 1502 exitium,
1697 1438 1845 1507 quod
1880 1438 1971 1493 ille

380 1519 562 1575 infert.
614 1542 634 1576 ι
690 1523 749 1577 Si
794 1524 1134 1594 gravissisz
1179 1526 1493 1596 hujusmodi
1539 1530 1801 1585 veritates
1842 1544 1971 1599 pro—

377 1611 547 1667 funde
578 1614 633 1667 in
680 1614 956 1671 mentibus
1000 1616 1243 1672 ﬁdelium
1288 1625 1492 1675 nostrai
1531 1622 1709 1678 relatis
1759 1622 1970 1678 inscul-

378 1712 482 1771 pta:
510 1715 717 1770 essent,
760 1708 1083 1779 neutiquam
1132 1710 1453 1767 innumeros
1495 1714 1964 1784 conspiceremus,

2090 528 2195 574 tem
2232 518 2522 590 possidens
2560 516 2695 572 odit.
2735 514 3019 571 Manifesta
3052 524 3135 572 est
3175 516 3342 571 arbor
3383 530 3451 569 ex
3489 512 3650 571 fructu

2088 611 2264 681 ipsius
2313 628 2327 664 :
2392 608 2648 664 similiter
2694 607 2791 678 qui
2848 610 3179 678 proﬁtentur
3223 622 3286 663 se
3324 606 3651 662 Christianos

2081 719 2225 765 esse,
2250 702 2430 769 exiis,
2457 717 2581 772 qua:
2610 699 2836 767 facient,
2864 710 3175 756 cernentur.
3203 698 3323 755 Non
3351 700 3499 754 enim
3523 714 3651 755 nunc

2081 794 2538 864 repromissionis
2566 808 2727 864 opus,
2762 792 2855 848 sed
2879 807 2975 862 per
3000 792 3261 848 virtutem
3291 792 3441 859 fidei,
3467 792 3513 847 si
3540 792 3650 862 quis

2082 885 2397 939 inveniatur
2442 900 2619 955 usque
2656 884 2726 941 ad
2767 884 2930 939 finem
2965 882 3101 956 (75).
3157 903 3177 937 ι
3223 883 3301 939 De
3342 884 3538 940 timore
3570 899 3649 941 se-

2079 980 2304 1050 quentia
2342 979 2509 1035 habet
2538 978 2979 1044 :cltevereamur,
3000 988 3055 1033 et
3075 977 3369 1033 timeamus
3414 977 3511 1033 Dei
3545 977 3651 1032 lon-

2080 1072 2477 1144 ganimitatem,
2506 1087 2577 1127 ne
2608 1072 2664 1126 in
2690 1070 2962 1143 judicium
2986 1070 3145 1125 nobis
3166 1068 3345 1125 cedat.
3377 1070 3488 1123 Aut
3516 1068 3647 1123 enim

2078 1161 2322 1216 futuram
2379 1163 2674 1217 timeamus
2723 1161 2886 1228 iram,
2942 1167 3037 1215 aut
3072 1169 3398 1230 praesentem
3435 1160 3647 1230 gratiam

2076 1254 2389 1326 diligamus,
2422 1270 2592 1309 unum
2620 1271 2691 1310 ex
2724 1254 2962 1320 duobus,
2991 1253 3153 1308 modo
3191 1257 3247 1308 in
3283 1252 3508 1309 Christo
3534 1250 3648 1308 Iesu

2076 1347 2422 1403 inveniamur
2449 1349 2515 1403 ad
2539 1363 2727 1403 veram
2756 1347 2924 1401 vitam
2956 1343 3242 1401 vivendam
3265 1345 3382 1417 (74)
3405 1362 3426 1397 ι

2608 1504 3009 1562 ARTlCULUS
3044 1504 3130 1563 Ill.

2426 1632 2855 1674 OBSERVATIONES
2887 1631 3313 1673 DlSClPLINABES.

2146 1730 2352 1787 Praeter
2407 1731 2524 1802 jam
2572 1731 2679 1786 alia
2737 1731 2879 1786 later
2929 1729 3270 1802 dogmaticas
3316 1728 3652 1783 animadver-

375 1795 469 1891 (ιιι)
496 1795 708 1891 flbsque
735 1792 1167 1867 legitimae-1053
1191 1811 1245 1857 θῐ
1267 1811 1458 1858 contra
1490 1820 1681 1860 verum
1711 1806 1969 1864 Εεοιθείᾶδ
1998 1784 2042 1840 Β
2073 1820 2259 1877 siones
2281 1784 2633 1877 occurrentia
2661 1819 2963 1891 disciplinae
2991 1784 3215 1891 puncta,
3260 1819 3395 1874 illud
3418 1818 3579 1874 etiam
3602 1817 3651 1870 in

374 1886 653 1954 spiritum.
708 1902 1063 1949 sacrosancto
1114 1896 1297 1950 missa:
1341 1895 1634 1962 sacrificio,
1677 1908 1732 1954 et
1762 1900 1967 1957 divinis

372 1977 610 2046 propriae
631 1981 888 2048 paruacia:
921 1982 1132 2050 ofﬁciis,
1172 2000 1235 2040 ac
1272 1985 1318 2041 si
1350 2001 1537 2041 revera
1567 1987 1841 2044 immunes
1874 2006 1966 2047 es-

371 2078 513 2130 sent,
547 2086 674 2128 raro
702 2081 798 2127 aut
825 2089 1105 2146 nunquam
1129 2079 1359 2134 omnino
1380 2080 1671 2135 intersunt.
1693 2079 1751 2136 Si
1780 2092 1965 2138 autem

371 2163 629 2218 maxima:
661 2164 946 2233 utilitates,
1008 2183 1132 2239 qua:
1181 2170 1437 2226 fidelibus
1472 2172 1775 2228 obveniunt
1807 2172 1968 2229 Chri-

324 2281 335 2293 -
371 2253 567 2310 stianis
614 2257 763 2312 hisce
800 2274 833 2313 a
861 2263 1244 2331 conventibus,
1274 2278 1371 2319 eos
1409 2278 1521 2318 non
1560 2274 1816 2336 tangunt,
1847 2281 1966 2320 mo-

370 2360 499 2403 vere
537 2349 727 2404 saltem
773 2350 1037 2409 deberent
1068 2355 1336 2425 pericula,
1364 2355 1563 2426 quibus
1590 2366 1960 2427 exponuntur,

371 2437 501 2491 dum
535 2438 748 2507 seipsos
770 2440 839 2495 ab
868 2441 977 2497 illis
999 2453 1310 2515 segregant.

439 2553 737 2624 Complura
778 2556 1015 2627 denique
1052 2568 1361 2613 memoratu
1390 2557 1712 2630 dignissima
1738 2559 1805 2614 de
1834 2560 1960 2627 fide,

370 2645 659 2712 cbaritate,
692 2663 757 2702 ac
800 2649 997 2704 timore
1031 2651 1197 2705 tradit
1233 2649 1291 2706 S.
1338 2663 1573 2723 martyr;
1599 2652 1667 2707 de
1707 2651 1811 2707 fide
1840 2653 1963 2722 qui-

370 2738 516 2806 dem,
558 2748 723 2810 atque
761 2742 1032 2799 cbaritate
1076 2744 1151 2798 ita
1193 2745 1438 2815 loquitur
1482 2764 1495 2799 :
1555 2765 1574 2797 ‹
1624 2745 1962 2816 Principium

369 2828 590 2896 quidem
625 2830 792 2900 (vitae)
847 2831 1004 2899 ﬁdes,
1058 2832 1184 2888 linis
1221 2850 1350 2889 vero
1383 2836 1626 2891 cbaritas
1654 2834 1707 2905 (1
1742 2836 1879 2891 Tim.
1918 2854 1956 2905 ι,

369 2918 449 2988 5).
488 2940 506 2973 ι
540 2940 559 2973 ι
595 2921 720 2979 Πεεο
753 2933 935 2979 autem
962 2925 1070 2980 duo
1100 2925 1155 2980 in
1183 2941 1353 2979 unum
1386 2928 1641 2981 coeuntia
1671 2926 1765 2981 Dei
1788 2937 1955 2984 sunt:

369 3014 557 3069 omnia
607 3031 738 3070 vero
782 3017 888 3072 alia
925 3016 993 3072 ad
1044 3018 1376 3088 probitatem
1414 3027 1775 3075 consectanea
1808 3028 1955 3076 sunt.

367 3181 499 3255 dum
551 3180 867 3255 Dognnum,
920 3195 974 3238 et
1018 3199 1127 3239 non
1172 3188 1476 3241 secundum
1524 3186 1900 3255 cupiditatem.
1934 3205 1954 3238 ι

368 3249 594 3323 Ibidem.
622 3253 701 3306 Eu
734 3255 965 3323 requirit
1008 3255 1067 3309 S.
1113 3256 1309 3311 doctor
1347 3249 1695 3321 sententiam,
1739 3273 1835 3311 seu
1867 3257 1961 3311 be—

368 3321 732 3396 nedictioliem
757 3321 1022 3396 episcopi,
1054 3336 1115 3379 ut
1162 3328 1365 3396 nuptiae
1390 3326 1678 3381 conferant
1703 3327 1957 3391 gratiam.

442 3392 553 3461 (71)
592 3392 834 3467 Epistola
867 3392 1206 3465 ad'Eplies.,
1242 3392 1371 3467 'cap.
1405 3398 1438 3452 8
1471 3412 1525 3454 et
1568 3399 1653 3452 14.
1688 3396 1821 3452 Vide
1862 3413 1960 3452 no-

370 3470 544 3537 strain
575 3464 837 3537 A_nalysin
863 3464 1098 3537 laudatae
1123 3464 1390 3537 epistolis.

442 3533 554 3621 £3?)
595 3533 872 3621 ίὲρίξέκεά
898 3536 1121 3621 Plebes»
1158 3533 1300 3621 δερο.
1319 3542 1351 3592 (⁵
1371 3540 1536 3621 ευξ-

441 3605 553 3683 _(7_5)
594 3604 900 3684 ddﬁphes.
928 3604 1051 3676 Ep.,
1089 3623 1211 3677 cap.
1232 3604 1306 3663 ’14
1332 3619 1385 3665 et
1407 3610 1609 3673 8,dicit
1633 3628 1678 3663 ει
1699 3609 1962 3684 Carnales

372 3675 677 3751 spiritualia
705 3675 987 3751 exercere
1017 3675 1311 3751 nequeunt
1336 3722 1350 3746 ,
1376 3750 1379 3751 ν
1410 3696 1588 3751 neque
1643 3681 1957 3749 spirituales

370 3746 633 3818 carnalia,
666 3746 818 3818 _sicut
862 3763 963 3801 nec
1006 3746 1160 3813 ﬁdes,
1211 3766 1333 3818 quae
1372 3746 1771 3806 incredulitatis
1800 3760 1955 3818 sunt,

371 3827 471 3866 nec
496 3814 870 3889 incredulitas,
897 3833 1019 3885 qua:
1060 3819 1180 3872 lidei
1208 3814 1381 3889 {quae
1415 3836 1543 3877 vero
1567 3831 1621 3876 et
1650 3814 1953 3877 secundum

372 3896 592 3961 carnem
648 3886 834 3961 agitis,
877 3902 943 3961 ea
1004 3886 1311 3956 spiritualia
1353 3901 1500 3960 sunt,
1544 3893 1597 3947 in
1642 3890 1771 3948 Jesu
1804 3893 1951 3949 enim

371 3952 799 4025 Christopmnia
823 3958 1004 4025 agitls.
1032 3952 1070 4009 ἰ

436 4019 557 4089 (⁸74)
593 4022 765 4094 Epist.
791 4019 1110 4097 ad'pres”
1153 4045 1273 4100 cap.
1297 4031 1351 4088 9.

2073 1912 2132 1967 S.
2159 1911 2351 1983 lgnatii
2375 1912 2628 1985 epistolis
2649 1912 3021 1969 adnotandum
3054 1920 3157 1981 est,
3190 1927 3318 1968 cum
3345 1911 3650 1982 episcopum

2069 2005 2366 2075 quemdam
2422 2007 2492 2062 ab
2534 2007 2768 2062 ecclesia
2826 2021 2927 2062 sua
2973 2007 3092 2062 sine
3134 2006 3246 2061 ulla
3302 2005 3513 2060 reditus
3567 2018 3654 2073 spe

2067 2097 2261 2154 abesse
2319 2099 2680 2169 contingeret,
2724 2098 2844 2168 ejus
2874 2107 3059 2153 tamen
3103 2097 3474 2154 ministerium
3505 2113 3567 2152 ea
3593 2098 3653 2152 de

2068 2205 2238 2246 causa
2275 2191 2343 2246 ad
2382 2192 2657 2247 seniorem
2694 2191 2807 2263 (75)
2843 2207 2875 2247 e
2900 2190 3236 2262 presbyteris
3267 2190 3510 2245 delatum
3550 2205 3651 2244 non

2067 2277 2261 2347 fuisse,
2285 2289 2451 2351 atque
2470 2295 2613 2352 saepe
2630 2280 2906 2352 juniorem
2928 2280 3311 2352 presbyterum
3338 2280 3450 2352 (76)
3480 2280 3655 2335 senio—

2068 2373 2223 2430 ribus
2266 2375 2596 2445 posthabitis
2643 2375 2712 2431 ad
2746 2374 3124 2447 episcopatum
3172 2383 3423 2430 evectum
3464 2372 3652 2429 fuisse.

2141 2464 2514 2523 Observanius
2545 2473 2827 2536 postremo
2861 2463 3207 2520 Dominicam
3249 2472 3383 2518 tunc
3431 2461 3652 2517 Sabbati

2064 2562 2188 2617 loco
2234 2560 2291 2614 in
2319 2558 2448 2615 Jesu
2478 2558 2687 2614 Christi
2718 2558 3139 2614 resurrectionis
3184 2557 3512 2612 memoriam
3552 2557 3653 2612 coli

2064 2655 2285 2711 solitam
2314 2667 2459 2708 esse.
2485 2649 2668 2721 lnquit
2687 2652 2835 2708 enim
2865 2650 2923 2705 S.
2960 2649 3204 2719 lgnatius
3226 2650 3283 2704 in
3324 2648 3556 2719 epistola
3588 2649 3655 2702 ad

2066 2746 2452 2819 Magnesianos
2495 2744 2609 2816 (77)
2646 2763 2660 2797 :
2701 2764 2719 2799 ‹
2751 2745 2832 2800 Ad
2878 2745 3176 2799 novitatem
3216 2743 3343 2797 vita:
3389 2752 3657 2797 venerunt

2067 2838 2391 2911 (prophetat)
2443 2852 2555 2892 non
2600 2838 2838 2907 amplius
2886 2837 3194 2892 Sabbatum
3252 2836 3519 2900 colentes,
3560 2833 3655 2888 sed

2059 2932 2220 3002 juxta
2249 2930 2590 2987 Dominicam
2636 2931 2901 2997 viventes,
2942 2930 2997 2984 in
3054 2943 3164 3000 qua
3213 2936 3267 2983 et
3308 2931 3422 2982 vita
3469 2934 3657 2982 nostra

2062 3032 2256 3079 exorta
2280 3032 2364 3078 est
2392 3038 2489 3094 per
2511 3020 2698 3079 Iesum
2728 3021 3009 3077 Christum
3037 3028 3090 3077 et
3125 3028 3365 3075 mortem
3401 3018 3596 3089 ipsius.
3624 3018 3653 3068 ἰ

2142 3185 2255 3255 (75)
2302 3203 2321 3237 ‹
2355 3183 2625 3255 Memores
2650 3190 2828 3238 estote
2867 3184 2921 3237 in
2950 3181 3207 3252 precibus
3236 3180 3441 3255 vestris
3465 3176 3657 3232 Eccle-

2068 3250 2183 3321 siae,
2214 3250 2337 3325 quae
2358 3266 2442 3310 est
2469 3256 2524 3327 in
2566 3253 2724 3327 Syria
2766 3269 2902 3327 qua;
2917 3250 3018 3327 pro
3047 3268 3135 3306 me
3177 3270 3199 3327 ς
3233 3250 3348 3306 Deo
3377 3258 3605 3327 pastore
3635 3264 3657 3297 ι

2068 3322 2259 3381 utitur.
2290 3327 2454 3381 Solus
2489 3322 2662 3395 ipsam
2686 3322 2845 3381 Jesus
2862 3322 3121 3395 Cbrjstus
3150 3325 3270 3376 vice
3305 3322 3548 3391 episcopi
3574 3334 3662 3372 re~

2069 3406 2176 3468 get,
2202 3407 2258 3452 et
2280 3406 2462 3468 vestra
2498 3392 2760 3468 charitas.
2794 3415 2813 3448 ι
2844 3394 2925 3468 {kd
2955 3392 3146 3468 Bern”
3174 3408 3297 3461 cap.
3332 3407 3405 3445 Ix.
3480 3459 3493 3468 _
3626 3456 3657 3468 Α,

2140 3467 2255 3538 (76)
2301 3485 2320 3519 ε
2358 3466 2657 3538 Vosdecet
2696 3481 2807 3520 non
2838 3464 3166 3538 familiarius
3206 3459 3273 3517 ac
3316 3459 3551 3538 superbe
3580 3459 3661 3538 uti

2068 3528 2513 3607 astate'episcopi,
2546 3538 2641 3591 sed
2666 3537 2991 3607 secundum
3038 3536 3295 3589 virtutem
3340 3528 3435 3607 Dei
3473 3528 3663 3607 Patris

2069 3599 2297 3664 omnem
2324 3599 2591 3678 impertiri
2622 3606 2701 3661 illi
2747 3606 3147 3673 reverentiam;
3184 3599 3660 3678 quemadmodum

2059 3681 2187 3758 novi
2225 3671 2446 3733 sanctos
2493 3677 2673 3758 facere
2702 3678 3093 3758 presbyteros;
3134 3671 3257 3729 non
3297 3671 3663 3758 respicientes

2057 3748 2123 3803 ad
2156 3758 2507 3819 apparentem
2528 3744 2829 3818 juvenilem
2860 3744 3285 3819 ordinationem,
3310 3744 3403 3797 sed
3437 3751 3494 3794 ut
3524 3756 3666 3819 pru-_-

2057 3810 2254 3890 dentes
2280 3821 2334 3873 in
2368 3818 2480 3890 Deo
2510 3810 2769 3890 cedentes
2796 3818 2919 3890 ipsi,
2978 3832 3086 3872 non
3128 3816 3231 3887 ipsi
3274 3823 3457 3890 autern
3480 3853 3498 3875 ς
3561 3810 3663 3865 sed

2060 3888 2207 3945 Patri
2230 3888 2359 3944 Jesu
2384 3889 2592 3946 Christi
2620 3882 2869 3945 omnium
2895 3882 3174 3961 episcopo.
3214 3905 3235 3940 ι
3265 3886 3348 3941 Ad
3375 3882 3666 3956 Magnae.

2056 3976 2176 4031 cap.
2205 3962 2260 4015 5.

2132 4029 2244 4104 (77)
2286 4029 2365 4086 Ad
2394 4029 2666 4105 Magnes.,
2697 4044 2821 4103 cap.
2849 4030 2904 4087 9.
