3746 6308
73 313 156 367 £6.
743 309 830 366 DE
864 310 1330 368 INTEGRITATE
1367 312 1649 372 TEXTUS
1683 314 1977 372 RECEPTI
2020 316 2165 371 EPP.
2210 318 2269 373 S.
2312 315 2588 374 IGNATII.
3209 317 3318 373 603

105 469 3304 507 HW

1031 674 1182 764 DE
1260 675 1741 768 TEXTUS
1817 676 2326 768 RECEPTI

254 958 1258 1080 EPISTOLABUM
1339 965 1459 1078 S.
1551 965 2113 1083 IGNATII
2195 962 3104 1080 ANTIOCHENI

1414 1238 1853 1302 INTEGRITA
1864 1240 1968 1300 TE

850 1476 1819 1627 DISQUISITIO
1933 1471 2580 1606 CRITICA

1158 1769 1412 1833 lteratis
1441 1769 1617 1833 curis
1672 1768 1900 1832 Latine
1929 1769 2181 1832 reddita

1554 1978 1851 2022 AUCTORE

687 2161 1509 2276 numnum
1588 2161 2684 2323 nnnzmann

473 2397 539 2450 IN
587 2398 1057 2451 UNIVERSITATE
1085 2401 1616 2453 WIRCEBURGENSI
1651 2400 2040 2453 THEOLOGLE
2080 2400 2469 2453 DOGMATICzE
2514 2395 2951 2454 PROFESSORE.

1659 2702 1708 2762 Ι.

970 2826 1432 2890 Controversia:
1463 2847 1654 2890 causa
1685 2840 1742 2892 et
1772 2837 1978 2890 status
2015 2825 2404 2906 qitwstionis.

141 2949 384 3030 Duplex
412 2950 750 3033 hucusque
777 2954 1194 3034 epistolarum
1230 2959 1290 3018 S.
1325 2957 1582 3036 lgnatii,
1617 2954 1904 3038 episcopi
1935 2960 1997 3016 et
2025 2952 2326 3032 martyris
2369 2949 2785 3023 Antiocheni,
2826 2955 3036 3010 textus
3079 2945 3299 3008 aderat

68 3049 240 3126 Alter,
275 3070 472 3133 quem
506 3071 732 3117 omnes
770 3056 1050 3119 rationes
1087 3065 1157 3120 ut
1188 3057 1549 3138 genuinum
1582 3055 2137 3128 commendabant,
2174 3052 2421 3133 quique
2457 3051 2874 3130 antiquorum
2908 3045 3323 3124 scriptorum,

66 3153 397 3226 praesertim
435 3157 726 3231 Eusebii,
761 3157 1158 3220 testimoniis
1191 3159 1379 3237 plane
1411 3165 1742 3232 consonat,
1771 3165 2016 3237 septem
2049 3154 2353 3236 epistolas
2384 3150 2877 3230 complectitur;
2909 3147 3089 3219 alter,
3119 3144 3328 3206 multo

67 3249 379 3329 prolixior,
406 3254 658 3317 easdem
694 3255 1002 3336 epistolas
1036 3257 1258 3319 multis
1311 3258 1764 3321 additamentis
1789 3256 2205 3337 interpolatas
2244 3264 2610 3335 praeterque
2658 3268 2765 3314 eas
2811 3249 3106 3330 quinque
3137 3245 3323 3317 alias,

64 3363 310 3426 quarum
345 3357 674 3419 Eusebius
707 3359 1104 3421 mentionem
1135 3377 1267 3422 non
1298 3359 1470 3436 fecit,
1508 3362 1795 3424 exhibet.

134 3450 337 3531 Nuper
368 3472 523 3516 vero
555 3474 631 3518 ex
666 3457 1057 3537 quibusdam
1089 3457 1630 3522 collectaneorum
1658 3461 2066 3540 Syriacorum
2092 3457 2448 3531 codicibus,
2483 3471 2648 3536 quos
2679 3453 2974 3534 Angli'in
3003 3462 3328 3512 monaste-

66 3549 146 3609 rio
177 3553 234 3614 S.
267 3556 493 3618 Maria:
525 3557 769 3620 deserti
808 3558 1153 3620 Nitriensis
1209 3560 1597 3624 detexerunt
1641 3569 1705 3624 et
1757 3569 2087 3639 coemptos
2142 3560 2210 3620 in
2255 3560 2552 3620 Museum
2586 3554 3026 3618 Britannicum
3077 3547 3324 3612 detule-

65 3661 190 3716 mut
228 3655 380 3734 (78),
418 3658 516 3718 vir
565 3659 644 3721 de
695 3659 928 3722 litteris
981 3660 1426 3723 Orientalibus
1477 3661 2197 3734 benemerentissimus,
2260 3657 2628 3720 Gulielmus
2688 3656 3015 3726 Cureton,
3077 3657 3320 3712 textum

65 3758 383 3830 quemdam
429 3759 764 3838 Syriacum
801 3760 1027 3836 edidit,
1055 3778 1250 3840 quem
1287 3768 1416 3823 tres
1446 3763 1699 3825 codices
1732 3778 2014 3824 consone
2040 3760 2350 3840 prmbent,
2383 3757 2497 3839 qui
2531 3755 2795 3819 nonnisi
2829 3761 2958 3816 tres
2991 3751 3323 3832 epistolas,

65 3855 124 3915 ad
165 3856 610 3938 Polycarpum,
642 3859 958 3938 Ephesios
989 3867 1051 3921 et
1076 3862 1423 3934 Romanos,
1469 3861 1735 3924 exhibet
1773 3878 2011 3940 easque
2049 3858 2254 3923 multo
2287 3856 2616 3920 breviores
2648 3872 2719 3917 ac
2760 3855 2828 3916 in
2863 3861 3038 3916 textu
3073 3859 3326 3930 recepto

67 3953 380 4022 habentur.
417 3960 620 4021 Multa
654 3959 1009 4037 prtesertim
1043 3960 1301 4034 desunt,
1328 3978 1474 4038 qum
1503 3961 1853 4024 de-Christ-i
1877 3961 2138 4023 Domini
2189 3957 2394 4021 nostri
2440 3954 2779 4020 divinitate
2825 3961 2887 4015 et
2928 3951 3327 4013 hierarcbica

65 4059 496 4140 epise0porum
539 4068 852 4140 potestate
878 4061 948 4124 in
975 4061 1113 4136 illo,
1149 4079 1345 4142 quem
1371 4063 1711 4143 hucusque
1749 4081 1866 4144 pro
1897 4064 2186 4145 genuino
2219 4075 2696 4140 receperamus,
2731 4063 2932 4130 textu,
2978 4055 3320 4117 habentur.

127 4163 397 4235 Quaestio
429 4164 580 4227 inde
612 4174 751 4228 orta
791 4171 908 4240 est,
947 4182 1077 4228 non
1115 4167 1273 4228 levis
1317 4185 1496 4242 sane,
1547 4184 1692 4230 cum
1724 4171 1804 4231 de
1837 4168 2294 4248 antiquissimo
2328 4165 2724 4244 maximique
2758 4163 3063 4244 ponderis
3096 4161 3314 4224 saeculi

66 4264 369 4337 apostolici
413 4272 874 4338 monumento,
927 4265 1570 4347 prmclarissimisque
1640 4275 1702 4330 et
1754 4266 2181 4330 sanctissimis
2260 4274 2496 4328 nostrae
2549 4261 2885 4342 religionis
2935 4258 3326 4322 testimoniis

66 4373 258 4442 agatur
293 4391 309 4428 :
359 4376 576 4430 utrum
610 4373 821 4430 textus
857 4367 982 4430 iste
1017 4386 1226 4432 novus
1255 4368 1606 4449 genuinus,
1643 4369 2046 4448 proindeque
2098 4367 2210 4445 qui
2244 4367 2582 4444 hucusque
2616 4370 2911 4441 receptus
2942 4369 3098 4433 erat,
3125 4361 3326 4421 inter-

71 4467 291 4542 polatus
322 4457 432 4546 sit,
471 4488 550 4533 an
584 4488 736 4533 vero
764 4478 977 4534 textus
1009 4473 1309 4551 Syriacus
1342 4481 1701 4547 truncatus,
1757 4481 1950 4553 atque
2009 4472 2122 4534 ille
2183 4489 2381 4551 quem
2432 4486 2550 4550 pro
2600 4467 2887 4549 genuino
2931 4465 3324 4527 habebamus

71 4585 233 4642 porro
263 4572 648 4635 retinendus
677 4571 783 4634 sit.

1636 4672 1718 4733 ll.

783 4795 955 4871 Quid
985 4796 1058 4858 de
1094 4797 1208 4858 hac
1238 4798 1580 4876 quastione
1615 4799 1934 4876 hucusque
1967 4797 2310 4858 statuerint
2343 4795 2596 4856 eruditi.

133 4921 212 4982 Cl.
247 4922 556 4996 Cureton,
588 4922 702 5002 qui
735 4927 982 4984 textum
1011 4923 1344 5002 Syriacum
1381 4924 1625 4987 detexit
1654 4931 1848 5005 atque
1881 4923 2136 5002 primus
2167 4921 2401 4994 edidit,
2433 4921 2857 4999 criticamque
2879 4921 2956 4982 de
2976 4936 3052 4983 eo
3073 4918 3314 4998 disqui-

71 5024 334 5091 sitionem
365 5027 618 5108 primus
649 5026 959 5104 instituit,
989 5029 1161 5107 quod
1184 5028 1553 5092 mirandum
1586 5047 1739 5091 sane
1772 5045 1902 5091 non
1929 5034 2048 5104 est,
2087 5034 2333 5090 textum
2371 5044 2562 5089 suum
2591 5025 2950 5106 genuinum
2977 5041 3117 5085 esse
3142 5025 3315 5101 Igna-

80 5127 465 5203 tiumtuetur,
499 5137 691 5208 atque
727 5128 797 5191 in
819 5128 1146 5208 prioribus
1174 5131 1453 5204 duobus,
1489 5149 1636 5211 quas
1670 5131 1787 5194 hac
1820 5131 1899 5193 de
1934 5131 2198 5193 materia
2248 5129 2476 5203 edidit,
2515 5127 2822 5207 Operibus
2876 5125 3045 5204 (78‘),
3076 5129 3316 5184 textum

73 5233 362 5304 receptum
414 5228 484 5290 in
517 5228 721 5308 priori
767 5227 989 5290 smculi
1025 5245 1090 5291 iv
1131 5238 1306 5309 parte
1357 5231 1434 5293 ad
1481 5232 1786 5294 tuendam
1821 5230 2131 5294 adversus
2169 5231 2438 5293 Aerium
2502 5237 2693 5308 atque
2726 5227 3001 5290 Arianos
3057 5224 3314 5286 catholi-

73 5339 181 5386 cam
233 5330 589 5392 doctrinam
629 5333 708 5395 ab
753 5331 1218 5412 interpolatore
1248 5331 1608 5396 confectum
1638 5334 1842 5397 fuisse
1877 5333 2190 5412 supponit
2219 5353 2237 5407 ;
2273 5333 2580 5412 epistolas
2608 5340 2888 5409 quatuor
2918 5344 3064 5405 qum
3105 5327 3175 5388 in
3207 5329 3315 5406 Sy-

76 5421 211 5486 riaca
250 5428 546 5490 versione
574 5429 832 5504 desunt,
868 5448 1000 5493 non
1042 5430 1314 5493 omnino
1345 5431 1574 5493 nothas
1601 5475 1618 5506 ,
1673 5431 2094 5512 interpolatas
2135 5438 2351 5494 tamen
2386 5441 2447 5494 et
2481 5431 2652 5510 ipsas
2686 5443 2853 5504 esse,
2882 5426 3237 5489 contendit.

260 5609 484 5687 Singula
513 5627 634 5687 qum.
666 5612 787 5687 huc
815 5613 1090 5687 pertinent
1126 5611 1258 5687 vide
1294 5611 1436 5687 apud
1469 5612 1735 5687 Cureton,
1775 5614 1981 5687 corpus
2010 5613 2381 5687 Ignotianum,
2413 5632 2468 5687 ρ.
2501 5632 2628 5687 xxvi
2655 5632 2777 5685 sqq.

129 5632 227 5670 tm)
263 5632 484 5680 amgunu
513 5632 634 5680 qlia:
669 5632 775 5665 nuc
815 5632 1090 5680 pertinent
1127 5632 1249 5665 vme
1294 5632 1436 5680 apuu
1469 5632 1735 5679 ωπειοη,
1775 5632 1981 5684 Lorptts
2010 5632 2381 5687 lgnattanum,
2453 5657 2468 5671 .
2501 5632 2628 5670 XXVI
2655 5632 2777 5685 sqq.

128 5676 246 5764 (Ἱζν)
282 5679 635 5764 Ίςιζεηαῃιξεηι
678 5684 855 5764 syrinr
885 5683 1184 5764 Vision-of
1218 5682 1301 5764 the
1326 5683 1539 5764 episttes
1567 5685 1627 5754 of
1646 5687 1789 5741 saint
1820 5685 2086 5755 lgnatius.
2117 5632 2540 5751 Londonngﬁ.
2585 5686 2836 5742 l'iudiciaz
2860 5684 3178 5758 Ignatiana'.
3199 5695 3308 5744 etc.

77 5744 288 5817 lxmdol),
304 5752 438 5808 1846
466 5744 746 5820 (adversus
779 5753 919 5807 liud.
939 5744 1502 5824 ClunWbrdsworth).
