3754 6206
94 308 176 363 605
855 310 943 366 DE
982 310 1450 369 INTEGRITATE
1507 314 1787 373 TEXTUS
1821 316 2116 376 RECEPTI
2150 318 2301 376 EPP.
2336 320 2395 376 8.
2446 320 2720 377 IGNA'IIL
3252 320 3360 378 606

93 429 151 489 Ο.
186 426 247 488 S.
290 428 398 503 B.,
438 432 788 510 professor
815 434 1417 515 Monacensis-(87);
1449 438 1832 503 Adalbertus
1866 441 2091 515 Maier,
2124 440 2447 521 professor
2476 441 2934 523 Friburgensis
2966 441 3115 526 (88),
3135 445 3351 512 Ritter.

92 530 404 609 professor
454 535 993 599 Vratislaviensis
1041 535 1204 617 (89);
1266 554 1345 598 ex
1405 539 1916 604 Protestantibus
1974 541 2288 614 Neander,
2352 540 2498 602 licet
2532 540 2713 619 prius
2770 542 3257 625 adversaretur,
3294 548 3357 603 et

93 630 361 694 Uhlborn
402 633 595 714 (90);
658 653 735 698 ex
790 636 1162 716 Anglicanis
1219 640 1429 702 Routh
1466 639 1615 723 (91),
1655 644 1969 705 Jacobson
1999 643 2168 724 (92);
2205 642 2557 704 novissime
2595 660 2746 706 vero
2774 645 2932 708 Edv.
2965 643 3252 707 Churton
3284 642 3355 714 in

89 746 229 793 nova
252 733 570 798 editione
598 738 1028 801 Vindiciarum
1062 743 1474 820 epistolarum
1498 746 1566 807 S.
1599 746 1867 823 Ignatii,
1888 753 2148 808 auctore
2170 748 2415 807 Joanne
2445 746 2813 822 Pearsonio,
2832 746 3356 809 adnotationibus

88 839 139 891 et
164 833 564 911 praefatione
595 839 673 901 ad
704 839 1087 904 hodiernum
1123 846 1581 908 controversia;
1609 852 1845 908 statum
1877 848 2347 909 accommodata
2384 846 2507 926 (93)
2534 871 2552 924 ;
2584 864 2747 926 Opus
2778 868 2927 912 vere
2960 849 3146 923 utile,
3180 847 3355 928 quod

86 935 485 999 adversarios
524 948 788 1004 nostros
817 941 1021 1005 solide
1052 961 1181 1007 non
1215 946 1431 1009 minus
1454 964 1646 1027 quam
1681 947 1893 1026 lepide
1929 947 2226 1027 exagitat.

148 1037 267 1099 Nos
290 1037 419 1101 hac
450 1041 611 1104 vice
637 1044 1018 1121 opusculum
1053 1047 1346 1110 anterius
1393 1047 1873 1127 aliquantulum
1904 1049 2117 1129 quoad
2150 1048 2419 1112 formam
2457 1052 2932 1126 contrahentes,
2966 1051 3176 1131 quoad
3220 1065 3355 1110 ma-
3424 1090 3437 1105 ι

85 1136 289 1198 teriam
326 1155 500 1200 vero
526 1139 693 1216 illis,
725 1158 869 1219 quae
894 1145 973 1206 ab
1005 1143 1148 1218 illo,
1180 1161 1312 1225 quo
1349 1146 1908 1229 prodiit,tempore
1938 1149 2339 1229 subjicienda
2376 1160 2819 1228 occurrerunt,
2865 1160 3197 1233 augentes,
3234 1153 3355 1213 ite-

86 1240 218 1300 ratis
249 1241 440 1303 curis
465 1241 588 1306 hic
626 1244 973 1309 reddimus.
2392 1247 2406 1261 ’

1665 1375 1776 1436 111.

799 1496 1117 1561 Momenta
1147 1500 1473 1578 desumpta
1516 1519 1594 1561 ea!
1625 1499 1920 1561 doctrina
1951 1497 2025 1562 de
2055 1500 2305 1563 Christo
2348 1503 2640 1564 Domino.

146 1617 481 1682 Ponamus
512 1638 742 1684 revera
789 1629 1030 1686 textum
1066 1625 1297 1704 Ignati1
1325 1625 1685 1706 genuinum
1715 1643 1749 1687 a
1786 1628 2064 1707 quodam
2114 1626 2414 1690 falsatore
2448 1628 2654 1691 fuisse
2697 1627 3148 1707 interpolatum
3187 1646 3203 1686 :
3236 1624 3353 1686 ali-

78 1736 247 1794 quem
286 1730 476 1785 certe
544 1725 743 1787 ﬁnem
797 1725 853 1786 is
907 1729 1380 1807 assequendum
1436 1728 1562 1792 sibi
1611 1728 1970 1809 proposuit,
2009 1718 2201 1809 quem
2238 1736 2307 1791 ut
2358 1728 2723 1809 attingeret,
2770 1729 3062 1808 quasdam
3108 1724 3352 1787 dixisse

79 1828 334 1898 oportet,
371 1842 461 1885 ex
496 1824 749 1904 quibus
781 1825 950 1888 idem
1007 1827 1147 1908 ipse
1189 1828 1438 1891 fraudis
1476 1846 1710 1909 scopus
1746 1826 2105 1908 inquirenti
2152 1830 2456 1891 elucebit.
2495 1831 2628 1908 Age
2658 1845 2837 1899 vero,
2876 1827 3047 1888 hunc
3082 1840 3349 1903 scopum

77 1920 260 1984 fuisse
318 1923 593 1997 dicunt,
650 1936 721 1989 ut
751 1928 1108 1991 doctrinam
1147 1930 1227 1991 de
1272 1928 1509 1992 Christi
1563 1929 1908 1991 divinitate
1950 1928 2046 1990 vel
2083 1930 2439 2002 induceret,
2474 1930 2573 1991 vel
2616 1937 3056 2009 promoveret;
3103 1932 3349 1989 textum

80 2042 281 2087 revera
321 2037 677 2107 receptum
714 2030 807 2092 bis
840 2030 964 2114 (94)
1027 2049 1264 2094 nomen
1299 2044 1440 2092 Θεοῦ
1474 2031 1728 2095 Christo
1759 2033 2069 2103 tribuere,
2096 2033 2208 2094 ubi
2241 2034 2441 2111 Syrus
2473 2048 2659 2095 secus
2698 2031 2875 2111 legit.
2898 2032 3139 2090 Verum
3176 2026 3349 2087 idem

78 2124 274 2201 ipsum
306 2129 455 2191 vice
490 2147 684 2193 versa
716 2133 881 2210 apud
916 2135 1147 2212 Syrum
1179 2133 1458 2195 occurrit
1486 2134 1633 2213 (95),
1668 2151 1880 2213 neque
1909 2134 2126 2194 minus
2172 2133 2292 2194 iste
2323 2132 2650 2195 Christum
2676 2129 2882 2193 Deum
2918 2135 3098 2192 vocat
3137 2126 3287 2206 (96).

140 2229 338 2292 Porro
378 2233 438 2293 si
476 2234 910 2314 interpolator
942 2237 1075 2310 ille,
1108 2255 1302 2317 quem
1352 2236 1700 2299 adversarii
1733 2245 2135 2315 supponunt,
2186 2235 2422 2299 Christi
2459 2234 2860 2297 divinitatem
2896 2232 3352 2295 commendan-

78 2331 202 2393 dam
241 2334 372 2399 sibi
403 2339 780 2417 pr0posuit,
817 2356 971 2400 sane
1000 2340 1309 2402 adversus
1358 2339 1691 2401 haereticos
1722 2339 2032 2417 quosdam
2065 2354 2241 2400 arma
2282 2339 2596 2411 movebat,
2643 2344 2836 2417 atque
2868 2356 2943 2399 ex
2986 2336 3341 2404 erroribus,

78 2452 223 2515 quos
254 2437 637 2518 impugnat,
672 2439 937 2518 quinam
972 2440 1065 2501 illi
1099 2439 1361 2512 fuerint,
1398 2456 1641 2518 eosque
1687 2439 1938 2517 lgnatio
1980 2440 2260 2501 seriores
2296 2454 2435 2500 esse
2468 2438 2686 2500 videre
2713 2439 2858 2503 erit.
2884 2441 3127 2501 Verum
3162 2439 3216 2500 si
3248 2456 3351 2501 ac-

77 2539 481 2602 curatissime
521 2539 833 2621 epistolas
864 2548 1077 2603 textus
1111 2542 1347 2621 recepti
1387 2539 1835 2620 perscruteris,
1880 2558 2007 2603 non
2051 2540 2351 2602 invenies
2398 2539 2523 2600 nisi
2558 2540 2899 2620 ejusmodi,
2947 2541 3058 2621 qui
3099 2541 3349 2618 lgnatio

78 2642 254 2703 coaevi
286 2642 597 2716 fuerunt,
641 2642 1000 2720 Ebionitas,
1030 2645 1460 2719 Judaizantes,
1495 2647 1788 2707 Docetas.
1824 2645 2037 2707 Unum
2084 2650 2205 2717 est,
2247 2642 2419 2722 quod
2450 2641 2707 2704 acribus
2746 2641 3203 2704 controversiis
3232 2657 3349 2701 an-

76 2759 192 2805 sam
215 2744 347 2822 jam
380 2744 599 2815 dedit,
635 2761 783 2806 cum
837 2746 1113 2807 Pearson
1162 2745 1238 2807 ad
1296 2746 1751 2808 vindicandum
1798 2744 2119 2824 lgnatium
2176 2760 2406 2806 manus
2441 2762 2585 2808 cum
2630 2744 2965 2807 Blondello
3009 2753 3070 2805 et
3112 2742 3350 2805 Dallaeo

76 2854 433 2909 consereret
473 2869 490 2908 :
532 2847 717 2909 locus
748 2847 857 2909 ille
883 2848 1433 2910 celebratissimus
1464 2866 1541 2910 ex
1574 2848 1845 2922 epistola
1874 2847 1951 2907 ad
1994 2847 2445 2926 Magnesianos
2489 2846 2637 2926 (97),
2663 2846 2730 2908 in
2763 2862 2892 2925 quo
2925 2843 3219 2906 Christus
3249 2841 3351 2903 di-

75 2944 220 3006 citur
270 2954 447 3026 Λόγος
520 2950 703 3015 ἀΐδιος
760 2955 854 3008 οὐκ
884 2956 988 3009 ἀπὸ
1055 2963 1213 3028 σιγῆς
1244 2955 1531 3029 προελθών.

1866 2965 2032 3027 rmpe
2082 2948 2484 3010 manifestam
2540 2948 2677 3009 ﬁeri
2737 2946 3128 3008 mentionem
3168 2945 3348 3024 Siges

78 3044 543 3111 Valentiniani};
577 3051 961 3124 obtendunt,
1008 3051 1428 3113 Valentinum
1487 3068 1638 3112 vero
1692 3058 1834 3129 post
1880 3051 2258 3112 defunctum
2318 3051 2646 3130 lgnalium
2708 3048 3164 3111 insurrexisse.
3199 3048 3349 3108 Haec

77 3145 273 3206 eadem
326 3148 626 3227 objectio
694 3151 885 3213 modo
918 3158 981 3214 et
1020 3159 1238 3213 contra
1290 3159 1505 3213 textus
1557 3151 1755 3213 nostri
1814 3152 2258 3213 auctoritatem
2294 3151 2708 3232 intorquetur
2743 3168 2889 3213 cum
2923 3148 3031 3210 illa
3072 3149 3262 3210 verba
3311 3164 3347 3209 a

76 3246 313 3323 Syriaco
343 3250 598 3312 absint.

143 3345 269 3419 Qua
299 3348 368 3410 in
403 3367 478 3411 re
534 3349 603 3411 id
641 3352 1057 3415 concedimus
1112 3352 1392 3428 facilius,
1427 3370 1618 3433 quam
1653 3354 1932 3415 Pearson
1969 3352 2091 3434 (98)
2126 3361 2187 3414 et
2218 3355 2499 3415 Massuet
2532 3352 2679 3433 (99),
2715 3351 3133 3413 Valentinum
3185 3367 3347 3412 non-

77 3448 185 3509 nisi
214 3461 356 3530 post
386 3452 781 3517 defunctum
814 3456 1133 3535 lgnatium
1162 3457 1489 3521 docuisse.
1529 3460 1751 3536 Neque
1790 3455 1870 3517 iis
1910 3462 2193 3531 utemur,
2226 3473 2373 3534 qum
2414 3471 2541 3516 non
2589 3454 2732 3515 sine
2764 3452 2941 3515 omni
2982 3451 3342 3531 probabili-

78 3556 185 3612 tate
215 3569 248 3615 a
296 3554 667 3618 Pearsonio
716 3556 839 3619 late
889 3567 1307 3637 exponuntur
1338 3558 1404 3620 in
1445 3559 1751 3619 Vindiciis
1800 3556 2159 3635 lgnatianis
2209 3554 2317 3635 (1),
2356 3572 2593 3618 nomen
2652 3553 2815 3616 illud
2870 3566 3025 3632 σιγῆς
3063 3569 3191 3614 non
3226 3568 3345 3631 pro

77 3656 449 3730 appellativo
483 3657 895 3735 habendum,
928 3668 1267 3741 totumque
1323 3661 1535 3723 locum
1580 3660 1654 3720 ad
1692 3658 2026 3721 Ebionilas
2062 3658 2406 3738 respicere.
2460 3659 2533 3718 In
2569 3656 2732 3719 illud
2772 3673 2924 3717 vero
2971 3654 3337 3733 argumenti

82 3770 261 3827 genus
295 3758 725 3833 insistemus,
778 3762 950 3840 quod
1002 3780 1037 3824 a
1095 3762 1442 3824 Pearsonio
1500 3759 1939 3839 prmlibatum,
1996 3776 2125 3821 rem
2176 3758 2362 3838 plane
2400 3757 2676 3829 conﬁcit,
2728 3772 2960 3836 nempe
2988 3756 3342 3818 doctrinam

81 3851 231 3913 illam
260 3855 341 3917 de
373 3855 533 3935 Sige
568 3862 896 3937 totamque
925 3860 1194 3937 primam
1229 3875 1483 3921 aeonum
1516 3859 1797 3937 ogdoada
1822 3877 1855 3921 a
1879 3861 2139 3922 Simone
2162 3864 2376 3919 ortum
2411 3857 2659 3919 trahere
2686 3865 2879 3937 atque
2905 3855 3340 3936 geneaIOgiam

84 3970 310 4018 menum
344 3957 679 4036 integram
725 3960 965 4021 sensim
1005 3977 1039 4022 a
1071 3960 1394 4023 Gnosticis
1423 3979 1500 4023 ex
1535 3961 1647 4021 illa
1680 3962 1892 4024 radice
1925 3961 2248 4023 evolutam
2295 3958 2527 4033 fuisse,
2559 3959 2637 4021 de
2671 3975 2801 4039 quo
2839 3956 3079 4019 videsis
3126 3957 3343 4038 ipsum

84 4056 483 4124 Pearsonium
525 4060 640 4139 (2).
670 4060 883 4122 Unum
916 4067 1163 4123 tantum
1206 4062 1480 4139 perfecte
1519 4069 1820 4139 prmstare
1852 4078 1979 4122 non
2015 4061 2227 4139 potuit
2257 4059 2357 4121 vir
2388 4058 2961 4138 praestantissimus
2993 4074 3071 4119 ex
3103 4073 3343 4118 monu-

84 4169 426 4228 mentorum
464 4161 754 4224 defectu.
801 4162 957 4223 Cum
1006 4161 1179 4221 enim
1212 4180 1339 4221 rem
1388 4180 1419 4223 a
1472 4163 1733 4223 Simone
1773 4168 1985 4223 ortum
2029 4161 2279 4223 trahere
2307 4162 2834 4235 demonstrasset,
2872 4159 3345 4222 ostendendum

83 4280 252 4338 porro
278 4273 651 4327 eralvocem
685 4263 873 4324 etiam
899 4277 1054 4341 σιγῆς
1079 4264 1157 4324 ah
1188 4264 1329 4343 ipso
1360 4262 1561 4325 fuisse
1591 4270 1989 4341 usurpatam.
2013 4262 2199 4335 Quod
2222 4269 2295 4323 ut
2324 4262 2988 4342 prmstaretseriorum
3023 4277 3344 4341 quorum-

84 4364 229 4437 dam,
257 4367 562 4441 Eusebii,
590 4366 889 4445 Gregorii
926 4347 1308 4428 Nazianzeni
1345 4367 1616 4445 ejusque
1648 4374 2229 4430 commentatorum
2261 4374 2507 4429 tantum
2536 4368 2906 4429 testimonia
2954 4387 3087 4448 pra;
3118 4368 3333 4429 mani-

87 4467 187 4529 bus
216 4470 516 4531 habebat.
546 4467 707 4540 Quae
740 4466 883 4527 licet
917 4466 1460 4529 sullicientissima
1492 4467 1645 4539 sint,
1675 4484 1745 4527 ea
1779 4475 1987 4528 tamen
2014 4466 2337 4529 cavillatio
2362 4466 2749 4527 adversariis
2779 4475 2994 4547 erepta
3022 4486 3150 4530 non
3183 4476 3340 4541 erat,

86 4573 350 4629 auctores
384 4565 856 4644 haeresiologos
886 4567 1135 4645 lgnatio
1167 4585 1479 4646 suppares
1513 4567 1637 4628 alte
1667 4567 1883 4639 silere,
1924 4566 2057 4627 imo
2113 4583 2349 4627 nomen
2394 4568 2556 4643 siges
2600 4566 2945 4629 Valentino
2975 4568 3194 4647 potius
3221 4587 3340 4631 au-

88 4664 225 4725 ctori
254 4664 540 4728 deferre.
575 4667 821 4727 Verum
855 4676 916 4729 et
950 4668 1121 4729 istud
1162 4668 1474 4746 effugium
1516 4667 1679 4746 ipsis
1722 4674 1818 4727 est
1852 4666 2261 4745 prteclusum,
2298 4673 2635 4745 postquam
2667 4668 2987 4731 detectum
3018 4668 3143 4731 fuit
3182 4671 3344 4750 Hip-

88 4772 265 4851 polyti
324 4772 713 4835 Portuensis
748 4790 910 4852 opus
947 4774 1033 4834 De
1084 4774 1419 4835 hwresibus
1480 4770 1589 4853 (3),
1646 4771 1800 4834 olim
1858 4790 1937 4833 ex
1991 4777 2167 4850 parte
2228 4772 2351 4833 sub
2392 4770 2695 4850 Origenis
2744 4774 3010 4838 nomine
3065 4775 3338 4850 editum,

145 4983 245 5049 (87)
274 4984 327 5039 In
360 4984 541 5039 nostri
566 4982 750 5052 operis
778 4983 903 5037 crisi
952 4983 1005 5037 in
1044 4982 1652 5051 Historisch-politische
1829 4978 2346 5052 (93)onnii1852.

92 5049 312 5109 Blaetter.
344 5056 511 5119 l851,
545 5049 689 5107 Heft.
724 5055 775 5107 9.
1377 5049 1385 5122 ἶ
1489 5121 1492 5122 ,

1377 5049 1385 5122 ξ
1489 5121 1492 5122 ν
1827 5049 1940 5122 (94)
1978 5051 2113 5120 Eph.
2159 5052 2241 5104 tit.
2273 5061 2328 5106 et
2356 5069 2411 5105 n.
2446 5051 2533 5106 l9.

150 5124 245 5195 (88)
280 5126 590 5195 Einleitung
620 5125 806 5195 in__die
834 5125 1085 5195 scltriften
1123 5125 1213 5179 des
1265 5124 1317 5177 Ν
1323 5165 1337 5178 .
1372 5121 1434 5177 Τ.
1468 5121 1626 5177 Freib

915 5125 1085 5195 rriften
1123 5125 1213 5179 des
1265 5124 1337 5178 Ν.
1372 5121 1434 5177 Τ.
1468 5121 1647 5177 Freib.
1827 5123 1941 5195 (95)
1977 5122 2135 5195 Boni.
2165 5123 2199 5195 ᾇ
2224 5130 2277 5195 e_t
2305 5127 2397 5195 lin.

94 5190 123 5241 i.
152 5190 231 5264 Br.
258 5198 413 5251 1852.
451 5190 616 5249 Vorr.
656 5193 747 5246 IV.
978 5190 988 5195 ⁷
1829 5193 1943 5260 (96)
1977 5192 2115 5264 Eph.
2162 5193 2213 5258 1,
2241 5192 2425 5264 Polyc.
2457 5195 2492 5247 5

150 5260 243 5329 (89)
272 5267 325 5321 In
368 5265 651 5320 Asc/(bach
683 5265 1014 5334 aiigemeiues
1044 5264 1485 5333 Itirclienlcxicon,
1526 5266 1632 5320 Art.

642 5281 651 5316 ι
683 5265 1014 5334 aiigemeiues
1044 5264 1485 5333 kirchenlcxicon,
1526 5266 1646 5320 Art.
1828 5264 1941 5334 (97)
1974 5260 2039 5317 ΝΖ
2072 5264 2124 5317 8.

98 5323 325 5403 lgnatius,
355 5348 410 5390 et
441 5337 498 5390 in
538 5323 786 5405 Historia
810 5352 906 5388 sua
939 5338 1314 5389 ecclesiastica.
1473 5323 1483 5333 ’

1827 5323 1940 5405 (98)
1970 5334 2241 5405 Vindiciaa
2271 5331 2595 5405 Ignaliana',
2620 5342 2760 5403 part.
2786 5350 2857 5405 ιι,
2892 5348 2942 5388 c.
2980 5332 3031 5387 7.

98 5404 325 5529 "galbam
355 5406 629 5462 Niedners
668 5404 977 5475 Zcilschrift
1020 5408 1061 5476 f.
1097 5405 1243 5460 Hist.
1285 5405 1442 5460 theol.
1483 5407 1643 5461 1851.
2039 5404 2461 5527 4{:rolegomenis
2490 5407 2576 5460 ed.
2612 5404 2817 5459 lremei.

131 5491 207 5527 l3".
232 5491 281 5531 Ζ.

1828 5491 1904 5531 lli
1939 5491 2001 5529 La.
2039 5491 2092 5527 4.

148 5546 243 5611 (91)
282 5547 450 5617 ΡιναιῙ.
484 5547 559 5601 ad
593 5545 863 5618 Reliquias
910 5564 1114 5616 sacras,
1136 5549 1225 5604 ed.
1275 5546 1436 5613 1816,
1464 5548 1571 5603 vol.
1602 5546 1630 5613 l,

773 5548 863 5601 tias
910 5564 1114 5616 sacras,
1136 5549 1225 5604 ed.
1275 5546 1436 5613 1816,
1464 5548 1571 5603 vol.
1602 5546 1642 5614 l,
1934 5543 2094 5618 lbid.,
2121 5559 2170 5618 c_.
2204 5544 2255 5597 6.

94 5622 331 5676 pnvm.
406 5612 416 5617 ⁷
722 5612 732 5618 ’
1101 5612 1110 5616 ⁷
1628 5612 1633 5614 ⁷
1823 5612 1905 5681 (5)
1948 5613 2191 5681 Origenis
2251 5613 2731 5681 Philosophumena
2786 5629 2831 5666 ε.
2897 5614 3127 5666 omnium
3171 5614 3335 5669 lucre-

147 5686 242 5748 (92)
271 5688 438 5758 Praef.
464 5690 537 5743 ad
562 5686 793 5743 Patrum
820 5690 1227 5760 apostolicorum
1249 5689 1331 5745 ed.
1366 5701 1454 5755 ιιι,
1484 5688 1645 5755 1819,
1753 5688 1901 5760 sinu}.
1919 5683 2185 5760 refutatio:
2212 5683 2410 5760 Efml.
2439 5683 2757 5760 Parisiepﬁ
2774 5699 2923 5760 jnullc
2950 5686 3191 5754 primum
3219 5688 3287 5742 ed
3312 5715 3336 5729 -

94 5766 130 5812 Ρ.
156 5752 493 5819 xui-xxxviii.
854 5752 864 5760 ’
1440 5752 1449 5755 ’
1629 5752 1636 5755 ’
1753 5757 1833 5810 dit
1865 5754 2180 5809 Einmauuel
2210 5754 2404 5822 Miller,
2432 5752 2629 5809 Oxonii
2662 5753 2816 5810 1851.
