1873 3152
211 179 263 206 1307
534 177 537 181 ’
728 177 758 205 S.
777 177 956 206 IGNATIUS.
977 193 1006 199 —
1037 176 1304 205 PROLEGOMENA.
1805 175 1856 202 αξε

213 239 308 269 modo
325 247 401 270 vero
418 237 563 279 genuino
577 237 702 269 auctori
717 238 917 270 vindicatum
936 239 967 270 ".
992 238 1052 271 Hic
1072 238 1158 269 enim
1180 246 1245 268 non
1271 237 1376 268 solum
1396 236 1558 267 Valentini
1580 233 1733 274 dogmata
1750 243 1788 265 ex
1810 236 1856 265 Si-

214 289 376 319 monianis
391 292 499 320 exorta
514 288 650 320 affirmat
673 288 728 329 (lt),
744 289 801 320 sed
818 289 913 320 etiam
930 299 969 321 ex
993 289 1078 321 libro
1105 287 1257 325 Simonis,
1284 287 1337 319 cui
1356 296 1475 319 nomen
1491 287 1651 325 'Axsyam,
1665 286 1739 317 hoc
1761 287 1853 316 verba

210 339 325 379 allegat
336 339 378 380 (5)
396 351 404 371 :
434 343 487 371 Δύο
506 344 559 371 εἰσὶ
575 341 744 380 παραφυάδες
763 347 814 371 τῶν
828 342 892 370 ὅλων
908 344 1019 378 αἰώνων,
1038 345 1105 381 μήτε
1125 344 1214 381 ἀρχὴν
1231 345 1298 380 μήτι
1312 342 1394 379 πέρας
1407 340 1534 378 ἔχουσαι,
1547 340 1599 368 ἀπὸ
1620 343 1689 377 μιᾶς
1705 340 1792 376 ῥίζης,
1801 341 1856 367 εἴτε

211 393 270 419 ἐστὶ
284 390 405 429 δύναμις,
431 396 506 430 σιγὴ,
534 391 658 431 ἀόρατος,
680 393 880 424 ἀκατάληπτος.
901 391 950 421 ΡΟ]

1113 390 1181 421 {iam
1196 390 1315 420 librum
1328 389 1425 419 istum
1438 387 1578 419 Simonis
1596 396 1663 418 non
1682 395 1771 421 esse.
1782 386 1852 417 licet

211 439 369 478 ejusmodi
391 448 486 478 opera
504 439 565 479 ipsi
583 439 727 470 tribuant
743 439 957 479 Epiphanius,
981 440 1205 480 Hieronymus
1232 439 1290 480 (6),
1317 438 1494 478 Dionysius
1515 437 1714 477 Areopagita
1736 437 1800 478 ('1);
1819 446 1853 467 ex

209 488 279 527 ejus
291 493 397 520 tamen
415 493 510 526 secta,
525 499 597 529 quae
612 490 763 530 Origenis
777 490 882 521 adhuc
901 495 1055 530 tempore,
1079 490 1175 521 exilis
1195 490 1271 521 licet
1290 498 1438 526 numero,
1455 489 1560 520 adhuc
1571 489 1767 524 exsistebat,
1784 496 1853 527 pro-

164 533 171 541 ⁴
208 538 308 569 diisse
320 542 483 578 oporteret
500 542 594 579 atque
609 539 876 579 antiquissimum
897 548 980 576 esse,
1008 548 1080 572 cum
1095 540 1161 580 jam
1177 539 1347 579 Hippolyti
1371 544 1514 579 tempore
1532 540 1657 579 absque
1678 538 1785 570 dubio
1803 538 1852 568 Si-

184 622 188 626 ,
209 587 297 619 moui
316 588 524 620 tribueretur.
541 589 598 627 His
615 590 641 620 si
659 589 756 629 addas
773 589 870 629 Sigen
887 598 904 620 a
924 589 1161 621 Valentinianis
1187 589 1312 620 ἐννοιαν
1329 593 1361 619 et
1376 589 1511 619 Matrem
1534 588 1652 619 dictam
1670 587 1780 618 fuisse
1800 588 1851 626 (8),

207 639 329 669 ἐννοιαν
366 648 441 671 vero
469 645 566 680 alque
593 641 728 671 Matrem
763 640 887 671 Simoni
914 641 1014 672 tribui
1035 642 1074 672 ab
1107 642 1228 672 Irenaeo
1255 639 1296 680 (9)
1328 644 1358 671 et
1390 640 1571 680 Epiphanio
1592 640 1676 680 (10);
1708 639 1851 670 eamdem

211 695 355 730 Προὺεικον
369 700 385 722 a
401 691 595 731 quibusdam
620 691 782 723 Gnosticis
798 691 920 722 Nicolai
935 692 1105 732 discipulis
1128 696 1158 723 et
1181 700 1198 723 a
1219 690 1455 722 Valentinianis
1469 691 1584 722 dictam
1609 692 1691 731 (11),
1709 690 1851 721 eamdem

207 748 282 771 Vero
300 744 443 780 Προύνι-ων
468 743 507 773 ab
533 742 714 782 Epiphanio
741 742 865 774 Simoni
884 743 983 775 tribui
1010 743 1091 784 (12);
1111 743 1371 780 Barbeliotas,ex
1390 741 1585 774 Simonianis
1600 745 1710 775 ortos,
1735 741 1852 770 ἐγνοω

154 828 157 832 ,
204 791 340 823 Barbelo
358 801 487 824 vocasse
504 794 579 834 (13),
595 794 812 834 Epiphanium
831 803 907 826 vero
923 803 1075 834 expresse
1091 794 1248 825 afﬁrmare
1265 794 1399 825 Barbelo
1428 793 1520 824 istam
1546 794 1700 824 eamdem
1732 801 1803 823 esse
1820 801 1851 821 ac

205 843 347 874 Simonis
369 848 512 884 Προύνικον
529 857 536 876 :
554 845 631 882 haec,
646 844 791 884 inquam,
808 844 833 875 si
849 844 1008 882 conferas,
1027 844 1154 876 nullum
1177 844 1313 875 dubium
1333 852 1403 874 esse
1422 843 1538 882 poterit
1553 847 1584 874 et
1596 852 1667 873 rem
1687 846 1723 874 et
1739 850 1853 873 nomen

205 903 245 926 ex
261 895 392 927 Simone
404 900 510 928 ortum
528 896 675 934 traxisse,
694 896 758 926 nisi
775 896 882 927 omnia
898 895 1024 927 critices
1045 895 1204 936 principia
1219 895 1360 928 evellere
1380 894 1472 926 velis.

1011 974 1065 1004 IV.

543 1037 701 1069 Momenta
713 1038 874 1077 desumpta
888 1047 928 1068 ex
939 1038 1085 1069 doctrina
1098 1037 1134 1068 de
1149 1042 1306 1076 potestate
1324 1035 1506 1076 episcopali.

245 1099 357 1139 Neque
374 1100 492 1132 melius
510 1110 561 1132 res
580 1100 773 1132 adversariis
799 1101 954 1141 processit
976 1100 1009 1131 in
1027 1100 1128 1132 altero
1150 1108 1260 1140 scopo,
1282 1108 1378 1139 quem
1405 1098 1661 1138 promovendum
1694 1098 1762 1130 sibi
1786 1106 1854 1138 pro.

205 1150 358 1189 posuisse
373 1150 635 1190 interpolatorem
652 1156 833 1188 autumant,
848 1151 1040 1191 detegendo,
1058 1151 1274 1191 episcopalem
1292 1159 1409 1189 nempe
1432 1149 1654 1181 auctoritatem
1679 1158 1852 1181 commen-

202 1199 312 1231 dandi.
333 1201 435 1233 Multa
457 1200 538 1232 hanc
557 1202 591 1232 in
612 1211 680 1234 rem
698 1203 795 1234 verba
820 1201 967 1232 fecerunt
984 1202 1127 1238 Bunsen,
1144 1201 1285 1232 Cureton
1305 1204 1337 1231 et
1355 1200 1488 1236 Ritschl,
1506 1200 1587 1239 quin
1604 1208 1720 1230 veram
1742 1199 1852 1239 Syria-

203 1259 276 1281 cum
296 1250 380 1281 inter
395 1253 427 1282 et
452 1255 616 1291 receptum
642 1246 764 1284 textum
789 1251 1010 1284 diversitatem
1036 1251 1096 1282 hoc
1120 1251 1153 1283 in
1172 1252 1320 1291 dogmate
1346 1250 1457 1283 haberi
1483 1250 1707 1291 probaverim.
1732 1252 1852 1283 Tenus

203 1299 290 1331 enim
306 1300 456 1340 Syriacus
467 1304 498 1332 et
518 1301 587 1341 ipse
602 1301 830 1341 episcoporum
851 1301 1098 1341 praerogativam
1117 1306 1148 1333 et
1166 1306 1230 1333 tres
1246 1300 1438 1332 hierarchiaa
1458 1301 1575 1341 gradus
1593 1301 1763 1339 admittit,
1782 1311 1850 1334 cum

202 1350 372 1391 episcopos
388 1351 538 1383 exhibeat
555 1352 728 1392 lgnatium,
746 1352 957 1392 Polycarpum
972 1356 1003 1384 et
1026 1353 1220 1384 Onesimum
1237 1375 1245 1390 ,
1267 1361 1375 1393 neque
1399 1353 1660 1391 presbyterorum
1690 1353 1852 1384 diacontr

199 1410 319 1434 .rumve
355 1403 556 1435 mentionem
588 1404 736 1435 omiserit
767 1404 841 1444 (1h).
882 1403 969 1434 Nihil
999 1408 1110 1436 contra
1140 1405 1284 1444 episcopi
1312 1403 1504 1435 sententiam
1532 1403 1600 1435 ﬁeri
1631 1404 1711 1443 (15),
1745 1412 1853 1443 neque

202 1452 408 1485 matrimonia
433 1455 589 1492 contrahi,
615 1463 723 1495 neque
739 1455 959 1495 virginitatem
987 1456 1054 1487 Deo
1070 1456 1169 1487 dicari
1192 1455 1340 1486 concedit
1364 1455 1438 1496 (16).
1459 1455 1567 1494 Ipsius
1589 1462 1661 1485 esse
1679 1456 1853 1485 continuat

202 1503 359 1535 unitatem
382 1513 510 1536 servare
535 1506 609 1545 (17),
632 1504 811 1536 doctrinam
830 1513 940 1536 sanam
965 1505 1048 1536 tueri
1067 1504 1141 1544 (18),
1158 1504 1306 1536 collectas
1329 1512 1505 1535 convocare
1529 1503 1602 1544 (19),
1627 1503 1852 1543 omniumque

203 1563 313 1587 curam
338 1564 462 1595 gerere.
488 1558 633 1597 Eamque
658 1559 848 1596 potestatem
874 1565 911 1588 ex
939 1556 997 1587 Dei
1026 1557 1097 1595 lege
1121 1564 1272 1587 exercere
1301 1555 1451 1594 admittit,
1468 1564 1541 1587 nam
1558 1564 1674 1587 omnes
1703 1556 1853 1587 h0rtatur

203 1605 356 1646 episcopo
373 1606 534 1647 subjectos
550 1616 632 1646 esse,
652 1611 689 1639 ut
703 1610 735 1639 et
750 1609 838 1639 Deus
853 1606 935 1646 ipsis
954 1607 997 1637 sit
1013 1607 1175 1647 propitius
1191 1607 1265 1647 (20).

999 1685 1037 1715 V.

764 1749 924 1780 Momenta
938 1757 978 1779 ex
992 1747 1072 1788 styli
1085 1748 1279 1780 diversitate.

239 1812 474 1851 Argumentum
499 1821 539 1844 ex
561 1812 636 1853 styli
656 1813 865 1852 diversitate,
890 1814 930 1845 ab
952 1813 1194 1853 antiquioribus
1220 1813 1460 1853 lgnatianarum
1487 1812 1704 1853 epistolarum
1727 1813 1851 1844 adver-

198 1862 293 1892 sariis
305 1862 370 1902 jam
388 1862 549 1902 prolatum
569 1866 599 1894 et
616 1872 634 1894 a
648 1863 822 1894 Pearsonio
842 1863 1007 1894 uberrime
1036 1861 1209 1893 refutatum
1223 1884 1232 1899 ,
1256 1863 1379 1903 Syriaci
1404 1866 1510 1894 textus
1532 1861 1659 1902 patroni
1687 1870 1731 1893 eo
1757 1863 1852 1893 modo

199 1917 413 1950 recoxerunt,
443 1918 479 1945 ut
503 1915 619 1946 miram
643 1914 728 1946 inter
753 1915 934 1955 genuinum
957 1913 1118 1954 lgnatium
1143 1917 1174 1945 et
1196 1913 1460 1954 interpolatorem
1487 1913 1562 1953 styli
1592 1913 1850 1952 discrepantiam

196 1966 386 1996 statuerent.
396 1966 581 1997 Bunsenius
597 1967 630 1997 in
647 1966 714 1998 illis
731 1967 885 2006 partibus,
897 1975 978 2006 quas
995 1965 1204 2006 interpolatas
1220 1969 1343 2002 censet,
1362 1965 1496 2005 quasvis
1520 1963 1678 1995 oratorias
1700 1963 1849 2003 phrases,

198 2013 332 2046 nimiam
350 2016 522 2047 verborum
540 2017 787 2049 redundantiam
802 2040 811 2055 ,
829 2021 914 2048 πάθος
928 2016 1060 2055 falsum,
1077 2025 1171 2049 voces
1186 2018 1220 2048 in
1242 2018 1439 2048 immensum
1460 2016 1653 2056 compositas
1676 2016 1846 2047 cumulari

199 2064 425 2104 conqueritur.
455 2066 663 2105 Curetonius,
691 2069 726 2100 in
745 2068 898 2100 omnibus
924 2068 1134 2106 moderatior,
1164 2068 1196 2099 id
1222 2068 1335 2099 saltem
1362 2066 1539 2103 contendit,
1570 2065 1846 2105 interpolatorem

197 2116 358 2156 quaedam,
376 2125 450 2156 qute
473 2117 508 2148 in
536 2118 662 2158 lgnatio
679 2122 852 2159 repererat.
873 2123 935 2150 tam
954 2119 1165 2151 immoderate
1189 2127 1376 2158 usurpasse,
1396 2122 1432 2149 ut
1449 2126 1483 2149 se
1500 2117 1700 2148 imitatorem
1721 2117 1846 2156 prodat.

197 2167 319 2197 Verum
337 2170 369 2198 et
390 2167 442 2198 hic
463 2167 550 2200 idem
572 2169 666 2200 nobis
684 2169 773 2201 locus
792 2169 886 2200 tertia
911 2169 982 2200 vice
998 2168 1245 2208 responsionem
1274 2166 1510 2207 suppeditabit,
1537 2174 1602 2197 non
1627 2165 1740 2196 minus
1765 2167 1846 2205 apud

197 2218 316 2256 Syrum
335 2227 517 2256 occurrere,
541 2229 615 2260 qua;
639 2220 702 2260 ipsi
724 2220 759 2251 in
782 2229 832 2257 eo,
853 2228 951 2260 quem
974 2222 1175 2259 supponunt,
1192 2218 1424 2258 interpolatore
1440 2215 1684 2256 reprehendunt
1703 2226 1711 2245 :
1729 2216 1847 2256 praedi-

198 2273 343 2301 catorum
370 2280 487 2311 nempe
519 2279 702 2311 vocumque
732 2270 892 2302 similium
919 2270 1173 2302 cumulationem
1202 2269 1276 2310 (21),
1307 2267 1481 2309 particulas
1506 2267 1723 2298 immoderate
1756 2275 1847 2306 repe-

288 2364 319 2400 ι.
337 2373 374 2396 vt,
388 2373 411 2391 c.
427 2365 474 2398 20,
491 2373 517 2400 p.
533 2364 670 2398 176,177.
1082 2365 1139 2400 (ιιι)
1155 2364 1248 2400 Polyc.
1261 2364 1288 2392 6.

232 2398 270 2435 (5)
285 2399 314 2426 L.
327 2408 363 2427 VI.
381 2408 404 2426 c.
425 2400 469 2427 18.
492 2398 499 2400 ’
1081 2398 1137 2435 (15)
1152 2398 1218 2427 ibid.
1235 2401 1262 2426 4.

233 2434 271 2467 (6)
288 2435 321 2459 In
338 2434 434 2462 Mullh.
449 2443 525 2467 xxiv.
541 2436 568 2463 5.

521 2455 525 2467 .
541 2436 568 2463 5.
1081 2435 1138 2469 (16)
1154 2435 1221 2462 Ibid.
1235 2435 1260 2462 5.

231 2469 270 2504 (7)
288 2469 324 2495 De
338 2470 391 2496 div.
407 2478 490 2500 ιιοηι..
506 2478 530 2497 c.
546 2471 574 2498 6.
1080 2470 1138 2532 (17)
1153 2470 1219 2511 Ibid.
1235 2470 1260 2496 1.

231 2504 269 2532 (8)
286 2503 356 2531 Iron.
372 2506 389 2530 Ι.
407 2513 425 2532 l.
442 2513 467 2532 c.
486 2505 512 2532 1.
1080 2506 1126 2532 (18
1154 2505 1220 2532 Ibid.
1233 2505 1260 2532 5.

230 2504 269 2535 (8)
286 2503 356 2531 Iron.
372 2506 389 2530 Ι.
407 2513 425 2536 ι,
442 2513 467 2532 c.
486 2505 512 2532 1.

1080 2503 1137 2539 (18)
1154 2505 1220 2532 Ibid.
1233 2505 1259 2533 5.

231 2540 270 2573 (9)
285 2539 314 2566 L.
334 2549 353 2571 ι,
371 2548 395 2567 c.
410 2540 455 2567 εδ.

1080 2540 1137 2574 (19)
1151 2541 1220 2567 Ibid.
1234 2541 1260 2567 4.

231 2574 288 2611 (10)
304 2575 336 2611 tv.
353 2576 380 2602 ~2.
574 2610 578 2611 γ
622 2610 634 2611 η
1079 2575 1137 2611 (20)
1152 2576 1217 2611 ibid.
1235 2575 1261 2602 6.

231 2610 286 2642 (11)
306 2610 439 2645 Epiphan.
459 2610 524 2638 IllBr.
547 2610 593 2643 26,
613 2610 810 2646 (Inosticorum,
826 2620 854 2639 n.
869 2613 903 2645 5;
923 2612 970 2641 hci

1098 2611 1138 2644 21)
1152 2610 1243 2646 Polyc.
1256 2611 1288 2638 δε
1298 2611 1422 2645 ἀόρατον,
1431 2611 1725 2646 ἀψηλάφητοκρπαθῆ
1737 2611 1837 2646 ;Ροῐ)ἐ.

197 2644 406 2682 Νἰεοιαίζᾷνᾲηι,
424 2654 453 2674 n.
473 2646 500 2678 4,
521 2646 587 2673 hwr.
600 2647 645 2680 51,
663 2655 690 2674 n.
703 2648 730 2675 5.
803 2644 807 2646 Ἴ
896 2644 899 2645 ν

1099 2644 1270 2682 τυγκοπζᾶτε,
1280 2644 1442 2682 συνὰθλείτε,
1451 2644 1611 2682 άυντρέχετε
1619 2666 1628 2682 ,
1645 2644 1822 2682 συμτέἁσχεὲξ
1832 2666 1838 2676 ,

230 2655 406 2710 ᾗθὲαιέινὲηι,
424 2655 453 2674 n.
473 2655 500 2678 4,
521 2655 587 2673 πων.
600 2655 645 2680 οι,
663 2655 690 2674 n.
703 2655 730 2675 ἶ).

281 2684 287 2709 )
327 2701 334 2709 .
371 2701 378 2708 .

1098 2655 1270 2680 πυγκοπιατε,
1280 2655 1442 2677 συναυλειτε,
1451 2655 1516 2673 συντ
1535 2655 1611 2682 εχετε
1621 2666 1628 2676 ,
1645 2655 1837 2682 cup-nancta.

1100 2681 1243 2718 xotpchE,
1270 2681 1469 2718 συνεγείρεσθε.
1493 2655 1535 2709 (Σὲ
1560 2686 1587 2709 et
1616 2681 1698 2708 Rom.
1726 2683 1753 2709 in
1788 2687 1837 2712 ιιι..

230 2712 288 2750 (15)
305 2716 402 2751 Epiplt.
418 2716 484 2744 hwr.
501 2716 547 2749 ‘26,
564 2716 634 2744 lren.
650 2717 670 2745 l.
686 2725 706 2750 ι,
719 2725 743 2745 c.
762 2717 809 2745 29.
1046 2712 1116 2752 Eph.
1135 2712 1163 2743 in
1183 2717 1224 2743 tit.
1280 2719 1291 2725 ‘

227 2799 236 2808 ⁶
249 2800 399 2832 "antennas,
422 2802 485 2834 apud
504 2803 627 2828 Doctores
651 2803 846 2829 Ultrarlienanos
867 2806 973 2833 exorna,
997 2810 1053 2834 qua-
1065 2802 1287 2834 Pliilosaplmmeno
1299 2803 1434 2834 Hippolyto
1456 2800 1553 2828 tribui.
1570 2809 1618 2827 non
1635 2809 1769 2833 pessumas
1781 2803 1836 2831 quin

196 2834 383 2865 .:_t-.'.traeanms._
393 2834 497 2862 Quibus.
514 2837 539 2858 ut
550 2835 693 2859 doclissimo
706 2834 838 2865 professori
854 2834 1059 2865 \Virrobnrgensi
1072 2834 1277 2861 contradimnms,
1289 2835 1442 2864 argumenlis
1456 2834 1573 2862 nitamur,
1588 2840 1637 2857 non
1655 2837 1696 2865 est
1717 2834 1756 2857 hic
1771 2834 1836 2856 Imus

195 2861 337 2897 tlrclarare_._
347 2861 425 2897 Αςξενρι.
438 2864 516 2897 lector
527 2865 618 2888 thesim
627 2861 801 2897 quam'nuper
812 2866 836 2889 in
854 2866 942 2897 Srltola
956 2861 1095 2896 theologica
1111 2866 1246 2897 ljarisiensi
1259 2861 1364 2897 egregie
1385 2866 1520 2897 disputavit
1532 2861 1642 2890 Donatus
1653 2864 1731 2890 abbas
1739 2864 1833 2892 (him,

195 2897 250 2923 qua
261 2894 353 2925 sportis
363 2894 522 2926 Origenianis
536 2896 559 2920 in
573 2894 656 2921 nostra
669 2894 785 2928 Origenis
798 2895 910 2921 editione
923 2894 1091 2928 pmmittitur.
1113 2896 1181 2921 Eun.
1194 2896 1269 2921 Pnn.
