3746 6308
29 221 154 276 609
793 228 882 285 DE
915 222 1383 288 INTEGRITATE
1416 232 1697 292 TEXTUS
1735 232 2031 293 RECEPTI
2069 236 2221 293 EPP.
2262 235 2323 293 S.
2370 236 2651 295 IGNATII.
3218 240 3322 295 610

26 336 395 441 ῐξῑδείὲἓμ
413 344 728 410 vocabula
774 350 1024 428 prolixe
1057 354 1412 437 composita
1448 352 1597 440 (23),
1648 358 1949 438 periodos
1992 359 2359 441 complean
2409 368 2473 424 et
2506 360 2988 424 anacoluthicas
3030 360 3323 425 Paulinis

26 438 298 503 similes
337 436 488 522 (ΞΑ).

120 541 310 643 Hanc
329 544 483 624 styli
523 545 1021 625 discrepantiam
1060 551 1481 629 Curetonius,
1536 558 1892 636 praesertim
1942 558 2114 621 inter
2158 559 2351 621 ﬁnem
2390 561 2681 641 epistolas
2733 561 2811 624 ad
2857 564 3321 643 Polycarpum,

27 641 265 720 qualis
289 646 461 724 apud
494 662 613 707 nos
642 645 940 723 habetur,
973 657 1036 712 et
1066 652 1348 730 priorem
1386 653 1674 735 ejusdem
1709 656 1999 736 epistola;
2030 665 2297 737 partem,
2326 677 2518 739 quam
2561 668 2623 725 et
2657 663 2857 741 Syrus
2890 641 3181 735 retinuit,
3219 663 3325 725 iu'-

26 746 375 809 tercedere
424 747 671 827 objicit.
715 751 957 814 Verum
1005 756 1535 834 respondendum
1590 764 1688 821 est
1748 759 2036 821 eamdem
2104 760 2571 824 dissonantiam
2631 762 2802 824 inter
2855 764 3189 844 epistolam
3246 765 3325 825 ad

24 847 470 927 Polycarpum
524 849 850 935 Syriacam
882 854 1175 935 aliasque
1218 857 1525 937 epistolas
1558 876 1593 922 a
1633 861 1795 939 Syro
1842 869 2125 925 retentas
2187 881 2319 927 non
2374 864 2593 926 minus
2643 866 2981 930 interesse.
3030 869 3323 948 lgnatius

26 952 223 1013 enim
284 955 361 1016 ad
425 953 735 1035 collegam
792 957 1084 1022 scribens
1130 961 1451 1040 Epistolas
1500 963 1683 1026 Pauli
1739 966 1817 1028 ad
1870 965 2284 1030 Timotheum
2359 968 2712 1049 Titumque
2760 970 3087 1044 imitatur,
3156 972 3326 1033 sicut

24 1056 440 1135 ceteroquin
491 1059 651 1121 alias
697 1059 875 1120 Pauli
924 1061 1243 1140 Epistolas
1300 1061 1369 1125 in
1429 1064 1687 1127 dicendi
1736 1083 1975 1145 genere
2018 1068 2340 1147 sequitur.
2393 1072 2673 1149 Uterque
2727 1088 2900 1146 vero,
2963 1073 3201 1134 Paulus
3264 1078 3330 1134 et

22 1156 363 1235 lgnatius,
397 1176 507 1237 pro
542 1176 961 1239 personarum
999 1163 1245 1225 ratione
1299 1164 1557 1229 diverso
1606 1167 1773 1246 stylo
1802 1168 2031 1233 utitur.
2064 1172 2160 1232 Ad
2183 1169 2635 1250 coepisc0pum
2664 1188 2898 1252 nempe
2942 1172 3327 1253 sociumque

22 1256 432 1320 scribentem
464 1259 745 1339 simplici
776 1268 838 1323 et
881 1260 1183 1327 familiari
1214 1265 1471 1329 dicendi
1504 1284 1739 1347 genere
1772 1269 1868 1331 uti
1900 1278 2190 1350 oportet,
2236 1289 2364 1334 non
2397 1288 2549 1333 vero
2598 1270 2875 1335 solemni
2920 1272 3033 1335 illo
3073 1281 3133 1335 ct
3178 1291 3330 1336 con-

23 1359 428 1436 cionatorio,
460 1366 633 1443 quod
670 1367 859 1447 sequi
900 1369 1082 1431 decet
1142 1368 1327 1429 illum
1377 1367 1490 1449 qui
1528 1369 1787 1449 publice
1831 1372 2149 1435 Ecclesias
2195 1374 2381 1437 docet
2426 1381 2489 1437 et
2540 1374 2851 1437 hortatur.
2886 1375 3071 1449 Quod
3114 1382 3175 1438 et
3226 1376 3330 1438 hic

22 1472 261 1528 actum
296 1476 418 1539 est,
448 1485 592 1531 cum
618 1470 687 1531 in
718 1470 843 1533 ﬁne
872 1470 1163 1551 epistolas
1192 1470 1269 1532 ad
1300 1470 1723 1551 Polycarpum
1758 1491 2126 1537 sermonem
2158 1475 2235 1537 ad
2266 1477 2692 1555 Smyrnenses
2725 1476 3067 1538 convertit.

49 1638 55 1643 _
108 1570 349 1649 Neque
382 1569 446 1633 id
486 1575 1003 1650 prmtereundum
1037 1581 1156 1649 est,
1195 1582 1649 1653 argumentum
1685 1593 1762 1638 ex
1793 1577 1963 1656 stylo
1993 1577 2405 1657 desumptum
2443 1577 2664 1656 aliquo
2713 1594 2970 1657 semper
3000 1595 3143 1639 cum
3186 1593 3326 1639 mo-

20 1670 380 1734 deramine
424 1672 863 1735 adhibendum
907 1690 1085 1747 esse,
1128 1690 1273 1735 cum
1319 1690 1512 1735 nemo
1558 1674 1644 1736 sit
1688 1674 1803 1754 qui
1832 1675 2058 1737 eodem
2101 1681 2469 1737 constanter
2509 1675 2766 1738 dicendi
2811 1696 3048 1757 genere
3095 1694 3326 1739 sensus

21 1790 193 1836 suos
251 1774 493 1849 reddat,
538 1792 752 1855 neque
784 1794 900 1856 pro
946 1776 1359 1839 materiarum
1395 1776 1640 1839 ratione
1669 1785 1732 1840 et
1764 1776 1937 1839 varia
1968 1776 2169 1839 animi
2201 1777 2664 1858 dispositione,
2774 1777 3019 1839 varium
3136 1780 3323 1838 etiam

21 1872 372 1937 scribendi
421 1876 685 1939 modum
737 1885 1032 1955 usurpet.
1080 1878 1278 1939 Caute
1327 1876 1445 1937 hac
1492 1878 1560 1938 in
1615 1895 1682 1939 re
1749 1878 2156 1959 dijudicanda
2210 1880 2691 1958 procedendum
2749 1898 2884 1951 εει,
2940 1879 3009 1941 in
3062 1898 3189 1960 qua
3247 1884 3326 1945 de

19 1977 397 2041 subtilibus
446 1980 796 2044 admodum
846 1980 1234 2043 differentiis
1277 1981 1491 2059 agitur
1536 1989 1597 2043 et
1634 1981 1701 2043 in
1747 1998 1875 2061 qua
1923 1982 2196 2061 proinde
2236 1981 2631 2062 prtejudiciis
2677 1981 3030 2045 latissimus
3061 2001 3325 2065 campus

22 2085 237 2159 patet.

1626 2182 1737 2245 VI.

928 2316 1247 2377 Momenta
1282 2312 1605 2389 desumpta
1642 2330 1720 2372 ea:
1758 2314 2209 2375 sententiarum
2241 2331 2438 2376 nexu.

100 2436 380 2500 Nemini
410 2437 661 2525 cordata
693 2435 931 2499 mirum
964 2435 1314 2509 videbitur,
1351 2434 1563 2496 virum
1612 2433 2179 2511 persecutionibus
2227 2450 2557 2513 pressum,
2606 2432 3038 2495 Ecclesiarum
3085 2432 3330 2496 sollici-

23 2538 265 2602 tudine
292 2539 622 2619 jactatum,
652 2555 687 2602 a
716 2538 1128 2613 satellitibus,
1153 2536 1437 2601 ferarum
1478 2550 1653 2597 more
1695 2535 2156 2611 saavientibus,
2191 2545 2515 2610 vexatum,
2564 2535 2735 2599 inter
2780 2536 3037 2599 itineris
3085 2536 3333 2617 longis-

23 2636 182 2699 simi
217 2636 652 2717 diuturnique
709 2646 876 2699 terra
934 2635 1231 2717 marique
1270 2635 1510 2715 peracti
1568 2636 1821 2709 turbas,
1887 2636 2107 2698 animo
2138 2636 2602 2699 diversissimis
2642 2637 2945 2700 sensibus
2977 2637 3129 2699 hinc
3169 2638 3321 2700 inde

22 2742 342 2804 distracto
384 2743 797 2817 scribentem,
838 2759 965 2804 non
1013 2757 1160 2804 eum
1194 2740 1661 2804 sententiarum
1709 2754 1949 2801 nexum
1989 2756 2203 2819 neque
2248 2750 2540 2819 pacatum
2581 2740 2770 2803 illum
2827 2740 3330 2823 ordinatumque

21 2858 407 2905 sermonem
442 2844 815 2922 producere,
855 2860 986 2923 quo
1018 2840 1135 2903 ille
1178 2841 1271 2904 uti
1310 2840 1477 2902 valet
1518 2839 1633 2920 qui
1676 2839 1852 2900 domi
1890 2840 2155 2920 quietus
2186 2857 2419 2902 sensus
2462 2857 2617 2902 suos
2662 2839 2972 2919 disponit.
3023 2842 3161 2904 lmo
3218 2844 3324 2907 tali

22 2934 88 3004 in
122 2960 286 3006 casu
324 2950 644 3023 excerpta,
682 2961 829 3024 qua;
853 2942 1208 3022 praecipuas
1251 2949 1497 3003 tantum
1546 2940 1899 3001 sententias
1930 2940 2257 3014 delibant,
2290 2941 2622 3003 meliorem
2663 2958 2902 3003 nexum
2938 2951 2997 3004 et
3042 2941 3324 3022 lagicum

23 3046 236 3126 magis
299 3046 597 3109 ordinem
653 3047 960 3110 exhibere
1008 3053 1286 3125 Oportet,
1346 3062 1538 3125 quam
1596 3045 2094 3125 autographum.
2152 3045 2252 3108 Nil
2302 3045 2573 3125 proinde
2613 3052 2709 3108 est
2761 3046 2933 3125 quod
2986 3046 3326 3109 insolitum

19 3156 222 3227 atque
260 3148 687 3229 peregrinum
737 3148 925 3210 nobis
976 3144 1182 3209 videri
1223 3152 1537 3227 Oporteat,
1576 3144 1633 3207 si
1664 3146 1726 3207 S.
1762 3143 2317 3225 lgnatiiepistolaa
2370 3145 2527 3206 tales
2568 3144 2756 3206 nobis
2786 3138 3321 3219 occurrant,’imo

22 3249 541 3311 circumstantiis
592 3257 1100 3312 consentaneum
1161 3248 1454 3329 adeoque
1509 3248 1710 3310 fidum
1773 3246 1977 3326 magis
2040 3254 2233 3327 atque
2284 3263 2434 3309 vero
2487 3246 2773 3309 similius
2824 3264 2966 3309 esse
3031 3247 3314 3309 videtur.

26 3348 250 3412 Nihilo
316 3356 532 3412 tamen
587 3350 803 3413 secius
850 3366 979 3411 non
1034 3357 1131 3414 est
1174 3368 1290 3413 cur
1352 3352 1429 3413 ad
1478 3351 1615 3413 hch
1658 3366 2107 3428 recurremus,
2138 3366 2283 3411 cum
2329 3348 2682 3411 adversarii
2739 3348 2928 3411 nobis
2976 3349 3323 3428 objiciunt,

20 3458 330 3512 nostrum
376 3457 622 3512 textum
676 3450 745 3512 in
793 3451 1269 3513 sententiarum.
1300 3450 1470 3513 serie
1512 3459 1635 3513 tam
1681 3452 2028 3529 abruptum
2084 3468 2258 3526 esse,
2306 3448 2629 3529 siquidem
2663 3457 2735 3539 et
2789 3453 2928 3529 ipse
2962 3459 3175 3512 textus
3208 3452 3328 3529 Sy-

24 3555 262 3629 riscus,
313 3552 553 3615 fatente
612 3554 968 3628 Bunsenio,
1022 3556 1371 3616 obscurum
1415 3564 1609 3634 atque
1658 3556 2004 3634 abruptum
2057 3570 2188 3616 non
2233 3553 2451 3614 minus
2502 3570 2573 3615 se
2619 3555 2921 3633 prasbeat.
2981 3556 3071 3616 Ne
3122 3553 3327 3633 igitur

22 3656 372 3718 videamur
406 3671 620 3734 pugna
652 3657 914 3729 cedere,
948 3657 1025 3717 ad
1067 3656 1241 3735 quod
1274 3671 1427 3718 sane
1460 3656 1639 3718 nulla
1671 3672 1791 3717 nos
1825 3656 2147 3719 rationum
2185 3654 2544 3731 indigentia
2588 3656 2915 3735 adigimur
2940 3700 2957 3729 ,
2996 3656 3131 3717 loca
3168 3673 3323 3734 per-

22 3776 371 3822 curramus
401 3758 703 3833 breviter,
738 3759 804 3821 in
833 3760 1075 3839 quibus
1112 3767 1327 3822 textus
1357 3776 1393 3821 a
1433 3776 1503 3823 se
1529 3759 1809 3822 invicem
1838 3760 2227 3839 discrepant.

94 3860 397 3941 Epistula
436 3861 512 3922 ad
554 3860 974 3940 Polycarpum
1030 3876 1101 3923 ea
1152 3870 1269 3934 est,
1314 3860 1383 3922 in
1428 3879 1556 3941 qua
1606 3864 1810 3941 Syrus
1859 3862 2244 3941 paucissima
2288 3861 2549 3923 excidit.
2594 3862 2666 3922 In
2703 3861 2829 3923 ﬁne
2888 3858 3323 3921 nihilominus

23 3961 352 4024 nonnulla
388 3962 691 4035 abstulit,
734 3979 879 4041 qua?
924 3962 1131 4025 recisa
1183 3970 1616 4024 truncatorem
1660 3965 1964 4044 produnt.
2011 3964 2179 4036 Quid
2236 3964 2409 4024 enim
2465 3963 2811 4040 abruptum
2861 3960 3065 4039 magis
3124 3979 3325 4039 quam

22 4062 137 4124 tria
174 4064 297 4125 illa
334 4072 643 4126 commata
677 4064 920 4143 quibus
951 4062 1287 4143 epistolam
1321 4062 1651 4126 concludit
1682 4088 1696 4126 :
1735 4066 1870 4142 Ego
1904 4062 2207 4141 gaudeam
2254 4062 2321 4122 in
2358 4060 2535 4121 vobis
2581 4062 2753 4120 omni
2793 4070 3094 4138 tempore.
3129 4060 3318 4123 Chri—

21 4164 228 4225 stiano
257 4181 396 4223 non
439 4174 525 4224 est
555 4174 839 4242 potestas
862 4180 1055 4241 super
1087 4163 1321 4240 seipse,
1342 4163 1451 4224 sed
1494 4163 1625 4224 Deo
1640 4174 1940 4242 paratus,
1971 4172 2047 4222 ut»
2072 4161 2477 4240 subjiciatur.
2521 4160 2696 4238 Rogo
2718 4177 2945 4237 pacem
2966 4159 3177 4233 illius,
3211 4160 3325 4241 qui

24 4268 459 4347 digni/iectus,
504 4279 576 4329 ut
630 4278 725 4329 eat
768 4268 852 4328 ad
891 4266 1292 4327 Antiochiam
1324 4283 1449 4343 pro
1484 4284 1609 4336 me,
1649 4268 1817 4327 sicut
1852 4264 2124 4346 praecepi
2170 4261 2333 4323 tibi?
2376 4261 2699 4333 Quidnam
2750 4261 2857 4321 hic
2904 4261 3033 4324 sibi
3094 4264 3322 4325 volunt

22 4371 211 4431 verba
248 4368 368 4429 illa
401 4390 415 4429 :
448 4376 763 4433 Χριστιανὸς
797 4376 988 4429 ἑαυτοῦ
1018 4374 1264 4440 ἐξουσίαν
1298 4373 1392 4427 οὐκ
1426 4370 1495 4446 ἴχ

1841 4380 1903 4443 re}:
1938 4367 2246 4444 σχολάζειῖ
2281 4362 2385 4421 All.
2420 4365 2684 4424 Bunsen
2720 4362 2798 4423 ad
2829 4363 3152 4441 lgnatium
3186 4362 3320 4426 lltBC

23 4468 366 4532 referenda
388 4468 658 4549 ejusque
682 4469 757 4530 ad
796 4469 1163 4548 patiendum
1207 4470 1684 4547 paratissimum
1716 4458 2005 4528 animum
2052 4467 2443 4545 exprimere.
2473 4463 2635 4537 Quis
2670 4480 2822 4525 vero
2862 4463 2982 4545 hoc
3030 4471 3320 4543 σχολάζειν

22 4570 205 4645 dicet,
244 4572 426 4651 quod
453 4590 679 4631 vacare
710 4578 915 4642 sonat,
964 4570 1313 4648 prtesertim
1358 4586 1500 4631 cum
1536 4570 1688 4631 hinc
1718 4568 1871 4631 inde
1903 4586 1938 4630 a
1970 4567 2313 4637 militibus,
2350 4583 2514 4645 quos
2558 4565 2881 4643 leopardis
2922 4567 3315 4647 aequiperat,

16 4671 292 4747 jactatus
339 4673 416 4734 ad
454 4673 689 4735 bestias
738 4671 1125 4733 deducitur?
1157 4672 1293 4732 Hoc
1322 4670 1522 4732 sensit
1565 4676 1627 4731 et
1666 4671 1805 4748 ipse
1856 4667 2501 4747 Syrus,proindeque
2564 4668 2758 4728 verba
2811 4666 2921 4728 illa
2973 4669 3206 4747 adjecit
3237 4669 3316 4732 de

24 4788 159 4849 suo,
194 4784 273 4835 ut
311 4776 718 4856 subjiciatur,
754 4778 994 4843 σχολάζει
1038 4790 1149 4852 per
1183 4788 1396 4833 vocem
1429 4782 1698 4849 paratus
1742 4773 2038 4832 reddens.
2072 4772 2153 4829 At
2191 4784 2383 4829 nemo
2426 4785 2553 4830 non
2596 4769 2772 4833 videt
2800 4769 3039 4830 melius
3075 4771 3208 4836 htBC
3247 4771 3315 4835 in

26 4888 242 4941 nostro
306 4885 483 4940 textu
539 4876 809 4949 haberi,
873 4877 937 4936 in
987 4890 1119 4954 quo
1170 4874 1304 4935 haac
1360 4875 1438 4935 de
1516 4871 1897 4935 Christianis
1964 4868 2283 4931 sententia
2358 4870 2869 4948 Smyrnensibus
2930 4873 3311 4951 applicatur,

28 4986 263 5064 quibus
312 4981 601 5062 Iguatius
633 4981 1065 5048 mandaverat,
1101 4984 1170 5038 ut
1222 4975 1523 5036 nuntium
1583 4973 1935 5059 quemdam]
1979 4968 2388 5031 Antiochiam
2450 4969 2804 5044 mitterent,
2855 4971 2969 5051 qui
3013 4971 3315 5037 Ecclesia

28 5090 115 5150 illi
154 5090 235 5152 de
274 5086 488 5164 SOpila
522 5081 971 5163 persecutione
1005 5078 1582 5156 congratularetur.
1619 5076 1753 5135 Hoc
1783 5090 1948 5151 opus
1994 5070 2320 5132 charitatis
2347 5072 2422 5132 ad
2458 5072 2571 5132 Dei
2606 5072 2876 5151 gloriam
2912 5066 3048 5133 fore
3089 5076 3198 5147 ait,
3233 5077 3309 5136 ad

27 5192 177 5254 hanc
211 5207 369 5253 vero
408 5185 907 5267 promovendam
941 5182 1176 5261 quovis
1219 5180 1407 5240 modo
1456 5177 1848 5239 tendendum
1884 5172 2293 5247 Christianis,
2342 5174 2517 5251 quod
2556 5190 2686 5236 non
2717 5174 2843 5236 sibi
2893 5173 3152 5247 vivant,
3196 5178 3309 5238 sed

25 5294 135 5355 sibi
170 5293 460 5375 quodam
486 5288 677 5351 modo
703 5294 1017 5361 vacantes,
1060 5300 1177 5365 pro
1204 5286 1336 5344 Deo
1364 5280 1583 5344 omnia
1609 5288 1986 5359 operentur.

86 5490 196 5555 (22)
233 5491 397 5545 “om.
444 5503 464 5543 ι
509 5488 560 5543 in
610 5504 705 5544 sex
755 5452 1157 5556 lineisquater
1192 5486 1302 5558 γάρ
1335 5484 1603 5558 occurrit;
1738 5553 1748 5558 _
1784 5479 2009 5551 (25)Cf.
2039 5479 2283 5558 Peargqn
2322 5476 2480 5558 Vind“.
2520 5477 2689 5558 ign.,_
2718 5493 2954 5558 p._1,-c.
3010 5476 3097 5531 14.
3142 5476 3303 5558 Ιξριςι.

26 5546 380 5628 δγὲυέῆυηι.
412 5562 465 5615 ι.
602 5561 658 5613 in
710 5569 918 5628 septem
962 5546 1123 5613 lineis
1167 5546 1499 5628 «juiitquics,

1845 5546 1905 5628 et
1926 5569 1986 5628 tt.
2030 5551 2055 5603 1
2088 5569 2101 5605 z
2135 5550 2406 5628 ᾴξιόθεοςς
2440 5546 2625 5620 Poljc.
2660 5551 2694 5604 '5
2724 5546 2740 5605 ὲ
2769 5548 3118 5615 ἀξιόπιστος;
3163 5546 3301 5619 Eph.

27 5620 195 5699 l’clyc.
230 5633 265 5686 5
297 5632 350 5685 in
384 5640 512 5687 octo
540 5632 697 5686 lineis
726 5620 916 5701 quater
946 5629 1003 5684 δέ
1032 5620 1235 5699 posuit,
1277 5620 1337 5682 ut
1376 5620 1487 5682 alia

27 5715 251 5760 “HUIUS.

885 5645 916 5683 ξι·
946 5629 1003 5684 δέ
1032 5620 1235 5699 posuit,
1277 5620 1337 5682 ut
1376 5620 1487 5682 alia
1520 5634 1603 5681 ιιι-
1715 5625 1798 5679 tit.
1834 5642 1847 5677 :
1882 5620 2364 5694 ἀξιομακάριστος.

1788 5695 1900 5765 (24)
1928 5692 2065 5764 Eph.
2108 5694 2159 5747 1.
