3746 6300
433 231 535 288 ιιι
1468 238 1528 293 8.
1566 235 1914 294 IGNA'HUS.
1953 265 2022 277 -—
2082 235 2619 293 PROLEGOMENA.
2682 255 2688 260 ·
3616 246 3707 301 612

513 359 868 441 Epistolam
903 360 981 423 ad
1012 358 1333 439 Ephesios
1367 359 1850 440 quammaxime
1887 357 2247 438 amputavit
2280 359 2505 438 Syrus,
2538 357 2709 439 quod
2744 358 2819 421 ad
2849 376 3042 423 suum
3076 361 3272 423 tinem
3312 361 3621 441 pauciora
3650 364 3704 425 iu

425 480 501 525 ea
546 463 882 543 reperiret.
914 463 1057 535 Quo
1087 462 1325 524 factum
1379 469 1501 533 est,
1553 466 1625 522 ut
1673 466 1735 521 et
1777 457 2057 538 plu-rima
2100 459 2261 533 sint,
2312 476 2459 538 quas
2505 476 2679 522 nexu
2730 459 2999 523 omnino
3044 471 3325 525 careant.
3375 464 3702 543 Ejusmodi

426 574 590 627 sunt
622 566 814 628 verba
850 564 956 627 illa
987 564 1109 644 (25)
1144 587 1159 625 :
1200 565 1308 626 sed
1330 574 1598 642 propter
1635 562 1804 642 quod
1835 563 2109 623 Charitas
2150 580 2280 622 non
2306 563 2456 624 sivit
2492 581 2605 635 me,
2657 571 2729 623 ut
2758 562 3004 624 silerem
3034 585 3075 624 a
3099 565 3303 640 vobis,
3337 584 3498 629 cum
3535 578 3703 631 antea

427 668 615 730 nulla
654 668 811 731 ratio
841 668 1006 730 dicta
1039 666 1268 741 fuerit,
1310 685 1426 729 cur
1474 666 1683 728 silere
1712 665 1997 727 deberet.
2038 667 2205 726 Laus
2235 664 2498 745 quidem
2529 710 2546 739 ,
2597 683 2789 745 quam
2846 674 3033 729 antea
3080 667 3389 747 Ephesiis
3438 688 3524 731 ex
3564 672 3705 747 Syro

433 768 723 848 Ignatius
772 769 1083 850 impertit,
1116 769 1357 850 opponi
1393 777 1607 849 posset
1638 769 1938 845 monitis,
1970 786 2115 848 qua:
2160 775 2380 847 postea
2435 776 2826 847 sequuntur,
2864 770 2978 832 sed
3029 770 3109 834 de
3158 772 3283 835 hoc
3338 776 3547 836 modo
3590 795 3700 839 non

431 871 666 950 agitur,
701 873 813 935 sed
840 876 918 937 de
956 890 1033 937 eo
1066 873 1237 953 quod
1282 871 1536 934 silentio
1569 872 1808 952 opponi
1839 873 2122 935 deberet.
2171 870 2464 950 ldipsum
2500 878 2716 934 autem
2748 872 2817 934 in
2865 878 3045 934 textu
3096 883 3363 953 recepto
3405 878 3699 956 praeclare

431 971 726 1047 habetur,
759 975 828 1036 in
852 991 983 1055 quo
1010 973 1295 1054 Ignatius
1326 973 1576 1035 dixerat
1607 990 1675 1034 se
1726 973 1915 1034 modo
1965 971 2252 1051 incipere
2279 972 2348 1032 in
2378 972 2596 1034 schola
2625 972 2859 1035 Christi
2896 1018 2912 1048 ,
2960 980 3151 1054 atque
3182 993 3385 1057 egere.
3420 988 3498 1040 ut
3529 981 3607 1041 ab
3632 981 3701 1043 iis

427 1074 504 1136 ad
536 1075 721 1137 fidem
752 1083 814 1136 et
838 1075 1212 1154 patientiam
1244 1074 1580 1136 excitetur.
1613 1073 1900 1144 Bunsen,
1941 1078 2012 1134 ut
2044 1072 2208 1133 hanc
2237 1070 2673 1136 difﬁcultatem
2714 1072 3039 1151 evaderet,
3075 1091 3302 1138 vocem
3338 1085 3487 1140 ἀλὶά
3534 1070 3703 1143 vertit

427 1173 496 1236 in
530 1176 690 1243 ideo.
722 1175 897 1254 quod
929 1192 1057 1238 non
1095 1183 1192 1237 est
1216 1172 1555 1253 etfugium,
1588 1171 1700 1233 sed
1739 1169 2085 1233 confessio.

504 1279 655 1340 Post
705 1277 838 1339 haec
884 1278 1084 1356 Syrus
1141 1274 1575 1355 paragraphos
1631 1270 1764 1334 fere
1836 1270 2129 1350 quinque
2192 1268 2585 1344 transilivit;
2633 1286 2885 1333 comma
2941 1274 3313 1352 proximum
3373 1296 3547 1342 vero
3594 1283 3696 1359 (26]

426 1381 776 1445 variantem
810 1382 1150 1444 lectionem
1181 1380 1486 1453 continet,
1519 1394 1718 1458 quam
1752 1378 2033 1439 Cureton
2065 1375 2191 1454 (27)
2232 1374 2533 1436 consulto
2574 1376 2652 1437 ab
2700 1374 3163 1455 interpolatore
3218 1378 3576 1445 inductam
3606 1386 3694 1455 ait,

425 1488 499 1542 ut
553 1499 792 1545 nexum
842 1482 1183 1560 quemdam
1229 1482 1397 1542 inter
1450 1479 1662 1542 addita
1705 1486 1767 1541 et
1812 1476 2149 1557 sequentia
2198 1476 2590 1539 restitueret.
2648 1477 2970 1541 Nimirum
3027 1480 3139 1543 ubi
3184 1483 3399 1560 Syrus
3459 1493 3698 1565 ἐπιθυμία

424 1578 601 1662 legit,
636 1592 855 1647 noster
880 1601 1098 1646 vocem
1132 1588 1240 1665 ἔρις
1267 1584 1478 1645 habet.
1512 1582 1633 1644 Sed
1670 1597 1814 1642 cum
1855 1586 1917 1641 et
1960 1578 2071 1639 ille
2110 1578 2370 1639 Gl'tBCUS
2409 1578 2696 1652 uberior,
2743 1596 2936 1658 quem
2977 1598 3226 1657 omnes,
3264 1592 3330 1645 et
3369 1602 3546 1659 nos,
3602 1604 3696 1665 pro

423 1683 808 1762 interpolato
863 1683 1194 1756 habemus,
1246 1690 1496 1762 ἐπιθυμία
1545 1681 1735 1759 legat,
1786 1686 1847 1741 et
1888 1678 2026 1757 ipse
2067 1677 2489 1757 interpolator
2533 1685 3144 1761 tex-tum'reeeptum
3176 1683 3321 1746 suis
3380 1685 3698 1766 ﬁgmentis

423 1782 861 1862 supposuerit,
923 1790 1093 1862 patet
1139 1782 1474 1844 lectionem
1526 1780 1787 1841 alteram
1838 1794 1968 1839 non
2018 1778 2314 1839 consulto
2360 1776 2429 1838 in
2479 1784 2722 1839 textum
2772 1781 3151 1858 repositam,
3183 1785 3301 1846 sed
3340 1804 3515 1851 casu
3554 1790 3695 1853 irre-

423 1884 656 1963 psisse,
697 1894 758 1947 et
790 1886 1050 1947 nonnisi
1082 1884 1399 1965 ejusmodi
1433 1883 1783 1945 variantem
1816 1898 1956 1944 esse
1984 1924 2001 1955 ,
2044 1880 2269 1960 quales
2322 1880 2391 1942 in
2438 1882 2745 1945 omnibus
2788 1885 3075 1948 textibus
3131 1891 3422 1969 reperiri
3478 1896 3691 1958 solent.

499 1990 575 2050 ln
605 1989 1032 2070 sequentibus
1061 1988 1184 2069 (28)
1222 1986 1512 2068 lgnatius
1554 1986 1870 2064 Ephesios
1919 1982 2239 2058 hortatur,
2272 1993 2342 2046 ut
2383 1992 2569 2048 orent
2610 2003 2727 2065 pro
2772 1987 2921 2051 aliis
2954 1989 3362 2071 hominibus,
3421 2001 3547 2078 qui
3588 2018 3693 2062 non

422 2102 575 2158 sunt
605 2103 677 2159 ut
706 2096 833 2176 ipsi
865 2097 981 2159 Dei
1016 2094 1273 2175 templa.
1311 2093 1428 2155 Hic
1458 2096 1681 2172 Syrus,
1712 2091 1826 2172 qui
1856 2089 2300 2153 antecedentia
2332 2090 2665 2167 omiserat,
2700 2108 2921 2155 vocem
2950 2094 3125 2157 illam
3182 2100 3358 2159 ἄλλων
3394 2102 3475 2165 in
3510 2116 3700 2169 πάντων

421 2199 831 2276 permutavit,
874 2217 954 2260 ne
986 2206 1109 2261 tam
1147 2201 1417 2278 abrupta
1471 2205 1642 2260 esset
1690 2196 1920 2270 oratio,
1979 2212 2124 2258 cum
2181 2202 2367 2259 antea
2410 2198 2714 2260 abessent
2762 2198 2885 2272 illi,
2940 2202 3181 2280 quibus
3228 2203 3357 2267 alii
3423 2224 3697 2289 Oppone-

420 2308 667 2363 rentur.
702 2300 949 2363 Exinde
979 2307 1195 2363 autem
1228 2300 1443 2360 minus
1476 2299 1886 2361 commodum
1921 2296 2228 2376 quiddam
2264 2297 2575 2373 emersit;
2604 2315 2753 2361 nam
2785 2315 2941 2364 sane
2970 2319 3099 2366 non
3127 2321 3361 2369 omnes
3406 2310 3693 2374 homines

420 2406 575 2462 sunt
602 2400 944 2479 ejusmodi.
982 2408 1049 2461 ut
1083 2398 1507 2461 conversione
1536 2397 1618 2459 ad
1654 2395 2081 2460 Christianam
2117 2395 2499 2477 religionem
2532 2409 2786 2479 egeant,
2830 2401 3153 2483 siquidem
3190 2406 3542 2486 ejusmodi
3585 2413 3691 2493 ipsi

419 2501 769 2563 Christiani
809 2518 938 2563 non
972 2507 1146 2563 sunt.

499 2601 726 2664 Simile
755 2601 1061 2681 quiddam
1096 2609 1237 2682 post
1257 2600 1486 2662 accidit
1513 2598 1662 2678 (29),
1695 2598 1804 2662 ubi
1844 2600 2045 2677 Syrus
2073 2598 2206 2661 duo
2248 2606 2561 2662 commata
2590 2602 2931 2682 conjunxit
2985 2627 3002 2666 :
3057 2606 3294 2669 Melius
3332 2624 3431 2675 est
3466 2615 3607 2689 hac,
3632 2630 3689 2675 ut

417 2705 501 2765 sit
530 2705 722 2766 silens
752 2707 954 2778 homo,
990 2725 1128 2767 cum
1162 2716 1250 2766 est
1276 2705 1540 2785 aliquid,
1576 2724 1758 2784 quam
1788 2715 1858 2765 ut
1888 2704 1971 2763 sit
1998 2702 2279 2783 loquens,
2320 2722 2459 2764 eum
2501 2723 2631 2764 non
2664 2716 2774 2779 est,
2834 2718 2904 2769 ut
2946 2708 3013 2768 in
3052 2728 3240 2772 manu
3268 2712 3551 2776 illorum
3580 2737 3689 2797 qua

419 2809 707 2891 loquitur
737 2820 1054 2890 operetur,
1105 2820 1159 2871 et
1208 2828 1324 2888 per
1379 2808 1495 2870 illa
1532 2826 1667 2887 qua:
1700 2807 1866 2881 silet,
1908 2817 2349 2885 cognoscatur.
2383 2809 2534 2871 Huic
2564 2810 2634 2871 iu
2668 2816 2845 2873 textu
2876 2812 3102 2893 utique
3130 2816 3409 2895 Syriaco
3466 2821 3691 2901 Optime

418 2915 795 2996 procedunt,
843 2915 997 2995 quia
1045 2916 1245 2995 Syrus
1296 2912 1540 2975 addidit
1569 2913 1774 2985 homo,
1813 2910 1933 2972 hoc
1978 2916 2075 2973 est
2100 2918 2205 2985 rit‘;
2234 2911 2369 2985 sed,
2413 2911 2467 2973 si
2516 2911 2734 2977 Graaca
2764 2914 2841 2975 ad
2872 2915 3115 2994 Syriaci
3152 2924 3375 2981 textus
3408 2938 3688 2985 normam

415 3033 786 3096 componas,
819 3016 1086 3081 habebis
1119 3008 1627 3098 propositionem
1666 3016 1736 3078 in
1765 3016 2091 3079 infinitive
2113 3018 2358 3096 absque
2393 3016 2680 3094 subjecto
2702 3064 2719 3095 ,
2752 3020 3444 3101 arctissimejunctain
3497 3027 3690 3097 alteri,

413 3137 562 3199 quas
589 3120 950 3201 subjectum
985 3120 1291 3201 supponit
1323 3145 1339 3183 :
1374 3121 1621 3201 Ἀμεινόν
1647 3127 1791 3181 ἔστιν
1818 3148 1892 3181 σω

2211 3121 2311 3181 irati
2351 3124 2381 3184 ἦ
2406 3125 2662 3183 λαλθῦντα
2691 3130 2762 3199 μὴ
2818 3124 2971 3193 εἶναι,
3000 3122 3064 3183 ἶν’
3089 3128 3121 3183 ἃ
3151 3130 3304 3187 λαλεῖ
3328 3133 3594 3206 πράσα-ῃ,
3613 3141 3690 3189 καί

418 3221 487 3281 δι’
515 3223 585 3283 ὧν
616 3236 739 3305 σιγῇ
770 3230 1115 3303 γινώσκηται.
1150 3225 1243 3285 lta
1273 3231 1335 3285 et
1370 3222 1509 3303 ipse
1564 3224 1825 3285 Bunsett
1860 3230 1897 3285 lt

2207 3239 2436 3284 ramum
2468 3240 2504 3285 e
2539 3222 2798 3302 Syriaco
2832 3225 3136 3287 restituit.
3172 3226 3364 3299 Quod
3406 3242 3486 3291 ut
3517 3247 3686 3292 excu-

412 3330 584 3387 saret
608 3369 625 3401 ,
659 3325 873 3389 locum
905 3325 1178 3390 alterum
1211 3326 1443 3407 allegat
1476 3345 1555 3389 ex
1593 3325 1861 3407 epistola
1899 3327 1977 3389 ad
2030 3328 2351 3388 Romanos
2404 3326 2552 3405 (30),
2590 3325 2704 3388 ubi
2744 3327 2967 3388 eadem
3002 3329 3416 3392 constructio
3478 3333 3685 3394 minus

412 3426 727 3504 regularis
777 3428 1088 3492 habeatur
1121 3452 1136 3491 :
1188 3436 1357 3491 Καλὸν
1388 3437 1447 3490 τὸ
1491 3432 1646 3493 δῦναι
1680 3436 1781 3490 ἀπὸ
1814 3432 1891 3491 κός

2258 3434 2416 3503 Θεὸν,
2466 3436 2551 3489 ἵνα
2596 3437 2673 3490 εἰς
2715 3435 2877 3493 αὐτὸν
2913 3436 3185 3491 ianuam.
3233 3433 3359 3495 Sed
3421 3452 3561 3497 non
3610 3442 3690 3495 est

410 3528 758 3610 utriusque
800 3530 925 3593 loci
948 3532 1169 3594 eadem
1198 3532 1381 3608 ratio,
1416 3551 1560 3595 cum
1600 3533 1668 3594 in
1718 3533 1839 3596 hoc
1884 3538 2133 3594 certum
2172 3533 2256 3594 sit
2316 3530 2401 3593 ita
2449 3530 2787 3611 scripsisse
2818 3532 3141 3612 [gnatium
3173 3576 3191 3606 ,
3234 3532 3303 3593 in
3336 3533 3473 3597 illo
3522 3553 3687 3605 vero,

409 3629 490 3691 de
520 3647 651 3709 quo
684 3632 873 3695 modo
901 3633 1176 3713 agimus,
1208 3636 1293 3698 de
1316 3635 1560 3716 duplici
1609 3644 1791 3697 textu
1825 3633 2263 3697 controversia
2311 3632 2545 3713 vigeat,
2590 3633 2905 3713 adeoque,
2945 3651 3091 3696 cum
3135 3634 3541 3714 eligendum
3594 3636 3685 3703 sit,

403 3728 513 3807 jus
546 3733 733 3795 nobis
763 3743 1079 3815 competat
1114 3754 1193 3799 ex
1216 3738 1535 3816 ejusmodi
1569 3738 1848 3799 insuetis
1880 3736 2300 3799 construendi
2337 3735 2546 3798 modis
2568 3736 3090 3815 argumentandi.

497 3831 641 3894 Post
671 3833 805 3896 huic
847 3837 1191 3915 extemplo,
1241 3839 1417 3900 nulla
1468 3838 1611 3900 data
1665 3839 2037 3911 occasione,
2079 3838 2259 3899 nulla
2310 3837 2437 3899 alia
2475 3836 2799 3899 sententia
2844 3836 3331 3909 introducente,
3393 3837 3687 3917 Syriacus

410 3933 622 3991 textus
651 3932 969 4010 lgnatium
1022 3934 1277 3997 inducit
1318 3936 1777 3998 exelamautem
1819 3958 1834 3997 :
1878 3935 2119 3996 Aderat
2148 3934 2418 4012 spiritus
2459 3952 2629 3993 meus
2676 3950 2940 4008 crucem,
2998 3954 3132 4015 qua:
3183 3948 3270 3997 est
3318 3934 3686 3997 scandalum

411 4027 567 4106 illis,
613 4037 724 4114 qui
764 4053 894 4095 non
940 4048 1089 4098 sunt
1125 4039 1443 4115 persuasi,
1486 4038 1667 4100 nobis
1710 4048 1917 4100 autem
1959 4038 2043 4099 ad
2087 4036 2498 4098 saluationem
2535 4046 2588 4097 et
2634 4038 2717 4099 ad
2755 4039 2990 4111 vitam,
3045 4057 3179 4118 qua:
3219 4038 3303 4099 ad
3356 4052 3680 4100 aeternum.

412 4136 593 4198 Tunc
616 4152 743 4199 non
774 4138 1042 4218 abrupte
1074 4137 1293 4199 minus
1321 4138 1655 4217 subjungit
1686 4161 1700 4199 :
1732 4138 1951 4200 Latuit
1970 4138 2046 4198 ab
2082 4138 2382 4198 archonte
2409 4134 2646 4213 saeculi,
2688 4145 2835 4210 etc.,
2871 4156 3016 4217 quae
3036 4139 3254 4199 omnia
3284 4156 3502 4218 quam
3540 4144 3685 4201 bene

408 4236 481 4298 in
509 4243 688 4299 textu
719 4244 974 4317 recepto
1005 4245 1367 4315 nectuntur,
1406 4238 1641 4319 legenti
1690 4238 1951 4318 patebit.
1985 4240 2203 4318 Neque
2232 4238 2599 4301 Bunsenius
2648 4237 2859 4301 solitis
2906 4238 3150 4303 artibus
3181 4240 3321 4301 suis
3371 4240 3681 4321 effugium

409 4340 617 4402 ullum
650 4341 935 4421 reperire
964 4342 1199 4421 potuit.

488 4444 552 4507 Si
583 4445 733 4524 quis
774 4452 990 4506 autem
1045 4442 1226 4505 locus
1255 4448 1441 4521 aptus
1472 4450 1591 4515 est,
1646 4448 1715 4503 ut
1762 4458 1843 4503 ex
1891 4457 1968 4502 eo
2006 4439 2362 4511 evincatur,
2396 4440 2731 4519 Syriacum
2786 4447 3026 4502 textum
3069 4442 3337 4503 nonnisi
3387 4454 3677 4523 excerpta

408 4546 698 4627 quaedam
727 4546 996 4623 abrupta
1026 4542 1215 4605 nobis
1244 4543 1550 4622 prmbere,
1584 4548 1677 4601 est
1724 4540 1806 4615 is,
1855 4540 1969 4618 qui
2012 4540 2383 4603 immediate
2429 4540 2749 4619 sequitur,
2781 4557 2974 4618 quem
3008 4543 3208 4620 Syrus
3234 4542 3324 4603 ita
3356 4546 3676 4607 reddidit:

410 4646 628 4706 Latuit
657 4646 732 4705 ab
768 4647 1066 4707 archonte
1103 4643 1316 4705 surculi
1351 4646 1536 4724 hujus
1576 4644 1913 4721 virginitas
1956 4644 2181 4705 Mariae
2212 4652 2268 4703 ct
2292 4651 2523 4720 partus
2554 4643 2810 4703 Domini
2850 4645 3060 4704 nostri
3091 4654 3144 4703 et
3202 4646 3334 4703 tria
3388 4650 3675 4725 mysteria

412 4746 725 4817 clamoris,
756 4764 888 4826 qua?
919 4748 1089 4826 facta
1130 4756 1277 4807 sunt
1321 4749 1388 4808 in
1416 4744 1672 4807 lenitate
1713 4745 1830 4805 Dei
1856 4765 1895 4804 a
1922 4744 2127 4818 stella,
2165 4745 2288 4818 vel,
2336 4754 2408 4806 ut
2445 4744 2615 4805 alius
2648 4744 2848 4805 codex
2888 4744 3083 4822 legit:
3134 4754 3187 4803 et
3233 4764 3409 4804 mors
3462 4751 3592 4825 (jus
3630 4758 3671 4802 et

410 4846 541 4907 tria
587 4847 906 4925 mysteria,
963 4854 1107 4918 etc.,
1142 4848 1265 4920 vel,
1301 4854 1369 4909 ut
1407 4848 1636 4908 tertius
1676 4846 1827 4926 legit
1863 4868 1878 4906 :
1912 4856 1965 4907 et
2006 4856 2238 4923 partus
2286 4845 2544 4905 Domini
2590 4844 2834 4909 nostri,
2875 4844 3006 4903 tria
3052 4846 3354 4922 mysteria
3380 4892 3399 4917 ,
3449 4848 3670 4906 omissa

411 4954 616 5010 morte
650 4954 713 5009 et
741 4947 1049 5025 particula
1085 4958 1137 5008 et
1172 4948 1318 5025 (31).
1353 4950 1489 5009 .lam
1525 4966 1701 5022 vero,
1739 4948 2062 5029 quidquid
2094 4948 2665 5027 legas,absurdum
2699 4946 3006 5026 quiddam
3052 4946 3362 5024 emergit,
3402 4947 3669 5026 licetque

483 5116 769 5186 (95lN-5-
2096 5135 2343 5180 nostrum
2391 5125 2572 5178 locum
2625 5124 2891 5177 imitatur.
2926 5121 3242 5175 Videbimus
3296 5120 3444 5175 infra
3496 5122 3548 5175 in
3602 5124 3674 5171 ili-rw

480 5188 594 5264 (ἓῇ)
709 5189 763 5243 8ο
829 5257 849 5264 _
1091 5259 1112 5264 Α
1131 5260 1188 5264 μ
1252 5259 1274 5264 Α
1293 5261 1309 5264 _
1333 5262 1342 5264 4
2095 5196 2303 5259 codice,
2322 5210 2484 5264 quem
2511 5194 2993 5264 Syrusﬁexcerpsit,
3014 5193 3211 5264 nothus
3240 5192 3513 5260 epistolas
3546 5207 3672 5245 veris

482 5258 782 5334 (ﬁngat-1).
818 5257 962 5330 Ign..
998 5276 1051 5331 p.
1086 5259 1211 5326 265,
1247 5259 1373 5315 281.

2191 5257 2362 5334 iectas
2416 5257 2608 5318 fuisse.
2654 5263 2793 5317 lliuc
2823 5257 3036 5317 videtur
3083 5257 3504 5334 Syrus'revcra
3566 5277 3670 5314 Cum

482 5276 596 5327 (τί)
622 5276 782 5383 (κοτ-
818 5276 962 5330 ιθηοσ
998 5276 1051 5331 P-
1086 5276 1211 5326 200,
1247 5276 1373 5315 Ζδι.
2086 5276 2362 5334 subiectas
2416 5276 2608 5318 luisse.
2654 5276 2793 5317 lltuc
2823 5276 3036 5317 Videtur
3083 5276 3254 5331 Syrus
3308 5278 3504 5315 revera
3566 5277 3671 5314 Cum

1459 5372 1475 5388 .
2087 5337 2181 5411 illo
2213 5336 2471 5388 l'ulsatorc
2501 5334 3036 5411 mortctnomisisse,
3071 5332 3379 5411 Qttod__satis
3417 5348 3530 5387 non
3572 5346 3671 5407 per-

723 5401 821 5476 .‘5'
1662 5450 1667 5453 λ
2087 5407 2345 5476 spiccrct,
2376 5406 2654 5476 quomodo
2698 5405 2914 5476 diabolo
2955 5398 3137 5476 ignota
3193 5403 3283 5455 illa
3328 5416 3520 5476 reman
3537 5398 3668 5476 serit.

482 5466 595 5543 (Ψ)
719 5471 775 5525 2.
820 5542 827 5543 ί
2086 5466 2497 5543 absurdumque
2530 5475 2603 5527 illi
2637 5475 2930 5538 videretur,
2961 5466 3193 5535 stellam,
3228 5482 3288 5531 ut
3320 5475 3585 5539 putabat,
3612 5468 3667 5520 ad

482 5538 594 5613 (51)
626 5540 929 5613 Notandum
968 5553 1053 5597 est
1083 5554 1311 5599 mortem
1342 5544 1560 5599 Domini
1608 5547 1784 5601 omitti
1818 5548 1984 5601 etiam
2091 5556 2318 5600 mortem
2352 5538 2515 5599 etiam
2550 5546 2760 5610 rcl'crri,
2794 5560 2918 5599 cum
2946 5547 2998 5598 in
3029 5546 3271 5613 genuino
3304 5538 3454 5613 textu
3490 5553 3671 5613 hostio

404 5621 433 5660 a
482 5610 920 5686 uutliaepistola
966 5614 1032 5686 ad
1079 5614 1474 5686 Philippeuscs,
1508 5632 1561 5669 ιι.
1596 5617 1649 5681 8,
1686 5618 1778 5671 ubi
1823 5618 1990 5671 fabri-
2090 5631 2345 5669 noucum
2384 5617 2559 5669 tribus
2606 5616 2896 5685 mysteriis,
2928 5610 3181 5670 scd'cutn
3224 5611 3531 5683 φανερώσει
3576 5610 3665 5662 Do-

405 5687 559 5733 caltﬂ‘
594 5682 945 5751 epistularum
991 5681 1180 5754 lguatii
1220 5681 1812 5761 iﬁudepigraoharutu
1846 5689 1992 5742 hunc
2095 5689 2223 5741 mini
2255 5688 2409 5743 stella
2442 5681 2818 5741 tutitumiuotlu
2853 5694 3117 5740 ucctatur.
