  <div class='ocr_page' id='page_1' title='image "/cluster/home/n/w/nwhite01/storage/ocr_20150623/5/hvd.32044019206598/314.png"; bbox 0 0 3746 6308; ppageno 0'>
   <div class='ocr_carea' id='block_1_1' title="bbox 42 247 3324 313">
    <p class='ocr_par' dir='ltr' id='par_1_1' title="bbox 42 247 3324 313">
     <span class='ocr_line' id='line_1_1' title="bbox 42 247 3324 313; baseline 0.001 -4"><span class='ocrx_word' id='word_1_1' title='bbox 42 254 151 310; x_wconf 75' lang='grc'><strong>613</strong></span> <span class='ocrx_word' id='word_1_2' title='bbox 748 251 836 306; x_wconf 88' lang='lat' dir='ltr'><strong>DE</strong></span> <span class='ocrx_word' id='word_1_3' title='bbox 864 248 1334 308; x_wconf 76' lang='lat' dir='ltr'><strong>INTEGRITATE</strong></span> <span class='ocrx_word' id='word_1_4' title='bbox 1373 247 1662 307; x_wconf 77' lang='lat' dir='ltr'><strong>TEXTUS</strong></span> <span class='ocrx_word' id='word_1_5' title='bbox 1693 248 1987 305; x_wconf 79' lang='lat' dir='ltr'><strong>RECEPTI</strong></span> <span class='ocrx_word' id='word_1_6' title='bbox 2016 247 2165 305; x_wconf 82' lang='lat' dir='ltr'><strong>EPP.</strong></span> <span class='ocrx_word' id='word_1_7' title='bbox 2200 250 2258 306; x_wconf 80' lang='lat' dir='ltr'><strong>S.</strong></span> <span class='ocrx_word' id='word_1_8' title='bbox 2297 248 2580 308; x_wconf 74' lang='lat' dir='ltr'><strong>lCNATll.</strong></span> <span class='ocrx_word' id='word_1_9' title='bbox 3218 258 3324 313; x_wconf 65' lang='grc' dir='ltr'><strong>δι.</strong></span> 
     </span>
    </p>
   </div>
   <div class='ocr_carea' id='block_1_2' title="bbox 44 369 3313 455">
    <p class='ocr_par' dir='ltr' id='par_1_2' title="bbox 44 369 3313 455">
     <span class='ocr_line' id='line_1_2' title="bbox 44 369 3313 455; baseline 0.001 -20"><span class='ocrx_word' id='word_1_10' title='bbox 44 376 275 437; x_wconf 86' lang='lat' dir='ltr'><strong>videre</strong></span> <span class='ocrx_word' id='word_1_11' title='bbox 300 372 594 453; x_wconf 82' lang='lat' dir='ltr'><strong>Syriacos</strong></span> <span class='ocrx_word' id='word_1_12' title='bbox 627 388 1058 436; x_wconf 87' lang='lat' dir='ltr'><strong>amanuenses</strong></span> <span class='ocrx_word' id='word_1_13' title='bbox 1100 371 1279 451; x_wconf 90' lang='lat' dir='ltr'><strong>ipsos</strong></span> <span class='ocrx_word' id='word_1_14' title='bbox 1306 369 1655 451; x_wconf 80' lang='lat' dir='ltr'><strong>perplexos</strong></span> <span class='ocrx_word' id='word_1_15' title='bbox 1685 370 1975 446; x_wconf 75' lang='lat' dir='ltr'><strong>hmsisse,</strong></span> <span class='ocrx_word' id='word_1_16' title='bbox 2003 370 2161 451; x_wconf 88' lang='lat' dir='ltr'><strong>quid</strong></span> <span class='ocrx_word' id='word_1_17' title='bbox 2193 371 2576 436; x_wconf 79' lang='lat' dir='ltr'><strong>scriberent.</strong></span> <span class='ocrx_word' id='word_1_18' title='bbox 2604 371 2721 436; x_wconf 86' lang='lat' dir='ltr'><strong>Vel</strong></span> <span class='ocrx_word' id='word_1_19' title='bbox 2755 371 2931 437; x_wconf 91' lang='lat' dir='ltr'><strong>enim</strong></span> <span class='ocrx_word' id='word_1_20' title='bbox 2960 373 3151 455; x_wconf 89' lang='lat' dir='ltr'><strong>ponis</strong></span> <span class='ocrx_word' id='word_1_21' title='bbox 3184 375 3313 437; x_wconf 83' lang='lat' dir='ltr'><strong>Vir-</strong></span> 
     </span>
    </p>
   </div>
   <div class='ocr_carea' id='block_1_3' title="bbox 41 473 3322 555">
    <p class='ocr_par' dir='ltr' id='par_1_3' title="bbox 41 473 3322 555">
     <span class='ocr_line' id='line_1_3' title="bbox 41 473 3322 555; baseline 0.001 -20"><span class='ocrx_word' id='word_1_22' title='bbox 41 473 223 555; x_wconf 82' lang='lat' dir='ltr'><strong>ginis</strong></span> <span class='ocrx_word' id='word_1_23' title='bbox 256 484 505 555; x_wconf 86' lang='lat' dir='ltr'><strong>partum</strong></span> <span class='ocrx_word' id='word_1_24' title='bbox 531 482 594 538; x_wconf 91' lang='lat' dir='ltr'><strong>et</strong></span> <span class='ocrx_word' id='word_1_25' title='bbox 625 484 937 551; x_wconf 88' lang='lat' dir='ltr'><strong>mortem;</strong></span> <span class='ocrx_word' id='word_1_26' title='bbox 971 483 1035 538; x_wconf 92' lang='lat' dir='ltr'><strong>at</strong></span> <span class='ocrx_word' id='word_1_27' title='bbox 1070 482 1223 537; x_wconf 91' lang='lat' dir='ltr'><strong>tunc</strong></span> <span class='ocrx_word' id='word_1_28' title='bbox 1256 474 1405 555; x_wconf 87' lang='lat' dir='ltr'><strong>quis</strong></span> <span class='ocrx_word' id='word_1_29' title='bbox 1430 480 1700 537; x_wconf 90' lang='lat' dir='ltr'><strong>mortem</strong></span> <span class='ocrx_word' id='word_1_30' title='bbox 1747 474 1916 538; x_wconf 89' lang='lat' dir='ltr'><strong>inter</strong></span> <span class='ocrx_word' id='word_1_31' title='bbox 1944 483 2009 539; x_wconf 90' lang='lat' dir='ltr'><strong>et</strong></span> <span class='ocrx_word' id='word_1_32' title='bbox 2036 474 2291 539; x_wconf 91' lang='lat' dir='ltr'><strong>stellam</strong></span> <span class='ocrx_word' id='word_1_33' title='bbox 2334 493 2545 539; x_wconf 79' lang='lat' dir='ltr'><strong>nexus</strong></span> <span class='ocrx_word' id='word_1_34' title='bbox 2580 476 2935 541; x_wconf 89' lang='lat' dir='ltr'><strong>intercedat</strong></span> <span class='ocrx_word' id='word_1_35' title='bbox 2969 478 3322 550; x_wconf 81' lang='lat' dir='ltr'><strong>nescimus,</strong></span> 
     </span>
    </p>
   </div>
   <div class='ocr_carea' id='block_1_4' title="bbox 47 573 3323 660">
    <p class='ocr_par' dir='ltr' id='par_1_4' title="bbox 47 573 3323 660">
     <span class='ocr_line' id='line_1_4' title="bbox 47 573 3323 660; baseline 0.001 -22"><span class='ocrx_word' id='word_1_36' title='bbox 47 594 267 656; x_wconf 91' lang='lat' dir='ltr'><strong>neque</strong></span> <span class='ocrx_word' id='word_1_37' title='bbox 302 576 519 640; x_wconf 83' lang='lat' dir='ltr'><strong>stricte</strong></span> <span class='ocrx_word' id='word_1_38' title='bbox 557 577 882 657; x_wconf 90' lang='lat' dir='ltr'><strong>loquendo</strong></span> <span class='ocrx_word' id='word_1_39' title='bbox 912 575 1097 641; x_wconf 83' lang='lat' dir='ltr'><strong>stella</strong></span> <span class='ocrx_word' id='word_1_40' title='bbox 1131 573 1678 656; x_wconf 12' lang='lat' dir='ltr'><strong>adivirginitatem</strong></span> <span class='ocrx_word' id='word_1_41' title='bbox 1708 580 2005 659; x_wconf 74' lang='lat' dir='ltr'><strong>Deiparm</strong></span> <span class='ocrx_word' id='word_1_42' title='bbox 2036 577 2478 650; x_wconf 80' lang='lat' dir='ltr'><strong>referebatur;</strong></span> <span class='ocrx_word' id='word_1_43' title='bbox 2533 580 2632 642; x_wconf 89' lang='lat' dir='ltr'><strong>vel</strong></span> <span class='ocrx_word' id='word_1_44' title='bbox 2665 580 2854 660; x_wconf 89' lang='lat' dir='ltr'><strong>ponis</strong></span> <span class='ocrx_word' id='word_1_45' title='bbox 2885 579 3323 660; x_wconf 78' lang='lat' dir='ltr'><strong>virginitatem</strong></span> 
     </span>
    </p>
   </div>
   <div class='ocr_carea' id='block_1_5' title="bbox 42 675 3329 760">
    <p class='ocr_par' dir='ltr' id='par_1_5' title="bbox 42 675 3329 760">
     <span class='ocr_line' id='line_1_5' title="bbox 42 675 3329 760; baseline -0.002 -18"><span class='ocrx_word' id='word_1_46' title='bbox 42 688 105 743; x_wconf 89' lang='lat' dir='ltr'><strong>et</strong></span> <span class='ocrx_word' id='word_1_47' title='bbox 138 685 394 758; x_wconf 86' lang='lat' dir='ltr'><strong>partum</strong></span> <span class='ocrx_word' id='word_1_48' title='bbox 436 700 451 740; x_wconf 90' lang='lat'><strong>:</strong></span> <span class='ocrx_word' id='word_1_49' title='bbox 503 679 615 741; x_wconf 90' lang='lat' dir='ltr'><strong>sed</strong></span> <span class='ocrx_word' id='word_1_50' title='bbox 656 686 812 740; x_wconf 90' lang='lat' dir='ltr'><strong>tunc</strong></span> <span class='ocrx_word' id='word_1_51' title='bbox 858 695 989 741; x_wconf 90' lang='lat' dir='ltr'><strong>non</strong></span> <span class='ocrx_word' id='word_1_52' title='bbox 1030 685 1183 740; x_wconf 92' lang='lat' dir='ltr'><strong>sunt</strong></span> <span class='ocrx_word' id='word_1_53' title='bbox 1213 676 1334 739; x_wconf 90' lang='lat' dir='ltr'><strong>tria</strong></span> <span class='ocrx_word' id='word_1_54' title='bbox 1379 677 1723 756; x_wconf 84' lang='lat' dir='ltr'><strong>mysteria,</strong></span> <span class='ocrx_word' id='word_1_55' title='bbox 1771 678 1885 740; x_wconf 92' lang='lat' dir='ltr'><strong>sed</strong></span> <span class='ocrx_word' id='word_1_56' title='bbox 1934 679 2104 752; x_wconf 92' lang='lat' dir='ltr'><strong>duo;</strong></span> <span class='ocrx_word' id='word_1_57' title='bbox 2137 675 2233 740; x_wconf 85' lang='lat' dir='ltr'><strong>vel</strong></span> <span class='ocrx_word' id='word_1_58' title='bbox 2282 677 2338 737; x_wconf 92' lang='lat' dir='ltr'><strong>si</strong></span> <span class='ocrx_word' id='word_1_59' title='bbox 2397 688 2453 739; x_wconf 83' lang='lat' dir='ltr'><strong>et</strong></span> <span class='ocrx_word' id='word_1_60' title='bbox 2495 677 2716 751; x_wconf 87' lang='lat' dir='ltr'><strong>addas,</strong></span> <span class='ocrx_word' id='word_1_61' title='bbox 2750 679 2940 760; x_wconf 87' lang='lat' dir='ltr'><strong>plane</strong></span> <span class='ocrx_word' id='word_1_62' title='bbox 2990 679 3329 760; x_wconf 83' lang='lat' dir='ltr'><strong>ignoratur</strong></span> 
     </span>
    </p>
   </div>
   <div class='ocr_carea' id='block_1_6' title="bbox 42 774 3327 861">
    <p class='ocr_par' dir='ltr' id='par_1_6' title="bbox 42 774 3327 861">
     <span class='ocr_line' id='line_1_6' title="bbox 42 774 3327 861; baseline -0 -20"><span class='ocrx_word' id='word_1_63' title='bbox 42 797 349 861; x_wconf 61' lang='lat' dir='ltr'><strong>quasnam</strong></span> <span class='ocrx_word' id='word_1_64' title='bbox 378 779 643 844; x_wconf 83' lang='lat' dir='ltr'><strong>sintiila</strong></span> <span class='ocrx_word' id='word_1_65' title='bbox 669 779 791 842; x_wconf 89' lang='lat' dir='ltr'><strong>tria</strong></span> <span class='ocrx_word' id='word_1_66' title='bbox 824 778 1131 859; x_wconf 84' lang='lat' dir='ltr'><strong>mysteria</strong></span> <span class='ocrx_word' id='word_1_67' title='bbox 1166 794 1313 857; x_wconf 69' lang='lat' dir='ltr'><strong>quia</strong></span> <span class='ocrx_word' id='word_1_68' title='bbox 1344 774 1699 855; x_wconf 78' lang='lat' dir='ltr'><strong>virginitati</strong></span> <span class='ocrx_word' id='word_1_69' title='bbox 1738 784 1801 837; x_wconf 90' lang='lat' dir='ltr'><strong>et</strong></span> <span class='ocrx_word' id='word_1_70' title='bbox 1832 777 2044 855; x_wconf 89' lang='lat' dir='ltr'><strong>partui</strong></span> <span class='ocrx_word' id='word_1_71' title='bbox 2079 778 2629 855; x_wconf 86' lang='lat' dir='ltr'><strong>superadduntur.</strong></span> <span class='ocrx_word' id='word_1_72' title='bbox 2660 780 2791 841; x_wconf 84' lang='lat' dir='ltr'><strong>Nec</strong></span> <span class='ocrx_word' id='word_1_73' title='bbox 2827 780 3044 843; x_wconf 92' lang='lat' dir='ltr'><strong>minus</strong></span> <span class='ocrx_word' id='word_1_74' title='bbox 3090 780 3327 843; x_wconf 89' lang='lat' dir='ltr'><strong>absur-</strong></span> 
     </span>
    </p>
   </div>
   <div class='ocr_carea' id='block_1_7' title="bbox 42 877 3325 963">
    <p class='ocr_par' dir='ltr' id='par_1_7' title="bbox 42 877 3325 963">
     <span class='ocr_line' id='line_1_7' title="bbox 42 877 3325 963; baseline -0.002 -20"><span class='ocrx_word' id='word_1_75' title='bbox 42 885 201 945; x_wconf 87' lang='lat' dir='ltr'><strong>dum</strong></span> <span class='ocrx_word' id='word_1_76' title='bbox 248 890 345 946; x_wconf 90' lang='lat' dir='ltr'><strong>est</strong></span> <span class='ocrx_word' id='word_1_77' title='bbox 389 881 699 963; x_wconf 81' lang='lat' dir='ltr'><strong>mysteria</strong></span> <span class='ocrx_word' id='word_1_78' title='bbox 752 880 862 945; x_wconf 91' lang='lat' dir='ltr'><strong>illa</strong></span> <span class='ocrx_word' id='word_1_79' title='bbox 892 883 989 944; x_wconf 90' lang='lat' dir='ltr'><strong>vel</strong></span> <span class='ocrx_word' id='word_1_80' title='bbox 1024 881 1155 943; x_wconf 91' lang='lat' dir='ltr'><strong>duo</strong></span> <span class='ocrx_word' id='word_1_81' title='bbox 1204 880 1301 943; x_wconf 91' lang='lat' dir='ltr'><strong>vel</strong></span> <span class='ocrx_word' id='word_1_82' title='bbox 1333 877 1453 941; x_wconf 88' lang='lat' dir='ltr'><strong>tria</strong></span> <span class='ocrx_word' id='word_1_83' title='bbox 1495 894 1533 941; x_wconf 91' lang='lat' dir='ltr'><strong>a</strong></span> <span class='ocrx_word' id='word_1_84' title='bbox 1575 878 1759 940; x_wconf 89' lang='lat' dir='ltr'><strong>stella</strong></span> <span class='ocrx_word' id='word_1_85' title='bbox 1786 880 1960 958; x_wconf 79' lang='lat' dir='ltr'><strong>facta</strong></span> <span class='ocrx_word' id='word_1_86' title='bbox 1987 877 2141 941; x_wconf 87' lang='lat' dir='ltr'><strong>diei.</strong></span> <span class='ocrx_word' id='word_1_87' title='bbox 2193 879 2379 952; x_wconf 87' lang='lat' dir='ltr'><strong>Quod</strong></span> <span class='ocrx_word' id='word_1_88' title='bbox 2432 896 2580 941; x_wconf 89' lang='lat' dir='ltr'><strong>cum</strong></span> <span class='ocrx_word' id='word_1_89' title='bbox 2628 880 2900 942; x_wconf 90' lang='lat' dir='ltr'><strong>sentiret</strong></span> <span class='ocrx_word' id='word_1_90' title='bbox 2928 877 3325 951; x_wconf 90' lang='lat' dir='ltr'><strong>Bunsenius,</strong></span> 
     </span>
    </p>
   </div>
   <div class='ocr_carea' id='block_1_8' title="bbox 47 976 3325 1062">
    <p class='ocr_par' dir='ltr' id='par_1_8' title="bbox 47 976 3325 1062">
     <span class='ocr_line' id='line_1_8' title="bbox 47 976 3325 1062; baseline 0.002 -25"><span class='ocrx_word' id='word_1_91' title='bbox 47 995 270 1044; x_wconf 89' lang='lat' dir='ltr'><strong>vocem</strong></span> <span class='ocrx_word' id='word_1_92' title='bbox 304 981 477 1043; x_wconf 89' lang='lat' dir='ltr'><strong>illam</strong></span> <span class='ocrx_word' id='word_1_93' title='bbox 517 988 761 1062; x_wconf 75' lang='grc' dir='ltr'><strong>ἐπράχθη</strong></span> <span class='ocrx_word' id='word_1_94' title='bbox 798 979 867 1042; x_wconf 93' lang='lat' dir='ltr'><strong>in</strong></span> <span class='ocrx_word' id='word_1_95' title='bbox 915 986 1206 1060; x_wconf 78' lang='grc' dir='ltr'><strong>ἐκηρύχθη,</strong></span> <span class='ocrx_word' id='word_1_96' title='bbox 1246 976 1424 1040; x_wconf 89' lang='lat' dir='ltr'><strong>nulla</strong></span> <span class='ocrx_word' id='word_1_97' title='bbox 1458 976 1836 1040; x_wconf 87' lang='lat' dir='ltr'><strong>auctoritate</strong></span> <span class='ocrx_word' id='word_1_98' title='bbox 1865 977 1999 1039; x_wconf 86' lang='lat' dir='ltr'><strong>vim</strong></span> <span class='ocrx_word' id='word_1_99' title='bbox 2030 977 2417 1056; x_wconf 65' lang='lat' dir='ltr'><strong>conjectura)</strong></span> <span class='ocrx_word' id='word_1_100' title='bbox 2460 979 2938 1058; x_wconf 87' lang='lat' dir='ltr'><strong>suppeditante,</strong></span> <span class='ocrx_word' id='word_1_101' title='bbox 2987 981 3325 1055; x_wconf 89' lang='lat' dir='ltr'><strong>convertit,</strong></span> 
     </span>
    </p>
   </div>
   <div class='ocr_carea' id='block_1_9' title="bbox 45 1080 3329 1163">
    <p class='ocr_par' dir='ltr' id='par_1_9' title="bbox 45 1080 3329 1163">
     <span class='ocr_line' id='line_1_9' title="bbox 45 1080 3329 1163; baseline 0.001 -24"><span class='ocrx_word' id='word_1_102' title='bbox 45 1100 195 1163; x_wconf 75' lang='lat' dir='ltr'><strong>quae</strong></span> <span class='ocrx_word' id='word_1_103' title='bbox 248 1083 544 1147; x_wconf 89' lang='lat' dir='ltr'><strong>lectionis</strong></span> <span class='ocrx_word' id='word_1_104' title='bbox 575 1082 845 1146; x_wconf 89' lang='lat' dir='ltr'><strong>mutatio</strong></span> <span class='ocrx_word' id='word_1_105' title='bbox 892 1100 975 1145; x_wconf 90' lang='lat' dir='ltr'><strong>ne</strong></span> <span class='ocrx_word' id='word_1_106' title='bbox 1004 1082 1161 1144; x_wconf 88' lang='lat' dir='ltr'><strong>satis</strong></span> <span class='ocrx_word' id='word_1_107' title='bbox 1210 1081 1479 1162; x_wconf 84' lang='lat' dir='ltr'><strong>quidem</strong></span> <span class='ocrx_word' id='word_1_108' title='bbox 1531 1080 2017 1143; x_wconf 91' lang='lat' dir='ltr'><strong>incommodum</strong></span> <span class='ocrx_word' id='word_1_109' title='bbox 2052 1080 2243 1155; x_wconf 90' lang='lat' dir='ltr'><strong>tollit,</strong></span> <span class='ocrx_word' id='word_1_110' title='bbox 2295 1097 2443 1143; x_wconf 92' lang='lat' dir='ltr'><strong>cum</strong></span> <span class='ocrx_word' id='word_1_111' title='bbox 2495 1081 2683 1145; x_wconf 86' lang='lat' dir='ltr'><strong>stella</strong></span> <span class='ocrx_word' id='word_1_112' title='bbox 2731 1100 2851 1147; x_wconf 90' lang='lat' dir='ltr'><strong>nec</strong></span> <span class='ocrx_word' id='word_1_113' title='bbox 2891 1082 3329 1163; x_wconf 76' lang='lat' dir='ltr'><strong>virginitatem</strong></span> 
     </span>
    </p>
   </div>
   <div class='ocr_carea' id='block_1_10' title="bbox 45 1184 3331 1270">
    <p class='ocr_par' dir='ltr' id='par_1_10' title="bbox 45 1184 3331 1270">
     <span class='ocr_line' id='line_1_10' title="bbox 45 1184 3331 1270; baseline 0.002 -24"><span class='ocrx_word' id='word_1_114' title='bbox 45 1187 268 1248; x_wconf 59' lang='lat' dir='ltr'><strong>Marias</strong></span> <span class='ocrx_word' id='word_1_115' title='bbox 317 1205 437 1250; x_wconf 92' lang='lat' dir='ltr'><strong>nec</strong></span> <span class='ocrx_word' id='word_1_116' title='bbox 494 1195 765 1250; x_wconf 90' lang='lat' dir='ltr'><strong>mortem</strong></span> <span class='ocrx_word' id='word_1_117' title='bbox 816 1186 1076 1249; x_wconf 90' lang='lat' dir='ltr'><strong>Domini</strong></span> <span class='ocrx_word' id='word_1_118' title='bbox 1140 1184 1562 1259; x_wconf 89' lang='lat' dir='ltr'><strong>nuntiaverit,</strong></span> <span class='ocrx_word' id='word_1_119' title='bbox 1628 1203 1845 1266; x_wconf 89' lang='lat' dir='ltr'><strong>neque</strong></span> <span class='ocrx_word' id='word_1_120' title='bbox 1904 1185 2109 1266; x_wconf 86' lang='lat' dir='ltr'><strong>magis</strong></span> <span class='ocrx_word' id='word_1_121' title='bbox 2157 1186 2409 1249; x_wconf 87' lang='lat' dir='ltr'><strong>eluceat</strong></span> <span class='ocrx_word' id='word_1_122' title='bbox 2456 1185 2617 1267; x_wconf 89' lang='lat' dir='ltr'><strong>quid</strong></span> <span class='ocrx_word' id='word_1_123' title='bbox 2666 1186 2793 1252; x_wconf 83' lang='lat' dir='ltr'><strong>sibi</strong></span> <span class='ocrx_word' id='word_1_124' title='bbox 2851 1189 2972 1251; x_wconf 89' lang='lat' dir='ltr'><strong>tria</strong></span> <span class='ocrx_word' id='word_1_125' title='bbox 3020 1188 3331 1270; x_wconf 84' lang='lat' dir='ltr'><strong>mysteria</strong></span> 
     </span>
    </p>
   </div>
   <div class='ocr_carea' id='block_1_11' title="bbox 51 1287 3331 1376">
    <p class='ocr_par' dir='ltr' id='par_1_11' title="bbox 51 1287 3331 1376">
     <span class='ocr_line' id='line_1_11' title="bbox 51 1287 3331 1376; baseline 0.002 -24"><span class='ocrx_word' id='word_1_126' title='bbox 51 1290 278 1352; x_wconf 88' lang='lat' dir='ltr'><strong>velint.</strong></span> <span class='ocrx_word' id='word_1_127' title='bbox 326 1291 532 1364; x_wconf 90' lang='lat' dir='ltr'><strong>Quam</strong></span> <span class='ocrx_word' id='word_1_128' title='bbox 568 1291 808 1372; x_wconf 89' lang='lat' dir='ltr'><strong>injuste</strong></span> <span class='ocrx_word' id='word_1_129' title='bbox 848 1308 1027 1363; x_wconf 88' lang='lat' dir='ltr'><strong>vero,</strong></span> <span class='ocrx_word' id='word_1_130' title='bbox 1060 1289 1138 1352; x_wconf 92' lang='lat' dir='ltr'><strong>ad</strong></span> <span class='ocrx_word' id='word_1_131' title='bbox 1193 1290 1507 1353; x_wconf 90' lang='lat' dir='ltr'><strong>tuendum</strong></span> <span class='ocrx_word' id='word_1_132' title='bbox 1551 1287 1716 1351; x_wconf 89' lang='lat' dir='ltr'><strong>hanc</strong></span> <span class='ocrx_word' id='word_1_133' title='bbox 1755 1306 1939 1351; x_wconf 91' lang='lat' dir='ltr'><strong>suam</strong></span> <span class='ocrx_word' id='word_1_134' title='bbox 1974 1290 2447 1375; x_wconf 83' lang='lat' dir='ltr'><strong>conjecturam,</strong></span> <span class='ocrx_word' id='word_1_135' title='bbox 2480 1292 2559 1353; x_wconf 89' lang='lat' dir='ltr'><strong>de</strong></span> <span class='ocrx_word' id='word_1_136' title='bbox 2589 1308 2719 1371; x_wconf 93' lang='lat' dir='ltr'><strong>qua</strong></span> <span class='ocrx_word' id='word_1_137' title='bbox 2762 1292 2890 1356; x_wconf 89' lang='lat' dir='ltr'><strong>sibi</strong></span> <span class='ocrx_word' id='word_1_138' title='bbox 2939 1310 3331 1376; x_wconf 82' lang='lat' dir='ltr'><strong>magnopere</strong></span> 
     </span>
    </p>
   </div>
   <div class='ocr_carea' id='block_1_12' title="bbox 49 1387 1528 1473">
    <p class='ocr_par' dir='ltr' id='par_1_12' title="bbox 49 1387 1528 1470">
     <span class='ocr_line' id='line_1_12' title="bbox 49 1387 1528 1470; baseline -0.004 -17"><span class='ocrx_word' id='word_1_139' title='bbox 49 1390 431 1470; x_wconf 81' lang='lat' dir='ltr'><strong>gratulatur,</strong></span> <span class='ocrx_word' id='word_1_140' title='bbox 456 1389 826 1453; x_wconf 91' lang='lat' dir='ltr'><strong>Bunsenius</strong></span> <span class='ocrx_word' id='word_1_141' title='bbox 864 1388 1129 1470; x_wconf 87' lang='lat' dir='ltr'><strong>phrasin</strong></span> <span class='ocrx_word' id='word_1_142' title='bbox 1174 1387 1352 1450; x_wconf 90' lang='lat' dir='ltr'><strong>illam</strong></span> <span class='ocrx_word' id='word_1_143' title='bbox 1397 1415 1528 1468; x_wconf 66' lang='lat' dir='ltr'><strong>pum</strong></span> 
     </span>
    </p>
   </div>
   <div class='ocr_carea' id='block_1_13' title="bbox 1855 1387 3334 1473">
    <p class='ocr_par' dir='ltr' id='par_1_13' title="bbox 1855 1387 3334 1473">
     <span class='ocr_line' id='line_1_13' title="bbox 1855 1387 3334 1473; baseline 0.003 -23"><span class='ocrx_word' id='word_1_144' title='bbox 1855 1414 1977 1450; x_wconf 69' lang='lat' dir='ltr'><strong>nu</strong></span> <span class='ocrx_word' id='word_1_145' title='bbox 2008 1387 2227 1449; x_wconf 91' lang='lat' dir='ltr'><strong>minus</strong></span> <span class='ocrx_word' id='word_1_146' title='bbox 2265 1389 2548 1450; x_wconf 72' lang='lat' dir='ltr'><strong>tirmcam</strong></span> <span class='ocrx_word' id='word_1_147' title='bbox 2580 1405 2720 1452; x_wconf 90' lang='lat' dir='ltr'><strong>esse</strong></span> <span class='ocrx_word' id='word_1_148' title='bbox 2769 1391 3152 1468; x_wconf 88' lang='lat' dir='ltr'><strong>contendat,</strong></span> <span class='ocrx_word' id='word_1_149' title='bbox 3188 1396 3334 1473; x_wconf 87' lang='lat' dir='ltr'><strong>plu-</strong></span> 
     </span>
    </p>
   </div>
   <div class='ocr_carea' id='block_1_14' title="bbox 52 1488 3325 1572">
    <p class='ocr_par' dir='ltr' id='par_1_14' title="bbox 52 1488 3325 1572">
     <span class='ocr_line' id='line_1_14' title="bbox 52 1488 3325 1572; baseline 0.001 -20"><span class='ocrx_word' id='word_1_150' title='bbox 52 1492 235 1555; x_wconf 86' lang='lat' dir='ltr'><strong>ribus</strong></span> <span class='ocrx_word' id='word_1_151' title='bbox 273 1492 558 1556; x_wconf 84' lang='lat' dir='ltr'><strong>ostendit</strong></span> <span class='ocrx_word' id='word_1_152' title='bbox 594 1493 686 1555; x_wconf 90' lang='lat' dir='ltr'><strong>Cl.</strong></span> <span class='ocrx_word' id='word_1_153' title='bbox 718 1491 875 1553; x_wconf 89' lang='lat' dir='ltr'><strong>Edv.</strong></span> <span class='ocrx_word' id='word_1_154' title='bbox 931 1492 1219 1554; x_wconf 90' lang='lat' dir='ltr'><strong>Churton</strong></span> <span class='ocrx_word' id='word_1_155' title='bbox 1268 1488 1419 1572; x_wconf 78' lang='lat'><strong>(3‘2).</strong></span> <span class='ocrx_word' id='word_1_156' title='bbox 1475 1490 1616 1551; x_wconf 81' lang='lat' dir='ltr'><strong>Non</strong></span> <span class='ocrx_word' id='word_1_157' title='bbox 1656 1488 1832 1551; x_wconf 93' lang='lat' dir='ltr'><strong>enim</strong></span> <span class='ocrx_word' id='word_1_158' title='bbox 1880 1489 2050 1552; x_wconf 88' lang='lat' dir='ltr'><strong>alius</strong></span> <span class='ocrx_word' id='word_1_159' title='bbox 2100 1497 2197 1551; x_wconf 88' lang='lat' dir='ltr'><strong>est</strong></span> <span class='ocrx_word' id='word_1_160' title='bbox 2245 1488 2441 1570; x_wconf 89' lang='lat' dir='ltr'><strong>hujus</strong></span> <span class='ocrx_word' id='word_1_161' title='bbox 2496 1489 2807 1570; x_wconf 88' lang='lat' dir='ltr'><strong>phraseos</strong></span> <span class='ocrx_word' id='word_1_162' title='bbox 2862 1508 3097 1555; x_wconf 92' lang='lat' dir='ltr'><strong>sensus</strong></span> <span class='ocrx_word' id='word_1_163' title='bbox 3154 1494 3325 1555; x_wconf 90' lang='lat' dir='ltr'><strong>nisi:</strong></span> 
     </span>
    </p>
   </div>
   <div class='ocr_carea' id='block_1_15' title="bbox 47 1589 3330 1673">
    <p class='ocr_par' dir='ltr' id='par_1_15' title="bbox 47 1589 3330 1673">
     <span class='ocr_line' id='line_1_15' title="bbox 47 1589 3330 1673; baseline 0.001 -19"><span class='ocrx_word' id='word_1_164' title='bbox 47 1613 145 1654; x_wconf 85' lang='lat' dir='ltr'><strong>res</strong></span> <span class='ocrx_word' id='word_1_165' title='bbox 164 1612 462 1669; x_wconf 86' lang='lat' dir='ltr'><strong>arcanas,</strong></span> <span class='ocrx_word' id='word_1_166' title='bbox 500 1593 786 1673; x_wconf 81' lang='lat' dir='ltr'><strong>mysterii</strong></span> <span class='ocrx_word' id='word_1_167' title='bbox 811 1591 1030 1671; x_wconf 79' lang='lat' dir='ltr'><strong>plenas</strong></span> <span class='ocrx_word' id='word_1_168' title='bbox 1070 1610 1278 1671; x_wconf 79' lang='lat' dir='ltr'><strong>agere.</strong></span> <span class='ocrx_word' id='word_1_169' title='bbox 1315 1592 1600 1655; x_wconf 89' lang='lat' dir='ltr'><strong>Cureton</strong></span> <span class='ocrx_word' id='word_1_170' title='bbox 1631 1590 1758 1670; x_wconf 87' lang='lat'><strong>(33)</strong></span> <span class='ocrx_word' id='word_1_171' title='bbox 1788 1589 1893 1653; x_wconf 91' lang='lat' dir='ltr'><strong>hic</strong></span> <span class='ocrx_word' id='word_1_172' title='bbox 1920 1596 2137 1670; x_wconf 91' lang='lat' dir='ltr'><strong>aperte</strong></span> <span class='ocrx_word' id='word_1_173' title='bbox 2187 1590 2428 1653; x_wconf 91' lang='lat' dir='ltr'><strong>dubius</strong></span> <span class='ocrx_word' id='word_1_174' title='bbox 2477 1590 2712 1666; x_wconf 59' lang='lat' dir='ltr'><strong>haeret,</strong></span> <span class='ocrx_word' id='word_1_175' title='bbox 2772 1610 2988 1673; x_wconf 89' lang='lat' dir='ltr'><strong>neque</strong></span> <span class='ocrx_word' id='word_1_176' title='bbox 3026 1593 3330 1657; x_wconf 89' lang='lat' dir='ltr'><strong>distincte</strong></span> 
     </span>
    </p>
   </div>
   <div class='ocr_carea' id='block_1_16' title="bbox 50 1691 3332 1774">
    <p class='ocr_par' dir='ltr' id='par_1_16' title="bbox 50 1691 3332 1774">
     <span class='ocr_line' id='line_1_16' title="bbox 50 1691 3332 1774; baseline 0 -18"><span class='ocrx_word' id='word_1_177' title='bbox 50 1695 209 1757; x_wconf 86' lang='lat' dir='ltr'><strong>satis</strong></span> <span class='ocrx_word' id='word_1_178' title='bbox 266 1695 347 1758; x_wconf 90' lang='lat' dir='ltr'><strong>de</strong></span> <span class='ocrx_word' id='word_1_179' title='bbox 389 1694 511 1757; x_wconf 91' lang='lat' dir='ltr'><strong>hoc</strong></span> <span class='ocrx_word' id='word_1_180' title='bbox 557 1695 699 1757; x_wconf 84' lang='lat' dir='ltr'><strong>loco</strong></span> <span class='ocrx_word' id='word_1_181' title='bbox 746 1693 1041 1768; x_wconf 88' lang='lat' dir='ltr'><strong>disserit,</strong></span> <span class='ocrx_word' id='word_1_182' title='bbox 1088 1694 1311 1774; x_wconf 86' lang='lat' dir='ltr'><strong>aitque</strong></span> <span class='ocrx_word' id='word_1_183' title='bbox 1357 1692 1479 1756; x_wconf 87' lang='lat' dir='ltr'><strong>tria</strong></span> <span class='ocrx_word' id='word_1_184' title='bbox 1526 1692 1877 1771; x_wconf 86' lang='lat' dir='ltr'><strong>mysteria,</strong></span> <span class='ocrx_word' id='word_1_185' title='bbox 1937 1691 2260 1773; x_wconf 84' lang='lat' dir='ltr'><strong>quidquid</strong></span> <span class='ocrx_word' id='word_1_186' title='bbox 2306 1691 2591 1773; x_wconf 89' lang='lat' dir='ltr'><strong>denique</strong></span> <span class='ocrx_word' id='word_1_187' title='bbox 2637 1692 2811 1770; x_wconf 91' lang='lat' dir='ltr'><strong>sint,</strong></span> <span class='ocrx_word' id='word_1_188' title='bbox 2876 1694 3204 1773; x_wconf 88' lang='lat' dir='ltr'><strong>pertinere</strong></span> <span class='ocrx_word' id='word_1_189' title='bbox 3252 1698 3332 1757; x_wconf 91' lang='lat' dir='ltr'><strong>ad</strong></span> 
     </span>
    </p>
   </div>
   <div class='ocr_carea' id='block_1_17' title="bbox 51 1792 3334 1876">
    <p class='ocr_par' dir='ltr' id='par_1_17' title="bbox 51 1792 3334 1876">
     <span class='ocr_line' id='line_1_17' title="bbox 51 1792 3334 1876; baseline 0.001 -21"><span class='ocrx_word' id='word_1_190' title='bbox 51 1794 491 1876; x_wconf 79' lang='lat' dir='ltr'><strong>virginitatem</strong></span> <span class='ocrx_word' id='word_1_191' title='bbox 523 1796 836 1876; x_wconf 75' lang='lat' dir='ltr'><strong>Deiparm,</strong></span> <span class='ocrx_word' id='word_1_192' title='bbox 866 1796 1264 1859; x_wconf 89' lang='lat' dir='ltr'><strong>nativitatem</strong></span> <span class='ocrx_word' id='word_1_193' title='bbox 1300 1792 1564 1857; x_wconf 89' lang='lat' dir='ltr'><strong>Domini</strong></span> <span class='ocrx_word' id='word_1_194' title='bbox 1604 1801 1669 1857; x_wconf 89' lang='lat' dir='ltr'><strong>et</strong></span> <span class='ocrx_word' id='word_1_195' title='bbox 1704 1793 1910 1857; x_wconf 71' lang='lat' dir='ltr'><strong>stellae</strong></span> <span class='ocrx_word' id='word_1_196' title='bbox 1953 1794 2448 1873; x_wconf 87' lang='lat' dir='ltr'><strong>apparitionem.</strong></span> <span class='ocrx_word' id='word_1_197' title='bbox 2486 1796 2709 1876; x_wconf 89' lang='lat' dir='ltr'><strong>Neque</strong></span> <span class='ocrx_word' id='word_1_198' title='bbox 2728 1795 2990 1867; x_wconf 70' lang='lat' dir='ltr'><strong>felicius</strong></span> <span class='ocrx_word' id='word_1_199' title='bbox 3019 1796 3334 1859; x_wconf 85' lang='lat' dir='ltr'><strong>Ritschlio</strong></span> 
     </span>
    </p>
   </div>
   <div class='ocr_carea' id='block_1_18' title="bbox 52 1896 3335 1980">
    <p class='ocr_par' dir='ltr' id='par_1_18' title="bbox 52 1896 3335 1980">
     <span class='ocr_line' id='line_1_18' title="bbox 52 1896 3335 1980; baseline 0.001 -22"><span class='ocrx_word' id='word_1_200' title='bbox 52 1914 150 1959; x_wconf 76' lang='lat' dir='ltr'><strong>res</strong></span> <span class='ocrx_word' id='word_1_201' title='bbox 185 1897 410 1974; x_wconf 87' lang='lat' dir='ltr'><strong>cessit,</strong></span> <span class='ocrx_word' id='word_1_202' title='bbox 441 1914 586 1960; x_wconf 92' lang='lat' dir='ltr'><strong>cum</strong></span> <span class='ocrx_word' id='word_1_203' title='bbox 619 1898 949 1961; x_wconf 91' lang='lat' dir='ltr'><strong>Bunsenio</strong></span> <span class='ocrx_word' id='word_1_204' title='bbox 979 1915 1371 1961; x_wconf 91' lang='lat' dir='ltr'><strong>succurrens</strong></span> <span class='ocrx_word' id='word_1_205' title='bbox 1401 1898 1532 1973; x_wconf 89' lang='lat' dir='ltr'><strong>ait,</strong></span> <span class='ocrx_word' id='word_1_206' title='bbox 1583 1903 1830 1960; x_wconf 80' lang='lat' dir='ltr'><strong>textum</strong></span> <span class='ocrx_word' id='word_1_207' title='bbox 1862 1896 2222 1976; x_wconf 89' lang='lat' dir='ltr'><strong>genuinum</strong></span> <span class='ocrx_word' id='word_1_208' title='bbox 2262 1896 2451 1962; x_wconf 92' lang='lat' dir='ltr'><strong>illum</strong></span> <span class='ocrx_word' id='word_1_209' title='bbox 2488 1916 2655 1974; x_wconf 89' lang='lat' dir='ltr'><strong>esse,</strong></span> <span class='ocrx_word' id='word_1_210' title='bbox 2699 1900 2814 1980; x_wconf 87' lang='lat' dir='ltr'><strong>qui</strong></span> <span class='ocrx_word' id='word_1_211' title='bbox 2853 1900 2933 1964; x_wconf 90' lang='lat' dir='ltr'><strong>de</strong></span> <span class='ocrx_word' id='word_1_212' title='bbox 2969 1899 3335 1980; x_wconf 84' lang='lat' dir='ltr'><strong>virginitate</strong></span> 
     </span>
    </p>
   </div>
   <div class='ocr_carea' id='block_1_19' title="bbox 51 2001 1530 2083">
    <p class='ocr_par' dir='ltr' id='par_1_19' title="bbox 51 2001 1529 2081">
     <span class='ocr_line' id='line_1_19' title="bbox 51 2001 1529 2081; baseline 0.002 -22"><span class='ocrx_word' id='word_1_213' title='bbox 51 2007 110 2059; x_wconf 88' lang='lat' dir='ltr'><strong>et</strong></span> <span class='ocrx_word' id='word_1_214' title='bbox 142 2009 336 2079; x_wconf 89' lang='lat' dir='ltr'><strong>partu</strong></span> <span class='ocrx_word' id='word_1_215' title='bbox 372 2008 617 2063; x_wconf 90' lang='lat' dir='ltr'><strong>tantum</strong></span> <span class='ocrx_word' id='word_1_216' title='bbox 650 2001 963 2081; x_wconf 89' lang='lat' dir='ltr'><strong>loquitur,</strong></span> <span class='ocrx_word' id='word_1_217' title='bbox 1005 2002 1480 2081; x_wconf 90' lang='lat' dir='ltr'><strong>legendumque</strong></span> <span class='ocrx_word' id='word_1_218' title='bbox 1514 2023 1529 2062; x_wconf 92' lang='lat'><strong>:</strong></span> 
     </span>
    </p>
   </div>
   <div class='ocr_carea' id='block_1_20' title="bbox 1854 2001 3333 2083">
    <p class='ocr_par' dir='ltr' id='par_1_20' title="bbox 1854 2004 3333 2083">
     <span class='ocr_line' id='line_1_20' title="bbox 1854 2004 3333 2083; baseline 0.004 -23"><span class='ocrx_word' id='word_1_219' title='bbox 1854 2026 1959 2080; x_wconf 73' lang='grc' dir='ltr'><strong>ρια,</strong></span> <span class='ocrx_word' id='word_1_220' title='bbox 1993 2016 2125 2063; x_wconf 90' lang='lat' dir='ltr'><strong>non</strong></span> <span class='ocrx_word' id='word_1_221' title='bbox 2154 2023 2169 2062; x_wconf 90' lang='lat'><strong>:</strong></span> <span class='ocrx_word' id='word_1_222' title='bbox 2202 2009 2294 2061; x_wconf 76' lang='grc' dir='ltr'><strong>καὶ</strong></span> <span class='ocrx_word' id='word_1_223' title='bbox 2333 2008 2402 2062; x_wconf 80' lang='grc' dir='ltr'><strong><em>τὰ</em></strong></span> <span class='ocrx_word' id='word_1_224' title='bbox 2441 2009 2570 2081; x_wconf 75' lang='grc' dir='ltr'><strong>τρία</strong></span> <span class='ocrx_word' id='word_1_225' title='bbox 2604 2014 2908 2083; x_wconf 76' lang='grc' dir='ltr'><strong>μυστήρια.</strong></span> <span class='ocrx_word' id='word_1_226' title='bbox 2948 2004 3072 2066; x_wconf 92' lang='lat' dir='ltr'><strong>Sed</strong></span> <span class='ocrx_word' id='word_1_227' title='bbox 3119 2021 3333 2083; x_wconf 87' lang='lat' dir='ltr'><strong>neque</strong></span> 
     </span>
    </p>
   </div>
   <div class='ocr_carea' id='block_1_21' title="bbox 52 2100 3337 2186">
    <p class='ocr_par' dir='ltr' id='par_1_21' title="bbox 52 2100 3337 2186">
     <span class='ocr_line' id='line_1_21' title="bbox 52 2100 3337 2186; baseline 0.002 -25"><span class='ocrx_word' id='word_1_228' title='bbox 52 2100 169 2164; x_wconf 88' lang='lat' dir='ltr'><strong>hoc</strong></span> <span class='ocrx_word' id='word_1_229' title='bbox 197 2102 640 2168; x_wconf 70' lang='lat' dir='ltr'><strong>difﬁcultatem</strong></span> <span class='ocrx_word' id='word_1_230' title='bbox 668 2104 885 2177; x_wconf 87' lang='lat' dir='ltr'><strong>solvit,</strong></span> <span class='ocrx_word' id='word_1_231' title='bbox 916 2104 1076 2185; x_wconf 85' lang='lat' dir='ltr'><strong>quid</strong></span> <span class='ocrx_word' id='word_1_232' title='bbox 1105 2105 1231 2168; x_wconf 90' lang='lat' dir='ltr'><strong>sibi</strong></span> <span class='ocrx_word' id='word_1_233' title='bbox 1273 2104 1427 2169; x_wconf 90' lang='lat' dir='ltr'><strong>velit</strong></span> <span class='ocrx_word' id='word_1_234' title='bbox 1460 2105 1575 2169; x_wconf 92' lang='lat' dir='ltr'><strong>illa</strong></span> <span class='ocrx_word' id='word_1_235' title='bbox 1602 2122 1721 2168; x_wconf 78' lang='lat' dir='ltr'><strong>vox</strong></span> <span class='ocrx_word' id='word_1_236' title='bbox 1764 2112 2029 2186; x_wconf 73' lang='grc' dir='ltr'><strong>ἐπράχθη.</strong></span> <span class='ocrx_word' id='word_1_237' title='bbox 2072 2108 2296 2186; x_wconf 87' lang='lat' dir='ltr'><strong>Neque</strong></span> <span class='ocrx_word' id='word_1_238' title='bbox 2333 2107 2551 2169; x_wconf 91' lang='lat' dir='ltr'><strong>minus</strong></span> <span class='ocrx_word' id='word_1_239' title='bbox 2586 2107 2867 2171; x_wconf 88' lang='lat' dir='ltr'><strong>violenta</strong></span> <span class='ocrx_word' id='word_1_240' title='bbox 2897 2116 2994 2171; x_wconf 93' lang='lat' dir='ltr'><strong>est</strong></span> <span class='ocrx_word' id='word_1_241' title='bbox 3035 2106 3337 2170; x_wconf 75' lang='lat' dir='ltr'><strong>lectionis</strong></span> 
     </span>
    </p>
   </div>
   <div class='ocr_carea' id='block_1_22' title="bbox 54 2205 3333 2289">
    <p class='ocr_par' dir='ltr' id='par_1_22' title="bbox 54 2205 3333 2289">
     <span class='ocr_line' id='line_1_22' title="bbox 54 2205 3333 2289; baseline 0.002 -25"><span class='ocrx_word' id='word_1_242' title='bbox 54 2205 351 2280; x_wconf 90' lang='lat' dir='ltr'><strong>mutatio,</strong></span> <span class='ocrx_word' id='word_1_243' title='bbox 386 2206 471 2270; x_wconf 90' lang='lat' dir='ltr'><strong>ita</strong></span> <span class='ocrx_word' id='word_1_244' title='bbox 506 2214 576 2269; x_wconf 90' lang='lat' dir='ltr'><strong>ut</strong></span> <span class='ocrx_word' id='word_1_245' title='bbox 604 2224 681 2269; x_wconf 93' lang='lat' dir='ltr'><strong>eo</strong></span> <span class='ocrx_word' id='word_1_246' title='bbox 708 2208 874 2287; x_wconf 93' lang='lat' dir='ltr'><strong>ipso,</strong></span> <span class='ocrx_word' id='word_1_247' title='bbox 908 2224 1104 2289; x_wconf 88' lang='lat' dir='ltr'><strong>quam</strong></span> <span class='ocrx_word' id='word_1_248' title='bbox 1136 2208 1302 2271; x_wconf 90' lang='lat' dir='ltr'><strong>male</strong></span> <span class='ocrx_word' id='word_1_249' title='bbox 1332 2208 1660 2271; x_wconf 64' lang='lat' dir='ltr'><strong>cohaerens</strong></span> <span class='ocrx_word' id='word_1_250' title='bbox 1698 2216 1892 2288; x_wconf 87' lang='lat' dir='ltr'><strong>atque</strong></span> <span class='ocrx_word' id='word_1_251' title='bbox 1922 2207 2275 2288; x_wconf 90' lang='lat' dir='ltr'><strong>impeditus</strong></span> <span class='ocrx_word' id='word_1_252' title='bbox 2312 2208 2398 2271; x_wconf 92' lang='lat' dir='ltr'><strong>sit</strong></span> <span class='ocrx_word' id='word_1_253' title='bbox 2438 2208 2616 2272; x_wconf 91' lang='lat' dir='ltr'><strong>locus</strong></span> <span class='ocrx_word' id='word_1_254' title='bbox 2664 2210 2836 2289; x_wconf 84' lang='lat' dir='ltr'><strong>apud</strong></span> <span class='ocrx_word' id='word_1_255' title='bbox 2884 2211 3141 2288; x_wconf 83' lang='lat' dir='ltr'><strong>Syrum,</strong></span> <span class='ocrx_word' id='word_1_256' title='bbox 3177 2226 3333 2287; x_wconf 88' lang='lat' dir='ltr'><strong>pro-</strong></span> 
     </span>
    </p>
   </div>
   <div class='ocr_carea' id='block_1_23' title="bbox 54 2304 3337 2390">
    <p class='ocr_par' dir='ltr' id='par_1_23' title="bbox 54 2304 3337 2390">
     <span class='ocr_line' id='line_1_23' title="bbox 54 2304 3337 2390; baseline 0.002 -24"><span class='ocrx_word' id='word_1_257' title='bbox 54 2304 223 2380; x_wconf 85' lang='lat' dir='ltr'><strong>dant,</strong></span> <span class='ocrx_word' id='word_1_258' title='bbox 282 2307 461 2387; x_wconf 93' lang='lat' dir='ltr'><strong>quod</strong></span> <span class='ocrx_word' id='word_1_259' title='bbox 506 2308 771 2371; x_wconf 91' lang='lat' dir='ltr'><strong>nonnisi</strong></span> <span class='ocrx_word' id='word_1_260' title='bbox 801 2327 950 2371; x_wconf 90' lang='lat' dir='ltr'><strong>eum</strong></span> <span class='ocrx_word' id='word_1_261' title='bbox 1011 2309 1395 2389; x_wconf 88' lang='lat' dir='ltr'><strong>corrigendo</strong></span> <span class='ocrx_word' id='word_1_262' title='bbox 1438 2326 1704 2372; x_wconf 91' lang='lat' dir='ltr'><strong>sensum</strong></span> <span class='ocrx_word' id='word_1_263' title='bbox 1758 2311 2105 2389; x_wconf 91' lang='lat' dir='ltr'><strong>quemdam</strong></span> <span class='ocrx_word' id='word_1_264' title='bbox 2153 2310 2496 2373; x_wconf 90' lang='lat' dir='ltr'><strong>restituere</strong></span> <span class='ocrx_word' id='word_1_265' title='bbox 2546 2310 2835 2386; x_wconf 89' lang='lat' dir='ltr'><strong>valeant,</strong></span> <span class='ocrx_word' id='word_1_266' title='bbox 2893 2328 3107 2390; x_wconf 88' lang='lat' dir='ltr'><strong>neque</strong></span> <span class='ocrx_word' id='word_1_267' title='bbox 3161 2311 3337 2372; x_wconf 90' lang='lat' dir='ltr'><strong>hunc</strong></span> 
     </span>
    </p>
   </div>
   <div class='ocr_carea' id='block_1_24' title="bbox 54 2407 3337 2493">
    <p class='ocr_par' dir='ltr' id='par_1_24' title="bbox 54 2407 3337 2493">
     <span class='ocr_line' id='line_1_24' title="bbox 54 2407 3337 2493; baseline 0.003 -29"><span class='ocrx_word' id='word_1_268' title='bbox 54 2413 268 2484; x_wconf 86' lang='lat' dir='ltr'><strong>aptum</strong></span> <span class='ocrx_word' id='word_1_269' title='bbox 306 2407 722 2472; x_wconf 79' lang='lat' dir='ltr'><strong>suﬂicienter.</strong></span> <span class='ocrx_word' id='word_1_270' title='bbox 749 2409 947 2473; x_wconf 86' lang='lat' dir='ltr'><strong>Aliud</strong></span> <span class='ocrx_word' id='word_1_271' title='bbox 983 2428 1139 2474; x_wconf 91' lang='lat' dir='ltr'><strong>vero</strong></span> <span class='ocrx_word' id='word_1_272' title='bbox 1181 2411 1324 2490; x_wconf 90' lang='lat' dir='ltr'><strong>ipse</strong></span> <span class='ocrx_word' id='word_1_273' title='bbox 1359 2410 1605 2473; x_wconf 86' lang='lat' dir='ltr'><strong>Ritschl</strong></span> <span class='ocrx_word' id='word_1_274' title='bbox 1638 2411 1961 2491; x_wconf 84' lang='lat' dir='ltr'><strong>prodidit,</strong></span> <span class='ocrx_word' id='word_1_275' title='bbox 1987 2413 2162 2492; x_wconf 92' lang='lat' dir='ltr'><strong>quod</strong></span> <span class='ocrx_word' id='word_1_276' title='bbox 2194 2420 2415 2476; x_wconf 89' lang='lat' dir='ltr'><strong>contra</strong></span> <span class='ocrx_word' id='word_1_277' title='bbox 2458 2413 2674 2493; x_wconf 90' lang='lat' dir='ltr'><strong>ipsum</strong></span> <span class='ocrx_word' id='word_1_278' title='bbox 2709 2421 2957 2476; x_wconf 87' lang='lat' dir='ltr'><strong>vertere</strong></span> <span class='ocrx_word' id='word_1_279' title='bbox 2996 2412 3337 2475; x_wconf 85' lang='lat' dir='ltr'><strong>commode</strong></span> 
     </span>
    </p>
   </div>
   <div class='ocr_carea' id='block_1_25' title="bbox 57 2508 1536 2593">
    <p class='ocr_par' dir='ltr' id='par_1_25' title="bbox 57 2508 1536 2591">
     <span class='ocr_line' id='line_1_25' title="bbox 57 2508 1536 2591; baseline 0.001 -22"><span class='ocrx_word' id='word_1_280' title='bbox 57 2508 321 2584; x_wconf 85' lang='lat' dir='ltr'><strong>poteris.</strong></span> <span class='ocrx_word' id='word_1_281' title='bbox 361 2511 519 2573; x_wconf 90' lang='lat' dir='ltr'><strong>Cum</strong></span> <span class='ocrx_word' id='word_1_282' title='bbox 552 2513 729 2574; x_wconf 89' lang='lat' dir='ltr'><strong>enim</strong></span> <span class='ocrx_word' id='word_1_283' title='bbox 754 2511 1015 2575; x_wconf 63' lang='lat' dir='ltr'><strong>Graecus</strong></span> <span class='ocrx_word' id='word_1_284' title='bbox 1053 2512 1219 2591; x_wconf 89' lang='lat' dir='ltr'><strong>legat</strong></span> <span class='ocrx_word' id='word_1_285' title='bbox 1254 2534 1270 2574; x_wconf 89' lang='lat'><strong>:</strong></span> <span class='ocrx_word' id='word_1_286' title='bbox 1323 2515 1352 2571; x_wconf 85' lang='grc' dir='ltr'>ὁ</span> <span class='ocrx_word' id='word_1_287' title='bbox 1384 2536 1536 2573; x_wconf 78' lang='grc' dir='ltr'><strong>τοκιτ</strong></span> 
     </span>
    </p>
   </div>
   <div class='ocr_carea' id='block_1_26' title="bbox 1853 2508 3332 2593">
    <p class='ocr_par' dir='ltr' id='par_1_26' title="bbox 1896 2512 3332 2593">
     <span class='ocr_line' id='line_1_26' title="bbox 1896 2512 3332 2593; baseline 0.001 -19"><span class='ocrx_word' id='word_1_288' title='bbox 1896 2514 2098 2591; x_wconf 82' lang='lat' dir='ltr'><strong>Syrus</strong></span> <span class='ocrx_word' id='word_1_289' title='bbox 2147 2512 2410 2593; x_wconf 92' lang='lat' dir='ltr'><strong>posuit:</strong></span> <span class='ocrx_word' id='word_1_290' title='bbox 2440 2517 2467 2573; x_wconf 89' lang='grc' dir='ltr'>ὁ</span> <span class='ocrx_word' id='word_1_291' title='bbox 2499 2513 2714 2581; x_wconf 67' lang='grc' dir='ltr'><strong>τοκετὸς</strong></span> <span class='ocrx_word' id='word_1_292' title='bbox 2754 2526 2851 2576; x_wconf 82' lang='grc' dir='ltr'><strong>τοῦ</strong></span> <span class='ocrx_word' id='word_1_293' title='bbox 2887 2522 3109 2593; x_wconf 76' lang='grc' dir='ltr'><strong>Κυρίου,</strong></span> <span class='ocrx_word' id='word_1_294' title='bbox 3158 2514 3332 2592; x_wconf 81' lang='lat' dir='ltr'><strong>quod</strong></span> 
     </span>
    </p>
   </div>
   <div class='ocr_carea' id='block_1_27' title="bbox 54 2610 3340 2693">
    <p class='ocr_par' dir='ltr' id='par_1_27' title="bbox 54 2610 3340 2693">
     <span class='ocr_line' id='line_1_27' title="bbox 54 2610 3340 2693; baseline 0.001 -23"><span class='ocrx_word' id='word_1_295' title='bbox 54 2624 202 2670; x_wconf 76' lang='lat' dir='ltr'><strong>sane</strong></span> <span class='ocrx_word' id='word_1_296' title='bbox 240 2610 565 2673; x_wconf 80' lang='lat' dir='ltr'><strong>absonum</strong></span> <span class='ocrx_word' id='word_1_297' title='bbox 613 2619 711 2674; x_wconf 91' lang='lat' dir='ltr'><strong>est</strong></span> <span class='ocrx_word' id='word_1_298' title='bbox 754 2628 788 2673; x_wconf 91' lang='lat' dir='ltr'><strong>a</strong></span> <span class='ocrx_word' id='word_1_299' title='bbox 842 2611 1150 2692; x_wconf 88' lang='lat' dir='ltr'><strong>loquendi</strong></span> <span class='ocrx_word' id='word_1_300' title='bbox 1200 2628 1350 2686; x_wconf 91' lang='lat' dir='ltr'><strong>usu,</strong></span> <span class='ocrx_word' id='word_1_301' title='bbox 1402 2628 1551 2675; x_wconf 91' lang='lat' dir='ltr'><strong>cum</strong></span> <span class='ocrx_word' id='word_1_302' title='bbox 1585 2611 1697 2674; x_wconf 90' lang='lat' dir='ltr'><strong>illa</strong></span> <span class='ocrx_word' id='word_1_303' title='bbox 1740 2628 1865 2675; x_wconf 84' lang='lat' dir='ltr'><strong>vox</strong></span> <span class='ocrx_word' id='word_1_304' title='bbox 1920 2618 2135 2674; x_wconf 75' lang='grc' dir='ltr'><strong>τοκετὸς</strong></span> <span class='ocrx_word' id='word_1_305' title='bbox 2180 2610 2387 2674; x_wconf 90' lang='lat' dir='ltr'><strong>active</strong></span> <span class='ocrx_word' id='word_1_306' title='bbox 2440 2613 2588 2691; x_wconf 89' lang='lat' dir='ltr'><strong>poni</strong></span> <span class='ocrx_word' id='word_1_307' title='bbox 2646 2612 2873 2686; x_wconf 92' lang='lat' dir='ltr'><strong>soleat,</strong></span> <span class='ocrx_word' id='word_1_308' title='bbox 2936 2612 3340 2693; x_wconf 87' lang='lat' dir='ltr'><strong>proindeque</strong></span> 
     </span>
    </p>
   </div>
   <div class='ocr_carea' id='block_1_28' title="bbox 56 2713 3333 2794">
    <p class='ocr_par' dir='ltr' id='par_1_28' title="bbox 56 2713 3333 2794">
     <span class='ocr_line' id='line_1_28' title="bbox 56 2713 3333 2794; baseline 0 -19"><span class='ocrx_word' id='word_1_309' title='bbox 56 2729 193 2775; x_wconf 87' lang='lat' dir='ltr'><strong>cum</strong></span> <span class='ocrx_word' id='word_1_310' title='bbox 226 2713 524 2791; x_wconf 90' lang='lat' dir='ltr'><strong>genitivo</strong></span> <span class='ocrx_word' id='word_1_311' title='bbox 556 2714 673 2776; x_wconf 89' lang='lat' dir='ltr'><strong>illo</strong></span> <span class='ocrx_word' id='word_1_312' title='bbox 709 2714 943 2794; x_wconf 89' lang='lat' dir='ltr'><strong>objecti</strong></span> <span class='ocrx_word' id='word_1_313' title='bbox 994 2726 1091 2775; x_wconf 85' lang='grc' dir='ltr'><strong>τοῦ</strong></span> <span class='ocrx_word' id='word_1_314' title='bbox 1123 2721 1323 2794; x_wconf 77' lang='grc' dir='ltr'><strong>Κυρίου</strong></span> <span class='ocrx_word' id='word_1_315' title='bbox 1353 2713 1619 2777; x_wconf 91' lang='lat' dir='ltr'><strong>nonnisi</strong></span> <span class='ocrx_word' id='word_1_316' title='bbox 1646 2714 2057 2779; x_wconf 89' lang='lat' dir='ltr'><strong>incommode</strong></span> <span class='ocrx_word' id='word_1_317' title='bbox 2076 2713 2267 2794; x_wconf 91' lang='lat' dir='ltr'><strong>jungi</strong></span> <span class='ocrx_word' id='word_1_318' title='bbox 2303 2713 2530 2794; x_wconf 91' lang='lat' dir='ltr'><strong>possit.</strong></span> <span class='ocrx_word' id='word_1_319' title='bbox 3328 2760 3333 2763; x_wconf 92' lang='grc'><strong>-</strong></span> 
     </span>
    </p>
   </div>
   <div class='ocr_carea' id='block_1_29' title="bbox 127 2814 3338 2896">
    <p class='ocr_par' dir='ltr' id='par_1_29' title="bbox 127 2814 3338 2896">
     <span class='ocr_line' id='line_1_29' title="bbox 127 2814 3338 2896; baseline 0 -22"><span class='ocrx_word' id='word_1_320' title='bbox 127 2814 423 2893; x_wconf 86' lang='lat' dir='ltr'><strong>Epistola</strong></span> <span class='ocrx_word' id='word_1_321' title='bbox 448 2817 528 2880; x_wconf 90' lang='lat' dir='ltr'><strong>ad</strong></span> <span class='ocrx_word' id='word_1_322' title='bbox 563 2818 886 2879; x_wconf 80' lang='lat' dir='ltr'><strong>Romanos</strong></span> <span class='ocrx_word' id='word_1_323' title='bbox 919 2815 1227 2895; x_wconf 88' lang='lat' dir='ltr'><strong>denique,</strong></span> <span class='ocrx_word' id='word_1_324' title='bbox 1272 2816 1443 2891; x_wconf 90' lang='lat' dir='ltr'><strong>licet,</strong></span> <span class='ocrx_word' id='word_1_325' title='bbox 1476 2824 1701 2896; x_wconf 89' lang='lat' dir='ltr'><strong>utpote</strong></span> <span class='ocrx_word' id='word_1_326' title='bbox 1746 2816 1966 2879; x_wconf 89' lang='lat' dir='ltr'><strong>minus</strong></span> <span class='ocrx_word' id='word_1_327' title='bbox 1997 2814 2211 2879; x_wconf 83' lang='lat' dir='ltr'><strong>excisa</strong></span> <span class='ocrx_word' id='word_1_328' title='bbox 2233 2858 2252 2890; x_wconf 95' lang='lat'><strong>,</strong></span> <span class='ocrx_word' id='word_1_329' title='bbox 2304 2814 2641 2894; x_wconf 89' lang='lat' dir='ltr'><strong>pauciora,</strong></span> <span class='ocrx_word' id='word_1_330' title='bbox 2675 2832 2806 2878; x_wconf 88' lang='lat' dir='ltr'><strong>non</strong></span> <span class='ocrx_word' id='word_1_331' title='bbox 2848 2823 3061 2879; x_wconf 89' lang='lat' dir='ltr'><strong>tamen</strong></span> <span class='ocrx_word' id='word_1_332' title='bbox 3117 2817 3338 2879; x_wconf 90' lang='lat' dir='ltr'><strong>minus</strong></span> 
     </span>
    </p>
   </div>
   <div class='ocr_carea' id='block_1_30' title="bbox 58 2914 3337 2998">
    <p class='ocr_par' dir='ltr' id='par_1_30' title="bbox 58 2914 3337 2998">
     <span class='ocr_line' id='line_1_30' title="bbox 58 2914 3337 2998; baseline 0.001 -22"><span class='ocrx_word' id='word_1_333' title='bbox 58 2914 417 2990; x_wconf 82' lang='lat' dir='ltr'><strong>manifesta,</strong></span> <span class='ocrx_word' id='word_1_334' title='bbox 443 2914 791 2996; x_wconf 87' lang='lat' dir='ltr'><strong>interrupti</strong></span> <span class='ocrx_word' id='word_1_335' title='bbox 822 2933 857 2979; x_wconf 92' lang='lat' dir='ltr'><strong>a</strong></span> <span class='ocrx_word' id='word_1_336' title='bbox 894 2917 1056 2995; x_wconf 88' lang='lat' dir='ltr'><strong>Syro</strong></span> <span class='ocrx_word' id='word_1_337' title='bbox 1092 2915 1561 2978; x_wconf 87' lang='lat' dir='ltr'><strong>sententiarum</strong></span> <span class='ocrx_word' id='word_1_338' title='bbox 1591 2932 1800 2979; x_wconf 83' lang='lat' dir='ltr'><strong>nexus</strong></span> <span class='ocrx_word' id='word_1_339' title='bbox 1828 2915 2069 2979; x_wconf 92' lang='lat' dir='ltr'><strong>indicia</strong></span> <span class='ocrx_word' id='word_1_340' title='bbox 2107 2915 2588 2995; x_wconf 63' lang='lat' dir='ltr'><strong>praebet.Velim</strong></span> <span class='ocrx_word' id='word_1_341' title='bbox 2615 2919 2804 2980; x_wconf 91' lang='lat' dir='ltr'><strong>verba</strong></span> <span class='ocrx_word' id='word_1_342' title='bbox 2836 2917 2945 2979; x_wconf 85' lang='lat' dir='ltr'><strong>illa</strong></span> <span class='ocrx_word' id='word_1_343' title='bbox 2971 2917 3094 2998; x_wconf 66' lang='lat' dir='ltr'><strong>(3h)</strong></span> <span class='ocrx_word' id='word_1_344' title='bbox 3122 2918 3337 2997; x_wconf 80' lang='lat' dir='ltr'><strong>legas:</strong></span> 
     </span>
    </p>
   </div>
   <div class='ocr_carea' id='block_1_31' title="bbox 64 3017 3342 3098">
    <p class='ocr_par' dir='ltr' id='par_1_31' title="bbox 64 3017 3342 3098">
     <span class='ocr_line' id='line_1_31' title="bbox 64 3017 3342 3098; baseline 0.001 -23"><span class='ocrx_word' id='word_1_345' title='bbox 64 3017 252 3093; x_wconf 84' lang='lat' dir='ltr'><strong>Ignis,</strong></span> <span class='ocrx_word' id='word_1_346' title='bbox 283 3028 343 3079; x_wconf 80' lang='lat' dir='ltr'><strong>et</strong></span> <span class='ocrx_word' id='word_1_347' title='bbox 389 3035 577 3090; x_wconf 69' lang='lat' dir='ltr'><strong>crux,</strong></span> <span class='ocrx_word' id='word_1_348' title='bbox 612 3027 669 3079; x_wconf 86' lang='lat' dir='ltr'><strong>et</strong></span> <span class='ocrx_word' id='word_1_349' title='bbox 698 3018 927 3091; x_wconf 75' lang='lat' dir='ltr'><strong>bestiw,</strong></span> <span class='ocrx_word' id='word_1_350' title='bbox 956 3036 1091 3098; x_wconf 71' lang='lat' dir='ltr'><strong>qua:</strong></span> <span class='ocrx_word' id='word_1_351' title='bbox 1109 3026 1371 3097; x_wconf 58' lang='lat' dir='ltr'><strong>paratae,</strong></span> <span class='ocrx_word' id='word_1_352' title='bbox 1402 3020 1758 3098; x_wconf 79' lang='lat' dir='ltr'><strong>amputatio</strong></span> <span class='ocrx_word' id='word_1_353' title='bbox 1789 3017 2229 3093; x_wconf 81' lang='lat' dir='ltr'><strong>membrorum,</strong></span> <span class='ocrx_word' id='word_1_354' title='bbox 2266 3029 2321 3080; x_wconf 86' lang='lat' dir='ltr'><strong>et</strong></span> <span class='ocrx_word' id='word_1_355' title='bbox 2343 3020 2592 3098; x_wconf 78' lang='lat' dir='ltr'><strong>sparsio</strong></span> <span class='ocrx_word' id='word_1_356' title='bbox 2626 3021 2861 3080; x_wconf 89' lang='lat' dir='ltr'><strong>ossium</strong></span> <span class='ocrx_word' id='word_1_357' title='bbox 2893 3028 2947 3080; x_wconf 85' lang='lat' dir='ltr'><strong>et</strong></span> <span class='ocrx_word' id='word_1_358' title='bbox 2984 3019 3342 3081; x_wconf 83' lang='lat' dir='ltr'><strong>molitiones</strong></span> 
     </span>
    </p>
   </div>
   <div class='ocr_carea' id='block_1_32' title="bbox 64 3117 3338 3202">
    <p class='ocr_par' dir='ltr' id='par_1_32' title="bbox 64 3117 3338 3202">
     <span class='ocr_line' id='line_1_32' title="bbox 64 3117 3338 3202; baseline 0.002 -23"><span class='ocrx_word' id='word_1_359' title='bbox 64 3118 253 3179; x_wconf 78' lang='lat' dir='ltr'><strong>totius</strong></span> <span class='ocrx_word' id='word_1_360' title='bbox 278 3120 598 3197; x_wconf 84' lang='lat' dir='ltr'><strong>corporis,</strong></span> <span class='ocrx_word' id='word_1_361' title='bbox 635 3128 949 3181; x_wconf 83' lang='lat' dir='ltr'><strong>tormenta</strong></span> <span class='ocrx_word' id='word_1_362' title='bbox 990 3119 1154 3180; x_wconf 86' lang='lat' dir='ltr'><strong>dura</strong></span> <span class='ocrx_word' id='word_1_363' title='bbox 1190 3117 1431 3181; x_wconf 86' lang='lat' dir='ltr'><strong>diaboli</strong></span> <span class='ocrx_word' id='word_1_364' title='bbox 1458 3137 1651 3198; x_wconf 80' lang='lat' dir='ltr'><strong>super</strong></span> <span class='ocrx_word' id='word_1_365' title='bbox 1699 3138 1793 3181; x_wconf 82' lang='lat' dir='ltr'><strong>me</strong></span> <span class='ocrx_word' id='word_1_366' title='bbox 1832 3120 2124 3193; x_wconf 81' lang='lat' dir='ltr'><strong>veniant,</strong></span> <span class='ocrx_word' id='word_1_367' title='bbox 2164 3131 2219 3181; x_wconf 85' lang='lat' dir='ltr'><strong>et</strong></span> <span class='ocrx_word' id='word_1_368' title='bbox 2256 3121 2459 3181; x_wconf 86' lang='lat' dir='ltr'><strong>solum</strong></span> <span class='ocrx_word' id='word_1_369' title='bbox 2496 3121 2651 3180; x_wconf 86' lang='lat' dir='ltr'><strong>Jcsu</strong></span> <span class='ocrx_word' id='word_1_370' title='bbox 2693 3122 2945 3183; x_wconf 79' lang='lat' dir='ltr'><strong>Christo</strong></span> <span class='ocrx_word' id='word_1_371' title='bbox 2988 3124 3338 3202; x_wconf 79' lang='lat' dir='ltr'><strong>digni/iccr.</strong></span> 
     </span>
    </p>
   </div>
   <div class='ocr_carea' id='block_1_33' title="bbox 62 3218 3336 3299">
    <p class='ocr_par' dir='ltr' id='par_1_33' title="bbox 62 3218 3336 3299">
     <span class='ocr_line' id='line_1_33' title="bbox 62 3218 3336 3299; baseline 0.002 -22"><span class='ocrx_word' id='word_1_372' title='bbox 62 3218 316 3280; x_wconf 81' lang='lat' dir='ltr'><strong>Dolores</strong></span> <span class='ocrx_word' id='word_1_373' title='bbox 342 3228 572 3299; x_wconf 84' lang='lat' dir='ltr'><strong>partus</strong></span> <span class='ocrx_word' id='word_1_374' title='bbox 599 3228 771 3281; x_wconf 84' lang='lat' dir='ltr'><strong>stant</strong></span> <span class='ocrx_word' id='word_1_375' title='bbox 790 3237 982 3298; x_wconf 84' lang='lat' dir='ltr'><strong>super</strong></span> <span class='ocrx_word' id='word_1_376' title='bbox 1009 3237 1101 3279; x_wconf 89' lang='lat' dir='ltr'><strong>me</strong></span> <span class='ocrx_word' id='word_1_377' title='bbox 1125 3225 1177 3278; x_wconf 89' lang='lat' dir='ltr'><strong>et</strong></span> <span class='ocrx_word' id='word_1_378' title='bbox 1208 3235 1386 3278; x_wconf 91' lang='lat' dir='ltr'><strong>amor</strong></span> <span class='ocrx_word' id='word_1_379' title='bbox 1409 3237 1579 3279; x_wconf 85' lang='lat' dir='ltr'><strong>meus</strong></span> <span class='ocrx_word' id='word_1_380' title='bbox 1605 3218 1977 3298; x_wconf 76' lang='lat' dir='ltr'><strong>cruciﬁxus,</strong></span> <span class='ocrx_word' id='word_1_381' title='bbox 2016 3227 2071 3280; x_wconf 83' lang='lat' dir='ltr'><strong>et</strong></span> <span class='ocrx_word' id='word_1_382' title='bbox 2105 3236 2235 3279; x_wconf 87' lang='lat' dir='ltr'><strong>non</strong></span> <span class='ocrx_word' id='word_1_383' title='bbox 2287 3227 2373 3279; x_wconf 88' lang='lat' dir='ltr'><strong>cst</strong></span> <span class='ocrx_word' id='word_1_384' title='bbox 2407 3218 2475 3280; x_wconf 90' lang='lat' dir='ltr'><strong>in</strong></span> <span class='ocrx_word' id='word_1_385' title='bbox 2500 3236 2591 3279; x_wconf 84' lang='lat' dir='ltr'><strong>me</strong></span> <span class='ocrx_word' id='word_1_386' title='bbox 2634 3218 2799 3296; x_wconf 85' lang='lat' dir='ltr'><strong>ignis</strong></span> <span class='ocrx_word' id='word_1_387' title='bbox 2844 3219 2910 3280; x_wconf 85' lang='lat' dir='ltr'><strong>in</strong></span> <span class='ocrx_word' id='word_1_388' title='bbox 2935 3240 3146 3280; x_wconf 88' lang='lat' dir='ltr'><strong>amore</strong></span> <span class='ocrx_word' id='word_1_389' title='bbox 3177 3219 3336 3283; x_wconf 82' lang='lat' dir='ltr'><strong>alio.</strong></span> 
     </span>
    </p>
   </div>
   <div class='ocr_carea' id='block_1_34' title="bbox 64 3319 3327 3402">
    <p class='ocr_par' dir='ltr' id='par_1_34' title="bbox 64 3319 3327 3402">
     <span class='ocr_line' id='line_1_34' title="bbox 64 3319 3327 3402; baseline 0.002 -21"><span class='ocrx_word' id='word_1_390' title='bbox 64 3322 401 3393; x_wconf 84' lang='lat' dir='ltr'><strong>Quomodo</strong></span> <span class='ocrx_word' id='word_1_391' title='bbox 438 3322 573 3383; x_wconf 58' lang='lat' dir='ltr'><strong>haec</strong></span> <span class='ocrx_word' id='word_1_392' title='bbox 618 3321 929 3384; x_wconf 84' lang='lat' dir='ltr'><strong>ulteriora</strong></span> <span class='ocrx_word' id='word_1_393' title='bbox 960 3321 1131 3384; x_wconf 83' lang='lat' dir='ltr'><strong>inter</strong></span> <span class='ocrx_word' id='word_1_394' title='bbox 1161 3338 1231 3382; x_wconf 92' lang='lat' dir='ltr'><strong>se</strong></span> <span class='ocrx_word' id='word_1_395' title='bbox 1266 3325 1331 3383; x_wconf 90' lang='lat' dir='ltr'><strong>et</strong></span> <span class='ocrx_word' id='word_1_396' title='bbox 1364 3337 1511 3383; x_wconf 92' lang='lat' dir='ltr'><strong>cum</strong></span> <span class='ocrx_word' id='word_1_397' title='bbox 1552 3320 1882 3401; x_wconf 89' lang='lat' dir='ltr'><strong>prioribus</strong></span> <span class='ocrx_word' id='word_1_398' title='bbox 1925 3319 2310 3395; x_wconf 65' lang='lat' dir='ltr'><strong>cohaereant,</strong></span> <span class='ocrx_word' id='word_1_399' title='bbox 2346 3336 2475 3382; x_wconf 87' lang='lat' dir='ltr'><strong>non</strong></span> <span class='ocrx_word' id='word_1_400' title='bbox 2525 3319 2737 3397; x_wconf 86' lang='lat' dir='ltr'><strong>video,</strong></span> <span class='ocrx_word' id='word_1_401' title='bbox 2766 3338 2980 3401; x_wconf 87' lang='lat' dir='ltr'><strong>neque</strong></span> <span class='ocrx_word' id='word_1_402' title='bbox 3011 3323 3168 3402; x_wconf 87' lang='lat' dir='ltr'><strong>quid</strong></span> <span class='ocrx_word' id='word_1_403' title='bbox 3201 3324 3327 3388; x_wconf 89' lang='lat' dir='ltr'><strong>sibi</strong></span> 
     </span>
    </p>
   </div>
   <div class='ocr_carea' id='block_1_35' title="bbox 66 3422 3344 3504">
    <p class='ocr_par' dir='ltr' id='par_1_35' title="bbox 66 3422 3344 3504">
     <span class='ocr_line' id='line_1_35' title="bbox 66 3422 3344 3504; baseline 0.002 -22"><span class='ocrx_word' id='word_1_404' title='bbox 66 3424 205 3487; x_wconf 84' lang='lat' dir='ltr'><strong>velit</strong></span> <span class='ocrx_word' id='word_1_405' title='bbox 238 3423 407 3485; x_wconf 89' lang='lat' dir='ltr'><strong>illud</strong></span> <span class='ocrx_word' id='word_1_406' title='bbox 455 3434 536 3499; x_wconf 79' lang='lat' dir='ltr'><strong>et,</strong></span> <span class='ocrx_word' id='word_1_407' title='bbox 566 3423 740 3503; x_wconf 89' lang='lat' dir='ltr'><strong>quod</strong></span> <span class='ocrx_word' id='word_1_408' title='bbox 773 3425 996 3503; x_wconf 79' lang='lat' dir='ltr'><strong>Syrus.</strong></span> <span class='ocrx_word' id='word_1_409' title='bbox 1061 3441 1241 3486; x_wconf 89' lang='lat' dir='ltr'><strong>more</strong></span> <span class='ocrx_word' id='word_1_410' title='bbox 1294 3424 1529 3504; x_wconf 87' lang='lat' dir='ltr'><strong>raptim</strong></span> <span class='ocrx_word' id='word_1_411' title='bbox 1592 3422 2025 3503; x_wconf 78' lang='lat' dir='ltr'><strong>excerpentis,</strong></span> <span class='ocrx_word' id='word_1_412' title='bbox 2059 3422 2415 3503; x_wconf 60' lang='lat' dir='ltr'><strong>praeposuit</strong></span> <span class='ocrx_word' id='word_1_413' title='bbox 2469 3422 2601 3485; x_wconf 92' lang='lat' dir='ltr'><strong>illis</strong></span> <span class='ocrx_word' id='word_1_414' title='bbox 2651 3423 2864 3487; x_wconf 88' lang='lat' dir='ltr'><strong>verbis</strong></span> <span class='ocrx_word' id='word_1_415' title='bbox 2901 3446 2916 3486; x_wconf 90' lang='lat'><strong>:</strong></span> <span class='ocrx_word' id='word_1_416' title='bbox 2952 3425 3145 3487; x_wconf 83' lang='lat' dir='ltr'><strong>Amor</strong></span> <span class='ocrx_word' id='word_1_417' title='bbox 3175 3447 3344 3490; x_wconf 83' lang='lat' dir='ltr'><strong>meus</strong></span> 
     </span>
    </p>
   </div>
   <div class='ocr_carea' id='block_1_36' title="bbox 65 3528 553 3605">
    <p class='ocr_par' dir='ltr' id='par_1_36' title="bbox 65 3528 553 3605">
     <span class='ocr_line' id='line_1_36' title="bbox 65 3528 553 3605; baseline 0.004 -19"><span class='ocrx_word' id='word_1_418' title='bbox 65 3528 407 3605; x_wconf 74' lang='lat' dir='ltr'><strong>cruciﬁxus</strong></span> <span class='ocrx_word' id='word_1_419' title='bbox 440 3535 553 3588; x_wconf 81' lang='lat' dir='ltr'><strong>est.</strong></span> 
     </span>
    </p>
   </div>
   <div class='ocr_carea' id='block_1_37' title="bbox 1624 3648 1768 3711">
    <p class='ocr_par' dir='ltr' id='par_1_37' title="bbox 1624 3648 1768 3711">
     <span class='ocr_line' id='line_1_37' title="bbox 1624 3648 1768 3711; baseline -0.007 0"><span class='ocrx_word' id='word_1_420' title='bbox 1624 3648 1768 3711; x_wconf 83' lang='lat' dir='ltr'><strong>V11.</strong></span> 
     </span>
    </p>
   </div>
   <div class='ocr_carea' id='block_1_38' title="bbox 856 3772 2534 3852">
    <p class='ocr_par' dir='ltr' id='par_1_38' title="bbox 856 3772 2534 3852">
     <span class='ocr_line' id='line_1_38' title="bbox 856 3772 2534 3852; baseline -0.002 -14"><span class='ocrx_word' id='word_1_421' title='bbox 856 3775 1176 3838; x_wconf 79' lang='lat' dir='ltr'><strong>Memento</strong></span> <span class='ocrx_word' id='word_1_422' title='bbox 1196 3792 1276 3835; x_wconf 75' lang='lat' dir='ltr'><strong>ea:</strong></span> <span class='ocrx_word' id='word_1_423' title='bbox 1309 3772 1457 3835; x_wconf 81' lang='lat' dir='ltr'><strong>aliis</strong></span> <span class='ocrx_word' id='word_1_424' title='bbox 1495 3774 1859 3836; x_wconf 83' lang='lat' dir='ltr'><strong>rationibus</strong></span> <span class='ocrx_word' id='word_1_425' title='bbox 1891 3773 2161 3836; x_wconf 76' lang='lat' dir='ltr'><strong>internis</strong></span> <span class='ocrx_word' id='word_1_426' title='bbox 2190 3773 2534 3852; x_wconf 85' lang='lat' dir='ltr'><strong>desumpta.</strong></span> 
     </span>
    </p>
   </div>
   <div class='ocr_carea' id='block_1_39' title="bbox 139 3899 3341 3983">
    <p class='ocr_par' dir='ltr' id='par_1_39' title="bbox 139 3899 3341 3983">
     <span class='ocr_line' id='line_1_39' title="bbox 139 3899 3341 3983; baseline -0 -17"><span class='ocrx_word' id='word_1_427' title='bbox 139 3907 423 3968; x_wconf 77' lang='lat' dir='ltr'><strong>Plurima</strong></span> <span class='ocrx_word' id='word_1_428' title='bbox 453 3903 793 3977; x_wconf 88' lang='lat' dir='ltr'><strong>Blondelli,</strong></span> <span class='ocrx_word' id='word_1_429' title='bbox 828 3903 1049 3965; x_wconf 67' lang='lat' dir='ltr'><strong>Dallaai</strong></span> <span class='ocrx_word' id='word_1_430' title='bbox 1072 3902 1484 3982; x_wconf 85' lang='lat' dir='ltr'><strong>aliorumque</strong></span> <span class='ocrx_word' id='word_1_431' title='bbox 1513 3900 1957 3982; x_wconf 89' lang='lat' dir='ltr'><strong>antiquiorum</strong></span> <span class='ocrx_word' id='word_1_432' title='bbox 1988 3900 2221 3981; x_wconf 80' lang='lat' dir='ltr'><strong>lgnatii</strong></span> <span class='ocrx_word' id='word_1_433' title='bbox 2251 3899 2792 3975; x_wconf 85' lang='lat' dir='ltr'><strong>adversariorum,</strong></span> <span class='ocrx_word' id='word_1_434' title='bbox 2836 3920 2987 3979; x_wconf 70' lang='lat' dir='ltr'><strong>qum</strong></span> <span class='ocrx_word' id='word_1_435' title='bbox 3012 3904 3341 3983; x_wconf 88' lang='lat' dir='ltr'><strong>integrum</strong></span> 
     </span>
    </p>
   </div>
   <div class='ocr_carea' id='block_1_40' title="bbox 72 4002 3347 4088">
    <p class='ocr_par' dir='ltr' id='par_1_40' title="bbox 72 4002 3347 4088">
     <span class='ocr_line' id='line_1_40' title="bbox 72 4002 3347 4088; baseline 0 -20"><span class='ocrx_word' id='word_1_436' title='bbox 72 4008 381 4088; x_wconf 80' lang='lat' dir='ltr'><strong>lguatium</strong></span> <span class='ocrx_word' id='word_1_437' title='bbox 414 4007 830 4087; x_wconf 86' lang='lat' dir='ltr'><strong>impetebant,</strong></span> <span class='ocrx_word' id='word_1_438' title='bbox 859 4022 1041 4067; x_wconf 90' lang='lat' dir='ltr'><strong>suam</strong></span> <span class='ocrx_word' id='word_1_439' title='bbox 1074 4007 1142 4067; x_wconf 90' lang='lat' dir='ltr'><strong>in</strong></span> <span class='ocrx_word' id='word_1_440' title='bbox 1175 4022 1306 4067; x_wconf 89' lang='lat' dir='ltr'><strong>rem</strong></span> <span class='ocrx_word' id='word_1_441' title='bbox 1341 4006 1623 4068; x_wconf 88' lang='lat' dir='ltr'><strong>Cureton</strong></span> <span class='ocrx_word' id='word_1_442' title='bbox 1658 4010 1721 4066; x_wconf 92' lang='lat' dir='ltr'><strong>et</strong></span> <span class='ocrx_word' id='word_1_443' title='bbox 1741 4002 2111 4066; x_wconf 91' lang='lat' dir='ltr'><strong>Bunsenius</strong></span> <span class='ocrx_word' id='word_1_444' title='bbox 2134 4004 2538 4083; x_wconf 90' lang='lat' dir='ltr'><strong>adaptarunt.</strong></span> <span class='ocrx_word' id='word_1_445' title='bbox 2565 4004 2723 4075; x_wconf 75' lang='lat' dir='ltr'><strong>Qum</strong></span> <span class='ocrx_word' id='word_1_446' title='bbox 2752 4019 2897 4066; x_wconf 91' lang='lat' dir='ltr'><strong>cum</strong></span> <span class='ocrx_word' id='word_1_447' title='bbox 2930 4021 2965 4066; x_wconf 91' lang='lat' dir='ltr'><strong>a</strong></span> <span class='ocrx_word' id='word_1_448' title='bbox 2996 4006 3347 4068; x_wconf 88' lang='lat' dir='ltr'><strong>Pearsonio</strong></span> 
     </span>
    </p>
   </div>
   <div class='ocr_carea' id='block_1_41' title="bbox 74 4102 3341 4186">
    <p class='ocr_par' dir='ltr' id='par_1_41' title="bbox 74 4102 3341 4186">
     <span class='ocr_line' id='line_1_41' title="bbox 74 4102 3341 4186; baseline 0 -17"><span class='ocrx_word' id='word_1_449' title='bbox 74 4108 361 4186; x_wconf 63' lang='lat' dir='ltr'><strong>praclare</strong></span> <span class='ocrx_word' id='word_1_450' title='bbox 393 4114 453 4168; x_wconf 89' lang='lat' dir='ltr'><strong>et</strong></span> <span class='ocrx_word' id='word_1_451' title='bbox 488 4104 812 4167; x_wconf 86' lang='lat' dir='ltr'><strong>uberrime</strong></span> <span class='ocrx_word' id='word_1_452' title='bbox 843 4102 1089 4166; x_wconf 83' lang='lat' dir='ltr'><strong>fuerint</strong></span> <span class='ocrx_word' id='word_1_453' title='bbox 1136 4103 1368 4175; x_wconf 91' lang='lat' dir='ltr'><strong>soluta,</strong></span> <span class='ocrx_word' id='word_1_454' title='bbox 1402 4119 1532 4165; x_wconf 89' lang='lat' dir='ltr'><strong>non</strong></span> <span class='ocrx_word' id='word_1_455' title='bbox 1564 4102 1688 4165; x_wconf 89' lang='lat' dir='ltr'><strong>erit</strong></span> <span class='ocrx_word' id='word_1_456' title='bbox 1730 4118 1944 4182; x_wconf 73' lang='lat' dir='ltr'><strong>Operm</strong></span> <span class='ocrx_word' id='word_1_457' title='bbox 1973 4102 2280 4182; x_wconf 86' lang='lat' dir='ltr'><strong>pretium,</strong></span> <span class='ocrx_word' id='word_1_458' title='bbox 2314 4120 2461 4183; x_wconf 73' lang='lat' dir='ltr'><strong>qum</strong></span> <span class='ocrx_word' id='word_1_459' title='bbox 2504 4104 2671 4165; x_wconf 89' lang='lat' dir='ltr'><strong>bene</strong></span> <span class='ocrx_word' id='word_1_460' title='bbox 2692 4102 2823 4182; x_wconf 91' lang='lat' dir='ltr'><strong>jam</strong></span> <span class='ocrx_word' id='word_1_461' title='bbox 2854 4104 3023 4168; x_wconf 90' lang='lat' dir='ltr'><strong>dicta</strong></span> <span class='ocrx_word' id='word_1_462' title='bbox 3051 4104 3341 4181; x_wconf 83' lang='lat' dir='ltr'><strong>fuerunt,</strong></span> 
     </span>
    </p>
   </div>
   <div class='ocr_carea' id='block_1_42' title="bbox 76 4205 3350 4295">
    <p class='ocr_par' dir='ltr' id='par_1_42' title="bbox 76 4205 3350 4295">
     <span class='ocr_line' id='line_1_42' title="bbox 76 4205 3350 4295; baseline -0 -20"><span class='ocrx_word' id='word_1_463' title='bbox 76 4225 377 4295; x_wconf 84' lang='lat' dir='ltr'><strong>repetere.</strong></span> <span class='ocrx_word' id='word_1_464' title='bbox 411 4210 694 4275; x_wconf 75' lang='lat' dir='ltr'><strong>Sufﬁciat</strong></span> <span class='ocrx_word' id='word_1_465' title='bbox 724 4210 925 4291; x_wconf 87' lang='lat' dir='ltr'><strong>igitur</strong></span> <span class='ocrx_word' id='word_1_466' title='bbox 955 4209 1343 4272; x_wconf 90' lang='lat' dir='ltr'><strong>benevolum</strong></span> <span class='ocrx_word' id='word_1_467' title='bbox 1372 4208 1675 4272; x_wconf 89' lang='lat' dir='ltr'><strong>lectorem</strong></span> <span class='ocrx_word' id='word_1_468' title='bbox 1711 4208 1790 4271; x_wconf 91' lang='lat' dir='ltr'><strong>ad</strong></span> <span class='ocrx_word' id='word_1_469' title='bbox 1834 4207 2255 4271; x_wconf 89' lang='lat' dir='ltr'><strong>Pearsonium</strong></span> <span class='ocrx_word' id='word_1_470' title='bbox 2294 4208 2647 4284; x_wconf 89' lang='lat' dir='ltr'><strong>remittere,</strong></span> <span class='ocrx_word' id='word_1_471' title='bbox 2682 4215 2744 4271; x_wconf 91' lang='lat' dir='ltr'><strong>et</strong></span> <span class='ocrx_word' id='word_1_472' title='bbox 2776 4205 2994 4289; x_wconf 84' lang='lat' dir='ltr'><strong>aliqua</strong></span> <span class='ocrx_word' id='word_1_473' title='bbox 3029 4214 3350 4292; x_wconf 88' lang='lat' dir='ltr'><strong>superad-</strong></span> 
     </span>
    </p>
   </div>
   <div class='ocr_carea' id='block_1_43' title="bbox 76 4307 3343 4395">
    <p class='ocr_par' dir='ltr' id='par_1_43' title="bbox 76 4307 3343 4395">
     <span class='ocr_line' id='line_1_43' title="bbox 76 4307 3343 4395; baseline -0.001 -17"><span class='ocrx_word' id='word_1_474' title='bbox 76 4318 234 4389; x_wconf 85' lang='lat' dir='ltr'><strong>dere,</strong></span> <span class='ocrx_word' id='word_1_475' title='bbox 289 4331 439 4395; x_wconf 72' lang='lat' dir='ltr'><strong>qum</strong></span> <span class='ocrx_word' id='word_1_476' title='bbox 495 4316 859 4391; x_wconf 87' lang='lat' dir='ltr'><strong>opportuna</strong></span> <span class='ocrx_word' id='word_1_477' title='bbox 910 4315 1372 4385; x_wconf 90' lang='lat' dir='ltr'><strong>occurrerunt,</strong></span> <span class='ocrx_word' id='word_1_478' title='bbox 1430 4308 1920 4389; x_wconf 85' lang='lat' dir='ltr'><strong>nonnullaque,</strong></span> <span class='ocrx_word' id='word_1_479' title='bbox 1980 4325 2127 4389; x_wconf 59' lang='lat' dir='ltr'><strong>quas</strong></span> <span class='ocrx_word' id='word_1_480' title='bbox 2178 4309 2257 4372; x_wconf 89' lang='lat' dir='ltr'><strong>ab</strong></span> <span class='ocrx_word' id='word_1_481' title='bbox 2311 4307 2446 4371; x_wconf 91' lang='lat' dir='ltr'><strong>illis</strong></span> <span class='ocrx_word' id='word_1_482' title='bbox 2503 4325 2583 4373; x_wconf 80' lang='lat' dir='ltr'><strong>ex</strong></span> <span class='ocrx_word' id='word_1_483' title='bbox 2654 4322 2782 4372; x_wconf 83' lang='lat' dir='ltr'><strong>suo</strong></span> <span class='ocrx_word' id='word_1_484' title='bbox 2836 4310 3083 4390; x_wconf 90' lang='lat' dir='ltr'><strong>prolata</strong></span> <span class='ocrx_word' id='word_1_485' title='bbox 3147 4321 3343 4391; x_wconf 87' lang='lat' dir='ltr'><strong>sunt,</strong></span> 
     </span>
    </p>
   </div>
   <div class='ocr_carea' id='block_1_44' title="bbox 77 4424 335 4486">
    <p class='ocr_par' dir='ltr' id='par_1_44' title="bbox 77 4424 335 4486">
     <span class='ocr_line' id='line_1_44' title="bbox 77 4424 335 4486; baseline -0.004 -1"><span class='ocrx_word' id='word_1_486' title='bbox 77 4424 335 4486; x_wconf 88' lang='lat' dir='ltr'><strong>solvere.</strong></span> 
     </span>
    </p>
   </div>
   <div class='ocr_carea' id='block_1_45' title="bbox 144 4518 3346 4610">
    <p class='ocr_par' dir='ltr' id='par_1_45' title="bbox 144 4518 3346 4610">
     <span class='ocr_line' id='line_1_45' title="bbox 144 4518 3346 4610; baseline -0.002 -19"><span class='ocrx_word' id='word_1_487' title='bbox 144 4532 212 4592; x_wconf 90' lang='lat' dir='ltr'><strong>ln</strong></span> <span class='ocrx_word' id='word_1_488' title='bbox 247 4526 521 4610; x_wconf 87' lang='lat' dir='ltr'><strong>epistola</strong></span> <span class='ocrx_word' id='word_1_489' title='bbox 554 4531 770 4587; x_wconf 92' lang='lat' dir='ltr'><strong>nostra</strong></span> <span class='ocrx_word' id='word_1_490' title='bbox 809 4527 887 4584; x_wconf 89' lang='lat' dir='ltr'><strong>ad</strong></span> <span class='ocrx_word' id='word_1_491' title='bbox 924 4520 1350 4601; x_wconf 85' lang='lat' dir='ltr'><strong>Polycarpum</strong></span> <span class='ocrx_word' id='word_1_492' title='bbox 1384 4518 1735 4583; x_wconf 91' lang='lat' dir='ltr'><strong>Curetonio</strong></span> <span class='ocrx_word' id='word_1_493' title='bbox 1757 4519 2019 4583; x_wconf 88' lang='lat' dir='ltr'><strong>videtur</strong></span> <span class='ocrx_word' id='word_1_494' title='bbox 2049 4537 2435 4600; x_wconf 90' lang='lat' dir='ltr'><strong>repugnare,</strong></span> <span class='ocrx_word' id='word_1_495' title='bbox 2485 4518 2657 4599; x_wconf 92' lang='lat' dir='ltr'><strong>quod</strong></span> <span class='ocrx_word' id='word_1_496' title='bbox 2686 4518 2975 4597; x_wconf 89' lang='lat' dir='ltr'><strong>Ignatius</strong></span> <span class='ocrx_word' id='word_1_497' title='bbox 2999 4518 3067 4580; x_wconf 92' lang='lat' dir='ltr'><strong>in</strong></span> <span class='ocrx_word' id='word_1_498' title='bbox 3098 4520 3346 4583; x_wconf 88' lang='lat' dir='ltr'><strong>Troade</strong></span> 
     </span>
    </p>
   </div>
   <div class='ocr_carea' id='block_1_46' title="bbox 80 4617 3343 4705">
    <p class='ocr_par' dir='ltr' id='par_1_46' title="bbox 80 4617 3343 4705">
     <span class='ocr_line' id='line_1_46' title="bbox 80 4617 3343 4705; baseline -0.002 -12"><span class='ocrx_word' id='word_1_499' title='bbox 80 4639 214 4696; x_wconf 89' lang='lat' dir='ltr'><strong>tunc</strong></span> <span class='ocrx_word' id='word_1_500' title='bbox 242 4630 633 4701; x_wconf 87' lang='lat' dir='ltr'><strong>consistens,</strong></span> <span class='ocrx_word' id='word_1_501' title='bbox 688 4628 993 4690; x_wconf 91' lang='lat' dir='ltr'><strong>nuntium</strong></span> <span class='ocrx_word' id='word_1_502' title='bbox 1026 4626 1107 4687; x_wconf 90' lang='lat' dir='ltr'><strong>de</strong></span> <span class='ocrx_word' id='word_1_503' title='bbox 1154 4626 1363 4705; x_wconf 90' lang='lat' dir='ltr'><strong>sopita</strong></span> <span class='ocrx_word' id='word_1_504' title='bbox 1396 4625 1531 4705; x_wconf 92' lang='lat' dir='ltr'><strong>jam</strong></span> <span class='ocrx_word' id='word_1_505' title='bbox 1570 4624 1973 4687; x_wconf 85' lang='lat' dir='ltr'><strong>Antiochena</strong></span> <span class='ocrx_word' id='word_1_506' title='bbox 2032 4617 2482 4704; x_wconf 78' lang='lat' dir='ltr'><strong>persecutione</strong></span> <span class='ocrx_word' id='word_1_507' title='bbox 2534 4624 2860 4703; x_wconf 89' lang='lat' dir='ltr'><strong>accepisse</strong></span> <span class='ocrx_word' id='word_1_508' title='bbox 2911 4631 3343 4704; x_wconf 89' lang='lat' dir='ltr'><strong>supponatur,</strong></span> 
     </span>
    </p>
   </div>
   <div class='ocr_carea' id='block_1_47' title="bbox 82 4728 3347 4813">
    <p class='ocr_par' dir='ltr' id='par_1_47' title="bbox 82 4728 3347 4813">
     <span class='ocr_line' id='line_1_47' title="bbox 82 4728 3347 4813; baseline -0.001 -19"><span class='ocrx_word' id='word_1_509' title='bbox 82 4752 181 4799; x_wconf 89' lang='lat' dir='ltr'><strong>nec</strong></span> <span class='ocrx_word' id='word_1_510' title='bbox 206 4737 449 4810; x_wconf 91' lang='lat' dir='ltr'><strong>minus,</strong></span> <span class='ocrx_word' id='word_1_511' title='bbox 482 4734 654 4813; x_wconf 88' lang='lat' dir='ltr'><strong>quod</strong></span> <span class='ocrx_word' id='word_1_512' title='bbox 689 4732 754 4794; x_wconf 91' lang='lat' dir='ltr'><strong>in</strong></span> <span class='ocrx_word' id='word_1_513' title='bbox 787 4731 1059 4811; x_wconf 89' lang='lat' dir='ltr'><strong>epistola</strong></span> <span class='ocrx_word' id='word_1_514' title='bbox 1092 4732 1167 4793; x_wconf 91' lang='lat' dir='ltr'><strong>ad</strong></span> <span class='ocrx_word' id='word_1_515' title='bbox 1209 4733 1558 4805; x_wconf 85' lang='lat' dir='ltr'><strong>Romanos,</strong></span> <span class='ocrx_word' id='word_1_516' title='bbox 1593 4748 1740 4792; x_wconf 90' lang='lat' dir='ltr'><strong>cum</strong></span> <span class='ocrx_word' id='word_1_517' title='bbox 1778 4733 2072 4810; x_wconf 60' lang='lat' dir='ltr'><strong>Smyrna)</strong></span> <span class='ocrx_word' id='word_1_518' title='bbox 2111 4730 2315 4810; x_wconf 92' lang='lat' dir='ltr'><strong>ipsam</strong></span> <span class='ocrx_word' id='word_1_519' title='bbox 2378 4730 2712 4802; x_wconf 77' lang='lat' dir='ltr'><strong>scriberet,</strong></span> <span class='ocrx_word' id='word_1_520' title='bbox 2757 4728 2889 4807; x_wconf 89' lang='lat' dir='ltr'><strong>jam</strong></span> <span class='ocrx_word' id='word_1_521' title='bbox 2938 4738 3347 4808; x_wconf 86' lang='lat' dir='ltr'><strong>supponatur</strong></span> 
     </span>
    </p>
   </div>
   <div class='ocr_carea' id='block_1_48' title="bbox 86 4830 3345 4913">
    <p class='ocr_par' dir='ltr' id='par_1_48' title="bbox 86 4830 3345 4913">
     <span class='ocr_line' id='line_1_48' title="bbox 86 4830 3345 4913; baseline -0.001 -16"><span class='ocrx_word' id='word_1_522' title='bbox 86 4838 417 4911; x_wconf 84' lang='lat' dir='ltr'><strong>audivisse,</strong></span> <span class='ocrx_word' id='word_1_523' title='bbox 450 4838 770 4895; x_wconf 83' lang='lat' dir='ltr'><strong>Romanos</strong></span> <span class='ocrx_word' id='word_1_524' title='bbox 818 4850 1001 4895; x_wconf 91' lang='lat' dir='ltr'><strong>suam</strong></span> <span class='ocrx_word' id='word_1_525' title='bbox 1053 4832 1503 4895; x_wconf 90' lang='lat' dir='ltr'><strong>liberationem</strong></span> <span class='ocrx_word' id='word_1_526' title='bbox 1555 4834 2024 4911; x_wconf 88' lang='lat' dir='ltr'><strong>procurandam</strong></span> <span class='ocrx_word' id='word_1_527' title='bbox 2076 4831 2205 4895; x_wconf 89' lang='lat' dir='ltr'><strong>sibi</strong></span> <span class='ocrx_word' id='word_1_528' title='bbox 2253 4832 2695 4911; x_wconf 86' lang='lat' dir='ltr'><strong>preposuisse.</strong></span> <span class='ocrx_word' id='word_1_529' title='bbox 2745 4831 2842 4892; x_wconf 89' lang='lat' dir='ltr'><strong>Ad</strong></span> <span class='ocrx_word' id='word_1_530' title='bbox 2888 4830 3024 4894; x_wconf 68' lang='lat' dir='ltr'><strong>hinc</strong></span> <span class='ocrx_word' id='word_1_531' title='bbox 3076 4850 3345 4913; x_wconf 88' lang='lat' dir='ltr'><strong>respon-</strong></span> 
     </span>
    </p>
   </div>
   <div class='ocr_carea' id='block_1_49' title="bbox 88 4935 3345 5016">
    <p class='ocr_par' dir='ltr' id='par_1_49' title="bbox 88 4935 3345 5016">
     <span class='ocr_line' id='line_1_49' title="bbox 88 4935 3345 5016; baseline -0.001 -15"><span class='ocrx_word' id='word_1_532' title='bbox 88 4944 345 5003; x_wconf 70' lang='lat' dir='ltr'><strong>dendum</strong></span> <span class='ocrx_word' id='word_1_533' title='bbox 407 4937 767 5000; x_wconf 91' lang='lat' dir='ltr'><strong>lentissime</strong></span> <span class='ocrx_word' id='word_1_534' title='bbox 808 4936 932 4998; x_wconf 92' lang='lat' dir='ltr'><strong>iter</strong></span> <span class='ocrx_word' id='word_1_535' title='bbox 960 4952 1153 4997; x_wconf 92' lang='lat' dir='ltr'><strong>suum</strong></span> <span class='ocrx_word' id='word_1_536' title='bbox 1187 4936 1397 5016; x_wconf 86' lang='lat' dir='ltr'><strong>egisse</strong></span> <span class='ocrx_word' id='word_1_537' title='bbox 1444 4935 1792 5016; x_wconf 83' lang='lat' dir='ltr'><strong>Ignatium,</strong></span> <span class='ocrx_word' id='word_1_538' title='bbox 1826 4954 1971 4999; x_wconf 92' lang='lat' dir='ltr'><strong>cum</strong></span> <span class='ocrx_word' id='word_1_539' title='bbox 2003 4953 2082 4997; x_wconf 83' lang='lat' dir='ltr'><strong>ex</strong></span> <span class='ocrx_word' id='word_1_540' title='bbox 2116 4937 2386 4998; x_wconf 82' lang='lat' dir='ltr'><strong>Actibus</strong></span> <span class='ocrx_word' id='word_1_541' title='bbox 2430 4935 2721 5014; x_wconf 76' lang='lat' dir='ltr'><strong>martyrii</strong></span> <span class='ocrx_word' id='word_1_542' title='bbox 2775 4937 3139 5015; x_wconf 84' lang='lat' dir='ltr'><strong>persecutio</strong></span> <span class='ocrx_word' id='word_1_543' title='bbox 3170 4954 3345 4999; x_wconf 84' lang='lat' dir='ltr'><strong>neno</strong></span> 
     </span>
    </p>
   </div>
   <div class='ocr_carea' id='block_1_50' title="bbox 92 5037 3343 5121">
    <p class='ocr_par' dir='ltr' id='par_1_50' title="bbox 92 5037 3343 5121">
     <span class='ocr_line' id='line_1_50' title="bbox 92 5037 3343 5121; baseline -0 -20"><span class='ocrx_word' id='word_1_544' title='bbox 92 5042 320 5121; x_wconf 84' lang='lat' dir='ltr'><strong>Trajani</strong></span> <span class='ocrx_word' id='word_1_545' title='bbox 351 5056 522 5102; x_wconf 81' lang='lat' dir='ltr'><strong>anno</strong></span> <span class='ocrx_word' id='word_1_546' title='bbox 543 5037 899 5117; x_wconf 76' lang='lat' dir='ltr'><strong>incmperit,</strong></span> <span class='ocrx_word' id='word_1_547' title='bbox 934 5053 1238 5118; x_wconf 77' lang='lat' dir='ltr'><strong>moxque,</strong></span> <span class='ocrx_word' id='word_1_548' title='bbox 1262 5039 1366 5100; x_wconf 91' lang='lat' dir='ltr'><strong>die</strong></span> <span class='ocrx_word' id='word_1_549' title='bbox 1384 5040 1423 5099; x_wconf 85' lang='lat'><strong>&#39;7</strong></span> <span class='ocrx_word' id='word_1_550' title='bbox 1444 5038 1759 5112; x_wconf 87' lang='lat' dir='ltr'><strong>Januarii,</strong></span> <span class='ocrx_word' id='word_1_551' title='bbox 1788 5045 1947 5100; x_wconf 91' lang='lat' dir='ltr'><strong>teste</strong></span> <span class='ocrx_word' id='word_1_552' title='bbox 1969 5040 2215 5100; x_wconf 86' lang='lat' dir='ltr'><strong>Joanne</strong></span> <span class='ocrx_word' id='word_1_553' title='bbox 2240 5038 2490 5111; x_wconf 86' lang='lat' dir='ltr'><strong>Malala,</strong></span> <span class='ocrx_word' id='word_1_554' title='bbox 2514 5040 2592 5101; x_wconf 90' lang='lat' dir='ltr'><strong>ad</strong></span> <span class='ocrx_word' id='word_1_555' title='bbox 2618 5038 3032 5118; x_wconf 91' lang='lat' dir='ltr'><strong>imperatoris</strong></span> <span class='ocrx_word' id='word_1_556' title='bbox 3063 5038 3343 5100; x_wconf 89' lang='lat' dir='ltr'><strong>tribunal</strong></span> 
     </span>
    </p>
   </div>
   <div class='ocr_carea' id='block_1_51' title="bbox 88 5137 3341 5218">
    <p class='ocr_par' dir='ltr' id='par_1_51' title="bbox 88 5137 3341 5218">
     <span class='ocr_line' id='line_1_51' title="bbox 88 5137 3341 5218; baseline -0.002 -16"><span class='ocrx_word' id='word_1_557' title='bbox 88 5142 403 5216; x_wconf 86' lang='lat' dir='ltr'><strong>deductus,</strong></span> <span class='ocrx_word' id='word_1_558' title='bbox 438 5160 514 5203; x_wconf 76' lang='lat' dir='ltr'><strong>ex</strong></span> <span class='ocrx_word' id='word_1_559' title='bbox 531 5141 701 5203; x_wconf 87' lang='lat' dir='ltr'><strong>Actis</strong></span> <span class='ocrx_word' id='word_1_560' title='bbox 732 5139 995 5201; x_wconf 83' lang='lat' dir='ltr'><strong>nonnisi</strong></span> <span class='ocrx_word' id='word_1_561' title='bbox 1026 5139 1216 5202; x_wconf 88' lang='lat' dir='ltr'><strong>initio</strong></span> <span class='ocrx_word' id='word_1_562' title='bbox 1251 5139 1486 5202; x_wconf 91' lang='lat' dir='ltr'><strong>decimi</strong></span> <span class='ocrx_word' id='word_1_563' title='bbox 1515 5140 1693 5214; x_wconf 89' lang='lat' dir='ltr'><strong>anni,</strong></span> <span class='ocrx_word' id='word_1_564' title='bbox 1724 5140 1830 5203; x_wconf 93' lang='lat' dir='ltr'><strong>die</strong></span> <span class='ocrx_word' id='word_1_565' title='bbox 1862 5141 1944 5200; x_wconf 79' lang='lat'><strong>20</strong></span> <span class='ocrx_word' id='word_1_566' title='bbox 1978 5142 2355 5204; x_wconf 74' lang='lat' dir='ltr'><strong>Decembris</strong></span> <span class='ocrx_word' id='word_1_567' title='bbox 2387 5142 2502 5201; x_wconf 88' lang='grc'><strong>107</strong></span> <span class='ocrx_word' id='word_1_568' title='bbox 2525 5182 2541 5211; x_wconf 92' lang='grc'><em>,</em></span> <span class='ocrx_word' id='word_1_569' title='bbox 2578 5138 2891 5218; x_wconf 84' lang='lat' dir='ltr'><strong>martyrio</strong></span> <span class='ocrx_word' id='word_1_570' title='bbox 2937 5137 3202 5201; x_wconf 86' lang='lat' dir='ltr'><strong>functus</strong></span> <span class='ocrx_word' id='word_1_571' title='bbox 3234 5137 3341 5211; x_wconf 79' lang='lat' dir='ltr'><strong>sit,</strong></span> 
     </span>
    </p>
   </div>
   <div class='ocr_carea' id='block_1_52' title="bbox 88 5243 3341 5339">
    <p class='ocr_par' dir='ltr' id='par_1_52' title="bbox 88 5243 3341 5326">
     <span class='ocr_line' id='line_1_52' title="bbox 88 5243 3341 5326; baseline -0.001 -19"><span class='ocrx_word' id='word_1_572' title='bbox 88 5245 353 5326; x_wconf 85' lang='lat' dir='ltr'><strong>adeoque</strong></span> <span class='ocrx_word' id='word_1_573' title='bbox 404 5244 539 5308; x_wconf 86' lang='lat' dir='ltr'><strong>fere</strong></span> <span class='ocrx_word' id='word_1_574' title='bbox 587 5244 839 5323; x_wconf 82' lang='lat' dir='ltr'><strong>integro</strong></span> <span class='ocrx_word' id='word_1_575' title='bbox 891 5259 1062 5305; x_wconf 89' lang='lat' dir='ltr'><strong>anno</strong></span> <span class='ocrx_word' id='word_1_576' title='bbox 1103 5260 1140 5305; x_wconf 88' lang='lat' dir='ltr'><strong>a</strong></span> <span class='ocrx_word' id='word_1_577' title='bbox 1196 5243 1588 5307; x_wconf 91' lang='lat' dir='ltr'><strong>satellitibus</strong></span> <span class='ocrx_word' id='word_1_578' title='bbox 1637 5244 1788 5306; x_wconf 90' lang='lat' dir='ltr'><strong>hinc</strong></span> <span class='ocrx_word' id='word_1_579' title='bbox 1826 5244 1979 5307; x_wconf 91' lang='lat' dir='ltr'><strong>inde</strong></span> <span class='ocrx_word' id='word_1_580' title='bbox 2032 5252 2392 5323; x_wconf 89' lang='lat' dir='ltr'><strong>protractus</strong></span> <span class='ocrx_word' id='word_1_581' title='bbox 2440 5243 2678 5319; x_wconf 84' lang='lat' dir='ltr'><strong>fuerit,</strong></span> <span class='ocrx_word' id='word_1_582' title='bbox 2751 5252 2818 5306; x_wconf 95' lang='lat' dir='ltr'><strong>ut</strong></span> <span class='ocrx_word' id='word_1_583' title='bbox 2861 5260 2897 5305; x_wconf 90' lang='lat' dir='ltr'><strong>a</strong></span> <span class='ocrx_word' id='word_1_584' title='bbox 2937 5243 3341 5305; x_wconf 90' lang='lat' dir='ltr'><strong>diversarum</strong></span> 
     </span>
    </p>
   </div>
   <div class='ocr_carea' id='block_1_53' title="bbox 89 5344 3338 5427">
    <p class='ocr_par' dir='ltr' id='par_1_53' title="bbox 89 5344 3338 5427">
     <span class='ocr_line' id='line_1_53' title="bbox 89 5344 3338 5427; baseline -0.001 -20"><span class='ocrx_word' id='word_1_585' title='bbox 89 5349 325 5411; x_wconf 89' lang='lat' dir='ltr'><strong>urbium</strong></span> <span class='ocrx_word' id='word_1_586' title='bbox 358 5346 739 5411; x_wconf 88' lang='lat' dir='ltr'><strong>Christianis</strong></span> <span class='ocrx_word' id='word_1_587' title='bbox 781 5346 1087 5425; x_wconf 89' lang='lat' dir='ltr'><strong>pecunias</strong></span> <span class='ocrx_word' id='word_1_588' title='bbox 1130 5364 1244 5426; x_wconf 92' lang='lat' dir='ltr'><strong>pro</strong></span> <span class='ocrx_word' id='word_1_589' title='bbox 1272 5346 1666 5427; x_wconf 87' lang='lat' dir='ltr'><strong>alloquendo</strong></span> <span class='ocrx_word' id='word_1_590' title='bbox 1698 5354 1760 5410; x_wconf 92' lang='lat' dir='ltr'><strong>et</strong></span> <span class='ocrx_word' id='word_1_591' title='bbox 1793 5347 2172 5410; x_wconf 88' lang='lat' dir='ltr'><strong>deducendo</strong></span> <span class='ocrx_word' id='word_1_592' title='bbox 2220 5346 2469 5427; x_wconf 90' lang='lat' dir='ltr'><strong>lgnatio</strong></span> <span class='ocrx_word' id='word_1_593' title='bbox 2500 5345 2933 5409; x_wconf 81' lang='lat' dir='ltr'><strong>extraherent.</strong></span> <span class='ocrx_word' id='word_1_594' title='bbox 2964 5345 3119 5406; x_wconf 88' lang='lat' dir='ltr'><strong>Acta</strong></span> <span class='ocrx_word' id='word_1_595' title='bbox 3148 5344 3338 5405; x_wconf 87' lang='lat' dir='ltr'><strong>etiam</strong></span> 
     </span>
    </p>
   </div>
   <div class='ocr_carea' id='block_1_54' title="bbox 94 5445 1573 5534">
    <p class='ocr_par' dir='ltr' id='par_1_54' title="bbox 94 5453 1569 5534">
     <span class='ocr_line' id='line_1_54' title="bbox 94 5453 1569 5534; baseline 0.003 -23"><span class='ocrx_word' id='word_1_596' title='bbox 94 5454 355 5517; x_wconf 81' lang='lat' dir='ltr'><strong>referunt</strong></span> <span class='ocrx_word' id='word_1_597' title='bbox 378 5472 525 5516; x_wconf 91' lang='lat' dir='ltr'><strong>eum</strong></span> <span class='ocrx_word' id='word_1_598' title='bbox 556 5460 693 5534; x_wconf 76' lang='grc' dir='ltr'><strong><em>μετὰ</em></strong></span> <span class='ocrx_word' id='word_1_599' title='bbox 721 5457 886 5512; x_wconf 64' lang='grc' dir='ltr'><strong>πηλὸν</strong></span> <span class='ocrx_word' id='word_1_600' title='bbox 906 5459 1144 5532; x_wconf 73' lang='grc' dir='ltr'><strong><em>κάματον</em></strong></span> <span class='ocrx_word' id='word_1_601' title='bbox 1171 5453 1509 5534; x_wconf 78' lang='lat' dir='ltr'><strong>Smyrnam</strong></span> <span class='ocrx_word' id='word_1_602' title='bbox 1535 5470 1569 5515; x_wconf 90' lang='lat' dir='ltr'><strong>a</strong></span> 
     </span>
    </p>
   </div>
   <div class='ocr_carea' id='block_1_55' title="bbox 1864 5445 3343 5534">
    <p class='ocr_par' dir='ltr' id='par_1_55' title="bbox 1895 5445 3343 5531">
     <span class='ocr_line' id='line_1_55' title="bbox 1895 5445 3343 5531; baseline -0.003 -18"><span class='ocrx_word' id='word_1_603' title='bbox 1895 5453 2043 5531; x_wconf 76' lang='lat'><strong>(35),</strong></span> <span class='ocrx_word' id='word_1_604' title='bbox 2082 5470 2295 5531; x_wconf 92' lang='lat' dir='ltr'><strong>neque</strong></span> <span class='ocrx_word' id='word_1_605' title='bbox 2336 5451 2553 5513; x_wconf 91' lang='lat' dir='ltr'><strong>brevis</strong></span> <span class='ocrx_word' id='word_1_606' title='bbox 2582 5457 2701 5527; x_wconf 88' lang='lat' dir='ltr'><strong>est,</strong></span> <span class='ocrx_word' id='word_1_607' title='bbox 2744 5463 2939 5529; x_wconf 86' lang='lat' dir='ltr'><strong>quam</strong></span> <span class='ocrx_word' id='word_1_608' title='bbox 2969 5445 3343 5511; x_wconf 84' lang='lat' dir='ltr'><strong>describunt</strong></span> 
     </span>
    </p>
   </div>
   <div class='ocr_carea' id='block_1_56' title="bbox 152 5629 1631 5703">
    <p class='ocr_par' dir='ltr' id='par_1_56' title="bbox 152 5629 1209 5703">
     <span class='ocr_line' id='line_1_56' title="bbox 152 5629 1209 5703; baseline 0.007 -22"><span class='ocrx_word' id='word_1_609' title='bbox 152 5629 256 5703; x_wconf 55' lang='grc' dir='ltr'><strong>(ἒξ)</strong></span> <span class='ocrx_word' id='word_1_610' title='bbox 288 5629 543 5703; x_wconf 70' lang='grc' dir='ltr'><strong>Υὶηάὶεξιε</strong></span> <span class='ocrx_word' id='word_1_611' title='bbox 579 5631 878 5703; x_wconf 79' lang='lat' dir='ltr'><strong>Ignauan.,</strong></span> <span class='ocrx_word' id='word_1_612' title='bbox 899 5630 1050 5688; x_wconf 77' lang='lat' dir='ltr'><strong>Prol.</strong></span> <span class='ocrx_word' id='word_1_613' title='bbox 1078 5649 1209 5688; x_wconf 77' lang='lat' dir='ltr'><strong>xxv.</strong></span> 
     </span>
    </p>
   </div>
   <div class='ocr_carea' id='block_1_57' title="bbox 798 5629 2277 5703">
    <p class='ocr_par' dir='ltr' id='par_1_57' title="bbox 798 5630 2277 5703">
     <span class='ocr_line' id='line_1_57' title="bbox 798 5630 2277 5703; baseline 0.001 -19"><span class='ocrx_word' id='word_1_614' title='bbox 798 5650 878 5700; x_wconf 71' lang='grc' dir='ltr'><strong>η..</strong></span> <span class='ocrx_word' id='word_1_615' title='bbox 899 5630 1050 5688; x_wconf 77' lang='lat' dir='ltr'><strong>Prol.</strong></span> <span class='ocrx_word' id='word_1_616' title='bbox 1078 5649 1209 5688; x_wconf 77' lang='lat' dir='ltr'><strong>xxv.</strong></span> <span class='ocrx_word' id='word_1_617' title='bbox 1827 5636 1936 5702; x_wconf 68' lang='grc'><strong>(54)</strong></span> <span class='ocrx_word' id='word_1_618' title='bbox 1961 5631 2028 5703; x_wconf 58' lang='grc' dir='ltr'><strong>Ν,</strong></span> <span class='ocrx_word' id='word_1_619' title='bbox 2057 5635 2112 5698; x_wconf 84' lang='grc'><strong>5,</strong></span> <span class='ocrx_word' id='word_1_620' title='bbox 2140 5633 2195 5699; x_wconf 89' lang='lat'><strong>6,</strong></span> <span class='ocrx_word' id='word_1_621' title='bbox 2224 5634 2277 5693; x_wconf 91' lang='lat'><strong>7.</strong></span> 
     </span>
    </p>
   </div>
   <div class='ocr_carea' id='block_1_58' title="bbox 155 5698 1634 5785">
    <p class='ocr_par' dir='ltr' id='par_1_58' title="bbox 155 5698 1455 5785">
     <span class='ocr_line' id='line_1_58' title="bbox 155 5698 1455 5785; baseline 0.009 -34"><span class='ocrx_word' id='word_1_622' title='bbox 155 5698 253 5769; x_wconf 50' lang='lat' dir='ltr'><strong>r35)</strong></span> <span class='ocrx_word' id='word_1_623' title='bbox 281 5700 436 5771; x_wconf 81' lang='lat' dir='ltr'><strong>Corp.</strong></span> <span class='ocrx_word' id='word_1_624' title='bbox 471 5701 569 5773; x_wconf 87' lang='lat' dir='ltr'><strong>Ign</strong></span> <span class='ocrx_word' id='word_1_625' title='bbox 600 5698 689 5774; x_wconf 58' lang='grc' dir='ltr'><strong>ξι).</strong></span> <span class='ocrx_word' id='word_1_626' title='bbox 718 5698 871 5759; x_wconf 52' lang='grc'><strong>286(</strong></span> <span class='ocrx_word' id='word_1_627' title='bbox 1450 5778 1455 5785; x_wconf 28' lang='grc'><em>,</em></span> 
     </span>
    </p>
   </div>
   <div class='ocr_carea' id='block_1_59' title="bbox 650 5698 2129 5785">
    <p class='ocr_par' dir='ltr' id='par_1_59' title="bbox 650 5698 2129 5785">
     <span class='ocr_line' id='line_1_59' title="bbox 650 5698 2129 5785; baseline 0.003 -29"><span class='ocrx_word' id='word_1_628' title='bbox 650 5720 689 5773; x_wconf 68' lang='grc' dir='ltr'><strong>ρ.</strong></span> <span class='ocrx_word' id='word_1_629' title='bbox 718 5698 871 5759; x_wconf 67' lang='lat'><strong>286;</strong></span> <span class='ocrx_word' id='word_1_630' title='bbox 1450 5778 1455 5785; x_wconf 29' lang='grc'><em>,</em></span> <span class='ocrx_word' id='word_1_631' title='bbox 1828 5698 1935 5776; x_wconf 65' lang='grc' dir='ltr'><strong>(εδ)</strong></span> <span class='ocrx_word' id='word_1_632' title='bbox 1975 5702 2039 5759; x_wconf 85' lang='lat' dir='ltr'><strong>N.</strong></span> <span class='ocrx_word' id='word_1_633' title='bbox 2076 5705 2129 5760; x_wconf 81' lang='lat'><strong>5.</strong></span> 
     </span>
    </p>
   </div>
  </div>
