3746 6312
370 270 489 334 615
1467 258 1524 315 s.
1560 258 1843 317 mnum

2163 261 2503 319 tLEGOMEN
2516 264 2555 317 Δ
2564 303 2579 319 .
3545 266 3642 320 616

370 382 645 444 ulterior
694 380 796 443 via
841 398 879 444 a
923 381 1330 446 sanctissimo
1387 388 1666 460 martyrc
1727 400 1987 445 emensa
2040 382 2191 465 (36),
2231 384 2337 446 cui
2384 390 2693 446 consonat
2744 384 3239 464 Chrysostomus
3296 387 3368 448 in
3417 403 3537 447 sua
3587 388 3641 447 in

368 486 431 544 S.
464 481 785 561 Ignatium
815 482 1081 544 homilia
1111 481 1359 554 dicens,
1398 482 1650 543 hostem
1702 498 1847 544 men

2164 502 2228 548 us
2260 486 2630 567 opprimere
2661 486 2945 549 voluisse
2978 499 3165 565 καὶτῷ
3188 496 3345 567 μήκει
3374 501 3475 554 τῆς
3505 489 3643 565 ὁδοῦ,

355 592 451 646 καὶ
489 598 561 664 τῷ
600 590 781 651 πλήθει
807 600 906 645 τῶν
934 594 1163 666 ἦμερῶν.
1213 583 1384 645 Hinc
1410 584 1691 663 spatium
1722 592 1834 648 terr

2169 587 2684 653 ﬁcientissimum
2717 588 2946 661 adfuit,
2984 596 3053 649 ut
3084 598 3147 649 et
3187 590 3395 651 Roma
3431 595 3498 649 et
3532 591 3648 648 An-

364 685 603 747 tiochia
640 688 903 750 nuntios
933 688 1273 766 acciperet.
1305 686 1510 763 Adde,
1542 688 1715 768 quod
1746 687 1814 750 iu
1846 687 2051 768 priori
2079 706 2229 754 casu
2261 691 2338 754 ad
2371 692 2828 756 revelationem
2878 692 3005 755 sibi
3035 689 3263 754 factam
3296 699 3646 772 provocet;

367 801 440 861 ὡς
466 793 688 858 tantum;
722 819 836 871 μοι.

3330 778 3346 795 σ

442 895 590 955 Post
631 893 765 955 hinc
794 894 1074 955 Cureton
1124 891 1338 971 quoad
1390 888 1729 969 epistolam
1777 890 1853 951 ad
1900 891 2228 953 Romanos
2275 890 2522 971 objicit,
2573 910 2712 955 eam
2747 910 2827 955 ex
2875 899 3052 957 textu
3098 894 3323 959 Grmco
3362 898 3650 973 Smyrnaa

362 995 662 1075 scriptam
698 996 846 1075 (37).
882 994 1077 1073 Atqui
1128 1011 1207 1054 ex
1238 990 1406 1053 Actis
1458 989 1748 1068 martyrii
1789 992 2128 1069 Smyrnam
2175 991 2387 1070 primo
2438 994 2713 1072 appulit.
2763 994 3102 1068 Quomodo
3146 998 3374 1077 itaque
3425 997 3497 1059 in
3548 998 3649 1060 hac

362 1098 499 1177 ipsa
531 1095 823 1176 epistola,
860 1103 928 1156 ut
954 1095 1020 1155 in
1052 1094 1271 1155 Grmco
1299 1091 1594 1165 habetur,
1630 1090 1913 1153 scribere
1942 1096 2188 1171 poterat
2218 1092 2512 1154 omnium
2557 1093 2817 1155 urbium
2847 1138 2863 1167 ,
2898 1112 3056 1174 quas
3102 1096 3171 1158 in
3212 1097 3463 1160 itinere
3509 1098 3647 1159 atti-

360 1199 549 1279 gerit,
607 1196 1004 1260 Christianos
1054 1195 1268 1273 ipsum
1313 1210 1566 1255 summa
1616 1209 1761 1254 cum
1804 1192 2109 1256 charitate
2142 1194 2529 1273 suscepisse,
2564 1194 2696 1258 imo
2727 1203 2787 1258 et
2834 1196 3003 1270 illas,
3052 1215 3198 1277 quae
3238 1217 3274 1261 a
3306 1201 3420 1263 via
3454 1200 3647 1261 dista-

362 1300 540 1373 bant,
576 1303 815 1379 legatos
843 1298 921 1359 ad
944 1295 1158 1375 ipsum
1194 1294 1492 1355 misisse?
1522 1295 1768 1354 Verum
1802 1301 1936 1357 acta
1968 1311 2098 1356 non
2133 1294 2395 1367 dicunt,
2429 1294 2644 1373 ipsum
2680 1295 2889 1373 primo
2934 1297 3274 1375 Smyrnam
3315 1298 3651 1377 appulisse

360 1406 424 1460 et
454 1398 689 1460 nullibi
721 1407 928 1460 antea.
963 1398 1155 1459 Aliud
1186 1396 1485 1476 estquod
1514 1397 1592 1458 de
1644 1396 1760 1459 hac
1808 1401 1968 1462 urbe
2013 1401 2224 1478 primo
2272 1400 2513 1476 dicant,
2565 1399 2781 1479 ipsum
2836 1418 2914 1463 eo
2963 1404 3321 1482 appulisse,
3379 1403 3466 1464 de
3516 1402 3650 1463 aliis

358 1499 615 1561 sileant.
649 1501 807 1563 Cum
835 1500 1012 1562 enim
1056 1507 1303 1561 veteres
1338 1499 1569 1561 itinera
1603 1500 1927 1563 maritima
1960 1502 2172 1565 littora
2207 1509 2553 1580 sequentes
2589 1509 2877 1580 agerent,
2904 1504 3155 1564 nullum
3188 1502 3482 1566 dubium
3522 1519 3649 1563 esse

358 1607 592 1681 potest,
626 1617 774 1663 eum
810 1600 1185 1680 priusquam
1218 1602 1556 1679 Smyrnam
1586 1599 1857 1673 veniret,
1894 1601 2206 1680 plurimas
2235 1600 2394 1663 alias
2428 1602 2623 1662 urbes
2651 1602 2796 1664 navi
2826 1603 3138 1681 attigisse.

439 1704 535 1765 Ex
593 1703 816 1765 eadem
877 1701 1147 1780 epistola
1198 1699 1504 1778 objicitur
1552 1699 1873 1780 Ignatium
1902 1744 1918 1774 ,
1965 1701 2021 1763 si
2074 1702 2279 1766 textui
2324 1710 2545 1765 nostro
2600 1703 2755 1764 fides
2798 1706 3204 1780 concedatur,
3264 1704 3546 1778 dicere,
3591 1722 3649 1765 se

358 1804 654 1884 proxime
691 1805 956 1863 Romam
994 1810 1364 1873 venturum,
1400 1816 1543 1861 cum
1580 1806 1792 1861 tamen
1826 1818 1902 1861 ex
1941 1801 2097 1863 actis
2128 1809 2374 1865 certum
2415 1803 2520 1877 sit,
2555 1819 2700 1864 eum
2751 1820 2971 1866 mense
3002 1805 3346 1867 Decembri
3403 1820 3487 1868 eo
3520 1824 3652 1884 pero

359 1902 655 1976 venisse;
698 1901 832 1962 hinc
868 1916 1019 1961 vero
1051 1898 1319 1978 epistola
1354 1915 1573 1960 mense
1604 1898 1881 1978 Augusti
1913 1916 1982 1961 se
2012 1900 2316 1980 scriptam
2365 1903 2724 1965 confirmet.
2772 1910 2854 1965 At
2897 1903 2951 1964 si
2988 1904 3357 1967 accuratius
3413 1906 3651 1983 legatur

359 2011 595 2077 textus,
633 2000 885 2066 videbis
927 2004 1247 2081 lgnatium
1288 2016 1416 2062 non
1466 2000 1554 2062 ita
1588 2000 1791 2081 loqui,
1827 2002 1935 2063 sed
1970 2002 2036 2064 id
2078 2005 2479 2066 committere
2518 2006 2844 2078 Romanis,
2898 2014 2973 2069 ut
3022 2008 3200 2087 Syris
3225 2050 3243 2080 ,
3279 2009 3407 2088 qui
3441 2008 3647 2088 ipsum

356 2114 619 2174 Romam
667 2112 1147 2188 praacesserant,
1198 2104 1599 2179 nuntiarent,
1653 2121 1809 2169 sane
1867 2112 2208 2185 postquam
2256 2105 2501 2169 litteras
2552 2124 2702 2169 suas
2757 2107 2911 2170 istas
2957 2109 3384 2188 accepissent,
3442 2110 3649 2191 ipsum

356 2229 508 2274 mox
548 2218 921 2283 venturum,
956 2206 1203 2268 scilicet
1243 2220 1394 2267 mox
1430 2204 1772 2284 epistolam
1811 2221 1994 2267 suam
2029 2211 2431 2267 secuturum.
2478 2206 2878 2285 Responderi
2930 2208 3118 2271 etiam
3170 2218 3393 2288 potest
3440 2212 3647 2291 ipsum

355 2317 509 2372 tunc
538 2323 857 2388 sperasse,
888 2324 957 2368 se
991 2323 1104 2385 per
1134 2304 1302 2366 viam
1334 2303 1720 2365 maritimam
1749 2302 2113 2366 breviorem
2158 2304 2425 2367 ductum
2471 2305 2553 2367 iri
2580 2328 2597 2381 ;
2633 2316 2854 2387 postea
2891 2325 3044 2372 vero
3099 2315 3269 2372 terra
3299 2328 3429 2391 per
3452 2316 3654 2376 Mam—

353 2408 612 2474 doniam
644 2408 921 2490 longiori
944 2408 1179 2470 itinere
1201 2423 1236 2468 a
1267 2406 1644 2468 custodibus
1672 2404 1875 2467 fuisse
1900 2406 2275 2469 deductum.
2323 2407 2644 2487 Denique,
2679 2408 2797 2472 hac
2840 2418 2904 2472 et
2934 2408 3001 2471 in
3034 2413 3441 2488 praecedenti
3489 2415 3651 2492 obje-

355 2510 569 2574 ctioue
598 2509 780 2572 nullo
804 2508 952 2587 jure
978 2506 1167 2568 nobis
1192 2515 1329 2568 acta
1360 2504 1650 2584 martyrii
1699 2510 2059 2583 opponunt,
2095 2523 2241 2568 cum
2277 2506 2408 2569 haec
2452 2507 2590 2586 ipsa
2626 2509 2965 2588 epistolam
3004 2511 3083 2573 ad
3119 2514 3461 2577 Romanos
3500 2515 3653 2576 inte-

353 2628 532 2692 gram
563 2628 640 2672 ex
668 2618 886 2672 nostra
924 2607 1129 2671 forma
1176 2608 1593 2682 contineant,
1646 2609 1940 2689 adeoque
1976 2607 2105 2670 nisi
2139 2608 2566 2690 sibimetipsis
2604 2613 3053 2676 contradicere
3105 2614 3309 2690 velis,
3380 2617 3652 2680 minime

355 2712 558 2775 textui
597 2723 815 2773 nostro
847 2711 1173 2772 contraria
1203 2726 1346 2771 esse
1379 2708 1632 2787 possint

431 2810 592 2885 Quaa
618 2810 698 2871 de
729 2807 1173 2888 magnitudine
1206 2807 1410 2870 stellm
1435 2825 1581 2887 qua)
1619 2806 1825 2888 Magis
1858 2811 2182 2889 apparuit,
2237 2810 2307 2873 in
2352 2811 2623 2892 epistola
2668 2814 2747 2877 ad
2792 2816 3109 2894 Ephesios
3150 2819 3489 2885 celebrata
3518 2866 3538 2895 ,
3580 2824 3651 2883 de

354 2913 725 2994 prolixitate
756 2914 1045 2993 ejusdem
1080 2913 1371 2993 epistolas
1418 2924 1612 2992 atque
1666 2912 1935 2975 alterius
1988 2913 2191 2976 libelli
2239 2916 2715 2994 promissione,
2758 2918 3189 2983 nihilominus
3213 2920 3285 2982 in
3327 2922 3487 3002 ejus
3536 2925 3653 2986 ﬁne

350 3014 537 3089 facta,
568 3015 648 3076 de
679 3030 913 3094 magno
941 3015 1213 3077 fratrum
1245 3013 1551 3076 comitatu
1587 3014 1868 3091 aliisque
1905 3015 2225 3095 ejusmodi
2275 3034 2405 3078 non
2441 3017 2599 3078 satis
2645 3035 2792 3080 cum
2832 3018 3342 3083 circumstantiis
3378 3040 3651 3105 compo-

353 3114 609 3188 nendis,
649 3115 728 3177 de
765 3117 1027 3179 nomine
1066 3118 1308 3197 θεοφόρον
1349 3112 1545 3195 (quod
1588 3122 1798 3177 tamen

2171 3135 2216 3179 te
2249 3118 2487 3202 habet),
2539 3121 2617 3183 de
2657 3120 2874 3201 phrasi
2932 3122 3041 3184 illa
3094 3123 3372 3187 Paulum
3418 3135 3475 3188 ἐν
3516 3134 3650 3207 πάσῃ

354 3212 604 3299 δπιστολῇ
642 3218 1071 3298 Ephesiorum
1112 3218 1511 3292 meminisse,
1543 3217 1978 3297 objiciuntur,
2011 3218 2305 3280 conferas
2348 3220 2769 3283 Pearsonium
2819 3221 3382 3288 sulﬁcientissime
3436 3226 3651 3290 disse-

354 3329 602 3384 rentem
638 3321 787 3403 (38).

1906 3428 2077 3489 VIII.

1314 3532 1635 3594 Momenta
1666 3550 1745 3593 ex
1783 3533 2279 3595 auctoritatibus
2322 3534 2673 3615 desumpta.

425 3659 705 3723 Multum
742 3664 809 3727 in
838 3658 960 3723 hoc
985 3660 1300 3724 insistunt
1329 3662 1707 3738 adversarii,
1748 3662 1923 3743 quod
1975 3668 2190 3725 textus
2228 3665 2434 3726 nostri
2472 3665 2727 3729 nullum
2761 3676 3061 3749 suppetat
3092 3672 3455 3753 vestigium
3509 3682 3649 3735 ante

348 3765 615 3828 Eusebii
651 3774 959 3846 tempora,
994 3784 1138 3828 cum
1177 3766 1311 3827 loca
1343 3766 1670 3844 lgnatiana
1709 3768 1786 3828 ab
1815 3768 2060 3828 [remeo
2100 3773 2163 3829 et
2198 3767 2481 3847 Origene
2512 3786 2643 3831 non
2672 3770 2797 3833 alia
2828 3772 3220 3852 allegentur,
3250 3794 3462 3855 quam
3500 3796 3643 3857 quas

348 3866 417 3928 in
452 3874 628 3928 textu
663 3867 925 3946 Syriaco
956 3868 1301 3932 habentur.
1333 3870 1471 3931 lmo
1502 3870 1850 3949 Origenem
1883 3873 2125 3935 directe
2160 3871 2346 3934 nobis
2371 3873 2734 3949 adversari,
2772 3877 3053 3941 Cureton
3086 3879 3321 3942 exinde
3372 3883 3650 3959 probare

347 3968 588 4042 studet,
621 3970 794 4048 quod
822 3969 891 4030 in
932 3969 1088 4031 .ibro
1128 3979 1257 4049 Περὶ
1297 3977 1483 4050 ἀρχῶν
1522 3972 1690 4035 dicat
1751 3991 1826 4036 vo

2168 4001 2320 4034 ιατον
2351 3974 2420 4036 in
2458 3974 2643 4039 libris
2688 3968 3199 4041 Christianorum
3257 3979 3475 4042 sacris
3528 3997 3647 4043 non

347 4085 710 4129 occurrere.
749 4069 1110 4149 Appellatio
1162 4080 1498 4153 ἀσωμάτου,
1551 4078 1687 4139 hinc
1734 4081 1928 4141 verba
1961 4088 2114 4141 sunt
2160 4079 2499 4159 Origenis,
2544 4099 2675 4141 non
2704 4080 2910 4143 solum
2951 4083 3125 4161 apud
3171 4082 3413 4145 multos
3462 4083 3644 4153 alios,

347 4186 561 4230 verum
598 4171 781 4231 etiam
813 4173 989 4249 apud
1007 4184 1262 4235 nostras
1297 4178 1652 4255 scripturas
1686 4190 1773 4242 est
1806 4181 2117 4242 inusitata
2146 4190 2201 4241 et
2228 4182 2579 4259 incognita.
2609 4182 2683 4244 Si
2707 4201 2854 4244 vero
2887 4186 3031 4264 quis
3059 4182 3210 4246 velit
3243 4184 3444 4245 nobis
3484 4203 3645 4263 pro-

353 4265 513 4342 ferre
554 4291 634 4332 ea:
676 4272 789 4335 illo
821 4273 1053 4348 libello,
1090 4280 1198 4356 qui
1236 4280 1417 4342 Petri
1445 4282 1756 4345 Doctrina
1805 4284 2192 4363 appellatur,
2222 4285 2335 4347 ubi
2371 4286 2669 4347 Salvator
2713 4289 2967 4351 videtur
3012 4289 3096 4351 ad
3137 4288 3509 4367 discipulos
3559 4289 3646 4349 di-

346 4391 481 4472 cere
507 4396 527 4435 :
553 4376 697 4439 Non
726 4396 863 4438 sum
900 4379 1271 4442 dmmonium
1301 4382 1785 4464 incorporeum;
1814 4390 2021 4467 primo
2054 4389 2557 4467 respondendum
2589 4399 2675 4452 est
2712 4393 2790 4463 ei,
2825 4393 3123 4472 quoniam
3152 4392 3261 4453 ille
3288 4391 3462 4455 liber
3484 4396 3646 4455 inter

346 4471 544 4576 libros
571 4476 1025 4541 ecclesiasticos
1052 4498 1183 4541 non
1207 4482 1509 4552 habetur;
1540 4496 1596 4547 et
1635 4490 2086 4552 ostendendum
2126 4490 2277 4570 quia
2316 4508 2512 4571 neque
2537 4491 2715 4554 Petri
2756 4471 2854 4554 est
2877 4495 3018 4573 ipsa
3052 4495 3407 4573 scriptura,
3449 4515 3644 4576 neque

344 4574 609 4678 alterius
643 4580 1033 4659 cujusquam,
1065 4584 1178 4663 qui
1203 4584 1457 4664 Spiritu
1491 4588 1611 4649 Dei
1630 4591 1835 4670 fuerit
1877 4593 2260 4670 inspiratus.
2292 4594 2514 4673 Atqui,
2548 4594 2636 4658 ait
2675 4596 2982 4672 Cureton,
3020 4595 3313 4676 Ignatius
3339 4574 3640 4678 receptus

347 4672 467 4777 hac
498 4677 636 4752 ipsa
672 4696 823 4742 voce
864 4687 1067 4744 utitur
1096 4682 1219 4764 (39)
1255 4692 1316 4748 et
1352 4704 1421 4750 se
1465 4697 1536 4753 ut
1564 4689 1949 4771 inspiratam
1985 4693 2150 4773 gerit
2182 4692 2327 4774 (ῑιο).
2362 4696 2528 4773 Ergo
2570 4697 2887 4777 Origenes
2922 4672 3083 4761 eum
3108 4714 3220 4776 pro
3260 4672 3640 4762 authentico

347 4775 659 4854 scriptore
694 4796 822 4841 non
855 4785 1115 4861 agnovit
1152 4786 1247 4847 vel
1280 4789 1549 4852 omnino
1586 4808 1714 4854 non
1750 4794 1955 4855 novit.
1992 4776 2160 4868 Quis
2194 4812 2346 4857 vero
2377 4796 2601 4871 nescit,
2631 4775 2811 4859 aliud
2842 4815 3008 4871 esse,
3044 4797 3441 4876 inspiratam
3473 4816 3636 4864 esse.

346 4876 526 4940 aliud
556 4877 706 4941 hinc
734 4880 883 4943 inde
910 4883 1125 4965 aliqua
1158 4890 1552 4955 revelatione
1572 4894 1793 4957 divina
1826 4896 2003 4958 frui?
2036 4897 2353 4976 Origenes
2384 4898 2704 4977 lgnatinm
2730 4900 2983 4963 censuit
3019 4918 3097 4961 ex
3126 4898 3298 4961 Petri
3327 4901 3635 4963 Doctrina

346 4981 787 5063 desumpsisse
848 4986 959 5050 illa
988 4992 1179 5052 verba
1212 4993 1451 5056 Christi
1489 5019 1501 5056 :
1545 4996 1697 5061 huic
1745 5018 1871 5061 non
1907 5008 2042 5063 erat
2077 5001 2455 5081 allegandus
2494 5004 2803 5081 lgnatius.
2856 5004 2970 5067 sed
3027 5004 3217 5081 liber,
3276 5021 3477 5083 quem
3528 5021 3633 5083 pro

347 5085 608 5148 illorum
647 5097 907 5151 auctore
938 5092 1240 5173 originali
1291 5097 1591 5162 habebat.

418 5213 721 5304 991%
748 5232 804 5271 η-
832 5217 889 5275 δ·

2152 5231 2362 5302 σευχῶν
2400 5249 2521 5302 μου.
2568 5231 2636 5288 Et
2677 5247 2865 5288 revera
2901 5231 3140 5304 Epistola
3172 5231 3331 5287 Pauli
3360 5232 3431 5286 ad
3463 5231 3631 5304 Ephe-

440 5284 622 5373 ἔξω.
655 5287 742 5373 ω.
1134 5360 1165 5373 η
1205 5362 1263 5373 ,Α
1330 5362 1379 5373 η
1417 5364 1449 5373 __
1862 5368 1877 5373 _
2031 5284 3431 5373 cuius,ptaaususaususrussi;aa
3467 5284 3627 5354 οῑηιςι.

441 5353 704 5443 582nPart;
731 5374 767 5411 ιι
803 5358 1105 5443 Ῡὶηάίοεζο.
1133 5360 1285 5417 8-12.
1330 5362 1920 5443 llieliustamenvcrbg

2151 5353 2666 5443 uetantia-11.:
2683 5353 2982 5442 ἱό-ἐδῖεῖ
2997 5353 3376 5441 ἶιιῙἹέἱΞῖ).”
3388 5353 3550 5439 Quod
3582 5392 3592 5418 ι
3614 5380 3627 5421 ι

345 5420 437 5533 illa
464 5443 476 5477 :
506 5424 780 5533 :Elvpnfcq
793 5431 1062 5533 grumam.
1094 5435 1600 5533 μγημῗνεὲειιὺμῶν
1630 5420 1691 5489 ὲὺ
1712 5420 1824 5508 Χρρ

396 5510 534 5533 ψιτητ.
624 5514 665 5533 ,Ιὶ
883 5517 989 5533 nnn
1033 5522 1043 5533 ι
1070 5520 1099 5533 ιι
1164 5520 1246 5533 nu.
1274 5520 1301 5533 η
1383 5522 1411 5533 n
1437 5506 1581 5533 .nnth.
1634 5509 1823 5533 :m.‘n_n

2147 5444 2534 5533 iritcrptetgtur
2583 5420 2945 5533 i‘n'terpolg’tor
2972 5420 3269 5531 his’verbis
3298 5420 3458 5523 ε’ςιῗς
3502 5443 3626 5495 πᾶνα

376 5494 534 5566 trioa:
568 5494 724 5564 (Eph.
751 5494 856 5623 122’
883 5517 990 5554 non
1031 5494 1104 5556 de
1144 5494 1302 5557 la'udc
1336 5494 1584 5572 Ephesiis
1634 5494 1847 5577 imperti

376 5569 431 5615 μά
479 5565 547 5617 de
583 5570 815 5621 orationi
864 5588 924 5623 us
954 5574 1187 5623 Aoostoli
1213 5590 1574 5623 exnnnemm-
1620 5578 1714 5623 Eat
1755 5595 1855 5623 mm

2030 5528 2151 5565 τοτε
2180 5515 2237 5565 ὲν
2265 5494 2382 5576 τὲιῖς
2411 5512 2658 5585 δεήσεσιν
2689 5494 2853 5567 αδτοῦ
2883 5513 3211 5586 μνημονεύει
3246 5511 3422 5584 ὑμῶν.

2104 5582 2217 5623 {39‘
2250 5582 2448 5623 Qunvrn
2508 5586 2541 5623 Χ

342 5565 434 5654 Τριίξ
479 5565 1187 5654 denumtionihns_Ap‘ostoli
1213 5565 1727 5654 B§POllOR1llS._ESlI
1755 5565 1934 5654 mani;
2104 5582 2217 5654 (59)
2250 5565 2647 5654 AStny'rnlliw
3376 5650 3416 5654 _
3512 5644 3553 5654 ,-

342 5641 475 5690 teata
508 5635 704 5688 allusit)
734 5641 799 5692 ad
826 5642 954 5694 illud
995 5635 1136 5710 Eph.
1169 5659 1208 5704 ι.
1244 5635 1310 5697 lli
1339 5664 1351 5700 :
1385 5645 1463 5699 Οὐ
1493 5647 1737 5719 παύομαι
1771 5649 1821 5701 εἰ

344 5707 539 5767 ριστῶν
572 5705 719 5775 ὑπὲρ
751 5708 924 5775 ὑμῶν,
963 5713 1151 5775 μνείαν
1180 5713 1334 5775 ὑμῶν
1358 5717 1677 5775 ποιούμενος
1708 5720 1799 5772 ἐπὶ

2248 5635 2720 5775 ξιιὶἷξῆξᾉὶιάειοθ
2758 5654 3024 5726 potuisset
3069 5653 3209 5727 Eph.
3250 5652 3344 5721 20,
3373 5644 3620 5713 Trall.'8,

344 5707 539 5767 ριστῶν
572 5705 719 5777 ὑπὲρ
751 5708 924 5780 ὑμῶν,
963 5705 1151 5780 μνέξαν
1180 5713 1334 5785 ὑμῶν
1358 5705 1677 5790 ποιούμενός
1708 5720 1799 5772 ἐπὶ
1826 5705 1934 5775 é‘aw
2032 5705 2217 5796 Polycl.
2248 5705 2291 5779 ἦ.
