3754 6206
121 311 197 366 6l'l
798 309 882 364 DE
918 307 1383 364 INTEGRITATE
1417 309 1693 366 TEXTUS
1730 310 2022 366 RECEPTI
2064 311 2208 366 EPP.
2249 314 2303 366 S.
2334 313 2612 370 IGNATH.
2781 382 2786 386 _
3239 320 3342 386 618

175 435 364 511 Neque
383 435 860 510 argumentum
889 446 922 492 a
953 429 1214 492 silentio
1249 431 1662 510 desumptum
1699 432 2007 494 sustineri
2039 433 2270 512 poterit
2297 456 2313 509 ;
2350 434 2584 498 sufﬁcit
2614 437 2816 512 enim,
2843 445 2912 500 ut
2939 437 3344 518 applicentur

115 534 194 594 hic
215 540 590 610 argumenta
616 548 651 593 a
678 530 1024 609 Polycarpo
1057 537 1118 591 et
1147 530 1490 607 Peregrina
1526 531 1792 593 Luciaui
1831 533 2189 612 desumpta,
2214 551 2359 612 qum
2389 536 2642 613 egregie
2701 553 2735 598 a
2780 538 3130 602 Pearsonio
3168 540 3343 603 evol-

115 642 309 692 vuntur
337 631 492 712 (lit).
546 634 714 692 Nam
756 630 1146 708 Polycarpus
1177 629 1245 689 in
1276 645 1390 689 sua
1417 630 1494 690 ad
1528 629 1967 708 Philippenses
2001 630 2270 708 epistola
2295 631 2515 708 plures
2548 649 2736 710 quam
2779 635 2903 695 tres
2932 637 3164 714 lgnatii
3196 638 3341 717 cpi.

110 735 261 795 stolas
288 733 630 812 supponit.
669 740 772 797 Τὰς
801 737 1083 798 δπιστολὰς
1113 730 1399 809 Ἰγνατίου,
1434 731 1544 804 (lii,
1581 759 1592 799 1_

1859 740 2028 798 Θείσας
2067 741 2192 809 ἡμῖν
2237 732 2331 792 ὑπ’
2361 739 2552 807 αὐτοῦ,
2605 735 2894 808 καὶᾶλλας,
2930 740 3060 803 ὅσας
3115 743 3341 822 εἴχομεν

107 837 197 916 παρ’
229 845 359 914 ἡμῖν,
407 841 732 916 ἐπέμψαμεν
767 843 911 915 ὑμῖν.
949 836 1097 902 Ηδθο
1134 835 1322 895 verba
1368 833 1587 913 duplic

1853 836 2090 897 .stolam
2141 833 2220 894 ad
2262 833 2682 912 Polycarpum
2724 844 2786 898 et
2838 853 2992 899 suos
3051 839 3335 910 missam,

109 953 260 1014 porro
292 937 522 998 saltem
554 940 719 998 duas
755 937 911 998 alias
941 941 1340 1014 supponunt.
1373 935 1510 996 lmo
1539 942 1754 1014 aperte
1785 935 2071 997 innuunt
2101 935 2437 1013 epistolam
2470 936 2546 996 ad
2574 938 2960 1022 Smyrnaaos,
2995 957 3188 1018 quam
3221 956 3337 1017 pro

107 1039 261 1099 notha
296 1041 651 1100 traducunt
701 1038 1071 1100 adversarii.
1099 1039 1294 1100 Porro
1326 1055 1471 1116 qua)
1491 1037 1570 1098 de
1593 1035 1858 1100 materia
1885 1035 2300 1114 epistolarum
2325 1053 2359 1098 a
2389 1035 2736 1115 Polycarpo
2767 1037 3072 1102 dicuntur
3104 1061 3118 1106 ;
3157 1047 3337 1124 mpii,

102 1161 234 1210 χουσι
256 1146 432 1200 πίστιν
463 1143 559 1206 καὶ
588 1146 857 1218 ὑπομονὴν
889 1146 975 1198 καὶ
999 1148 1173 1197 πᾶσαν
1209 1140 1494 1216 οἰκοδομὴν
1514 1147 1584 1200 re"

1861 1141 2053 1216 Κύριον
2083 1144 2232 1215 ἡμῶν
2269 1145 2588 1209 ἀνήκουσαν,
2615 1139 2773 1214 haec,
2806 1140 3093 1218 inquam,
3127 1141 3192 1202 in
3221 1144 3335 1221 Syq

102 1241 300 1298 nat-um
337 1247 597 1302 textum
635 1242 853 1302 minus
884 1239 1217 1318 quadrent,
1249 1238 1364 1320 qui
1394 1236 1530 1300 fere
1578 1236 1742 1299 nihil
1773 1238 1853 1300 de
1891 1236 2012 1298 ﬁde
2047 1237 2356 1301 continet.
2395 1240 2552 1313 Quae
2583 1240 2652 1300 in
2688 1257 2878 1302 suum
2919 1242 3334 1322 Peregrinum

99 1345 158 1403 ab
185 1343 416 1420 lgnatio
458 1343 796 1406 transtulit
831 1343 1148 1405 Lucianus
1172 1345 1391 1422 plures
1422 1341 1612 1403 etiam
1637 1339 1939 1416 epistolas
1969 1346 2368 1418 supponunt,
2417 1357 2608 1420 quam
2652 1359 2797 1421 quae
2827 1343 2892 1403 in
2925 1344 3185 1420 Syriaco
3221 1344 3333 1406 ha-.

99 1444 332 1505 bentur:
370 1453 517 1505 Φασὶ
567 1448 650 1510 δὲ,
703 1443 789 1504 ait
823 1443 967 1524 (ΙΙ-2),
1007 1449 1206 1508 πάσαις
1243 1445 1443 1522 σχέδον
1497 1453 1615 1502 ταῖς
1659 1441 1886 1509 ἐνδόξοις
1931 1444 2146 1506 πόλισιν
2175 1447 2455 1500 ἐπιστολὰς
2498 1443 2785 1521 διαπέμψαι
2816 1451 3013 1517 αὐτὸν,
3071 1448 3326 1522 διαθήκας

93 1555 211 1607 τινὰς
236 1557 313 1608 καὶ
335 1556 696 1628 παραινέσεις
733 1555 822 1607 καὶ
851 1548 1068 1626 νόμους.

151 1677 562 1739 Conferantur
594 1692 789 1755 porro
822 1677 952 1739 loca
977 1675 1298 1755 parallela,
1331 1693 1475 1754 quae
1499 1693 1576 1736 ex
1597 1673 1973 1754 Polycarpo,
2004 1677 2847 1755 Peregrino,Chrysostomo
2871 1679 3016 1758 (E3),
3041 1679 3327 1742 Athana.

89 1781 160 1841 sio
192 1780 323 1859 (ii),
363 1779 561 1841 affert
621 1778 1048 1854 Pearsonius;
1109 1777 1474 1839 conferatur
1503 1775 1683 1838 locus
1740 1774 2090 1839 Clementis
2141 1777 2563 1840 Alexandrini
2621 1778 2718 1840 vel
2754 1779 2972 1858 potius
3018 1781 3329 1848 Theodoti

88 1876 491 1940 Valentiniani
520 1879 699 1956 apud
733 1877 1123 1939 Clementem
1157 1875 1225 1936 in
1250 1874 1528 1953 Eclogis,
1559 1889 1688 1952 quo
1716 1872 2036 1952 Ignatium
2066 1873 2354 1937 imitatur
2378 1876 2524 1956 (55).
2561 1877 2990 1945 Conferantur
3018 1881 3325 1960 denique,

85 1999 196 2060 qute
221 2000 290 2042 ex
319 1977 932 2044 Constitutionibus
968 1973 1588 2055 pseudoapostolicis
1623 1971 1836 2034 attulit
1873 1972 2014 2052 ipse
2061 1973 2306 2036 Ritschl
2354 1975 2502 2053 ([ιϐ),
2543 1993 2625 2038 ex
2654 1977 2907 2056 lgnatio
2959 1979 3324 2062 desumpta,

83 2083 316 2160 plurima
347 2081 800 2160 reperientur,
844 2096 987 2157 qua)
1017 2093 1145 2138 non
1194 2075 1322 2138 nisi
1353 2093 1431 2136 ex
1466 2079 1687 2136 nostro
1722 2081 1902 2136 textu
1933 2076 2187 2137 desumi
2229 2083 2604 2154 potuerunt.

140 2185 274 2244 Cum
313 2199 476 2243 vero
515 2189 610 2242 tot
644 2198 714 2240 ac
753 2187 940 2239 tanta;
988 2178 1118 2239 sint
1146 2175 1582 2252 auctoritates,
1630 2193 1776 2256 qua;
1820 2184 2112 2240 nostrum
2166 2183 2412 2240 textum
2466 2185 2790 2255 tueantur,
2841 2182 3017 2244 nulla
3055 2186 3324 2248 omnino

79 2291 167 2353 est,
197 2302 332 2363 quin
365 2287 539 2363 Syro
584 2282 920 2344 Curetonii
956 2281 1228 2360 positive
1258 2279 1465 2342 faveat
1514 2280 1786 2360 ejusque
1817 2281 2160 2343 lectionem
2209 2290 2540 2362 sequatur.
2575 2285 2796 2364 Neque
2827 2285 2948 2347 hoc
2977 2303 3324 2366 argumen-

80 2389 180 2442 tum
209 2402 240 2446 a
275 2384 554 2446 silentio
581 2385 995 2462 desumptum
1023 2383 1292 2444 omnino
1317 2382 1688 2462 negativum
1721 2389 1838 2445 est.
1873 2386 2026 2445 Nam
2052 2383 2432 2447 incredibile
2465 2385 2732 2449 Omnino
2765 2394 2882 2461 est,
2921 2395 3007 2450 tot
3042 2391 3318 2469 saeculis,

76 2487 208 2548 inter
241 2496 324 2552 tot
356 2488 611 2568 lgnatii
646 2487 1002 2558 citationes,
1039 2487 1280 2548 nullam
1321 2486 1513 2566 plane
1575 2486 1874 2566 reperiri,
1906 2504 2050 2567 qua)
2111 2494 2354 2550 textum
2415 2490 2730 2567 ejusmodi
2781 2491 3060 2570 proferat
3111 2494 3321 2573 qualis

76 2589 122 2650 iu
156 2592 268 2654 illis
300 2591 736 2656 collectaneis
767 2591 1045 2669 Syriacis
1085 2592 1294 2665 adest;
1350 2589 1433 2653 ita
1480 2599 1551 2652 ut
1615 2597 1740 2653 tota
1778 2590 2129 2653 adversarii
2163 2609 2353 2654 causa
2398 2602 2629 2671 praeter
2680 2594 2960 2655 rationes
3005 2597 3320 2674 quasdam

73 2689 314 2758 internas
345 2696 675 2759 omnibus
702 2693 908 2754 modis
948 2701 1250 2756 nutantes
1302 2702 1498 2774 atque
1554 2692 1833 2756 incertas
1870 2694 2082 2773 plane,
2123 2696 2436 2758 innitatur
2472 2701 2916 2761 tantummodo
2955 2699 3317 2764 auctoritati

74 2796 167 2857 viri
193 2800 458 2862 omnino
494 2798 735 2879 ignoti,
773 2799 850 2861 de
881 2797 1009 2878 quo
1041 2816 1122 2862 ne
1163 2800 1424 2878 quidem
1459 2799 1717 2878 probari
1746 2799 2005 2878 poterit,
2037 2800 2210 2880 quod
2235 2817 2425 2862 suum
2469 2808 2708 2864 textum
2743 2800 3101 2880 genuinum
3133 2803 3319 2880 lgna-.-

71 2899 196 2962 tium
223 2920 361 2966 esse
393 2903 565 2967 velit
603 2910 664 2965 et
696 2909 984 2965 testetur.

127 3026 284 3099 Quod
318 3048 482 3092 vero
520 3029 790 3090 maximi
825 3037 921 3091 est
955 3029 1287 3104 momenti,
1315 3029 1433 3109 ipsi
1468 3029 1637 3110 Syri,
1672 3048 1836 3111 quos
1871 3031 2193 3110 duplicem
2230 3029 2539 3093 exsistere
2572 3031 2890 3109 Ignatium
2921 3031 3143 3110 fugere
3188 3047 3316 3101 non

68 3133 382 3205 potuisset;
445 3132 592 3192 imo
643 3130 767 3208 ipsi
801 3131 1291 3211 MonOphysitae,
1339 3150 1501 3213 quos
1525 3141 1743 3196 noster
1784 3133 2070 3213 lgnatius
2104 3149 2232 3194 non
2269 3131 2485 3193 minus
2522 3149 2715 3210 quam
2748 3131 2851 3194 sui
2897 3132 3016 3194 zevi
3046 3134 3315 3194 Docetas

60 3232 292 3311 jugulat,
327 3235 553 3312 ipsum
583 3239 967 3309 agnoscunt,
995 3232 1183 3293 toties
1207 3231 1331 3294 sibi
1357 3233 1675 3312 objectum
1703 3251 1832 3295 non
1853 3232 2174 3312 rejiciunt,
2199 3232 2330 3293 imo
2355 3239 2422 3294 ut
2448 3233 2824 3294 auctoritate
2851 3231 2993 3311 ipso
3018 3239 3316 3307 utuntur,

66 3347 177 3394 cum
204 3335 389 3398 facile
450 3332 703 3395 fuisset
739 3333 817 3393 ad
858 3330 1220 3394 breviorem
1255 3339 1522 3406 textum,
1558 3331 1671 3410 qui
1724 3333 2110 3410 paucissima
2155 3330 2316 3410 ipsis
2373 3332 2688 3393 contraria
2743 3331 3049 3403 continet,
3084 3346 3319 3410 provo-

65 3448 202 3497 care.
234 3437 323 3497 Ex
354 3435 710 3497 codicibus
762 3431 1040 3511 Syriacis
1077 3431 1215 3511 ipse
1248 3431 1528 3494 Cureton
1586 3432 1717 3492 loca
1755 3430 2028 3492 extraxit
2060 3427 2302 3500 Severi,
2343 3427 2730 3490 Antiocheni
2782 3428 3159 3508 patriarchae
3199 3444 3318 3489 suae

64 3537 164 3596 culi
202 3556 259 3607 v,
292 3538 408 3616 qui
439 3537 510 3596 in
549 3533 888 3611 allegando
911 3531 1158 3609 Ignatio
1189 3531 1408 3593 critice
1456 3531 1647 3592 etiam
1681 3530 1974 3608 procedit
2033 3527 2182 3607 (ιη),
2228 3526 2577 3602 Timothei,
2626 3527 3003 3604 patriarchae
3040 3528 3313 3588 Alexan,

63 3633 195 3699 drini
223 3637 448 3700 saeculi
487 3655 578 3706 Vl,
615 3633 882 3694 Joannis
911 3634 1269 3714 cujusdam,
1296 3633 1617 3706 monachi,
1650 3632 2098 3711 aliorumque;
2124 3637 2276 3693 sunt
2307 3635 2368 3690 et
2400 3629 2538 3692 loca
2569 3630 2985 3704 Theodoreti,
3024 3626 3314 3708 episc0pi

65 3735 202 3812 Cyri,
239 3733 607 3814 Ephraemii
663 3732 1073 3806 Antiocheni,
1161 3732 1428 3811 Joannis
1486 3731 1860 3794 Damasceni
1916 3733 2186 3812 ejusque
2239 3732 2542 3813 discipuli
2605 3730 2922 3806 Antonii,
2980 3725 3308 3792 Anastasii

60 3840 438 3916 Antiocheni,
473 3841 599 3901 lbn
637 3837 863 3904 Zobra,
908 3836 1239 3906 Jacobitaa,
1273 3835 1595 3896 Anastasii
1631 3834 1891 3897 Sinaita:
1935 3833 2371 3915 aliorumque,
2421 3832 2536 3914 qui
2584 3833 3063 3912 MODOpilySillS
3119 3832 3313 3895 etiam

60 3939 339 4016 lgnalium
371 3947 731 4022 opponunt
772 3958 787 3998 :
826 3953 1052 3997 omnes
1103 3943 1348 3998 textum
1393 3945 1683 3997 nostrum
1728 3945 2192 4016 repraesentant
2249 3944 2312 3998 et
2360 3953 2550 3998 nemo
2597 3936 3009 3998 contradixit.
3062 3938 3313 3999 Habent

58 4042 168 4118 Syri
200 4062 530 4108 canonum
595 4039 1080 4114 collectionem,
1120 4056 1326 4117 quam
1377 4047 1522 4100 ante
1553 4039 2078 4102 Nestorianorum
2114 4041 2192 4102 ab
2248 4038 2532 4101 Ecclesia
2561 4039 2916 4100 discessum
2956 4037 3311 4099 confectam

57 4138 225 4204 fuisse
254 4151 540 4224 Oportet,
598 4157 744 4201 cum
779 4140 943 4218 apud
979 4155 1206 4201 omnes
1248 4137 1680 4199 Orientalium
1713 4145 1916 4201 sectas
1954 4139 2337 4217 reperiatur.
2372 4140 2583 4218 Hujus
2617 4138 2904 4199 codicem
2940 4137 3309 4200 Mediceuni

56 4244 328 4317 seculi}
365 4245 472 4307 vel
509 4263 582 4303 χι
619 4241 1066 4302 Ιὶοιιδιιάοῑίυε
1097 4241 1258 4302 vidit
1303 4247 1364 4302 et
1412 4240 1752 4317 descripsit
1803 4241 1964 4320 (AS);
2016 4242 2306 4320 ejusdem
2341 4244 2620 4303 Cureton
2670 4241 2954 4302 codicem
3006 4240 3307 4313 alterum,

60 4340 179 4402 olim
211 4344 639 4410 chaudotii,
677 4349 812 4420 post
846 4359 998 4403 vero
1034 4345 1094 4404 S.
1133 4341 1439 4403 Germani
1476 4344 1554 4403 de
1588 4342 1812 4411 Pratis,
1846 4343 2141 4404 adhibuit
2189 4343 2336 4423 (liti).
2379 4344 2526 4403 Haec
2562 4358 2714 4402 vero
2747 4357 3069 4402 canonum
3104 4340 3304 4401 colle-

58 4443 153 4503 ctio
178 4447 361 4508 ell'ata
389 4445 634 4524 lgnalii
678 4462 759 4504 ex
791 4445 1086 4522 epistolis
1133 4445 1210 4504 ad
1261 4443 1739 4523 Magucsianos,
1784 4443 2172 4516 Trallenses,
2218 4441 2811 4520 Philadelphenses,
2853 4441 3306 4518 Smyrnenses,

57 4547 426 4627 proindeque
465 4555 714 4607 textum
751 4552 1043 4605 nostrum
1097 4545 1378 4606 exhibet.
1435 4545 1732 4622 Denique
1781 4545 2164 4615 Ebed—Jesu,
2211 4542 2667 4613 Nestorianus,
2731 4539 3142 4616 metrOpolita
3191 4540 3305 4598 Sa—

54 4640 257 4718 liensis,
305 4649 419 4728 qui
451 4647 699 4707 saeculo
738 4663 857 4704 xm
889 4653 1190 4718 exeunte,
1244 4665 1352 4709 le
1394 4646 1661 4707 ineunte
1710 4645 1952 4717 floruit,
1995 4645 2352 4724 calalogum
2403 4642 2791 4720 scriptorum
2840 4659 2974 4702 suae
3022 4638 3304 4702 nationis

55 4752 370 4809 contexens
404 4749 486 4808 de
522 4747 777 4822 lgnatio
808 4745 943 4806 ith
965 4744 1155 4806 habet
1191 4745 1311 4823 (50)
1348 4769 1362 4807 ε
1401 4746 1700 4804 Damasus
1730 4747 2059 4823 episcopus
2097 4747 2302 4805 Roma:
2332 4745 2592 4822 scripsit
2626 4745 2698 4804 de
2741 4760 2809 4802 re
2838 4743 2985 4824 ﬁdei
3017 4753 3073 4804 et
3106 4762 3298 4804 cano-

51 4863 151 4916 nes,
185 4859 233 4908 et
291 4851 593 4929 [gnatius
635 4848 967 4910 similiter.
1003 4853 1375 4912 Sermonem
1435 4852 1540 4911 hic
1589 4867 1729 4912 esse
1758 4851 1836 4910 de
1877 4850 2170 4928 epistolis
2219 4849 2476 4928 Ignatii,
2522 4856 2594 4910 ut
2650 4851 3044 4910 Assemanus
3086 4849 3209 4927 (51)
3244 4857 3307 4909 et

55 4949 350 5017 Fabricius
381 4955 508 5035 (52)
543 4955 919 5028 admittunt,
952 4955 1240 5017 dubitari
1290 4956 1542 5034 nequit,
1576 4956 1902 5035 siquidem
1939 4965 2000 5016 et
2033 4957 2285 5016 Damasi
2319 4972 2536 5032 opera,
2571 4973 2716 5033 qua)
2757 4972 2902 5016 cum
2947 4953 3300 5032 lgnatianis

52 5052 131 5118 hic
155 5068 665 5139 componuntur,
698 5058 984 5135 cpistolm
1012 5056 1301 5123 fuerunt.
1338 5059 1488 5118 liaic
1519 5076 1693 5128 vero,
1744 5075 1890 5136 quae
1947 5058 2104 5119 dicit
2145 5059 2508 5120 Ebed-Jesu
2563 5056 2632 5118 in
2678 5063 2929 5118 textum
2964 5056 3299 5120 Curetonii

102 5263 200 5324 (Hi
222 5264 375 5321 Part.
411 5282 452 5331 t,
485 5281 536 5320 c.
563 5266 620 5322 ‘2.
657 5265 709 5328 5,
734 5265 784 5316 αἱ.
1716 5262 1875 5325 1165,
1903 5263 1990 5316 ed.
2035 5261 2231 5331 Migne.
2265 5260 2350 5313 Cf.
2385 5260 2630 5331 ejusdem
2669 5254 3028 5331 Coiﬁ-iitum.
3059 5252 3293 5331 Qrienl.8

101 5321 199 5401 (η)
231 5335 299 5389 Ν,
327 5338 414 5389 Η.
440 5321 451 5331 ’
612 5321 617 5322 “
698 5321 708 5328 ⁷
1714 5334 1780 5385 ad
1817 5321 2024 5402 Liturg.
2077 5321 2138 5385 δῖ
2185 5321 2430 5402 Ιιξιιιιιίἰξ
2455 5341 2492 5382 t.
2543 5329 2605 5393 ll,
2641 5344 2693 5402 p.
2733 5325 2860 5402 “2253'.
2911 5321 3016 5402 Oti..-
3059 5321 3294 5402 Fratlff‘bi

98 5389 198 5468 (tsi
230 5407 296 5459 (ἶ.
327 5408 379 5460 9.
819 5412 821 5414 ·

1809 5403 1876 5458 l7.
1908 5389 2057 5456 ctuad
2087 5389 2357 5454 Lit.v.lob.
2394 5389 2687 5469 Ἀσωπιιὲςῴ
2716 5395 2867 5469 n1
2906 5402 2943 5446 t.
2978 5392 3043 5454 ll,
3075 5407 3127 5459 p.
3167 5389 3291 5448 488,

100 5464 200 5537 (ιι)
231 5476 297 5528 (1.
329 5480 381 5530 δ.
1285 5533 1290 5537 ,

1785 5472 1896 5539 (49)
1930 5473 2132 5539 Corpus
2174 5471 2316 5538 Ign.,
2348 5486 2398 5536 p.
2438 5469 2560 5539 1972
2590 5464 2872 5539 252,549.

102 5529 200 5612 itsj
234 5529 381 5599 Part.
418 5563 476 5610 ιι,
510 5563 558 5599 ρ.
599 5546 684 5604 ιο,
719 5565 772 5600 n.
799 5548 857 5601 5.
1285 5533 1290 5537 ’
1786 5529 1899 5609 (se)
1929 5529 2170 5610 (1.9'.ap.
2198 5529 2510 5600 asserint...
2533 5536 2674 5589 Bibl.
2710 5536 2938 5598 Orient.,
2963 5541 3001 5587 ι.
3032 5529 3122 5597 ut,
3150 5537 3290 5599 part,

98 5615 200 5678 (ιιι)
232 5613 298 5668 P.
331 5617 452 5679 tua,
485 5616 613 5681 θοοὶ,
646 5620 770 5670 eis.
1713 5627 1750 5673 ι,
1787 5629 1837 5679 ρ.
1880 5613 1967 5667 ιθ.

99 5683 198 5756 (λη)
237 5685 396 5756 Corp.
435 5686 578 5755 lgn.,
609 5705 662 5756 p.
693 5690 820 5751 ‘2l5,
848 5688 1003 5742 9.45.,
1227 5754 1234 5756 _
1560 5750 1572 5756 _

815 5688 1003 5750 ,9.45..
1227 5754 1234 5756 _
1560 5750 1572 5756 _
1702 5681 2297 5756 ψξξῃιτηαηρΛῑ.

98 5745 201 5822 (48)
239 5745 540 5826 Ρρτρέιυῖιέ
568 5745 648 5812 ἰίε
692 5759 741 5810 la
784 5745 881 5828 ['oi,
907 5761 942 5812 Ι.
985 5774 1058 5826 Ix,
1095 5757 1180 5814 ch.
1222 5754 1267 5822 i,
1303 5763 1340 5809 t.
1372 5750 1458 5821 ΙΙΙ,
1492 5750 1575 5806 col

1161 5798 1180 5810 η.
1222 5754 1267 5822 l,
1303 5763 1340 5809 ι.
1372 5750 1458 5821 Ill,
1492 5750 1597 5806 col.
1783 5745 1894 5820 (52)
1924 5753 2066 5807 Bibl.
2099 5745 2302 5816 (Συ-(εστι,
2335 5759 2374 5801 t.
2407 5745 2468 5815 ν,
2508 5762 2560 5823 ι).
2593 5746 2643 5800 4.

336 5851 608 5914 Ρηιιοι..
671 5852 788 5912 Gn.
857 5852 932 5915 V.

2896 5835 2975 5903 20
