3746 6346
476 356 579 412 619
1022 400 1025 401 ν
1563 355 1619 410 S.
1658 354 1955 410 lGNATlUf

2217 353 2669 410 lOI.EGOMENA.
3616 361 3696 415 εἰη

478 470 747 531 minime
779 472 1116 549 quadrant,
1161 470 1344 549 cujus
1376 469 1656 547 idipsum
1695 473 2025 550 proprium
2079 480 2196 547 est,
2250 479 2320 533 ut
2365 472 2607 543 omnia,
2643 489 2788 550 qum
2844 471 2921 533 de
2973 473 3092 534 ﬁde
3146 480 3207 535 et
3262 474 3599 555 disciplina
3638 482 3694 537 ab

468 572 726 649 Ignatio
753 571 918 634 dicta
951 581 1123 647 sunt,
1155 572 1483 635 exciderit.

2036 701 2152 761 IX.

464 847 701 923 Syrum
730 847 932 923 illum,
965 850 1075 927 qui
1105 851 1421 928 Ignatium
1458 850 1970 990 Curctonianun;
1986 852 2343 1009 ῧεογῦρεὶι,
2387 858 2629 910 textum
2661 854 3064 927 excerpsisse,
3100 855 3209 929 qui
3259 871 3297 910 a
3344 861 3569 911 nostra
3603 872 3699 911 non

1976 950 1991 989 ι
2053 949 2150 989 ere
2194 940 2285 993 at.

1976 940 2285 993 ill'erebal.

552 1080 615 1140 Si
650 1079 834 1141 nobis
863 1079 1108 1158 integra
1147 1078 1357 1140 versio
1387 1079 1643 1157 Syriaca
1676 1086 2008 1158 prostaret,
2041 1098 2185 1159 qum
2218 1081 2283 1140 in
2324 1079 2477 1152 illis,
2512 1096 2658 1159 qum
2701 1081 2901 1158 Syrus
2943 1080 3275 1142 Curetonii
3336 1082 3626 1149 retinuit,
3654 1083 3701 1141 in

473 1181 931 1244 vocabulorum
968 1179 1217 1240 delectu
1250 1186 1308 1238 et
1344 1178 1571 1239 ordine
1600 1179 1993 1240 adamussim
2063 1186 2446 1240 consonaret
2470 1196 2614 1241 cum
2655 1179 2817 1256 ipso,
2846 1178 2959 1239 sed
3002 1186 3062 1239 et
3096 1197 3168 1240 ea
3199 1180 3566 1254 exhiberet,
3596 1199 3706 1258 qua

474 1283 600 1361 ipsi
639 1283 895 1352 desunt,
930 1279 1177 1341 nemini
1205 1279 1476 1339 dubium
1517 1288 1897 1353 remaneret,
1940 1280 2442 1341 Curetonianum
2493 1286 2736 1341 textum
2778 1295 2905 1339 non
2945 1278 3070 1340 nisi
3104 1296 3218 1358 pro
3249 1282 3577 1358 excerptis
3618 1281 3704 1339 lia-

476 1382 786 1455 bendum,
846 1397 989 1441 cum
1049 1375 1381 1439 moraliter
1437 1376 1840 1455 impossibile
1876 1378 1981 1449 sit,
2017 1377 2178 1437 duos
2218 1377 2612 1438 traductores
2654 1377 2741 1437 ita
2772 1392 3176 1444 concurrere.
3228 1391 3300 1438 ut
3351 1377 3699 1438 nullatenus

472 1483 798 1544 differant.
828 1485 1067 1543 Verum
1113 1478 1431 1556 ejusmodi
1464 1478 1677 1539 versio
1713 1478 2049 1557 hucusque
2080 1479 2325 1540 detecta
2357 1494 2486 1540 non
2518 1485 2613 1540 est
2652 1476 2802 1559 (53).

557 1582 775 1644 Nihilo
811 1590 1017 1643 tamen
1053 1579 1266 1641 secius
1304 1579 1473 1639 idem
1510 1577 1977 1655 praestabimus,
2013 1577 2066 1639 si
2097 1578 2493 1658 fragmentis,
2529 1597 2673 1658 qum
2704 1579 2841 1657 ipse
2877 1580 3156 1641 Cureton
3189 1579 3388 1640 nobis
3441 1580 3710 1658 suppedi-

472 1689 583 1758 tat,
613 1692 973 1762 opportune
1008 1690 1287 1743 utamur.
1322 1681 1481 1740 Sunt
1511 1680 1683 1740 enim
1712 1681 1921 1759 plura,
1955 1696 2099 1760 quae
2130 1683 2204 1743 ad
2238 1682 2506 1742 verbum
2560 1696 2707 1740 cum
2754 1697 2873 1742 suo
2905 1682 3064 1758 Syro
3109 1687 3505 1751 consonant,
3552 1680 3626 1740 ita
3664 1690 3709 1739 ut

471 1792 533 1846 et
561 1787 904 1847 verborum
938 1783 1228 1846 ordinem
1266 1780 1608 1853 retineant,
1645 1781 1701 1842 si
1736 1782 1898 1844 levia
1928 1784 2217 1862 qumdam
2267 1781 2576 1859 excipias,
2631 1799 2776 1860 quae
2825 1797 2955 1842 non
2993 1780 3449 1842 diversitatem
3504 1780 3711 1840 versio-

468 1904 651 1961 num,
683 1888 793 1948 sed
824 1887 1115 1949 codicum
1150 1891 1397 1947 tantum
1443 1885 1729 1964 ejusdem
1763 1884 2083 1947 versionis
2133 1885 2469 1946 inducunt.
2504 1886 2652 1945 Haec
2681 1890 2893 1945 tamen
2936 1883 3074 1961 ipsa
3105 1882 3435 1943 nonnulla
3476 1882 3712 1960 subjun-

467 1993 649 2063 gunt,
706 2006 851 2066 qua)
903 1988 1377 2049 Curetonianus
1426 2004 1557 2049 non
1610 1987 1821 2049 habet.
1857 1989 2125 2066 Oportet
2157 1987 2357 2066 igitur
2400 1986 2723 2048 exstitisse
2756 1992 3036 2047 veterem
3086 1986 3447 2064 quamdam
3515 1984 3713 2063 Ignalii

468 2088 859 2163 versionem,
898 2107 1017 2150 usu
1064 2090 1247 2152 valde
1283 2090 1519 2162 tritam,
1555 2107 1634 2150 ex
1677 2106 1804 2168 qua
1834 2091 2035 2167 Syrus
2076 2088 2407 2149 Curetonii
2435 2104 2550 2149 sua
2580 2093 2874 2165 excerpta
2905 2084 3274 2147 confecerit.
3323 2087 3497 2145 Sunt
3531 2092 3709 2144 autem

461 2190 820 2269 fragmenta
848 2190 979 2252 haec
1014 2214 1027 2252 :
1060 2210 1137 2252 ex
1173 2192 1429 2269 Syriaca
1460 2208 1779 2253 canonum
1808 2188 2211 2260 collectione,
2248 2200 2310 2249 ct
2352 2207 2429 2250 ex
2474 2187 2743 2266 epistola
2786 2188 3049 2266 quidem
3082 2187 3155 2247 ad
3194 2186 3551 2262 Ephesios,
3581 2205 3637 2246 [ι.
3664 2190 3717 2246 15

468 2291 560 2371 (in
586 2291 878 2370 Corpore
901 2293 1268 2369 Ignatiano,
1298 2312 1359 2371 p.
1405 2293 1561 2365 197;
1594 2291 1673 2353 cf.
1709 2309 1771 2370 p.
1810 2292 1951 2372 32);
1989 2307 2063 2352 ex
2098 2288 2365 2367 epistola
2395 2289 2471 2350 ad
2505 2289 2892 2362 Trallenses,
2928 2306 2992 2348 n.
3029 2288 3065 2348 5
3097 2285 3307 2365 (ibid.,
3368 2304 3436 2363 p.
3476 2290 3624 2359 198;
3652 2287 3712 2346 cf.

467 2406 531 2466 ρ.
566 2390 702 2466 56);
739 2406 817 2449 ex
860 2390 1132 2467 epistola
1175 2391 1251 2451 ad
1305 2390 1748 2469 Polycarpum,
1803 2408 1865 2451 n.
1918 2392 1955 2449 3
2007 2389 2215 2469 (ibid.,
2259 2406 2317 2466 p.
2356 2391 2468 2451 198
2494 2412 2510 2463 ;
2541 2388 2622 2451 cf.
2657 2408 2720 2468 p.
2760 2390 2853 2468 6);
2907 2405 2985 2449 ex
3019 2387 3237 2447 eadem
3276 2386 3589 2463 epistola,
3621 2392 3718 2446 ηδ

469 2490 678 2569 (ἰῡίἁη
717 2508 777 2570 ρ.
817 2493 965 2563 198;
994 2490 1074 2552 cf.
1113 2509 1175 2569 p.
1213 2491 1347 2565 12);
1388 2508 1469 2551 ex
1500 2493 1719 2552 eadem
1763 2507 1975 2570 porro,
2014 2508 2075 2551 n.
2115 2494 2151 2549 7
2184 2488 2390 2570 (ibid.,
2434 2508 2493 2567 p.
2521 2491 2675 2563 201;
2710 2488 2790 2550 cf.
2831 2507 2889 2567 p.
2936 2489 3074 2563 1h);
3122 2495 3185 2547 et
3214 2486 3589 2565 fragmenta
3612 2484 3719 2559 epi-

470 2589 748 2651 stoltead
787 2593 1108 2653 Romanos
1140 2610 1217 2654 ex
1255 2593 1396 2654 cod.
1433 2592 1586 2652 Brit.
1613 2593 1778 2653 Mus.
1803 2590 1965 2652 Add.
2001 2607 2117 2650 ms.
2146 2590 2363 2661 17,13li
2396 2591 2699 2664 etlb,577
2727 2598 2787 2651 et
2816 2591 2885 2651 in
2917 2591 3188 2668 epistola
3216 2591 3499 2651 Joannis
3526 2590 3718 2649 Mona-

469 2690 575 2752 chi
606 2690 686 2752 ad
717 2691 1101 2770 EutrOpium
1138 2703 1199 2754 et
1228 2692 1578 2754 Eusebium
1614 2690 1820 2770 (ibid.,
1856 2708 1915 2768 p.
1956 2690 2096 2761 296,
2140 2691 2281 2764 201,
2306 2690 2463 2763 207;
2497 2687 2574 2750 cf.
2611 2707 2671 2767 p.
2707 2689 2765 2761 Ιι,
2805 2692 2862 2760 6,
2905 2686 3029 2767 50).

551 2793 724 2853 Idem
756 2792 946 2872 plane
975 2794 1266 2873 emergit,
1306 2794 1363 2854 si
1413 2802 1690 2854 veterem
1730 2791 2172 2854 Armeniacam
2224 2792 2616 2859 versionem,
2653 2806 2710 2852 a.
2758 2791 2911 2850 1783
2940 2789 3515 2867 ConstantinOpoli
3580 2790 3725 2867 typis

471 2894 854 2967 mandatam,
892 2902 957 2956 et
1006 2892 1160 2957 aCl.
1222 2896 1647 2957 Petermanno
1700 2893 1777 2955 ad
1827 2900 2062 2954 nostraa
2092 2892 2475 2971 qumstionis
2508 2890 2899 2951 solutionem
2952 2888 3330 2961 adhibitam,
3379 2908 3539 2950 cum
3586 2892 3724 2968 Syro

469 2993 895 3057 conferamus.
928 2996 1119 3057 Fines
1148 2997 1335 3058 nobis
1368 3004 1638 3058 statutos
1668 2993 2286 3073 transgrederemur,
2332 2991 2383 3052 si
2434 2992 2691 3071 singula
2727 2993 2947 3054 omnia
2992 2991 3411 3064 referremus,
3448 3011 3606 3071 quae
3651 2992 3725 3049 vir

466 3095 838 3175 linguarum
872 3095 1300 3157 Orientalium
1339 3096 1769 3175 peritissimus
1801 3095 1917 3156 hac
1953 3094 2032 3154 de
2072 3111 2141 3154 re
2181 3092 2476 3154 contulit.
2511 3092 2791 3154 Sufﬁciat
2820 3093 3020 3172 igitur
3050 3092 3128 3153 de
3163 3093 3453 3172 singulis
3486 3096 3576 3156 ad
3601 3110 3727 3155 eum

470 3197 798 3258 remittere
831 3204 892 3258 et
921 3196 1311 3273 generaliori
1346 3204 1717 3277 conspectu,
1752 3215 1898 3277 qua:
1932 3215 2007 3259 ex
2043 3195 2250 3274 ipsius
2281 3194 2613 3257 laboribus
2650 3196 2986 3269 resultant,
3019 3195 3369 3257 indicasse.
3410 3197 3479 3257 Id
3535 3207 3726 3259 autem

471 3297 791 3360 sexcentis
824 3298 980 3359 locis
1012 3300 1293 3362 ostendit
1338 3300 1754 3379 interpretem
1794 3300 2276 3374 Armeniacum,
2308 3317 2344 3361 a
2376 3315 2511 3360 sum
2541 3298 2784 3376 lingua;
2842 3299 3036 3378 genio
3067 3305 3125 3360 et
3153 3298 3405 3374 regulis
3444 3302 3732 3363 receden.

477 3405 630 3473 tem,
672 3398 913 3461 idiooia
945 3400 1276 3479 Syriacum
1304 3402 1571 3476 imitari,
1601 3419 1879 3481 quorum
1913 3403 2391 3481 Syriasmorum
2426 3417 2557 3461 non
2591 3400 2808 3461 minus
2833 3416 3025 3479 quam
3053 3416 3163 3459 sex
3194 3400 3439 3460 classes
3470 3418 3733 3463 enume-

469 3510 604 3572 rat;
639 3497 917 3576 plurima
954 3515 1143 3577 porro
1172 3500 1526 3580 sphalmata
1574 3500 1881 3573 inveniri,
1917 3518 2062 3579 quae
2091 3499 2354 3560 nonnisi
2399 3517 2477 3560 ex
2510 3506 2683 3560 textu
2724 3499 2985 3577 Syriaco
3020 3499 3182 3559 male
3216 3499 3384 3561 lecto
3418 3502 3529 3562 vel
3564 3502 3737 3563 intel-

470 3598 632 3661 lecto
665 3600 968 3678 explicari
1000 3610 1268 3680 queant;
1294 3605 1657 3664 «Armenum
1692 3602 2050 3680 saepissime
2110 3601 2415 3664 lectiones
2451 3601 2547 3661 vel
2581 3600 3103 3679 orthographiam
3142 3600 3287 3677 Syri
3330 3602 3563 3679 sequi,
3612 3619 3738 3681 pro-

467 3701 753 3780 indeque
784 3704 1029 3781 absque
1071 3703 1274 3765 dubio
1304 3704 1797 3775 admittendum,
1860 3701 2219 3763 versionem
2268 3702 2590 3780 Syriacam
2630 3702 2970 3763 mediatam
3016 3718 3157 3762 esse
3206 3702 3491 3781 ejusque
3530 3706 3738 3783 proxi«

468 3817 647 3862 mum
683 3801 929 3863 fontem
963 3804 1287 3882 Syriacam
1339 3808 1681 3885 quamdam
1720 3803 2205 3867 translationem
2242 3803 2477 3866 fuisse.
2508 3805 2704 3865 Porro
2744 3803 3048 3876 ostendit,
3083 3806 3447 3864 Armenmn
3494 3806 3576 3867 in
3612 3807 3737 3881 plu-

469 3901 656 3963 rimis
683 3919 719 3964 a
758 3903 1001 3964 caeteris
1032 3905 1443 3968 versionibus
1488 3906 1767 3984 Syriacis
1799 3906 2117 3977 recedere,
2157 3924 2303 3985 qum
2338 3905 2405 3965 in
2446 3903 2822 3983 fragmentis
2855 3921 2885 3965 a
2936 3903 3290 3967 Curetonio
3324 3904 3635 3966 collectis
3662 3904 3738 3965 di.

470 4000 865 4062 versissimaa
927 4001 1271 4070 habentur.
1336 4011 1398 4064 et
1440 4021 1575 4064 eam
1608 4004 1792 4081 sequi
1834 4020 2025 4082 quam
2074 4002 2185 4064 ille
2230 4019 2344 4080 pro
2384 4002 2518 4063 veri
2547 4002 2780 4081 Ignatii
2817 4002 3119 4063 versione
3153 4003 3380 4079 edidit,
3429 4004 3578 4065 imo
3609 4018 3738 4063 cum

470 4101 589 4163 hac
626 4103 689 4163 in
718 4102 997 4180 singulis
1037 4103 1306 4163 vocibus
1349 4103 1692 4163 reddendis
1725 4104 1960 4164 mirum
1987 4102 2056 4164 in
2090 4102 2353 4163 modum
2383 4118 2763 4180 congruere,
2798 4101 2974 4178 quod
3012 4118 3164 4161 casu
3222 4101 3364 4161 fieri
3426 4104 3738 4181 potuisse,

470 4219 737 4280 prorsus
774 4202 1135 4280 negandum
1184 4210 1301 4265 est.
1335 4205 1518 4276 Quod
1570 4203 1622 4263 si
1660 4205 1949 4281 quasdam
1997 4204 2148 4275 sint,
2188 4202 2329 4263 licet
2367 4219 2586 4280 pauca,
2627 4202 2693 4262 in
2720 4202 2963 4279 quibus
3010 4204 3335 4263 Armeuus
3383 4220 3421 4264 a
3472 4207 3647 4283 Syro
3676 4204 3738 4265 ad

471 4306 762 4365 Graecum
800 4305 1097 4366 recedere
1138 4304 1448 4373 videatur,
1486 4304 1544 4363 id
1584 4311 1800 4364 censet
1832 4304 1927 4364 vir
1958 4302 2375 4365 doctissimus
2425 4302 2579 4362 inde
2637 4310 2876 4373 ortum,
2910 4302 3082 4380 quod
3125 4306 3398 4366 Armeni
3453 4307 3738 4381 quidam,

470 4407 583 4487 qui
623 4408 913 4469 Grmcum
948 4407 1140 4469 etiam
1191 4413 1437 4467 textum
1482 4424 1607 4483 prae
1656 4407 1954 4468 manibus
2012 4407 2344 4480 haberent,
2389 4407 2455 4467 in
2504 4421 2627 4465 suo
2672 4404 3023 4482 exemplari
3057 4423 3133 4466 ex
3176 4406 3402 4467 Grmco
3446 4409 3738 4486 quaedam

469 4510 868 4571 correxerint
903 4508 996 4569 vel
1037 4508 1111 4568 ad
1148 4507 1499 4585 marginem
1562 4507 1870 4581 notarint,
1904 4526 2049 4586 quae
2099 4518 2317 4586 postea
2358 4506 2425 4567 in
2483 4513 2729 4567 textum
2787 4505 3198 4584 irrepserint.
3249 4508 3470 4570 Addas
3530 4509 3738 4581 velim,

468 4611 560 4670 Cl.
597 4612 975 4671 Petermann
1026 4628 1156 4688 prm
1185 4609 1391 4670 oculis
1448 4625 1574 4670 non
1630 4610 1933 4670 habuisse
1965 4609 2211 4687 Corpus
2246 4608 2651 4686 lgnatianum
2683 4608 3035 4679 Curetonii,
3080 4607 3145 4668 in
3181 4625 3311 4685 quo
3352 4628 3441 4670 ex
3471 4612 3738 4681 codicem

472 4711 787 4771 variantes
816 4712 1031 4772 multm
1065 4712 1422 4781 adduntur;
1461 4727 1696 4787 neque,
1728 4710 1899 4788 quod
1934 4726 2051 4771 nos
2086 4711 2523 4786 prmstitimus,
2576 4709 2929 4787 fragmenta
2962 4708 3217 4786 Syriaca
3262 4712 3571 4788 quaedam
3610 4726 3738 4773 cum

470 4809 630 4883 Syro
664 4807 994 4868 Curetonii
1036 4808 1311 4869 identica
1335 4825 1475 4869 esse
1505 4808 1768 4879 vidisse,
1802 4825 1880 4868 ex
1912 4807 2150 4885 quibus
2205 4809 2637 4886 divergentias
2679 4807 2984 4886 quasdam
3020 4808 3287 4869 Armeni
3342 4810 3453 4871 sui
3504 4814 3591 4874 ab
3644 4813 3738 4873 illa

468 4911 655 4972 facile
681 4929 999 4989 BXPOIICI'O
1030 4920 1220 4992 atque
1254 4930 1382 4975 non
1416 4914 1541 4973 nisi
1581 4931 1659 4974 ex
1694 4912 2073 4991 permutatis
2107 4912 2492 4990 quibusdam
2528 4913 2758 4973 litteris
2788 4921 2955 4975 ortas
2994 4930 3155 4983 esse,
3184 4932 3313 4974 non
3341 4916 3564 4976 solum
3606 4916 3738 4976 feli‘

469 5010 627 5068 riter
660 5009 1000 5085 conjicere,
1035 5011 1143 5069 sed
1183 5018 1242 5070 et
1273 5012 1571 5072 evincere
1606 5012 1921 5089 potuisset
1973 5009 2125 5090 (5h).
2160 5013 2510 5073 Emendato
2560 5030 2637 5073 ex
2682 5013 2983 5091 pluribus
3022 5014 3355 5077 codicibus
3398 5024 3585 5078 textu
3616 5037 3738 5077 vera

542 5218 649 5284 (55)
679 5218 1000 5293 __Dolendi_im
1071 5235 1202 5293 sane
1244 5230 1329 5293 est
1384 5223 1689 5293 versionem
1746 5221 2049 5292 Syriacam,
2159 5221 2393 5276 stionem
2436 5230 2814 5288 tractaremus,
2847 5238 3064 5278 omnem
3111 5222 3454 5293 diligentiam
3496 5226 3738 5279 adhibui»

465 5305 647 5363 quain
679 5288 867 5363 [totum
914 5288 1177 5357 lgnatius,
1223 5290 1402 5363 dictus
1430 5288 2044 5363 (Mehetnet-Al'lahtpa-
2149 5308 2297 5355 mus,
2332 5301 2390 5346 ut
2416 5295 2703 5361 vestigium
2730 5294 2893 5363 hujus
2932 5293 3177 5348 thesauri
3214 5288 3603 5349 inveniretur.
3640 5296 3738 5348 Non

466 5360 703 5433 triarcha
737 5360 1304 5433 _An_tiochemis,_qui,
1347 5362 1564 5433 sedente
1602 5360 1864 5433 Gregorio
1902 5362 2043 5427 XIII,
2150 5370 2331 5416 tamen
2375 5363 2441 5415 ad
2464 5360 2645 5433 (finem
2691 5360 2937 5431 optatum
2969 5364 3256 5433 pervenire
3294 5366 3597 5427 valuimus,
3631 5377 3738 5417 cum

471 5430 844 5503 rcforinationi
876 5428 1185 5503 Kalendarii
1215 5430 1478 5503 interfuit,
1506 5447 1631 5485 cum
1676 5428 1946 5503 aliis__suis
1982 5433 2048 5485 li-
2149 5433 2323 5487 turbae
2352 5432 2538 5487 civiles
2572 5428 2757 5486 omnia
2791 5428 3160 5503 impedierint.
3183 5432 3373 5503 Neque
3402 5436 3606 5488 melius
3636 5451 3738 5487 crs

468 5498 580 5572 bris
630 5502 868 5572 moriens
916 5501 1169 5568 reliquit,
1213 5501 1549 5572 deperditam
1599 5518 1737 5555 esse.
1794 5500 2049 5572 U_sserius
2149 5504 2219 5572 sit
2246 5516 2409 5571 opera
2451 5504 2642 5572 multa,
2685 5498 3362 5572 quam'adhibuimusﬂt
3402 5504 3487 5559 vel
3530 5506 3738 5558 aliundt

461 5568 579 5642 jam»
613 5570 679 5642 de
725 5570 824 5622 hac
863 5572 974 5636 ipsa
1007 5572 1257 5642 audierat
1284 5568 1458 5637 ’(Diss.
1508 5572 1570 5624 de
1615 5573 1771 5639 epist.
1821 5570 2044 5640 Ignatii,
2147 5568 2414 5642 Ignaiium
2448 5568 2729 5642 Syriacum
2771 5575 3038 5642 integrum
3072 5588 3545 5642 compararemus.

467 5637 612 5715 0.11.),
641 5636 975 5715 Assemunus
1003 5641 1122 5715 ejus
1150 5636 1476 5715 mentionem
1508 5636 1760 5715 l'acit,__i_ta
1787 5636 1963 5715 tamen
1992 5650 2049 5696 ut
2222 5641 2430 5715 (54)_V.
2555 5642 2713 5715 Rom.
2754 5644 2819 5715 5,
2840 5636 2979 5712 quod
3006 5636 3337 5715 (manda—tum,
3377 5645 3547 5709 mihi;
3588 5641 3737 5694 Rom

471 5706 933 5785 vidiss_e_propriis
963 5706 1276 5785 oculisnon
1305 5712 1553 5785 videatur
1600 5711 1767 5785 (Bibi.
1814 5712 2043 5777 0rient.,
2151 5706 2238 5785 βξ
2270 5706 2494 5766 άὸίονεέ
2530 5714 2755 5785 mortis;
2795 5706 2950 5769 non).
3000 5714 3056 5780 5,
3096 5714 3149 5769 iu
3194 5714 3457 5771 omnibus
3501 5706 3738 5785 sequitlu

470 5784 601 5829 tum.
630 5774 714 5840 Ill,
734 5774 860 5846 pfi,
888 5794 937 5846 p.
975 5780 1075 5845 l7).
1113 5779 1221 5834 Dios
1248 5796 1371 5834 cum
1402 5783 1575 5849 prima
1599 5774 1714 5835 vice
1739 5782 1879 5835 hanc
1900 5774 2045 5850 qum;
2146 5774 2539 5851 fragmentum,
2575 5800 2625 5855 ρ.
2661 5784 2785 5837 20!.
