3746 6354
465 369 569 426 623
1130 371 1220 428 DE
1257 370 1729 428 INTEGRITATE
1773 369 2055 426 TEXTUS
2093 369 2395 427 RECEPTI
2436 369 2585 428 EPP.
2630 370 2688 426 S.
2733 370 3013 429 lGNATll.
3056 436 3061 443 _
3598 374 3662 428 Gil

548 491 795 552 Insistit
832 492 1081 555 Bunsen
1118 496 1395 576 epilogo,
1429 496 1541 574 qui
1582 496 1649 556 in
1693 496 1910 556 codice
1951 496 2083 576 βὶη
2132 497 2255 559 ﬁne
2299 496 2715 577 epistolarum
2766 496 3086 559 habetur:
3123 496 3351 559 Finita:
3394 504 3545 555 sunt
3586 506 3667 573 τρι·

468 595 644 654 stola:
672 604 795 654 tres
841 597 1084 674 Ignatii
1115 598 1394 675 episcopi
1431 607 1484 657 et
1534 598 1834 672 martyris
1855 619 1872 664 ,-
1932 596 2110 657 illam
2142 613 2363 660 vocem
2399 596 2674 676 epistola:
2704 615 2844 659 esse
2876 599 2941 659 in
2971 606 3137 661 statu
3168 597 3557 677 emphatico,
3597 599 3664 675 qui

466 696 721 758 articuli
767 698 967 760 vicem
1006 700 1175 777 apud
1199 700 1392 778 Syros
1425 706 1622 761 tenet.
1656 700 1891 759 Verum
1920 700 2384 762 Petermannus
2414 700 2658 762 notavit
2685 708 2919 761 statum
2945 699 3377 780 emphaticum
3413 714 3667 759 nonnun-

466 815 658 877 quam
691 799 881 861 etiam
914 800 1323 864 indefinitum
1357 816 1620 860 sensum
1654 799 1912 864 habere.
1955 804 2151 863 Porro
2181 809 2403 862 notum
2438 806 2554 872 est,
2593 817 2898 863 numeros
2927 800 3281 862 cardinales
3320 796 3665 859 ordinatium

464 898 674 961 locum
730 901 898 979 apud
934 900 1207 962 Semitas
1256 898 1613 979 smpissime
1646 906 1887 962 tenere.
1942 900 2078 962 Dici
2121 899 2313 961 etiam
2360 904 2589 979 potest,
2650 915 3115 962 amanuensem
3158 896 3668 960 determinatelo-

461 999 599 1075 qui,
640 1003 749 1062 sed
786 1010 913 1064 tres
944 1002 1087 1063 illas
1109 999 1413 1079 epistolas
1450 998 1811 1077 signiﬁcare
1843 998 2150 1073 voluisse,
2185 1014 2346 1077 quas
2380 999 2603 1061 lectori
2632 998 2865 1060 offerre
2900 1007 3229 1077 excerptas
3261 1004 3665 1077 proposuerat.

458 1098 755 1179 Denique
800 1108 924 1163 tota
966 1118 1066 1162 res
1108 1099 1485 1163 auctoritate
1514 1098 1928 1161 amanuensis
1959 1098 2155 1161 unius
2185 1096 2439 1160 obscuri
2466 1104 2658 1177 atque
2686 1096 2905 1159 forsan
2942 1098 3297 1177 ignorantis
3336 1098 3592 1158 nititur.

550 1200 613 1261 Si
655 1201 802 1280 quis
826 1201 1108 1281 denique
1130 1217 1297 1279 mgre
1328 1199 1452 1262 sibi
1482 1200 1550 1261 in
1583 1206 1861 1261 mentem
1899 1199 2176 1271 inducat,
2211 1205 2454 1260 textum
2483 1197 2713 1279 Ignatii
2742 1198 3139 1260 decurtatum
3165 1197 3365 1259 fuisse
3399 1221 3415 1257 :
3442 1198 3665 1258 alterum

465 1302 784 1382 ejusmodi
834 1304 1201 1384 exemplum
1258 1302 1477 1376 adest,
1537 1309 1766 1381 atque,
1834 1301 2008 1382 quod
2055 1301 2419 1363 evidentius
2480 1306 2597 1374 est,
2653 1299 2721 1361 in
2770 1299 2931 1378 ipsis
2969 1298 3195 1378 Ignatii
3230 1298 3529 1377 epistolis
3558 1315 3665 1357 ron-

459 1402 721 1463 sistens.
769 1404 1098 1467 Habemus
1131 1407 1305 1464 enim
1354 1403 1522 1481 apud
1552 1401 1915 1463 Simeonem
1970 1401 2441 1480 Metaphrasten
2479 1400 2812 1480 epistolam
2856 1401 2932 1463 ad
2988 1402 3310 1460 Romanos
3356 1398 3664 1459 narrationi

456 1504 750 1582 martyrii
780 1504 1111 1578 insertam,
1144 1518 1335 1582 quam
1370 1519 1440 1563 se
1485 1508 1571 1561 ἐπὶ
1599 1506 1787 1570 λέξεως
1816 1499 2217 1561 redditurum
2253 1499 2616 1578 pollicetur,
2649 1499 2718 1562 in
2752 1516 2881 1580 qua
2917 1506 3129 1560 tamen
3162 1506 3222 1559 et
3251 1497 3357 1559 hic
3392 1498 3578 1575 plura
3599 1502 3667 1557 de-

455 1605 611 1661 sunt
656 1606 720 1663 et
767 1599 893 1662 alia
921 1600 1184 1680 quidem
1233 1615 1427 1678 quam
1463 1599 1634 1679 apud
1674 1600 1934 1679 Syrum.
1988 1599 2130 1661 Non
2185 1606 2322 1663 erat
2368 1600 2638 1679 proinde
2690 1598 2993 1664 insuetus
3030 1597 3260 1660 modus
3298 1597 3424 1660 iste
3484 1616 3665 1660 excer-

454 1701 674 1779 pendL

533 1803 755 1877 Quoad
787 1804 976 1866 ﬁnem
1010 1819 1183 1877 vero,
1214 1819 1408 1884 quem
1445 1804 1646 1883 Syrus
1675 1800 1787 1863 ille
1811 1800 1932 1865 sibi
1965 1808 2406 1880 pmposuerat,
2439 1819 2585 1865 cum
2633 1802 2863 1883 Ignatii
2896 1802 3200 1882 epistolas
3233 1806 3321 1868 ita
3361 1808 3665 1886 excerpsit,

454 1921 589 1969 non
652 1906 908 1968 videtur
957 1907 1033 1968 ad
1071 1907 1308 1968 tuenda
1361 1904 1619 1987 propria
1646 1904 1942 1985 dogmata
1992 1892 2224 1966 factum
2268 1904 2496 1980 fuisse,
2531 1923 2701 1982 cum,
2747 1915 2820 1971 ut
2843 1910 3286 1985 ostendimus,
3320 1910 3390 1972 in
3418 1912 3664 1973 doctrina

451 2023 600 2069 cum
632 2014 853 2070 nostso
885 2006 1077 2087 plane
1116 2008 1499 2071 consentiat.
1555 2004 2037 2084 Monophysita,
2065 2011 2136 2068 ut
2190 2006 2533 2085 supposuit
2564 2008 3033 2087 Wordsworth,
3066 2026 3195 2072 non
3243 2018 3406 2083 erat,
3443 2029 3583 2072 cum
3624 2012 3666 2073 in

452 2107 723 2187 epistola
753 2109 830 2169 ad
874 2107 1298 2187 Polycarpum
1331 2106 1454 2187 (65)
1486 2105 1743 2185 insigne
1769 2103 2033 2167 effatum
2078 2103 2442 2185 reliquerit,
2474 2107 2648 2186 quod
2688 2109 3281 2190 MonOphysiticuin
3336 2112 3573 2190 dogma
3596 2115 3667 2174 de-

446 2205 663 2268 struit.
694 2208 831 2268 Praa
861 2207 1107 2269 caneris
1142 2205 1362 2285 itaque
1387 2203 1780 2276 admittenda
1818 2201 1931 2263 illa
1961 2201 2361 2281 hypotbesis,
2393 2224 2539 2285 qum
2570 2210 2803 2288 Syrum
2829 2210 3174 2289 quemdam
3199 2212 3276 2272 ad
3312 2231 3509 2275 usum
3541 2230 3667 2272 asce-

447 2306 647 2369 ticum
680 2307 826 2368 illas
852 2307 1155 2386 epistolas
1206 2304 1626 2386 descripsisse
1677 2301 2066 2380 suspicatur,
2119 2322 2265 2384 qua;
2326 2307 2543 2385 plures
2588 2310 2905 2390 ejusmodi
2967 2312 3269 2373 materias
3319 2314 3663 2381 retinebant,

449 2406 709 2467 omissis
738 2407 844 2481 iis,
878 2426 1023 2487 qua)
1051 2424 1244 2487 scOpo
1292 2424 1413 2471 suo
1469 2423 1601 2470 non
1638 2404 2100 2469 inserviebam.
2145 2408 2303 2481 Quae
2328 2408 2705 2489 hypothesis
2751 2419 2812 2475 et
2858 2429 2935 2476 eo
2976 2416 3488 2488 commendatur,
3534 2418 3665 2496 quod

448 2506 737 2585 ejusdem
762 2509 1015 2587 generis
1045 2509 1177 2573 sint
1226 2508 1351 2573 alia
1393 2507 1728 2589 opuscula,
1759 2525 1907 2588 quas
1940 2510 2009 2573 in
2048 2508 2455 2575 collectaneis
2499 2513 2841 2593 habentur,
2874 2515 2941 2579 in
2972 2517 3218 2597 quibus
3250 2518 3543 2597 lgnatius
3574 2520 3660 2594 Sy-

447 2607 657 2669 riacus
685 2610 973 2673 detectus
1008 2617 1131 2674 est.

517 2737 632 2807 (es;
658 2736 722 2793 Ν.
758 2739 811 2794 3.
