3754 6206
413 240 513 301 627

1390 249 1637 307 SANCTI
1672 249 1928 306 IGNATll
1966 251 2321 307 EPISTOLA‘Z
2359 253 2709 311 GENUINAZ.

3535 258 3631 313 628

408 367 576 435 jauo,
626 378 814 423 contra
859 370 1169 424 Armeniam
1224 380 1278 426 et
1324 371 1559 427 Parthos
1603 373 1981 445 proliciscente
2013 379 2057 435 Α
2089 374 2388 443 logicarum
2443 375 2719 444 magistri,
2773 372 3038 429 Henricus
3066 371 3345 439 Norisius,
3386 372 3633 431 Antonius

410 459 823 530 Antiochimque
865 473 1133 530 morante,
1164 462 1231 517 ad
1262 464 1468 521 bestias
1499 466 1838 529 damnatum,
1873 463 1982 518 Ro-

410 568 557 606 mam
589 569 708 608 esse
735 553 1055 635 abductum.

480 644 609 699 Post
654 645 871 716 longam
922 655 977 701 et
1018 648 1382 718 periculosam
1428 650 1865 720 navigationem,
1914 652 1983 705 ad

407 737 591 790 decem
642 736 864 805 milites,
897 752 1040 807 quos
1092 739 1383 809 leopardos
1416 752 1576 795 vocat
1620 740 1757 813 (l3),
1791 742 1984 814 alliga-

408 835 533 891 tus,
573 836 795 883 sanctus
851 839 1059 900 martyr
1115 828 1405 903 Smyrnam
1452 833 1728 901 pervenit,
1777 834 1869 888 ubi
1915 850 1982 889 ex

406 918 682 986 colloquio
715 934 839 974 cum
876 919 934 975 S.
972 920 1273 993 Polycarpo
1301 932 1357 977 et
1394 924 1759 993 adjacentium
1793 926 1979 982 Eccle-

405 1007 608 1062 siaruin
645 1010 836 1080 legatis
870 1012 1078 1076 habito,
1125 1014 1396 1083 ingentem
1430 1016 1761 1084 voluptatem
1796 1032 1983 1086 perce-

404 1098 504 1165 pit,
531 1107 585 1153 et
627 1110 866 1171 quatuor
906 1103 1165 1172 epistolas
1213 1106 1278 1159 ad
1329 1105 1617 1173 Ephesios,
1648 1107 1977 1178 Magnesios,

406 1187 713 1247 Trallianos
740 1202 795 1247 et
826 1192 1102 1252 Romanos
1129 1196 1473 1267 conscripsit.

480 1280 711 1352 Smyrna
747 1282 1013 1338 Troadem
1053 1287 1221 1351 venit,
1254 1287 1343 1339 ubi
1395 1286 1632 1355 lgnatius
1682 1306 1979 1359 paucorum

406 1370 619 1425 dierum
652 1388 863 1428 moram
892 1376 1138 1445 epistolis
1166 1378 1233 1431 ad
1269 1377 1770 1449 Philadelphmses,
1795 1382 1980 1453 Smyr-

408 1478 559 1518 nteos
587 1474 637 1518 et
679 1464 1040 1537 Polycarpum
1088 1471 1381 1525 exarandis
1416 1472 1638 1526 dicavit.
1677 1474 1805 1528 lnde
1836 1472 1979 1529 Nea-

408 1558 597 1624 polim,
623 1568 682 1612 ut
712 1560 893 1614 verbis
925 1557 1177 1632 Lumperi
1210 1573 1352 1629 utar,
1386 1565 1674 1630 adductus,
1707 1565 1982 1635 Philippos

407 1648 780 1714 pertranslens
824 1648 1195 1706 Macedoniam
1250 1662 1417 1707 totam
1464 1657 1791 1726 peragravit.
1848 1657 1975 1727 Epi-

2087 463 2284 534 Pagius
2311 474 2364 521 et
2388 465 2713 520 Guiliclmus
2738 464 2997 536 Lloydius
3024 465 3136 535 (18)
3173 466 3501 534 probarunt,
3528 466 3635 520 bel-

2088 556 2197 608 lum
2232 555 2454 625 Trajani
2491 555 2807 610 Parthicum
2840 571 2987 611 anno
3029 554 3234 610 Christi
3266 556 3371 609 M2
3401 557 3630 627 cepisse.

2088 647 2145 701 Si
2169 648 2355 717 itaque
2380 646 2650 717 Trajanus
2680 648 2849 701 semel
2875 655 3083 701 tantum
3109 656 3300 701 contra
3342 646 3633 701 Armeniam

2085 738 2427 809 Parthosque
2473 753 2625 793 arma
2667 738 2903 803 tulisset,
2945 747 2999 791 et
3024 738 3191 793 semel
3217 746 3430 792 tantum
3461 736 3635 791 Antio-

2086 832 2223 886 chiae
2244 841 2391 887 esset
2424 840 2695 895 moratus,
2729 832 2919 900 utique
2945 839 3001 886 et
3028 830 3273 902 lgnatius
3298 838 3423 900 post
3451 843 3635 883 annum

2087 925 2189 978 H2
2214 924 2536 995 martyrium
2567 923 2844 978 subiisset.

2158 1010 2261 1067 Sed
2296 1012 2569 1081 duplicem
2607 1011 2956 1067 Armenicam
2990 1009 3411 1080 Parthicamque
3432 1010 3637 1080 expedi-

2086 1105 2290 1159 tionem
2324 1119 2355 1157 a
2394 1102 2632 1173 Traiano
2662 1115 2971 1175 susceptam
3006 1102 3387 1158 Tillemontius
3412 1101 3638 1173 (l9)jure

2084 1197 2387 1264 conjecisse
2414 1196 2648 1260 videtur,
2678 1198 2835 1265 cujus
2862 1196 3187 1251 sententiam
3224 1194 3507 1250 Eduardus
3526 1195 3641 1249 Cor-

2086 1288 2264 1343 sinius
2311 1287 2445 1357 (20),
2492 1287 2575 1341 vir
2619 1287 2963 1356 politioribus
3006 1287 3200 1340 litteris
3243 1295 3540 1355 priestans,
3580 1302 3639 1340 ex

2086 1381 2327 1436 nummis
2359 1380 2520 1434 etiam
2550 1379 2914 1434 conﬁrmavit.
2955 1377 3216 1434 Testibus
3238 1378 3384 1432 enim
3418 1377 3578 1432 Dione
3595 1388 3641 1431 et

2085 1470 2321 1537 Zonara,
2358 1469 2555 1538 Optimi
2584 1486 2777 1524 nomen
2816 1478 2946 1524 tunc
2975 1469 3211 1538 primum
3249 1465 3483 1537 Trajano
3526 1482 3643 1521 cou-

2084 1579 2299 1618 cessuni
2337 1562 2456 1628 fuit,
2485 1578 2610 1616 cum
2649 1563 2696 1618 is
2741 1561 3053 1615 Armeniam
3083 1559 3315 1629 expulso
3340 1557 3643 1612 Parthama-

2085 1655 2251 1709 siride
2280 1654 2600 1724 czeterisque
2639 1654 2843 1726 regulis
2872 1653 3097 1707 omnino
3138 1650 3370 1707 sublatis
3398 1665 3645 1719 occupas-

406 1739 594 1792 damiii
643 1756 774 1795 vero
803 1742 862 1811 (i.
897 1760 943 1797 ε.
983 1742 1257 1815 Dyrachii)
1290 1746 1342 1800 in
1389 1745 1551 1816 Epiro
1596 1764 1785 1803 navem
1832 1751 1982 1805 brevi
2015 1742 2056 1795 Β
2085 1756 2186 1801 set.
2224 1746 2478 1817 Ideoque,
2513 1762 2636 1800 cum
2672 1746 2726 1799 in
2756 1745 2999 1799 nummis
3028 1744 3281 1814 pluribus
3315 1743 3501 1797 Roma:
3534 1757 3646 1810 per-

407 1830 708 1885 soluturam
739 1833 1019 1890 oﬁ'endens
1041 1876 1056 1900 ,
1096 1836 1436 1891 Adriaticum
1473 1854 1625 1894 mare
1656 1842 1983 1912 enavigavit,

405 1929 569 1989 atque
613 1923 665 1975 in
698 1920 1037 1995 Tyrrhenum
1087 1928 1349 1981 ascendit.
1388 1928 1642 1985 Puteolos
1672 1933 1760 1985 tibi
1791 1949 1984 2002 perve-

410 2014 514 2078 nit,
556 2031 586 2069 e
636 2018 760 2071 navi
806 2018 1132 2075 descendere
1181 2022 1466 2090 cupiebat,
1510 2031 1570 2076 ut
1615 2024 1681 2077 ad
1730 2024 1787 2078 S.
1830 2024 1984 2079 Pauli

407 2111 717 2181 exemplum
769 2111 996 2169 Romam
1028 2114 1270 2172 Puteolis
1307 2119 1674 2173 contenderet.
1725 2118 1794 2172 At
1824 2130 1985 2175 vento

401 2208 711 2262 vehementi
759 2210 813 2264 in
847 2211 1017 2265 altum
1048 2215 1323 2283 repulsus,
1357 2215 1547 2269 urbem
1582 2215 1728 2269 illam
1760 2224 1985 2285 prtetcr-

405 2298 484 2353 ire
518 2310 741 2356 coactus
769 2312 871 2357 est.
913 2302 1157 2373 Denique
1180 2306 1245 2359 ad
1272 2305 1495 2361 Portum
1522 2306 1827 2361 Romanum
1862 2324 1986 2377 pcr-

403 2390 656 2456 venicns,
687 2405 717 2444 a
754 2391 1027 2456 ﬁdelibus,
1063 2394 1235 2449 Roma
1281 2396 1496 2449 obviam
1533 2398 1812 2465 euntibus,
1838 2398 1984 2453 salu-

404 2484 572 2545 tatus,
602 2496 631 2534 a
662 2483 986 2537 custodibus
1019 2494 1199 2538 autern
1235 2484 1622 2542 festinantibus
1656 2488 1885 2544 Romam
1928 2491 1981 2545 in

405 2573 874 2642 amphitheatrum
896 2576 1115 2640 ductus,
1143 2587 1196 2632 ct
1214 2579 1431 2635 duobus
1461 2580 1711 2636 leonibus
1736 2583 1983 2651 objectus

376 2657 509 2727 'est,
541 2663 635 2733 qui
685 2665 831 2720 illico
879 2666 1057 2735 ipsum
1108 2668 1473 2735 devorarunt,
1510 2671 1641 2725 solis
1668 2672 1983 2729 durioribus

408 2756 611 2811 relictis
650 2758 891 2825 ossibus,
928 2775 1050 2828 qua:
1086 2761 1313 2816 collecta
1361 2763 1709 2818 Antiochiam
1758 2766 1980 2834 pretiosi

405 2847 581 2903 instar
609 2850 849 2905 thesauri
883 2851 1167 2921 deportata
1201 2866 1348 2909 sunt.

476 2938 745 3008 lgnatium
789 2956 936 2995 nono
963 2958 1109 2996 anno
1148 2944 1495 3014 imperatoris
1521 2946 1761 3018 Trajani,
1800 2966 1894 3004 seu
1925 2968 1974 3004 a.

406 3028 508 3083 107
535 3046 588 3100 p.
624 3030 757 3088 Chr.
787 3042 920 3098 nat.,
950 3034 1017 3087 ad
1044 3034 1248 3092 bestias
1279 3039 1620 3107 damnatum,
1645 3041 1865 3097 ineunte
1884 3059 1983 3097 au-

404 3130 511 3175 tem
556 3124 769 3177 decimo
808 3123 1027 3193 Trajani
1082 3142 1226 3181 anno
1250 3171 1263 3191 ,
1306 3128 1376 3182 20
1402 3129 1530 3185 Dec.
1566 3132 1689 3198 107,
1722 3136 1980 3204 martyrio

406 3224 725 3267 coronatum
769 3231 909 3281 esse,
953 3216 1085 3269 Acta
1139 3219 1410 3286 passionis
1446 3221 1567 3290 ejus
1619 3224 1839 3278 tradunt
1872 3242 1921 3279 c.
1948 3227 1983 3279 2

404 3313 455 3357 et
496 3303 545 3357 7.

478 3400 651 3453 Aliam
684 3403 1009 3455 sententiam
1036 3402 1366 3459 Pearsonius
1403 3409 1736 3478 excogitavit
1770 3418 1823 3463 et
1852 3428 1981 3480 pro-

405 3494 665 3561 pugiiavit
691 3496 742 3548 in
763 3495 1147 3549 dissertatione
1180 3498 1474 3565 posthuma
1513 3501 1577 3554 de
1607 3517 1745 3555 anno
1783 3519 1884 3571 quo
1923 3502 1979 3558 S.

406 3580 652 3652 Ignatius
691 3603 721 3638 α
773 3585 1005 3656 Trojano
1053 3588 1346 3642 Antiochia:
1376 3591 1446 3643 ad
1482 3590 1678 3645 bestias
1718 3604 1831 3647 erat
1858 3611 1983 3647 con-

406 3673 685 3729 demnatus
701 3677 746 3744 (1
760 3677 835 3745 4).
854 3676 955 3746 Ipsi
973 3690 1322 3733 accesserunt
1342 3683 1613 3738 Antonius
1632 3683 1832 3755 Pagius
1848 3687 1983 3756 (15),

408 3765 644 3821 Grahius
673 3768 806 3834 (l6),
843 3768 1176 3825 Benedictini
1220 3788 1249 3825 c
1280 3776 1697 3845 congregatione
1746 3778 1803 3833 S.
1835 3779 1986 3834 Illan-

406 3858 452 3910 ri
490 3859 627 3927 (17),
656 3869 709 3913 et
732 3862 886 3913 multi
919 3863 1031 3915 alii.

477 3950 818 4006 Anctoritatc
848 3952 1079 4007 Joannis
1098 3952 1307 4008 Malalaa
1334 3958 1444 4011 rixi
1480 3960 1581 4014 viri
1624 3962 1676 4014 hi
1713 3963 1859 4017 docti
1892 3980 1985 4016 as-

407 4052 598 4095 serunt
647 4042 967 4112 Trajauuin,
1004 4048 1060 4099 iu
1112 4048 1348 4105 Parthos
1374 4051 1809 4119 proﬁciscentem
1837 4096 1850 4117 ,
1885 4057 1987 4109 sub

409 4133 570 4188 ﬁnem
603 4137 729 4189 anni
778 4136 898 4201 115,
946 4147 1186 4209 tempore
1256 4143 1402 4195 illius
1461 4152 1834 4210 terrremotns,
1893 4150 1985 4215 qui

408 4224 789 4293 imperatorem
835 4243 972 4296 pene
1017 4233 1311 4298 oppressit,
1350 4232 1653 4288 Antiochia:
1694 4235 1984 4301 hiemassc,

408 4318 738 4389 iueunteque
768 4336 916 4373 anno
948 4321 1051 4375 116
1075 4325 1339 4394 lgnatium
1369 4335 1615 4380 nostrum
1648 4327 1700 4379 in
1720 4327 1987 4396 judicium

406 4425 660 4475 vocasse;
692 4412 912 4465 beatum
947 4422 1129 4467 autem
1170 4414 1317 4469 hunc
1338 4416 1624 4484 praesulem
1660 4418 1851 4471 eodem
1887 4435 1985 4472 an-

406 4520 478 4556 no
506 4506 608 4558 116
631 4506 913 4561 desinente
941 4510 1202 4580 martyrio
1241 4525 1363 4564 esse
1391 4520 1735 4565 coronatum.

2084 1839 2262 1894 cussis
2296 1839 2498 1903 Optimi
2520 1852 2717 1892 nomen
2746 1834 2984 1905 Traiano
3018 1835 3283 1889 tributum
3315 1832 3646 1897 occurrat,in

2083 1932 2282 2001 quibus
2313 1931 2429 2001 ipse
2474 1926 2744 1985 consan
2775 1938 3027 1992 vocatur,
3072 1926 3315 1982 dubitari
3371 1933 3513 1981 certe
3564 1924 3648 1978 vix

2082 2024 2303 2091 poterit,
2340 2022 2471 2091 quin
2513 2020 2784 2090 Trajanus
2835 2019 3152 2073 Armeniam
3212 2018 3487 2089 subegerit
3532 2026 3650 2071 ante

2084 2128 2288 2166 annum
2343 2113 2446 2166 M2
2485 2110 2573 2180 (U.
2624 2111 2687 2167 C.
2722 2111 2871 2179 865),
2920 2125 3031 2180 quo
3075 2119 3283 2163 sextum
3314 2109 3649 2164 consulatum

2086 2206 2273 2260 Roma:
2308 2206 2570 2275 suscepit.
2604 2203 2867 2273 Denique,
2893 2212 2952 2257 ut
2978 2202 3083 2257 alia
3108 2200 3350 2256 Corsinii
3376 2215 3651 2271 argumen-

2084 2310 2135 2353 ta
2166 2298 2383 2354 silentio
2427 2307 2769 2367 przetcream,
2811 2295 3048 2351 eximius
3078 2294 3215 2349 alter
3239 2292 3461 2363 Trajani
3504 2309 3627 2347 num

2085 2407 2206 2444 mus
2253 2391 2503 2453 habetur,
2561 2390 2613 2441 in
2668 2403 2778 2457 quo
2820 2386 3004 2441 Caesar
3049 2386 3167 2456 ipse
3209 2384 3457 2439 APICT.
3497 2383 3647 2438 (ΖΕΒ.

2086 2484 2311 2539 ΓΕΒΜ.
2364 2483 2527 2538 AAK.
2582 2485 2799 2537 ΠΑΡΘ.
2854 2483 2891 2536 i.
2941 2497 2991 2537 e.
3047 2480 3317 2550 Optimus,
3368 2479 3649 2550 Augustus,

2085 2574 2452 2640 Germanicus,
2482 2574 2736 2636 Dacicus,
2779 2572 3060 2627 Parthicus
3095 2573 3421 2642 appellatur,
3472 2572 3655 2627 simul-

2083 2683 2189 2737 que
2220 2667 2450 2721 decimus
2492 2664 2704 2735 imperii
2737 2664 2912 2734 ipsius
2952 2678 3128 2717 annus
3171 2678 3472 2732 expressus
3525 2677 3653 2717 con-

2084 2759 2332 2829 spicitur.
2364 2758 2507 2828 Ergo
2548 2771 2693 2811 anno
2709 2754 2855 2810 U.C.
2891 2754 2989 2809 861
3026 2753 3152 2824 (107
3176 2769 3228 2823 p.
3258 2754 3479 2823 (2h.),in
3500 2770 3654 2825 quem

2083 2853 2315 2905 decimus
2352 2849 2561 2920 imperii
2596 2864 2775 2903 annus
2807 2847 3076 2913 incurrit,
3112 2845 3388 2917 Trajanus
3413 2847 3521 2917 jam
3554 2847 3657 2916 Op-

2086 2946 2202 2998 timi
2232 2954 2397 3013 atque
2426 2941 2671 2995 Parthici
2694 2955 2892 2995 nomen
2919 2948 3227 3009 acceperat.
3256 2938 3467 3009 Duplex
3497 2940 3661 3010 igitur

2086 3036 2309 3106 Trajani
2355 3037 2408 3089 in
2462 3036 2740 3089 Orientem
2772 3032 3040 3104 profectio
3068 3033 3291 3103 agnosci
3324 3031 3485 3087 debet
3522 3031 3657 3099 (2t),

2085 3131 2330 3199 nihilque
2366 3127 2585 3198 gravius
2631 3127 2744 3197 (.22)
2790 3126 3001 3190 obstat,
3034 3140 3145 3194 quo
3173 3124 3360 3179 minus
3385 3137 3527 3177 anno
3560 3122 3659 3176 107

2084 3220 2349 3292 lgnatium
2380 3234 2410 3273 e
2434 3219 2571 3273 vivis
2600 3218 2902 3272 decessisse
2927 3224 3201 3284 putemus.

2157 3313 2220 3367 ll.
2273 3311 2594 3378 Quindecim
2645 3309 2751 3364 sub
2795 3309 3019 3362 nomine
3056 3306 3116 3362 S.
3148 3305 3344 3377 lgnatii
3372 3302 3662 3359 circumie-

2087 3415 2282 3461 runtur
2309 3404 2572 3472 epistolae,
2599 3416 2629 3456 e
2651 3400 2849 3471 quibus
2882 3409 2989 3455 tres
3014 3398 3207 3453 Latine
3235 3406 3448 3451 tantum
3471 3395 3537 3449 ad
3565 3408 3666 3448 nos

2084 3505 2479 3567 pervenerunt,
2518 3504 2571 3549 et
2627 3493 2987 3548 Grazcismum
3038 3490 3267 3544 minime
3319 3487 3661 3551 redolentes,

2087 3606 2194 3644 non
2228 3590 2295 3643 ab
2322 3589 2636 3656 interprete,
2672 3585 2766 3640 sed
2798 3594 3023 3638 auctore
3059 3580 3257 3636 Latino
3291 3578 3553 3650 profecta:
3586 3577 3667 3629 vi-

2085 3681 2317 3734 dentur:
2345 3677 2410 3732 ad
2435 3676 2496 3730 B.
2524 3675 2799 3746 Virginem
2840 3688 2971 3740 una,
3010 3672 3077 3727 ad
3122 3670 3179 3725 S.
3211 3669 3481 3726 Joannem
3518 3667 3664 3721 dure.

2086 3775 2306 3828 Caetera:
2337 3780 2517 3827 autem
2545 3769 2730 3824 Gra‘ce
2759 3776 3071 3838 supersunt.

2162 3864 2237 3919 Ex
2266 3862 2579 3934 quindecim
2629 3861 2715 3915 his
2743 3859 2990 3929 epistolis
3031 3865 3157 3912 octo
3194 3855 3446 3911 unanimi
3480 3854 3671 3909 docto-

2088 3972 2211 4011 rum
2240 3969 2515 4010 consensu
2546 3953 2746 4023 spuria:
2784 3950 3053 4005 habentur
3079 3966 3093 4002 :
3128 3949 3182 4017 1)
3214 3964 3326 4003 una
3353 3948 3419 4001 ad
3444 3947 3504 4000 Β.
3542 3945 3670 3999 Vir-

2088 4049 2290 4121 ginem,
2330 4048 2386 4115 2)
2420 4056 2475 4101 et
2498 4046 2552 4113 '5)
2578 4044 2700 4099 duae
2722 4042 2789 4096 ad
2819 4040 2877 4095 S.
2910 4039 3199 4103 Joannem,
3228 4040 3285 4109 4)
3319 4054 3429 4093 una
3452 4037 3520 4092 ad
3554 4034 3673 4089 Ma-

2090 4141 2226 4195 riam
2258 4137 2679 4197 Cassabolitem,
2710 4134 2765 4203 5)
2793 4147 2898 4187 una
2927 4131 2995 4186 ad
3021 4130 3345 4196 Tarsenses,
3372 4129 3426 4197 6)
3466 4143 3575 4183 una
3602 4127 3671 4181 ad

2089 4234 2485 4294 Antiochenos,
2516 4228 2569 4299 7)
2595 4242 2701 4281 una
2727 4226 2793 4280 ad
2826 4224 3119 4287 Heronem,
3152 4222 3449 4277 diaconum
3478 4220 3675 4274 Antio-

2093 4326 2349 4389 chenum,
2376 4322 2433 4392 8)
2464 4335 2573 4374 una
2602 4318 2669 4373 ad
2698 4318 3073 4387 Philippenses
3100 4313 3242 4385 (23).

2164 4416 2518 4485 lleliquarum
2552 4408 2758 4480 septem
2782 4450 2796 4473 ,
2826 4423 2948 4480 quae
2972 4407 3110 4462 datae
3142 4414 3274 4460 sunt
3302 4404 3359 4475 1)
3390 4403 3455 4459 ad
3491 4401 3680 4472 Ephe-

2093 4513 2227 4571 sios.
2259 4509 2316 4579 2)
2346 4508 2413 4562 ad
2436 4504 2768 4574 Magnesios,
2800 4502 2855 4572 '5)
2904 4501 2972 4554 ad
3001 4498 3336 4564 Trallianos,
3365 4498 3421 4567 1)
3453 4496 3522 4550 ad
3561 4494 3679 4547 Ro-

479 4592 671 4664 Negari
704 4612 808 4650 non
841 4608 1040 4666 potest,
1086 4599 1232 4667 quod
1266 4601 1487 4654 maximi
1522 4615 1701 4654 rerum
1748 4601 1985 4655 chr0no-
2018 4608 2061 4660 D
2095 4614 2306 4663 marios,
2340 4598 2395 4666 5)
2429 4596 2495 4649 ad
2525 4592 3004 4661 Philadelphenses
3027 4628 3044 4656 ,
3073 4588 3128 4659 6)
3161 4588 3228 4642 ad
3272 4585 3593 4657 Smyrnams
3622 4592 3685 4637 et

482 4770 593 4841 (15)
624 4769 824 4841 lgnat.,
860 4788 947 4841 ep.
980 4773 1046 4826 ad
1080 4770 1265 4835 Roni.,
1298 4790 1347 4827 c.

481 4840 592 4961 (1.1)
628 4840 779 4895 llanc
821 4843 1261 4897 dissertationcm
1307 4842 1573 4900 Smithius
1626 4857 1681 4901 et
1728 4846 1992 4901 Jacobso-

488 4926 513 4961 s
549 4922 559 4961 ἐ
598 4909 635 4961 Ι.
672 4927 726 4961 n.
754 4912 859 4961 5'24
890 4929 1010 4961 snit.
1044 4914 1177 4961 edit.
1213 4916 1272 4961 ul
1318 4916 1371 4961 in
1417 4930 1547 4961 suas
1572 4918 1839 4961 mlitinnm
1860 4932 1992 4961 mn-

408 4924 513 4989 nus
549 4909 636 4977 (ΙΙ,
672 4927 726 4980 p.
754 4912 859 4965 524
890 4929 1010 4981 sqq.
1044 4914 1177 4967 edit.
1212 4916 1272 4984 ιι)
1318 4916 1373 4967 in
1417 4930 1547 4970 suas
1572 4918 1839 4971 editiones
1860 4932 1992 4972 con-

430 4992 675 5037 cccruut.

405 4996 675 5049 jeccruut.

480 5052 594 5122 (1.5)
628 5052 789 5118 Crit.,
821 5052 886 5106 ad
922 5068 1052 5105 ann.
1088 5052 1211 5119 107,
1248 5069 1303 5106 n.
1336 5053 1455 5107 3-6.

624 5125 900 5201 δΡίθίίεθη
928 5133 966 5201 ιτ
1089 5124 1180 5201 9'2:

479 5194 592 5263 (17)
622 5194 771 5247 L'art
800 5197 863 5267 de
896 5196 1117 5267 rériﬁer
1157 5194 1231 5248 les
1262 5196 1434 5263 dates,
1460 5211 1513 5265 p.
1539 5196 1667 5260 239,
1696 5213 1785 5267 ap.
1820 5197 1986 5252 Lum-

407 5279 521 5333 per.
560 5267 594 5320 Ι.
622 5283 698 5327 c.,
730 5282 783 5335 p.
809 5265 935 5319 250.

479 5336 590 5401 (18)
627 5332 829 5399 (ira-be,
862 5334 1074 5403 Spicil.,
1106 5345 1143 5389 t.
1180 5332 1244 5399 ll,
1366 5335 1453 5389 22.

479 5407 589 5457 (10)
621 5406 766 5457 Hist.
795 5407 885 5457 des
910 5405 1150 5457 Emner..
1186 5416 1225 5457 t.
1297 5407 1335 5457 Ι.
1369 5419 1453 5457 not

478 5407 589 5475 (10)
621 5406 766 5461 Hist.
795 5407 885 5460 des
910 5405 1150 5475 Emper.,
1186 5416 1225 5458 t.
1270 5405 1335 5471 ll,
1369 5419 1483 5459 not.
1516 5406 1604 5469 17,
1634 5424 1728 5462 sur
1756 5406 1981 5475 Trajan.

408 5471 580 5539 Idem,
609 5476 888 5529 Mémoires
932 5471 1066 5545 patir
1106 5477 1290 5541 servir,
1327 5487 1456 5540 ctc.,
1493 5486 1531 5529 t.
1566 5474 1629 5539 ll,
1674 5493 1725 5546 p.
1766 5471 1898 5535 105⁷,
1932 5486 1986 5530 ct

410 5552 518 5597 not.
555 5547 641 5610 10,
680 5564 731 5613 p.
768 5548 892 5599 583.

479 5615 592 5686 (ἓο)
628 5616 903 5686 ςξειιιδιιάη
938 5616 1218 5679 Bibliotli.,
1241 5623 1279 5667 t.
1316 5615 1357 5675 1,
1392 5615 1629 5686 Prulcg..
1657 5632 1708 5685 p.
1742 5633 1829 5668 Litt
1862 5632 1942 5683 sq.

481 5683 593 5751 (2|)
629 5682 805 5738 Unam
838 5696 1044 5739 tantum
1074 5687 1294 5753 Trajani
1327 5682 1729 5756 expeditionem
1771 5682 1955 5739 Parthi

2098 4791 2218 4831 cam
2253 4766 2776 4844 agnoscitfranclge
2803 4766 2855 4819 in
2878 4766 3017 4820 libro
3046 4783 3058 4817 :
3088 4762 3200 4816 Zur
3222 4760 3532 4817 Geschichte
3550 4758 3683 4812 Tra-

2089 4837 2370 4917 Ιαηδιεῖς·
2410 4840 2653 4917 ¹8ἒῖιρε
2686 4837 2862 4917 ‘61-.
2983 4914 2992 4917 -
3068 4914 3077 4917 _
3148 4903 3182 4917 η
3228 4904 3261 4917 ..
3360 4904 3392 4917 ..

2168 4900 2281 4983 (22)
2313 4912 2471 4981 Apud
2499 4900 2754 4984 Mal'alani
2779 4907 2945 4984 enim,
2981 4914 3115 4984 teste
3144 4903 3435 4984 Gallandio
3466 4901 3533 4984 (l.
3578 4900 3685 4979 επ),

2097 4976 2213 5041 sive
2247 4976 2375 5052 ejus
2424 4982 2662 5044 inscitia,
2713 4978 2827 5032 sive
2878 4976 3228 5052 librariorum
3254 4976 3574 5052 _osc_itantia
3622 4976 3683 5022 in

2095 5043 2435 5111 notationem
2474 5043 2780 5119 temporum
2829 5062 2953 5119 cum
3008 5045 3222 5119 imperii
3251 5043 3504 5119 Trajani,
3560 5050 3683 5092 tum

2094 5124 2361 5196 lgnatiani
2380 5113 2902 5196 _martyi"_i_i,_men_da
2942 5116 3204 5196 nonnulla
3249 5113 3543 5196 irrepsisse
3584 5124 3654 5187 uo

2095 5181 2341 5250 scuntur.
2380 5181 2560 5246 Teste'
2590 5181 2782 5251 Malala
2831 5184 3101 5257 Trajauns
3147 5181 3684 5257 septimajanuarii,

2089 5266 2228 5320 feria
2265 5259 2840 5334 quinta__Antiochiatn
2890 5251 3323 5334 ingressus_;e_st’.
3361 5251 3465 5305 Sed
3513 5251 3693 5334 septi:

2087 5318 2227 5388 main
2249 5318 2489 5388 Januarii
2517 5346 2639 5385 cum
2672 5328 2808 5397 feria
2831 5318 3034 5397 quinta,
3068 5341 3117 5380 a.
3161 5323 3428 5397 107(nqn
3459 5336 3513 5374 a.
3552 5318 3691 5397 una)

2089 5386 2439 5459 concurrisse
2473 5386 2715 5456 ostendit
2747 5386 3171 5465 Usserius'(uot.
3207 5393 3240 5448 6
3272 5386 3326 5447 in
3372 5391 3583 5461 Martyr
3617 5386 3685 5440 S.

2089 5474 2253 5528 Ιῑειι.).

2113 5475 2275 5611 ε’(έζῖέ)
2308 5543 2425 5597 Cir.
2454 5543 2697 5595 virorum
2730 5534 3107 5611 ductorumde
3140 5529 3573 5611 hisccepistolis
3594 5527 3693 5595 ju-

2089 5603 2230 5667 dicia
2262 5603 2402 5683 apud
2448 5611 2759 5666 liussclium
2801 5618 2851 5662 et
2889 5606 3259 5660 Jacobsonum
3297 5608 3359 5672 (t.
3397 5603 3438 5667 l,
3475 5616 3533 5669 p.
3574 5612 3688 5650 xxv

2090 5687 2257 5755 sqq.)
