3746 6306
55 277 152 331 629

1279 273 1339 327 C.
1379 272 1428 328 J.
1471 270 1742 328 HEFELII
1784 268 2176 326 PREFATIO.

3215 263 3318 316 6511

56 398 102 459 7)
135 395 200 449 ad
236 393 591 466 Polycarpum
613 436 628 461 ,
670 395 872 467 duplex
923 405 1101 451 exstat
1144 396 1392 451 GI'IBOIIm
1437 412 1621 452 exem-
1653 405 1694 460 Α
1727 397 1848 451 dem
1881 393 2089 462 regulis
2116 393 2298 446 minus
2319 392 2641 457 obnoxium,
2671 390 2764 446 sed
2797 390 2996 446 ardore
3031 387 3318 455 scriptoris

51 487 184 556 plar,
215 488 442 540 alterqu
473 487 694 542 brevius
716 530 731 554 ,
773 488 1004 543 alterum
1052 489 1288 556 longius.
1332 486 1622 544 Recensio—

53 593 168 633 nem
199 578 500 631 breviorem
536 579 771 647 longiori
817 595 939 635 esse
973 580 1398 650 praehabendam
1419 621 1432 637 .
1486 595 1624 649 pene

52 669 112 722 ad
143 685 307 724 unum
341 684 534 726 omnes
579 670 679 724 viri
730 671 906 726 critici
955 672 1316 726 aliirmarunt.
1370 670 1623 726 Schmid-

51 759 153 813 tius
173 759 287 830 (-24)
315 771 498 815 autem
542 770 598 815 et
637 761 862 817 Netzius
902 763 1055 833 (25),
1092 764 1271 818 neutri
1315 763 1622 818 recensioni

52 851 259 906 laudem
293 853 624 908 sinceritatis
648 854 974 924 prtebentes,
1005 865 1295 926 utramque
1325 873 1389 911 ex
1424 857 1625 910 immu-

51 945 248 999 tatione
287 947 508 1014 genuini
547 947 835 1016 cujusdam
878 949 1209 1018 exemplaris
1243 957 1419 1003 ortam
1464 958 1625 1017 puta-

53 1036 176 1090 bant
202 1037 339 1105 (26).
376 1035 703 1092 Novissimis
739 1052 870 1092 vero
916 1040 1255 1108 temporibus
1292 1038 1358 1094 D.
1390 1038 1622 1092 Carolus

50 1127 228 1194 Meier,
255 1129 540 1199 theologim
562 1129 842 1200 professor
865 1130 1173 1186 Giessensis
1207 1147 1381 1200 nuper
1403 1132 1623 1186 demor-

52 1230 200 1283 tnus,
243 1221 473 1292 longiori
519 1223 824 1277 recensioni
877 1223 1115 1293 palmam
1173 1224 1450 1290 tribuens,
1497 1239 1619 1278 eam

51 1322 151 1359 non
184 1307 343 1376 plane
375 1309 594 1377 quidem
635 1310 900 1382 integram
945 1323 1000 1367 et
1029 1312 1348 1382 genuinam,
1383 1314 1620 1368 breviori

50 1406 221 1452 tamen
255 1401 412 1470 longe
442 1401 835 1470 pra-ferendam
868 1419 990 1458 esse
1017 1405 1304 1459 contendit
1330 1406 1468 1475 (27).
1513 1405 1618 1461 Sed

48 1500 249 1544 tantum
299 1492 508 1558 aberat,
562 1504 620 1548 ut
665 1495 906 1549 virorum
946 1497 1236 1551 doctorum
1275 1499 1540 1568 applausu
1569 1499 1621 1554 id

47 1581 257 1644 faceret.
291 1593 350 1638 ut
371 1585 666 1652 neminem,
696 1603 858 1656 quem
890 1588 1080 1653 sciam,
1112 1589 1165 1642 in
1195 1605 1351 1644 suam
1383 1591 1623 1647 traheret

49 1679 387 1743 sententiam,
419 1680 603 1748 plures
628 1698 775 1744 vero,
803 1699 860 1736 re
897 1683 1092 1737 iterum
1129 1685 1182 1738 in
1209 1685 1356 1739 litem
1404 1697 1618 1753 vocata,

48 1769 304 1824 brevioris
348 1773 686 1829 recensionis
729 1791 843 1828 rem
878 1785 1117 1845 agerent.
1168 1776 1479 1832 Laudemus
1530 1781 1618 1834 hic

51 1858 104 1913 ν.
131 1859 191 1915 1).
222 1859 556 1918 Richardutn
594 1863 769 1920 Rothe
811 1867 961 1937 (28),
1001 1885 1148 1924 nunc
1195 1868 1618 1942 Heidelbergcn-

49 1967 172 2020 sem,
202 1956 494 2011 Arndtium
529 1957 641 2027 (29)
675 1957 1194 2031 Ratzeburgcnsem,
1220 1961 1480 2016 Baurium
1507 1962 1618 2017 Tu-

49 2046 351 2117 hingcnsem
382 2049 493 2119 (50)
541 2062 594 2105 et
636 2050 976 2106 Fridericum
1019 2053 1376 2109 Diisterdieck
1419 2054 1619 2112 ﬂame-

49 2137 239 2193 lensem
266 2141 407 2210 (51).

107 2229 338 2286 Meierus
387 2233 562 2288 tribus
609 2235 957 2303 potissimum
1011 2239 1349 2306 argumentis
1399 2251 1620 2297 senten-

50 2325 163 2377 tiam
187 2341 345 2379 suam
375 2327 592 2381 firmare
617 2339 849 2384 conatus
868 2341 971 2385 est.

112 2418 162 2484 a)
194 2416 249 2471 In
285 2419 544 2485 breviori,
578 2420 778 2491 inquit,
808 2424 1127 2478 recensione
1153 2424 1371 2482 Nicatna
1403 2428 1471 2482 de
1499 2429 1616 2484 dei-

51 2517 144 2562 tate
169 2510 373 2564 Christi
405 2511 650 2566 doctrina
679 2521 914 2581 tenetur,
940 2530 1071 2585 ergo
1098 2518 1449 2586 postnicaanis
1481 2528 1618 2573 tem-

50 2598 257 2662 poribus
313 2610 539 2654 exarata
590 2611 848 2670 putetur;
910 2604 1124 2674 longior
1180 2622 1308 2661 vero
1366 2609 1614 2665 recensio

51 2692 217 2746 niinus
248 2691 499 2747 decisum
525 2694 592 2748 de
619 2696 721 2749 hac
747 2712 802 2750 re
830 2697 1044 2751 dicendi
1071 2713 1266 2767 genus,
1298 2701 1616 2769 apostolicis

50 2785 374 2852 temporibus
425 2801 750 2855 congruum,
786 2788 1067 2858 praesefert
1095 2798 1148 2842 et
1169 2802 1371 2845 servat.
1401 2823 1473 2832 -—
1508 2792 1614 2848 Ve-

53 2891 157 2929 rum
204 2877 394 2931 acrior
426 2879 717 2948 utriusque
752 2880 1096 2935 recensionis
1135 2881 1401 2951 inspectio
1436 2885 1614 2949 docet,

53 2966 331 3036 longiorem
356 2987 576 3040 quoque
593 2972 766 3026 octies
793 2972 976 3027 decies
1000 2971 1283 3029 Christum
1314 2974 1480 3029 Deum
1517 2994 1616 3032 no-

54 3060 262 3127 minare,
313 3079 436 3116 eam
495 3063 669 3133 magis
698 3063 922 3118 deﬁnite
971 3065 1038 3119 de
1087 3082 1312 3134 persona
1375 3067 1615 3137 Spiritus

52 3152 205 3206 sancti
252 3154 428 3226 loqui,
473 3154 817 3224 pleniorique
868 3154 1102 3210 formula
1155 3157 1441 3214 Trinitatis
1495 3179 1617 3217 esse

55 3258 188 3297 usam
213 3245 326 3313 (52)
355 3263 370 3309 ;
403 3262 514 3315 quo
539 3247 616 3313 fit,
648 3255 706 3301 ut
725 3248 922 3302 merito
953 3250 1352 3317 posterioribus
1382 3254 1456 3307 sit
1476 3262 1615 3308 tem-

53 3337 255 3402 poribus
286 3338 601 3394 tribuenda.
1519 3391 1524 3396 -

113 3430 164 3498 1))
197 3430 512 3487 Secundum
543 3443 926 3508 argumentum
957 3434 1188 3490 Meierus
1234 3453 1300 3490 ex
1329 3439 1454 3508 styli
1484 3439 1617 3494 cha-

54 3532 242 3579 ractere
271 3526 572 3596 depromit,
603 3541 857 3592 monens,
878 3507 1196 3583 breviorem
1238 3507 1612 3586 recensionem

53 3615 298 3681 epitomes
338 3617 608 3673 deformis
649 3627 704 3673 et
745 3620 997 3675 obscurae
1037 3619 1180 3674 ferre
1212 3634 1487 3686 naturam,
1526 3625 1614 3679 cui

55 3706 242 3777 longior
273 3718 426 3765 textu
468 3711 686 3766 meliori
729 3712 914 3767 lumen
958 3714 1200 3783 praebere
1261 3714 1473 3771 debeat.
1510 3717 1617 3772 Sed

53 3808 222 3852 contra
244 3801 433 3870 plures
468 3801 734 3873 longioris
771 3805 1111 3860 recensionis
1146 3805 1250 3860 loci
1288 3822 1319 3860 a
1367 3806 1616 3864 breviore

53 3883 248 3939 domum
279 3888 648 3944 illustrantur.
692 3889 846 3945 Illam
879 3891 1032 3961 justo
1060 3909 1184 3948 esse
1214 3896 1614 3965 loquaciorem,

55 3974 392 4050 dictionisque
409 3983 673 4051 gravitate
689 3999 900 4050 carere,
920 3984 1080 4041 facile
1093 3986 1414 4043 videas.Nec
1431 3989 1615 4046 minus

56 4067 401 4148 additamenta
427 4073 625 4128 inertia
663 4085 718 4129 et
747 4077 1041 4132 citationes
1092 4077 1384 4147 superflua:
1432 4091 1483 4135 te
1535 4080 1615 4136 fu-

57 4157 198 4226 gient,
229 4164 433 4232 quibus
460 4165 821 4235 interpolator
847 4169 1148 4238 genuinum
1175 4177 1385 4224 textum
1411 4187 1614 4242 augere

57 4258 122 4304 est
141 4268 321 4310 ausus.
361 4255 675 4310 Breviorem
705 4274 835 4313 vero
854 4261 1228 4316 recensionem
1256 4278 1418 4316 nemo
1443 4263 1615 4332 epito-

59 4357 158 4396 meu
189 4347 419 4414 putabit,
455 4349 550 4417 qui
605 4351 950 4406 succinctum
984 4361 1041 4407 et
1075 4354 1359 4408 concisum
1404 4370 1615 4409 sermo—

59 4437 452 4506 nem,gravibus
472 4441 758 4496 sententiis
781 4439 1066 4509 refertum,
1099 4443 1474 4514 grammaticis
1498 4445 1622 4514 qui-

1727 490 2022 546 ferventem
2051 503 2080 542 a
2115 486 2308 557 frigida
2345 487 2594 554 duraque
2626 485 2865 554 epitome
2908 482 3083 553 possit
3109 467 3318 535 diseeré

1725 596 1874 636 nere.
1899 578 2056 646 Quod
2088 577 2324 646 denique
2347 575 2701 631 obscuritatis
2723 573 3074 642 cpprobrinm
3102 571 3314 636 attinet,

1724 673 1776 726 id
1811 671 1879 726 de
1923 671 2202 740 corruptis
2239 678 2447 723 tantum
2491 669 2628 722 locis
2647 668 2852 720 dictum
2897 676 3076 736 putes,
3109 663 3313 734 quibus

1724 763 2027 832 saepissime
2053 761 2259 815 medela
2285 769 2464 830 potest
2500 758 2679 812 afferri
2707 758 2841 827 (55).

1792 860 1846 929 c)
1878 859 2093 914 Testem
2122 872 2341 926 quoque
2369 856 2656 924 antiquum
2691 868 2804 908 suae
2839 851 3118 920 opinionis
3141 847 3313 902 addu-

1723 954 1798 1010 cit
1827 952 2084 1014 Meierus,
2117 950 2429 1004 Chronicou
2477 949 2600 1002 dico
2634 944 2919 1016 paschale,
2966 941 3308 1011 temporibus

1723 1045 2032 1103 Constantii
2062 1041 2411 1112 imperatoris
2436 1039 2810 1108 conscriptum
2836 1037 2925 1106 (ad
2952 1053 3004 1092 a.
3045 1035 3106 1089 D.
3132 1035 3223 1099 52,
3253 1048 3307 1101 p.

1723 1136 1850 1200 416,
1887 1133 2009 1188 Vol.
2046 1133 2086 1187 l.
2127 1133 2192 1188 ed
2223 1132 2398 1187 Bonn.
2445 1130 2633 1200 1852),
2675 1130 2729 1182 in
2760 1143 2875 1198 quo
2914 1126 3180 1197 longioris
3217 1141 3306 1180 rev

1724 1227 2003 1283 censionis
2030 1227 2184 1280 locus
2213 1225 2302 1294 (ad
2338 1223 2508 1277 Trall.
2549 1238 2597 1276 c.
2628 1221 2720 1291 10)
2763 1221 3037 1274 laudatur.
3068 1217 3174 1272 Sed
3210 1233 3309 1272 an-

1725 1320 1993 1389 tiquiores
2022 1319 2181 1371 nobis
2214 1326 2380 1371 testes
2402 1322 2607 1384 praesto
2633 1322 2782 1377 sunt,
2813 1311 3082 1366 Eusebius
3117 1310 3230 1380 (51)
3254 1318 3308 1362 et

1725 1411 2060 1466 Athanasius
2085 1409 2223 1479 (55),
2253 1408 2453 1477 quibus
2501 1406 2805 1460 breviorem
2833 1403 3209 1458 reccnsionem
3239 1400 3307 1455 ad

1726 1522 1924 1560 manus
1963 1506 2135 1559 fuisse
2186 1503 2312 1557 inde
2367 1501 2526 1555 facile
2567 1499 2811 1568 colliges,
2858 1497 3003 1567 quod
3040 1497 3201 1552 verba
3238 1497 3307 1549 ab

1724 1599 1860 1668 ipsis
1890 1599 2053 1651 citata
2082 1597 2134 1651 in
2157 1595 2396 1651 breviori
2426 1602 2658 1658 tantum,
2677 1607 2784 1644 non
2814 1605 2967 1659 asque
3000 1589 3053 1642 in
3074 1588 3308 1659 longiori

1726 1689 2081 1744 inveniuntur
2111 1687 2432 1743 recensione
2457 1685 2596 1754 (56).

1654 1759 1694 1811 Β
1796 1783 1852 1851 d)
1893 1782 2138 1851 Denique
2169 1781 2222 1834 in
2267 1779 2498 1864 longiori
2530 1775 2847 1832 recensione
2880 1781 3073 1843 prmter
3099 1772 3311 1842 episco-

1724 1884 1843 1938 pos,
1877 1869 2226 1940 presbyteros
2257 1880 2310 1922 ct
2347 1862 2613 1921 diaconos
2646 1864 2841 1934 reliqui
2873 1878 3094 1934 quoque
3141 1862 3305 1916 cleri«

1720 1977 1913 2016 eorum
1967 1961 2191 2016 ordines
2235 1960 2592 2014 nominantur
2639 1955 2873 2024 (Philad.
2921 1972 2969 2011 c.
3015 1955 3094 2009 ιε
3143 1954 3235 2006 καί
3279 1957 3309 2006 ὁ

1719 2054 1905 2119 λοιπὸς
1948 2055 2194 2126 κλῆρος),
2227 2055 2321 2124 qui
2349 2052 2407 2107 S.
2439 2051 2632 2121 lgnatii
2673 2050 3013 2119 temporibus
3055 2047 3300 2102 nondum

1719 2148 1774 2202 in
1812 2148 2046 2202 ecclesia
2077 2146 2427 2202 exstiterunt.

1792 2237 2106 2291 Breviorem
2133 2251 2265 2306 ergo
2296 2233 2673 2289 recensionem
2701 2229 2897 2286 merito
2930 2229 3187 2300 longiori,
3220 2227 3306 2283 in-

1719 2332 2021 2401 terpolatae,
2054 2328 2449 2399 praeferendam
2474 2337 2751 2396 putamus.

1791 2422 1876 2476 ΙΙΙ.
1903 2423 2042 2476 Cum
2085 2438 2116 2475 e
2166 2419 2408 2474 tenebris
2450 2419 2646 2472 iterum
2690 2418 2742 2470 in
2792 2417 2968 2470 lucem
3025 2412 3308 2483 prodirent

1718 2512 1963 2582 cpistola:
1987 2509 2043 2563 S.
2087 2507 2300 2578 Ignatii,
2328 2507 2518 2578 prima:
2559 2506 2806 2561 omnium
2835 2507 3062 2559 detecta:
3087 2511 3141 2557 et
3164 2502 3307 2572 typis

1719 2606 2001 2673 impressae
2025 2613 2154 2657 sunt
2175 2600 2560 2656 Parisiisicl95
2592 2597 2743 2652 falsae
2769 2599 2886 2653 ista:
2913 2607 3022 2651 tres
3039 2596 3306 2665 epistolae,

1719 2696 1912 2750 Latine
1945 2705 2158 2750 tantum
2193 2693 2431 2762 scripta,
2463 2693 2530 2746 ad
2572 2690 2634 2745 Β.
2673 2689 2950 2762 Virginem
2996 2705 3101 2743 una
3153 2697 3207 2741 et
3238 2687 3306 2741 ad

1721 2788 1779 2843 S.
1807 2787 2074 2842 Joannem
2115 2787 2257 2842 dum.
2285 2785 2401 2840 Cfr.
2430 2801 2595 2855 supra
2629 2800 2781 2838 num.
2820 2782 2885 2836 ll.
2926 2781 3126 2836 Tribus
3149 2781 3311 2835 annis

1719 2888 1843 2948 post
1873 2877 2118 2933 Jacobus
2138 2877 2310 2931 Faber
2329 2875 2694 2947 Stapulensis,
2725 2875 2809 2929 his
2837 2873 3134 2942 epistolis,«
3157 2871 3307 2941 quod

1719 2971 1958 3024 tenebris
1989 2971 2238 3026 omnium
2272 2969 2612 3038 dignissima:
2642 2966 2847 3021 fuerint
2880 2987 2896 3017 ι
2927 2966 3173 3030 omissis,
3205 2980 3310 3018 un-

1719 3062 1896 3117 decim
1947 3062 2085 3117 alias
2123 3061 2178 3126 (7
2211 3061 2569 3129 interpolatas
2611 3067 2665 3113 et
2703 3059 2736 3112 ιι
2765 3057 2955 3125 falsas)
2985 3072 3015 3111 e
3055 3054 3310 3109 versione

1723 3161 1890 3216 veteri
1921 3159 2114 3213 Latina
2138 3158 2311 3213 edidit
2339 3157 2567 3211 Parisiis
2589 3155 2746 3209 1498.
2772 3154 2932 3208 Anno
2959 3163 3140 3206 autem
3175 3149 3312 3206 1556

1723 3251 2164 3324 Symphorianus
2216 3247 2605 3319 Champerius,
2670 3244 3078 3314 Lugdunensis,
3139 3241 3238 3295 has
3280 3255 3311 3293 a

1720 3344 1900 3399 Fabro
1939 3344 2116 3398 editas
2145 3357 2272 3396 cum
2317 3341 2495 3395 tribus
2545 3338 2672 3393 aliis
2713 3337 2782 3391 ab
2832 3336 2925 3390 illo
2978 3334 3220 3404 rejectis,
3258 3341 3314 3386 et

1719 3445 1916 3507 quarta
1954 3436 2084 3505 (non
2114 3435 2298 3488 minus
2326 3433 2484 3500 falsa)
2532 3431 2599 3484 ad
2631 3429 2858 3484 Mariam
2891 3426 3309 3490 Cassabolitezn,

1720 3545 2001 3599 nunquam
2035 3536 2163 3582 ante
2193 3527 2487 3597 publicata,
2513 3525 2598 3580 edi
2623 3524 3055 3590 curavit;atque
3081 3520 3158 3572 ita
3191 3527 3314 3572 tan-

1720 3621 1843 3676 dem
1875 3619 1942 3673 15
1973 3617 2168 3688 lgnatii
2189 3617 2432 3685 epistola:
2452 3614 2647 3669 Latine
2677 3613 3024 3668 exstiterunt.

1792 3709 2089 3764 Duodecim
2115 3725 2303 3764 earum
2337 3707 2392 3778 ('7
2417 3707 2775 3776 interpolatas
2805 3713 2860 3758 et
2884 3704 2918 3758 5
2951 3702 3143 3757 falsas)
3167 3718 3197 3757 e
3219 3717 3314 3756 co-

1721 3799 1845 3853 dice
1872 3797 2062 3852 Grazco
2096 3797 2439 3852 bibliotheca:
2464 3797 2798 3867 Augustanae
2824 3795 3038 3865 primus
3061 3794 3310 3847 otnnium

1720 3889 1969 3959 Dillingae
2014 3889 2152 3944 1557
2186 3888 2360 3943 edidit
2411 3886 2737 3941 Valentinus
2792 3885 3114 3956 Hartungns
3160 3883 3311 3950 Frid,

1721 3997 1819 4037 seu
1858 3980 2106 4048 Pacwus,
2153 3981 2376 4034 nomine
2408 3995 2508 4050 pro
2536 3979 2635 4034 aevi
2663 3977 3066 4034 consuetudine
3109 3978 3312 4033 imum-

1719 4083 1854 4128 tato.
1888 4073 2116 4128 Easdem
2153 4073 2219 4126 12
2241 4072 2502 4144 epistolas
2535 4072 2782 4126 Andreas
2821 4069 3099 4128 Gesnerus
3128 4065 3315 4125 Graece

1723 4176 1778 4220 et.
1826 4165 2017 4219 Latine
2069 4165 2394 4236 (interprete
2437 4165 2650 4221 Joanne
2694 4166 3002 4236 Brunnero)
3044 4182 3076 4221 e
3113 4165 3307 4219 codice

1724 4258 2072 4314 bibliothecae
2101 4257 2162 4312 V.
2192 4258 2253 4314 C.
2289 4259 2518 4330 Gaspari
2551 4277 2580 4313 a
2607 4258 2915 4331 Nydpryek,
2953 4257 3144 4329 Tiguri
3173 4259 3314 4311 1559

1727 4350 1922 4404 edidit.
1953 4350 2090 4404 Cum
2130 4349 2306 4405 Paczei
2342 4351 2511 4406 editio
2549 4351 2728 4420 ipsum
2780 4352 2995 4417 lateret,
3035 4349 3313 4404 Gesnerus

1731 4444 1970 4513 primum
1990 4459 2048 4498 se
2073 4441 2290 4499 Graecas
2307 4443 2497 4513 lgnatii
2513 4445 2775 4514 epistolas
2792 4442 3308 4512 edidissejactabat.

117 4599 217 4680 ('2’?)
256 4601 485 4680 Yerguch
523 4604 667 4680 fiber
716 4607 804 4680 die
829 4584 1148 4678 lgedoppelte
1196 4610 1484 4664 Recension
1530 4611 1623 4664 der
1656 4617 1700 4672 Ι)
1726 4613 2021 4674 authentia,
2059 4623 2163 4666 etc.
2194 4611 2596 4665 Commentatio
2639 4610 2910 4680 Gotting-a3
2945 4609 3172 4679 praemio
3220 4624 3307 4661 re-

350 4673 687 4761 lgnalius'i‘n
717 4697 728 4730 :
763 4665 989 4761 "elicite:
1011 4665 1264 4761 'Magaz‘i‘n
1287 4752 1295 4761 Ι
1315 4682 1405 4761 fur
1443 4681 1618 4761 dielig.

61 4737 404 4824 gltillosoprltie,’
438 4753 574 4799 tom.
615 4745 704 4811 111,
755 4764 880 4824 pag.
927 4737 1457 4824 91_S_f|¢‘i-‘_()pi!'|'i0'l_i
1495 4737 1623 4824 1)ιέἶο

62 4805 590 4883 Schmidtiuspostea
637 4805 892 4872 nuntiu‘in
937 4805 1092 4875 misit
1119 4805 1348 4888 '(It'ir'ch.
1404 4805 1616 4887 Gesch.,

63 4888 93 4928 t.
121 4875 154 4938 Ι,
176 4896 223 4948 ρ.
250 4884 356 4938 209
389 4888 522 4948 sq.).

64 4901 93 4928 ι.
121 4901 223 4966 np.
250 4901 356 4938 zuu
389 4901 522 4954 sq.).
848 4960 857 4968 ι
1150 4963 1159 4972 -
1368 4961 1378 4972 ,

64 4949 216 5086 Μεἶθ)
251 4953 305 5006 In
345 4973 357 5008 :
390 4953 665 5032 Ullmann,
699 4956 944 5014 Studien.
973 4977 1028 5014 ιι.
1058 4959 1203 5015 Kru.
1239 4961 1400 5027 1855,
1433 4979 1487 5032 p.
1513 4962 1611 5016 881

119 5089 215 5161 (26)
240 5091 399 5165 _l_lanc
435 5097 748 5165 opinionem
790 5109 1014 5153 secutus
1047 5099 1223 5155 estV.
1268 5101 1330 5156 C.
1379 5100 1613 5158 Carolus

65 5151 211 5236 υἱέες,
233 5151 666 5236 Κὶῖεήςηρεεειοη
705 5184 756 5236 p.
796 5151 884 5233 71),

1725 4687 2065 4761 gio_orna_t_a,
2098 4699 2152 4761 p.
2175 4681 2248 4761 26
2280 4699 2401 4761 sqq.

1795 4757 1910 4824 (52)
1952 4747 2068 4807 Cfr.
2094 4747 2290 4824 Arndt,
2331 4747 2384 4805 in
2425 4772 2437 4805 :
2473 4750 2754 4804 Ullmanni
2789 4748 3108 4824 St_u_d_.,_etc.
3147 4747 3310 4824 1859,

1721 4845 1775 4898 p.
1803 4818 2096 4898 Nil-ltiti;
2133 4821 2642 4898 Ruthe‘tAnfdngg,
2663 4819 3073 4886 elc.[).744-751
3104 4827 3160 4875 et
3194 4818 3306 4872 Dii-

1719 4893 2012 4958 sterdieck,
2049 4895 2085 4946 l.
2116 4909 2191 4956 c.,
2217 4908 2270 4962 p.
2292 4893 2364 4946 26
2389 4909 2473 4962 sq.
2499 4903 2553 4945 et
2576 4894 2664 4947 55.

1794 4967 1909 5036 (55)
1949 4963 2196 5025 Arndt,l.
2220 4961 2309 5031 c.,
2354 4980 2408 5034 p.
2439 4961 2684 5019 149-161
2712 4981 2727 5031 ;
2767 4972 2823 5018 et
2853 4961 3054 5029 Bothe,
3086 4962 3123 5016 l.
3153 4976 3228 5026 c.,
3255 4975 3311 5029 p.

1715 5037 1960 5106 7505qq.

1791 5104 1906 5177 (54)
1956 5105 2097 5177 Hist.
2139 5105 2293 5172 eccl.,
2326 5104 2522 5172 tn,'56.

1794 5171 1908 5247 (55)
1948 5176 2024 5230 De
2045 5178 2244 5245 synodo
2272 5171 2446 5230 Arion.
2489 5186 2537 5230 et
2566 5175 2799 5240 Seleuc.,
2831 5191 2888 5245 p.
2922 5172 3050 5237 922,
3089 5182 3127 5226 ι.
3158 5171 3177 5226 1
3219 5172 3310 5225 ed.

122 5232 219 5301 (Ξῖ)
253 5234 306 5287 lo
343 5255 357 5289 :
397 5232 676 5292 Ullmanni
706 5232 870 5294 Stud.
914 5251 964 5294 et
1002 5239 1180 5308 Krit.,
1218 5241 1387 5306 1856,
1420 5259 1472 5312 ρ.
1508 5242 1598 5296 54(

1798 5232 1904 5304 is:
1935 5232 2094 5300 1627i

65 5309 142 5350 ΒΨ]
151 5339 162 5350 .

68 5312 100 5345 Si
117 5315 130 5337 τ
151 5339 162 5350 ,

68 5312 618 5511 1ἐέέῗ)ῃ1)ἰξῦλόηίᾱηθε
639 5379 733 5432 der
753 5379 960 5434 chris-tl.
976 5379 1195 5444 Kirclte,
1229 5381 1612 5452 Wittemberg.

252 5512 351 5595 in;
375 5516 663 5595 .Ullmapni
697 5517 854 5595 Stud.
886 5521 1313 5595 et___Krit.-:l839,
1338 5539 1396 5595 ρ.
1427 5524 1548 5576 156.

70 5583 510 5711 p'(i313.'l‘tibing.,
538 5589 798 5645 Zeitschr.
821 5593 907 5661 j'it'r
931 5591 1108 5647 'l'heol.
1143 5583 1309 5658 1858,
1336 5583 1492 5648 Fasc.
1525 5592 1610 5658 ill,

125 5715 222 5793 (51)
251 5724 625 5794 Diistcrdicck,
683 5731 756 5786 De
810 5731 1218 5802 lgnalimtarum
1265 5734 1612 5803 epistularum

1794 5321 1907 5390 (56)
1953 5318 2153 5390 Bothe,
2181 5317 2220 5372 l.
2257 5334 2334 5382 c.,
2356 5333 2409 5388 p.
2453 5315 2730 5390 742,]43.
2765 5313 3182 5390 Fusiori-modo
3219 5328 3312 5390 ar:-

1722 5383 1980 5462 guinenta
2025 5387 2209 5442 Meieri
2257 5383 2953 5462 enervavit-Diisterdieeh
3001 5383 3036 5437 1.
3095 5383 3307 5462 ε.,.‹ιιιῇ

1722 5453 1914 5515 ἷΙιειὶεα
1945 5475 2167 5529 quoque
2195 5459 2677 5529 argumentatione
2720 5455 2956 5529 breviori
2993 5453 3305 5529 recensioni

1722 5524 2506 5602 originis-printitivzevlaudem
2533 5527 2814 5602 vindicare
2833 5526 3040 5602 studet,
3060 5534 3115 5578 et
3141 5524 3310 5577 inter-

1722 5597 1960 5672 polatatn
1981 5597 2280 5653 editionem
2321 5608 2447 5652 ante
2487 5599 2724 5672 medium
2751 5597 3017 5653 sazculttm
3051 5607 3311 5665 quartum

1722 5667 2000 5728 exaratam
2038 5687 2157 5726 esse
2193 5679 2373 5739 negat,
2401 5685 2451 5739 ιι.
2488 5667 2682 5722 28-41.
