3754 6206
410 223 505 282 651
1406 227 1648 284 SANCTI
1690 224 1946 286 lCNATll
1990 229 2352 288 EPISTOLIE
2389 231 2746 290 GENUINA'I.
3573 243 3665 299 63'!

419 412 424 416 ι
481 348 626 402 Pent:
653 354 873 404 contum
900 339 1060 405 annis
1101 357 1226 419 pest
1266 350 1543 407 breviores
1578 353 1797 408 demum
1827 362 1880 408 ct
1907 369 1999 424 ge—
2028 357 2073 416 Α
2102 355 2379 410 casioncm
2409 355 2714 425 prmbuisse
2738 354 3198 425 perhibetur,esse
3221 361 3660 419 commentitium.

412 443 594 496 nuime
619 441 676 496 S.
709 441 900 512 lgnatii
937 444 1182 514 epistolae
1213 444 1438 499 detecta:
1475 455 1624 510 sunt,
1660 462 1863 516 easque
1883 446 1997 517 pri—

413 549 537 589 mus
589 533 775 589 Graece
822 535 991 590 edidit
1032 536 1427 590 Amstelodami
1474 537 1610 592 1616
1655 539 1727 593 Is.
1766 537 1996 594 Vossius

410 641 475 677 ex
512 639 620 680 uno
652 626 946 695 superstite
975 625 1327 682 bibliotheca:
1354 625 1610 683 Mediocre
1657 630 1846 684 codice
1885 645 1988 684 ms.

411 717 596 771 sa'c‘uli
630 734 708 782 χι,
741 725 1096 789 Vetereque
1131 718 1381 774 Latinam
1414 723 1723 777 versionem
1765 723 1990 787 addidit,

410 827 572 882 quam
625 814 817 869 Grzeco
853 818 1152 886 exemplari
1197 819 1595 887 propemodum
1650 820 1702 872 in
1735 818 1993 872 omnibus

409 907 828 976 respOndeutem
857 910 1053 963 Uxonii
1086 909 1224 964 1644
1251 926 1281 964 e
1311 911 1527 965 duobus
1560 912 1861 975 codicibus,
1886 928 1994 965 uno

407 994 846 1070 Cantabrigiensi
877 1008 932 1056 et
954 1002 1130 1057 altero
1151 1019 1216 1058 ex
1246 1003 1578 1059 bibliotheca
1627 1003 1844 1059 Ricardi
1877 1005 1993 1074 cpi-

407 1093 552 1162 sc0pi
575 1087 946 1157 Norvicensis,
977 1093 1214 1151 Jacobus
1237 1088 1517 1159 Usserius,
1549 1096 1994 1166 archiepiscopus

405 1185 812 1253 Armaehanus,
846 1187 1166 1257 vulgaverat
1195 1186 1335 1254 ('57).

475 1264 676 1332 Verum
705 1292 830 1332 cum
865 1277 917 1330 in
952 1277 1046 1331 illo
1083 1280 1158 1345 (et
1194 1277 1380 1346 unico)
1413 1278 1604 1332 codice
1627 1277 1870 1332 Mediceo
1892 1291 1989 1332 seu

403 1355 724 1425 Florentino
753 1370 971 1424 deesset
1019 1371 1249 1438 epistola
1306 1369 1371 1424 ad
1408 1361 1710 1436 Romanos,
1763 1369 1991 1425 Vossius

404 1463 551 1519 illam
581 1479 648 1518 ex
689 1464 1146 1534 interpolatarum
1181 1466 1423 1520 editione
1448 1468 1818 1536 «insumptam,
1850 1465 1990 1520 duce

401 1561 584 1612 Vetere
611 1557 932 1628 interprete,
965 1567 1079 1612 sos:
1112 1558 1412 1628 integritati
1445 1559 1732 1613 restituere
1759 1556 1990 1612 adortus

401 1659 505 1705 est.
533 1651 693 1704 Anno
717 1660 896 1704 autem
921 1650 1060 1704 1689
1086 1650 1370 1719 epistolam
1399 1652 1463 1704 ad
1493 1651 1789 1710 Romanos.
1819 1649 1988 1702 veteri

2169 447 2222 515 a)
2254 445 2552 514 Traianum
2595 447 2744 502 enim
2789 448 3097 506 Antiochia:
3129 451 3406 506 hiemasse
3437 452 3660 510 dubitari

2098 552 2202 592 non
2235 547 2430 606 potest.

2168 631 2224 698 b)
2256 629 2392 684 Eum
2425 629 2790 698 Christianos,
2827 631 2950 689 illos
2976 637 3277 704 praesertim
3309 638 3406 706 qui
3440 638 3594 693 delati
3619 647 3664 694 et

2097 724 2341 777 accusati
2379 731 2558 789 erant,
2597 725 2662 780 ad
2713 735 2948 780 mortem
2989 726 3305 791 damnasse,
3364 746 3522 785 nemo
3554 731 3663 801 jure

2096 815 2332 885 negabit.
2354 813 2474 869 1am
2494 815 2686 874 Plinio.
2701 817 2846 872 enim
2867 821 3181 888 proconsuli
3216 823 3513 891 imperator
3535 839 3666 878 nian-

2094 908 2320 962 daverat
2363 925 2375 960 :
2409 907 2469 963 Si
2495 909 2803 979 deferantur
2829 920 2879 965 et
2901 924 3219 982 arguantur,
3252 917 3503 982 puniendi
3533 927 3662 972 sunt.

2164 1004 2216 1072 c)
2260 1001 2439 1068 Plebs,
2479 1019 2669 1072 panem
2703 1012 2760 1058 et
2807 1005 3064 1060 circenses
3113 1007 3422 1075 postulans.
3465 1009 3660 1064 meliori

2094 1094 2246 1148 nullo
2277 1094 2438 1149 modo
2464 1096 2666 1164 placari
2699 1105 2932 1165 poterat,
2965 1111 3128 1166 quam
3148 1100 3589 1155 Christianorum
3607 1101 3664 1156 ad

2094 1187 2299 1242 bestias
2321 1187 2698 1244 damnatione.

2163 1279 2220 1344 d)
2259 1279 2650 1350 Imperatorem
2695 1282 2989 1340 damnatos
3039 1285 3391 1340 Christianos
3450 1285 3663 1339 Romam

2094 1369 2332 1437 misisse,
2389 1380 2447 1424 ut
2502 1370 2766 1426 Romanae
2799 1374 2944 1442 plebi
2992 1376 3132 1444 grati
3193 1375 3402 1445 aliquid
3453 1373 3664 1439 laceret,

2094 1462 2244 1515 nullo
2279 1463 2443 1516 modo
2479 1463 2696 1518 veritati
2730 1479 3016 1536 repugnat.

2167 1556 2219 1621 e)
2252 1554 2410 1622 Quod
2442 1555 2682 1626 lgnatius
2708 1556 2958 1629 Smyrnae
2982 1570 3036 1616 et
3065 1555 3278 1615 Troade
3305 1561 3506 1616 fratres
3549 1576 3668 1616 con-

2094 1648 2310 1702 venisse
2359 1647 2541 1717 ibique
2587 1649 2852 1718 epistolas
2901 1651 3191 1720 scripsisse
3241 1652 3577 1720 perhibetur,
3623 1649 3669 1703 id

403 1724 613 1794 Latinae
664 1742 905 1795 versioni
951 1715 1288 1796 adamussim
1336 1741 1750 1810 mquiparatam,
1789 1755 1818 1794 e
1863 1740 1986 1794 cod.
2025 1715 2063 1768 Β
2096 1739 2320 1792 minime
2367 1715 2699 1793 contradicit
2753 1715 3065 1795 crudelitati
3098 1715 3420 1805 custodum,
3469 1744 3538 1797 de
3570 1760 3669 1813 qua

403 1821 536 1887 1451
605 1833 954 1888 bibliothecae
1007 1825 1187 1904 Regia:
1252 1834 1584 1889 Parisiensis
1643 1834 1990 1889 membrana-

399 1941 498 1982 eeo
537 1914 684 1994 (38),
726 1926 959 1982 Parisiis
1000 1928 1204 1998 publici
1248 1928 1392 1996 juris
1437 1927 1565 1981 fecit
1611 1922 1989 1982 Theodericus

399 2005 702 2073 Ruinartus
741 2019 795 2072 in
833 2019 979 2072 Actis
1013 2027 1306 2088 martyrum
1340 2019 1597 2080 sinceris;
1628 2032 1794 2086 quam
1832 2017 1990 2070 dein-

397 2118 528 2178 ecps
563 2103 802 2165 Grabius
843 2120 896 2164 et
940 2109 1190 2166 Clericus
1216 2111 1450 2180 'prodire
1485 2109 1794 2179 jusserunt.
1828 2108 1988 2164 Anno

399 2194 539 2255 1709
566 2199 764 2255 Oxonii
794 2201 994 2271 prodiit
1021 2203 1476 2272 praestantissima
1503 2201 1730 2256 Thema}
1765 2199 1984 2255 Smithii

388 2293 582 2359 editio,
619 2311 782 2365 quam
822 2297 994 2351 secuti
1031 2306 1160 2349 sunt
1209 2293 1522 2349 Ludovicus
1552 2294 1712 2364 Frey,
1755 2294 1986 2348 Richar-

393 2373 501 2442 dus
519 2376 739 2454 Russel,
758 2387 1005 2443 Andreas
1028 2387 1348 2443 Gallandius
1371 2397 1424 2441 et
1445 2385 1770 2441 Guilielmus
1789 2384 1987 2440 Jacob-

397 2487 603 2546 sonu's;
635 2493 778 2550 quos
807 2488 862 2534 et
893 2498 993 2535 nos
1019 2479 1188 2535 duces
1220 2480 1538 2534 habuimus.

465 2570 556 2626 IV.
582 2571 729 2627 Inter
745 2588 840 2628 eos
863 2572 957 2639 qui
981 2582 1079 2642 pro
1105 2572 1355 2642 epistolis
1382 2572 1531 2626 hisce
1553 2569 1819 2624 vindicias
1836 2567 1987 2622 evul-

395 2671 596 2737 garunt
623 2665 982 2722 Pearsoninm
1012 2667 1124 2737 (59)
1153 2666 1396 2720 eminere
1428 2679 1588 2718 nemo
1615 2663 1808 2718 nescit.
1838 2666 1987 2731 Opus

393 2757 515 2826 ejus
527 2771 845 2827 oppugnare
863 2767 991 2813 sunt
1007 2758 1250 2828 aggressi
1267 2757 1553 2812 Malthzcus
1571 2755 1982 2825 Larroquanus,

395 2843 618 2903 Samuel
672 2847 999 2922 Basnagius,
1051 2847 1357 2905 Casimirus
1409 2849 1691 2915 Oudinus,
1741 2840 1984 2904 Joannes

393 2933 628 2998 Dallaeus
651 2951 704 2996 et
721 2941 835 3007 alii,
852 2943 1052 3012 quibus
1085 2943 1343 3012 frequens
1369 2944 1751 3012 episc0porum
1777 2942 1984 2996 mentio

391 3033 446 3088 in
481 3034 569 3090 his
607 3033 856 3104 epistolis
899 3045 1097 3105 praeter
1140 3036 1245 3089 alia
1285 3025 1511 3088 minime
1556 3033 1822 3103 placebat.
1872 3033 1976 3088 Sed
2011 3059 2054 3120 ρ

391 3125 459 3181 iis
476 3126 900 3197 responderunt,
922 3128 1260 3181 anthentiam
1287 3127 1643 3197 epistolarum
1667 3134 1978 3180 nostrarum

389 3217 776 3284 defendentes,
835 3215 1094 3275 Nicolaus
1132 3218 1400 3274 Nourrius
1451 3219 1585 3289 (40),
1638 3218 1794 3272 Remi
1833 3219 1980 3273 Ccil-

390 3297 648 3380 lier(M),
675 3307 917 3365 Thomas
945 3311 1112 3364 Maria
1145 3308 1485 3364 Mamachius
1528 3310 1641 3389 (42)
1666 3317 1720 3364 et
1741 3309 1978 3379 Lumpe-

390 3407 484 3456 rus
512 3393 647 3473 (43).
683 3401 897 3459 Nostris
928 3405 1269 3473 temporibus
1297 3405 1599 3473 przescrtim
1627 3402 1689 3457 D.
1719 3402 1975 3466 Baurius,

389 3482 785 3566 Ttihingensis,
812 3497 1152 3552 authentiam
1182 3497 1542 3566 cpistolarum
1572 3496 1764 3566 lgnatii
1799 3496 1853 3548 in
1875 3496 1978 3550 du-

388 3579 539 3642 bium
577 3590 815 3655 vocavit,
859 3589 1168 3659 mediisque
1209 3590 1390 3643 szeculi
1426 3605 1463 3641 ll
1508 3588 1851 3657 temporibus
1883 3602 1977 3641 eas

387 3665 576 3736 Roma:
609 3695 639 3736 a
685 3681 911 3737 falsario
947 3681 1186 3752 quodam
1229 3682 1283 3734 in
1338 3680 1583 3734 favorem
1625 3681 1976 3749 episcopatus

387 3761 521 3828 idem.
544 3773 827 3829 ronfeaas
862 3778 986 3828 esse
1013 3774 1293 3828 contendit
1319 3773 1976 3841 (44),contradicentibus

387 3863 740 3932 potissimum
777 3864 1012 3919 Doetore
1055 3863 1235 3917 Rothe
1276 3864 1426 3933 (15),
1468 3861 1678 3916 Joanne
1719 3862 1976 3918 Eduardo

389 3945 634 4012 Hdthero
672 3956 808 4027 (46),
843 3957 1123 4012 Friderico
1170 3957 1524 4011 Diistcrdieck
1557 3958 1683 4026 ((47)
1728 3967 1781 4011 et
1828 3961 1976 4012 Ano-

388 4055 556 4122 hymo
587 4052 827 4121 quodam
853 4053 908 4107 in
934 4050 1376 4122 ephemerldibus
1404 4067 1418 4101 :
1457 4051 1655 4103 [ιω-οισι
1687 4052 1776 4103 des
1803 4051 1974 4104 Glau-

388 4139 510 4199 bens
549 4145 684 4216 (48).

465 4238 526 4294 V.
557 4231 690 4305 Qua:
721 4253 844 4306 nos,
876 4238 1240 4308 epistolarum
1267 4236 1458 4306 lgna‘tii
1493 4252 1606 4289 rem
1643 4248 1822 4303 agere,
1857 4250 1974 4288 Ino-

388 4332 569 4395 Veant,
599 4332 726 4386 audi
760 4350 771 4383 :

2093 1832 2209 1901 ipse
2242 1831 2294 1885 in
2326 1846 2413 1899 ep.
2441 1830 2510 1884 ad
2542 1829 2705 1886 Rom.
2747 1847 2796 1886 c.
2834 1824 2868 1886 5
2900 1831 3171 1902 queritur.
3208 1833 3365 1902 Apud
3400 1832 3668 1888 Romanos

2095 1924 2242 1979 enim
2264 1924 2520 1992 captivis,
2561 1923 2628 1978 ad
2662 1924 2865 1980 milites
2896 1925 3151 1995 alligatis.
3178 1927 3509 1995 permissum
3541 1936 3668 1994 erat,

2091 2016 2301 2072 amicos
2322 2019 2601 2086 suscipere
2629 2027 2685 2071 et
2711 2017 2880 2073 libere
2903 2017 3141 2087 colloqui
3168 2034 3295 2072 cum
3325 2019 3453 2074 illis.
3483 2019 3672 2074 Paulus

2089 2125 2137 2160 e.
2178 2124 2230 2177 g.
2283 2108 2335 2160 in
2372 2108 2608 2164 vinculis
2657 2107 2940 2163 Christum
2991 2111 3328 2180 praedicavit.
3386 2110 3524 2167 Cir-
3557 2111 3670 2166 Act.

2093 2216 2288 2262 smn.
2341 2199 2428 2263 16,
2460 2201 2551 2266 50,
2601 2201 2693 2264 51.
2740 2199 3010 2256 Praaterea
3044 2204 3350 2272 smpissime
3381 2202 3671 2258 Christiani

2090 2292 2296 2345 aditum
2330 2292 2396 2346 ad
2428 2301 2695 2363 martyres
2716 2301 2771 2349 et
2801 2294 3173 2352 incarceratos
3215 2306 3444 2367 περιιιο
3467 2311 3498 2351 a
3533 2297 3670 2350 mili-

2091 2385 2235 2440 tibus
2257 2393 2531 2440 emerunt.
2560 2384 2777 2455 Optime
2792 2401 2924 2458 ergo
2950 2387 3286 2445 Pearsonins
3314 2390 3428 2460 (i9)
3455 2391 3667 2445 scribit:

2091 2475 2220 2530 Hac
2243 2493 2363 2530 cum
2410 2477 2570 2546 fuerit
2621 2480 2981 2534 uetustissima
3027 2480 3283 2536 Ecclesiae
3335 2483 3669 2548 consuetudo,

2088 2570 2226 2622 idem
2255 2569 2494 2622 etiamin
2529 2567 2730 2639 lgnatii
2762 2570 2988 2626 vinculis
3018 2572 3219 2641 factum
3251 2585 3486 2630 constat.
3521 2617 3534 2631 .
3559 2614 3572 2628 .
3605 2615 3618 2628 .
3656 2615 3669 2629 .

2091 2659 2347 2714 Omnibus
2403 2662 2570 2730 igitur
2600 2663 2769 2716 modis
2815 2662 3030 2717 diaconi
3079 2664 3278 2735 aliique
3308 2665 3374 2719 ab
3423 2666 3671 2720 Ecclesiis

2088 2754 2237 2807 missi
2278 2752 2494 2825 Ignatio
2525 2756 2578 2808 in
2613 2757 2800 2810 itinere
2842 2758 3242 2821 ministrabant,
3277 2759 3511 2831 adeoque
3556 2774 3673 2813 eum

2087 2862 2119 2898 a
2148 2849 2512 2903 vexationibus
2543 2849 2793 2916 militum,
2811 2861 3069 2921 quantum
3105 2854 3158 2904 in
3194 2853 3323 2922 ipsis
3375 2863 3511 2920 erat,
3534 2870 3674 2923 pra:-

2087 2940 2207 2993 miis
2243 2940 2589 2997 redimebant.
2630 2933 2774 2996 Hinc
2800 2953 2978 2998 autem
3004 2956 3140 3000 recte
3163 2947 3508 3015 intelligitur,
3537 2946 3677 3018 quod

2085 3031 2149 3084 de
2183 3031 2472 3097 militibus,
2501 3049 2630 3104 quos
2667 3033 2946 3104 leopardos
2989 3046 3162 3101 vocat,
3213 3037 3403 3091 scribit
3439 3054 3456 3092 :
3493 3039 3540 3090 οἳ
3580 3040 3678 3092 καὶ

2083 3124 2532 3196 εὐεργετούμενοι
2582 3127 2799 3199 χείρους
2829 3127 3088 3197 γίνονται,
3140 3129 3363 3192 scilicet,
3409 3137 3512 3200 quo
3555 3129 3676 3199 plus

2083 3218 2316 3285 pecunia:
2334 3235 2366 3272 a
2389 3218 2635 3287 ﬁdelibus
2655 3221 2948 3288 acciperent
2975 3237 3069 3290 pro
3093 3221 3429 3275 relaxatione
3452 3224 3682 3277 uexatio-

2083 3311 2187 3375 nis,
2231 3329 2290 3365 eo
2321 3316 2501 3366 acrius
2539 3329 2605 3366 ea:
2643 3313 2924 3369 intervallo
2963 3314 3020 3369 S.
3054 3328 3346 3384 martyrem
3393 3314 3677 3384 vexabant,

2081 3421 2183 3468 quo
2221 3405 2472 3470 maiorem
2506 3408 2742 3476 pecuniae
2779 3409 2882 3462 vim
2918 3417 3286 3480 extorqueret”
3320 3421 3372 3465 et
3402 3411 3677 3465 Christia-

2080 3515 2175 3550 nos
2207 3499 2470 3567 copiosius
2501 3509 2858 3571 emungerent.
2902 3499 3081 3564 Quare
3110 3519 3229 3555 cum
3267 3505 3423 3559 toties
3455 3502 3678 3574 Ignatio

2083 3591 2403 3658 contingeret
2431 3590 2772 3659 refrigeratio
2807 3599 2854 3643 et
2887 3591 2951 3643 ab
2991 3591 3275 3660 iniquitate
3320 3592 3552 3646 militum
3585 3609 3676 3646 re-

2081 3683 2332 3754 demptio,
2363 3691 2433 3744 et,
2471 3691 2527 3734 ut
2553 3681 2792 3752 loquitur
2811 3681 3198 3746 Tortullianus,
3225 3685 3460 3752 facultas
3491 3684 3682 3739 libera

2081 3777 2356 3840 custodite,
2384 3773 2544 3843 facile
2574 3773 2746 3840 potuit
2769 3772 2915 3839 illas,
2947 3789 3082 3844 quas
3110 3773 3385 3838 habemus,
3416 3776 3678 3843 epistolas

2079 3883 2320 3930 exarare,
2352 3879 2576 3936 quarum
2601 3864 2797 3936 aliqua:
2825 3881 2928 3918 non
2963 3865 3189 3918 multum
3220 3866 3480 3937 longiore,
3509 3881 3684 3936 quam

2083 3959 2238 4012 unius
2279 3959 2422 4012 hora:
2463 3959 2638 4026 spatio
2675 3957 2838 4010 scribi
2877 3966 3184 4026 potuerunt,
3232 3974 3398 4029 neque
3449 3975 3511 4013 e1:
3561 3959 3683 4014 illis

2081 4049 2194 4103 ulla
2221 4061 2330 4104 tam
2361 4050 2576 4119 prolixa
2620 4057 2720 4113 est,
2747 4059 2804 4102 ut
2836 4048 3014 4118 plures
3046 4066 3206 4120 quam
3241 4063 3350 4105 tres
3381 4053 3539 4105 horas
3572 4068 3678 4120 po-

2080 4143 2262 4198 stulet.

2153 4235 2195 4301 l‘)
2233 4233 2510 4304 lgnatius,
2552 4235 2788 4307 Smyrna
2824 4235 3088 4290 Romanis
3125 4237 3402 4299 scribens,
3436 4255 3543 4294 non
3570 4240 3682 4293 ab-

2078 4328 2268 4393 surda,
2302 4337 2360 4380 ut
2405 4327 2606 4384 Baurio
2650 4330 2885 4396 videtur,
2932 4332 3162 4401 peregit.
3219 4330 3352 4387 Dure
3388 4335 3532 4387 enim
3569 4335 3682 4389 viae

462 4411 760 4494 l)Minime
811 4422 875 4475 Ι).
927 4411 1161 4476 Bauribs
1203 4421 1363 4475 nobis
1411 4419 1719 4489 persuasit,
1769 4417 1965 4471 Roma—
2003 4433 2047 4490 ι)
2075 4420 2309 4493 Smyrna
2359 4416 2590 4476 Romam
2619 4422 2912 4490 ducebant,
2957 4425 3126 4480 altera
3164 4426 3466 4487 maritima.
3495 4427 3677 4481 altera

385 4518 511 4567 hum
542 4513 743 4584 Ignatii
779 4515 909 4580 iter,
950 4514 1098 4583 quod
1131 4513 1405 4568 scribendi
1448 4514 1544 4566 has
1571 4511 1831 4580 epistolas
1876 4525 1968 4566 oc-

459 4653 572 4724 (57)
613 4650 725 4713 Cfr.
758 4648 1132 4718 Dusterdieck,
1163 4655 1237 4708 De
1262 4651 1676 4724 Ignatinnarum
1719 4649 1975 4721 epistola-‘-

389 4729 507 4795 l'um
537 4725 836 4795 authentia,
868 4734 974 4779 etc.
1015 4726 1369 4795 Gottingtegin
1404 4725 1617 4778 oliicina
1653 4724 1972 4795 Dieterich.,

425 4835 439 4847 .
474 4792 896 4918 l-l§,.e1t_l;gssel
921 4797 972 4848 in
1011 4792 1248 4850 editione
1279 4793 1506 4848 Patrum
1536 4793 1970 4863 apostolicorum.

425 4881 522 4917 .ont
546 4881 617 4916 un
690 4881 706 4916 ι
789 4895 803 4918 .

432 4881 617 4917 Olltlllll
647 4881 803 4918 ⁸114οδ

458 4935 572 5004 (58)
613 4933 795 4989 Codex
826 4935 936 5001 hic,
978 4936 1107 4990 olim
1133 4934 1486 4992 Colberlinus
1507 4935 1632 5000 460,
1657 4937 1792 4990 Acta
1826 4951 1972 4989 mar-

387 5007 509 5077 tyrii
563 5005 620 5059 S.
659 5006 852 5077 lgnatii
886 5008 1148 5073 continet,
1191 5009 1393 5077 quibus
1437 5007 1609 5076 capite
1655 5007 1688 5060 4
1735 5005 1969 5075 epistola

385 5075 577 5147 lgnatii
607 5077 675 5148 ad
713 5075 990 5131 Romanos
1028 5075 1348 5148 interposita
1382 5087 1483 5132 est.

456 5150 571 5217 (59)
614 5147 670 5202 In
728 5150 970 5204 secundo
1008 5147 1466 5204 tomo’editionis
1526 5150 1751 5203 Patrum
1793 5156 1964 5218 apost.

381 5219 759 5275 Coteleriana}.
1011 5285 1013 5288 y

386 5290 598 5410 78(3);-
621 5293 874 5359 Apparet.
903 5291 971 5344 ad
998 5289 1254 5345 Biblioth.
1295 5304 1440 5345 max.
1483 5289 1726 5357 Patrum,
1765 5304 1802 5346 t.
1841 5293 1883 5360 1,
1911 5309 1966 5362 p.

479 5378 598 5414 Sﬂﬂ.

619 5421 763 5487 Hist.
791 5431 1048 5503 général.,
1073 5441 1113 5485 t.
1150 5433 1194 5496 1,
1219 5447 1272 5502 p.
1307 5431 1434 5487 626.

459 5501 574 5574 (4?)
619 5501 861 5574 Qrigines
885 5513 932 5556 et
965 5505 1150 5574 antiq..
1175 5501 1405 5567 Christ,
1438 5516 1475 5558 t.
1511 5503 1598 5568 IV,

459 5571 571 5641 (ts)
617 5571 756 5634 tua.
791 5574 949 5627 thcol.
986 5571 1132 5641 τνῑιζ,
1165 5585 1202 5629 t.
1240 5575 1280 5637 ι,
1310 5590 1360 5641 ρ.
1394 5571 1657 5628 266.2681

434 5640 573 5714 Σ(4.4)
617 5641 781 5714 Raur.
823 5643 918 5697 Die
949 5640 1319 5714 sugcnatmlcni
1345 5645 1761 5712 l’astm‘ttlbrlefe
1779 5646 1867 5698 des
1905 5645 1970 5699 Α.

419 5701 616 5779 Ϊαύίιέθ,
643 5712 781 5786 (ηιξά
799 5701 1160 5770 ncuckritisch
1188 5716 1515 5781 untcrsurlzt,
1546 5732 1649 5769 von
1675 5701 1762 5770 D'r.
1780 5715 1968 5783 Baur.,

1638 5520 1690 5574 p.
1720 5504 1825 5558 ’577
1849 5519 1971 5574 sqq.

2081 4514 2382 4576 terrestris,
2405 4522 2464 4567 ut
2495 4513 2630 4567 bene
2645 4513 2836 4581 docuit
2861 4515 2927 4571 V.
2951 4515 3014 4571 C.
3043 4514 3197 4569 Tafel
3231 4516 3370 4584 ('50).
3400 4516 3678 4570 Terrestri

2082 4653 2261 4728 p.787.
2300 4655 2690 4728 Adbgengthigte
2733 4655 3055 4728 Erkltirung.
3111 4655 3245 4709 Tuh.
3287 4655 3551 4710 Zeitschr.
3583 4653 3687 4723 [ἂν

2086 4723 2265 4797 Tlteol.
2293 4725 2450 4797 l83§.
2490 4723 2742 4797 Fasc.tu,
2773 4742 2828 4797 p.
2870 4726 2973 4782 199
3006 4723 3069 4781 et
3109 4727 3263 4788 l838,
3308 4728 3570 4783 Fasc.ut,
3613 4741 3678 4794 μ.

2082 4795 2186 4866 149
2225 4811 2346 4864 sqq.
2393 4794 2577 4850 Baurii
2611 4794 2914 4851 sententias
2963 4799 3216 4866 repetivit
3261 4799 3677 4862 Schwegierus,

2081 4863 2192 4919 Das
2216 4863 2704 4927 nachapostolische
2743 4863 3096 4932 Zeitalter,'t.
3123 4866 3184 4922 ll.
3219 4885 3269 4934 ι).
3301 4867 3560 4922 159-179.

2153 4937 2267 5004 (45)
2307 4936 2435 5005 Anf.
2466 4936 2520 4988 d.
2541 4937 2746 4990 christl.
2782 4937 2999 5003 Kirche,
3031 4953 3084 5007 p.
3124 4939 3228 4990 ’11Ξὶ
3259 4955 3381 5007 sqq.

2151 5007 2263 5078 (4(1)
2305 5007 2660 5078 Betraclttung
2690 5008 2783 5061 der
2817 5009 3137 5078 wichtigsten
3191 5009 3462 5061 Bedrnlt'en
3512 5021 3674 5078 grant

2081 5075 2168 5146 (lie
2188 5075 2460 5131 zEchtheit
2484 5075 3024 5147 derlgnatianischen
3058 5079 3259 5142 Briefe.
3287 5078 3402 5131 Von
3430 5075 3523 5129 Dr.
3541 5076 3676 5128 Joh.

2080 5145 2184 5220 Ed.
2213 5147 2445 5220 llnthcr,
2472 5147 2525 5200 in
2551 5145 2760 5220 lllgenii
2787 5148 3096 5218 Zeitschrift
3125 5152 3210 5218 [ἡν
3229 5151 3434 5220 _Itistor.
3459 5147 3678 5204 Tlteol..

2077 5228 2118 5275 t.
2146 5219 2239 5283 Χῐ,
2274 5219 2430 5274 Fasc.
2465 5235 2539 5283 Iv,
2567 5235 2619 5288 p.
2656 5219 2808 5274 3-73.

2152 5291 2263 5360 (47)
2308 5289 2662 5360 Dusterdieck
2688 5291 2740 5343 in
2772 5291 2914 5345 libro
2947 5291 3057 5359 jam
3085 5306 3250 5359 supra
3281 5291 3521 5350 laudato.

2153 5362 2269 5430 (48)
2309 5359 2588 5430 Herbipoli
2622 5361 2781 5426 1859,
2822 5379 2878 5414 n.
2903 5361 3094 5415 [ιο-45.

2177 5433 2268 5499 49)
2311 5430 2584 5502 Ϊίῃάὶείίυ
2611 5431 2936 5502 Ignatiante,
2964 5446 3093 5502 pars
3125 5449 3184 5488 ιι.
3214 5448 3264 5483 c.
3305 5432 3390 5485 ll.

2177 5501 2268 5563 50)
2308 5499 2483 5568 Tafcl,
2518 5502 2594 5555 De
2639 5499 2723 5555 uia
2763 5499 2992 5556 militari
3021 5500 3386 5572 Romanorum
3415 5501 3672 5572 Egnatia.

2118 5591 2184 5626 na
2232 5572 2535 5641 Illyricum,
2587 5573 2898 5626 Macedonia
2929 5582 2976 5626 ct
3017 5571 3248 5624 Thracia
3283 5571 3676 5641 jungrtmm‘ur-

2118 5591 2184 5626 na
2232 5587 2535 5641 Illyricum,
2587 5587 2898 5626 macedonia
2929 5587 2976 5626 ct
3018 5587 3248 5624 “traria
3283 5587 3676 5641 jttngt‘ltttntltr-

2080 5587 2364 5713 rl'ubingm,
2400 5641 2609 5715 Laupp.
2647 5644 2804 5701 1842.
2835 5644 2948 5700 Clr.
2995 5658 3218 5713 quoque.
3249 5641 3573 5715 Martyrium
3611 5639 3684 5697 ὃ.

2080 5714 2292 5787 lgnatii,
2335 5729 2490 5784 capp.
2524 5714 2577 5782 5,
2612 5715 2664 5770 ti.
