3746 6308
101 260 204 316 633

1318 256 1381 315 Ε.
1420 256 1471 314 J.
1510 254 1781 314 IIEFELII
1831 252 2221 314 PREFATIO.

3252 256 3357 312 634

98 380 180 432 via
215 376 476 448 ignauus,
510 374 742 435 fortasse
769 380 898 451 quia
939 377 1203 436 militibus
1240 382 1455 452 negotia
1508 389 1667 437 erant
1699 392 1740 449 Α
1771 396 1891 451 quae
1938 378 2191 449 Huterus,
2218 379 2257 435 l.
2297 392 2435 450 (ιρι).
2484 375 2649 434 57-61
2681 385 2874 434 contra
2915 374 3175 432 Baurinm
3235 392 3356 432 mo-

98 471 147 521 in
203 468 415 523 Troade
464 480 520 524 et
571 469 924 537 Macedonia,
980 471 1286 526 ducebatur
1338 470 1477 540 (cfr.
1528 471 1666 527 Acta

95 571 347 635 martyr.,
378 579 427 617 e.
464 564 552 633 5);
591 564 819 633 cpistola
851 576 1058 630 autem,
1085 565 1202 619 sine
1231 565 1398 619 dubio
1428 565 1515 619 via
1544 579 1665 619 ma-

93 655 293 717 ritima,
320 658 443 709 navi
470 657 706 725 quadam
735 658 1068 723 cursoria,in
1096 655 1297 710 Urbem
1324 656 1513 719 missa,
1540 662 1666 711 ante

94 746 356 816 lgnatinm
383 748 561 818 ipsum
597 749 783 803 Roma:
808 747 1063 803 advenire
1094 757 1325 817 poterat.
1357 746 1471 802 Nec
1502 746 1665 802 dubi-

91 844 188 897 tari
241 852 419 912 potest
450 844 581 913 quin
612 842 856 897 terrestri
897 856 1117 911 quoque
1157 842 1243 895 via
1274 840 1503 910 epistola
1548 839 1663 908 illa,

88 932 175 985 alii
222 932 439 987 cuidam
468 932 689 996 tradita,
719 933 881 987 citius
914 933 1138 987 Romam
1167 931 1353 985 venire
1398 930 1658 1000 potuerit,

86 1040 249 1095 quam
285 1026 531 1095 lgnatius
562 1026 699 1095 ipse,
726 1025 881 1079 senio
914 1024 1195 1081 confectus
1227 1024 1363 1095 (51).

150 1139 203 1209 g)
237 1137 347 1193 Nec
376 1138 611 1193 absurde
637 1131 875 1209 lgnatius
915 1154 944 1193 a
984 1137 1247 1193 Romanis
1276 1149 1527 1208 precatus
1551 1145 1653 1205 est,

86 1230 223 1283 utab
239 1231 389 1283 omni
417 1238 615 1284 conatu
650 1230 826 1299 ipsum
856 1230 1118 1285 liberandi
1150 1231 1509 1285 abstinerent.
1539 1228 1656 1283 Mos

80 1319 219 1372 enim
279 1330 399 1373 erat
432 1319 900 1387 Christianorum,
937 1330 1148 1375 tantum
1188 1331 1454 1390 quantum
1500 1332 1655 1392 pote-

78 1422 193 1464 rant
251 1412 387 1475 niti,
448 1422 506 1467 ut
562 1412 760 1467 fratres
831 1422 1052 1482 propter
1123 1413 1282 1467 fidem
1348 1421 1538 1483 captos
1600 1422 1654 1469 et

76 1502 361 1559 damnatos
419 1505 730 1569 liberarent,
796 1506 941 1575 quod
985 1505 1250 1561 discimus
1318 1521 1386 1561 ex
1450 1506 1647 1562 Const.

74 1606 243 1663 apost.
280 1614 364 1664 tv,
404 1597 430 1669 §
473 1598 537 1665 9;
584 1624 639 1675 ν,
698 1597 759 1668 §§
795 1598 846 1662 1,
878 1599 933 1664 2,
968 1615 1031 1653 ex
1072 1597 1298 1653 Luciani
1342 1597 1648 1669 Peregrina,

74 1688 98 1759 ᾗ
133 1689 217 1756 l2,
258 1700 316 1745 et
344 1705 411 1745 ex
448 1689 668 1745 Eusebii
705 1686 851 1745 Hist.
894 1691 1051 1756 eccl.,
1083 1708 1158 1757 vr,
1188 1691 1256 1746 lO
1284 1690 1419 1759 (52).
1446 1689 1645 1745 Notum

70 1798 227 1851 porro
266 1793 371 1847 est,
400 1784 514 1854 jam
550 1791 794 1853 tempore
824 1781 979 1838 Pauli
1012 1785 1243 1853 apostoli
1289 1788 1347 1838 ὲν
1369 1783 1647 1855 Καίσαρος

66 1879 203 1949 οἰκίᾳ
227 1878 401 1933 fuisse
432 1877 652 1944 ﬁdeles;
689 1887 934 1947 tempore
966 1892 1147 1933 autem
1197 1878 1490 1934 Domitiani
1534 1878 1641 1931 Do-

68 1971 313 2025 mitillam
353 1981 405 2026 et
447 1970 805 2036 Clementem,
836 1987 905 2025 ex
952 1971 1157 2025 familia
1213 1972 1447 2027 Caesaris
1480 1971 1644 2026 Chri-

65 2066 364 2119 stianorum
388 2080 541 2119 sacra
574 2074 793 2119 secutos
817 2080 959 2127 esse,
986 2064 1148 2120 refert
1181 2065 1499 2119 Suetonius.
1526 2064 1643 2117 Ro-

66 2173 348 2211 manorum
396 2156 634 2228 denique
684 2158 1106 2228 magistratuum
1159 2173 1373 2213 sacram
1406 2158 1525 2213 auri
1560 2157 1643 2212 fa-

65 2265 193 2301 mem
222 2265 389 2303 nemo
441 2250 631 2304 nescit.
679 2249 861 2306 Facile
904 2250 1087 2319 itaque
1138 2251 1513 2320 autpecunia,
1547 2258 1642 2304 aut

64 2343 197 2409 dolo,
224 2352 321 2397 aut
349 2343 457 2397 alia
486 2343 723 2413 quadam
758 2343 992 2408 ratione,
1024 2342 1206 2399 fideles
1233 2342 1439 2414 aliquid
1473 2342 1526 2397 iu
1557 2341 1638 2399 fa-

62 2451 233 2491 vorem
261 2435 456 2507 lgnatii
496 2435 677 2490 moliri
704 2444 973 2505 poterant.

122 2551 177 2620 h)
212 2550 487 2619 lgnatium
538 2552 596 2606 in
637 2548 987 2606 Occidentem
1031 2548 1335 2619 profectum
1379 2564 1524 2610 esse.
1566 2564 1634 2605 ex

62 2643 230 2699 verbis
253 2642 312 2698 S.
334 2642 621 2714 Polycarpi
648 2651 815 2712 patet.
839 2640 1029 2711 Capite
1050 2641 1193 2694 enim
1220 2640 1285 2694 15
1302 2655 1385 2709 ep.
1413 2640 1478 2694 ad
1505 2638 1635 2693 Phi-

62 2736 321 2805 lippenses
351 2736 583 2806 legimus
609 2755 621 2790 :
652 2734 721 2789 Et
754 2735 817 2789 de
839 2736 952 2803 ipso
984 2732 1217 2803 Igttatio,
1246 2744 1293 2787 et
1322 2734 1385 2787 de
1412 2734 1514 2798 his,
1540 2734 1632 2802 qui

60 2843 163 2879 cum
211 2845 271 2882 eo
322 2837 470 2891 sunt,
503 2828 641 2895 quod
671 2827 864 2881 certius
916 2827 1259 2896 agnoveritis,
1311 2826 1626 2895 signiﬁcate.

61 2920 200 2985 Quod
231 2922 276 2977 si
310 2930 493 2976 autem
528 2919 769 2991 lgnatius
788 2918 1089 2973 Antiochia:
1124 2917 1497 2982 remansisset,
1528 2932 1629 2973 nec

61 3013 106 3064 in
153 3010 503 3067 Occidentem
549 3011 823 3075 venisset,
874 3010 1027 3064 nullo
1079 3008 1241 3061 modo
1287 3006 1627 3078 Polycarpus

62 3102 405 3173 Smyrnensis
443 3103 606 3157 verba
659 3103 748 3156 illa
787 3103 851 3156 ad
886 3100 1267 3170 Philippenses
1298 3099 1630 3169 scripsisset,
1660 3093 1702 3152 C

60 3197 189 3265 quod
224 3195 386 3251 facile
410 3211 475 3250 ex
514 3197 620 3249 situ
649 3195 897 3249 locorum
936 3192 1365 3245 demonstratur.

121 3308 284 3364 Roma
510 3308 863 3377 Philippi.....
922 3306 1273 3377 Smyrna.....
1338 3302 1645 3366 Antiochia,

58 3398 209 3454 Nemo
248 3417 385 3455 sane
425 3399 868 3471 Smyrneteorum
936 3397 1315 3466 Philippenses
1355 3394 1547 3459 adibit,
1573 3403 1635 3450 ut

58 3494 240 3547 certior
282 3496 379 3547 tiat
416 3493 482 3546 de
528 3493 598 3547 iis
638 3508 759 3561 qua:
798 3490 1107 3544 Antiochiae
1148 3496 1449 3559 gerantur;
1495 3486 1633 3543 bene

57 3592 217 3637 autem
243 3600 370 3654 quae
402 3584 592 3639 Romae
621 3584 899 3648 eveniant,
951 3597 982 3635 a
1024 3578 1471 3650 Philippensibus
1494 3578 1629 3633 edo-

57 3676 151 3728 ceri
183 3676 410 3745 poterit.

117 3810 150 3877 i)
195 3807 467 3880 lgnatium
513 3810 579 3864 ad
624 3810 828 3865 bestias
855 3809 1174 3863 damnatum
1214 3820 1359 3871 esse,
1406 3804 1465 3860 8.
1521 3804 1632 3860 Ire—

58 3915 190 3956 nmus
220 3903 335 3973 (55)
373 3911 623 3957 testatur.
681 3900 811 3957 Vide
847 3900 1169 3953 Testimonia
1200 3908 1429 3952 veterum
1466 3910 1630 3967 supra

57 3993 133 4043 sub
156 4011 295 4048 num.
342 3994 429 4063 ll.)
458 3993 694 4048 lrenzeus
727 4004 906 4046 autem
934 4035 946 4057 ,
978 3992 1265 4063 Polycarpi
1293 3992 1625 4061 discipulus,

59 4086 189 4139 nullo
216 4086 382 4139 modo
407 4087 509 4141 hac
537 4086 588 4138 in
618 4101 675 4139 re
699 4100 887 4139 errare
911 4092 1154 4154 poterat.

111 4200 162 4268 lt)
192 4202 469 4272 lgnatium
505 4202 697 4256 Romae
734 4217 861 4257 cum
901 4200 1090 4255 bestiis
1132 4212 1428 4268 pugnasse,
1481 4194 1629 4250 clare

57 4292 192 4349 docet
210 4295 475 4367 Origenes
500 4296 635 4365 (54).
674 4293 800 4348 Vide
830 4292 989 4359 ibid.,
1027 4291 1121 4346 sub
1154 4306 1300 4344 num.
1331 4288 1448 4357 ιγ.)

1767 475 1909 529 nuit.

1837 568 1894 636 2)
1926 566 2049 621 Non
2091 565 2275 621 minus
2310 563 2638 623 testimoniis
2660 571 2905 620 veterum
2935 562 3156 634 probari
3177 569 3356 631 potest

1764 658 2031 731 lgnatium
2070 658 2255 726 plures
2283 672 2543 711 exarasse
2571 656 2854 725 epistolas.

1834 754 1886 821 a)
1907 750 1982 806 De
2002 750 2247 820 epistolis
2263 748 2450 818 lgnatii
2468 749 2678 817 primus
2690 748 3032 819 Polyearpus
3052 746 3167 815 (57)
3186 743 3351 798 verba

1762 842 1893 898 facit
1954 862 1967 897 :
2020 836 2130 905 Τὰς
2184 839 2473 902 ἐπιστολὰς
2513 838 2795 908 ’1γνατίου,
2848 840 2945 901 τὰς
3008 836 3351 907 πεμφθείσας

1760 937 1892 1005 ἡμῖν
1928 934 2019 986 ὑπ’
2050 932 2236 997 αὑτοῦ,
2273 932 2364 984 καὶ
2397 930 2581 997 ἄλλας,
2617 932 2747 994 ὅσας
2781 930 2998 1001 εἴχομεν
3031 931 3162 1002 παρ’
3191 933 3346 1001 ἡμῖν,

1758 1027 2081 1098 ἐπέμψαμεν
2150 1026 2306 1096 ὑμῖν,
2372 1023 2554 1087 καθὼς
2635 1022 3079 1077 ὲνετείλασοεο...
3150 1025 3209 1091 ἐξ
3271 1017 3348 1076 ὧν

1761 1119 1970 1191 μεγάλα
1992 1118 2337 1190 ὠφεληθῆναι
2363 1117 2677 1189 δυνήσεσθε.
2700 1117 3019 1189 Περιὲχουσι
3039 1118 3145 1188 γὰρ
3166 1118 3349 1171 πίστιν

1757 1212 1850 1264 καὶ
1884 1212 2161 1282 ὑπομονὴν
2194 1213 2289 1265 καὶ
2322 1212 2505 1265 πᾶσαν
2538 1211 2847 1282 οἰκοδομὴν,
2884 1212 2982 1283 τὴν
3016 1212 3095 1274 εἰς
3129 1212 3219 1264 τὸν
3234 1209 3348 1264 Κύ-

1757 1317 1871 1373 ριον
1904 1300 2062 1372 ἡμῶν
2094 1301 2422 1371 ἀνήκουσαν.
2447 1298 2553 1366 Qui
2594 1300 2760 1370 igitur
2781 1300 3043 1370 epistolas
3069 1299 3259 1369 Ignatii
3290 1300 3346 1355 in

1754 1393 1981 1448 dubium
2035 1407 2231 1447 vocare
2271 1393 2457 1457 velint,
2498 1391 2785 1463 Polycarpi
2816 1408 3040 1462 quoque
3070 1391 3340 1461 epistolze,

1753 1493 2027 1555 praeeunte
2079 1483 2299 1547 Dallwo,
2354 1484 2558 1540 bellum
2616 1485 2862 1540 indicant
2911 1493 3147 1553 oportet,
3194 1484 3342 1552 quod

1751 1576 2011 1633 Baurium
2046 1578 2224 1633 latuit.
2257 1577 2362 1632 Sed
2391 1579 2517 1649 quis
2562 1587 2667 1645 est,
2714 1580 2807 1649 qui
2859 1588 3010 1648 putet
3061 1578 3341 1633 falsarium

1751 1672 2043 1741 quemdam
2066 1686 2133 1726 eo
2156 1671 2481 1728 temeritatis
2504 1686 2627 1726 esse
2654 1687 3029 1742 progressum,
3048 1682 3107 1724 ut
3128 1670 3343 1725 vivente

1677 1746 1721 1802 Β
1750 1765 1933 1821 adhuc
1974 1774 2164 1820 sancto
2193 1764 2625 1835 Polycarpo(58)
2655 1780 2763 1819 non
2796 1764 2976 1819 solum
3012 1762 3193 1816 amico
3222 1760 3344 1831 ejus

1748 1855 1978 1927 lgnatio,
2033 1858 2129 1912 sed
2183 1866 2239 1912 et
2283 1858 2388 1927 ipsi
2428 1856 2736 1929 Polycarpo
2794 1856 2965 1913 falsas
3012 1860 3344 1927 supponeret

1746 1948 2047 2017 epistolas?
2074 1948 2211 2015 Quis
2247 1950 2459 2017 credat,

1816 2042 1873 2111 b)
1902 2041 2171 2097 Irenaeum
2224 2059 2469 2114 quoque,
2503 2042 2791 2117 Polycarpi
2851 2044 3206 2113 discipulum,
3239 2046 3342 2101 du-

1744 2133 1940 2202 plicem
1967 2136 2114 2191 hunc
2132 2136 2320 2192 dolum
2352 2152 2463 2191 non
2494 2138 2877 2207 perspexisse?
2894 2136 3132 2194 lrenaeus
3157 2149 3338 2192 autem

1742 2225 1991 2295 epistolis
2011 2238 2065 2282 et
2087 2226 2284 2298 lgnatii
2312 2238 2367 2284 et
2392 2227 2679 2299 Polycarpi
2708 2228 3083 2283 testimonium
3115 2230 3335 2298 praebet.

1809 2321 1866 2391 α)
1900 2318 2059 2386 Quod
2084 2321 2467 2377 testimonium
2515 2321 2584 2375 de
2631 2320 2862 2390 epistola
2907 2320 3095 2390 lgnatii
3128 2322 3194 2375 ad
3230 2321 3339 2375 Ro-

1884 2428 2085 2468 manos
2172 2412 2389 2479 attinet,
2466 2412 2591 2467 vide
2669 2412 2983 2467 testimonia
3068 2424 3337 2481 veterum,

1878 2502 1982 2557 sub
2011 2519 2167 2558 num.
2196 2502 2261 2559 ll.

1812 2592 1865 2664 β)
1890 2593 1964 2649 De
1994 2596 2224 2665 epistola
2245 2605 2430 2652 autem
2448 2594 2734 2668 Polycarpi
2767 2597 2834 2653 ad
2857 2596 3237 2667 Philippenses
3264 2598 3337 2652 ita

1877 2688 2099 2743 disserit
2124 2688 2181 2743 S.
2221 2688 2459 2744 lrenaeus
2493 2708 2505 2743 :
2541 2684 2700 2743 Ἔστι
2733 2689 2790 2742 δὲ
2824 2690 2919 2743 καὶ
2949 2690 3203 2760 ἐπιστολὴ
3243 2692 3342 2744 flo—

1732 2778 2013 2850 λυκάρπου
2029 2781 2165 2852 πρὸς
2184 2781 2423 2853 Φιλιππη
2433 2781 2579 2845 cibo;
2593 2783 2973 2853 γεγραμμένη,
2993 2801 3046 2836 κ.
3067 2801 3115 2837 τ.
3130 2784 3180 2839 λ.
3196 2781 3325 2855 (59).

1818 2871 1870 2942 ο)
1902 2871 2152 2927 Tertium
2178 2875 2538 2944 epistolarum
2568 2871 2969 2946 lgnatianarum
3000 2886 3192 2930 testem
3219 2876 3335 2930 Fri-

1729 2964 1945 3019 dericus
1973 2963 2324 3020 Dusterdieck
2350 2965 2653 3020 Luelanum
2684 2968 2910 3022 adhibet
2980 2968 3335 3023 Samosaten-

1736 3056 1983 3124 sem,qui
2010 3056 2064 3109 in
2095 3056 2314 3125 dialogo
2345 3055 2418 3110 De
2440 3066 2608 3111 morte
2636 3055 2912 3127 Peregrini
2938 3058 3128 3128 lgnatii
3157 3059 3331 3111 nostri

1737 3143 2023 3200 historiam
2074 3145 2326 3201 deridere
2386 3146 2629 3201 videtur.
2682 3144 3015 3217 Peregrinus
3044 3149 3096 3219 (ᾗ
3146 3148 3197 3213 1,
3238 3148 3330 3219 42)

1733 3238 1881 3291 enim
1931 3239 2131 3307 saepius
2164 3236 2514 3309 κακοδαίμων
2562 3239 2905 3303 nominatur,
2955 3256 3065 3309 quo
3112 3242 3333 3295 nomine

1734 3327 2003 3399 lgnatium
2031 3345 2251 3399 quoque
2281 3329 2555 3400 Traianus
2599 3332 2810 3387 notavit
2838 3331 2962 3403 (cfr.
3009 3332 3328 3405 Martyrium

1733 3421 1945 3492 lgnatii,
1980 3437 2029 3476 c.
2060 3423 2139 3492 2).
2176 3421 2379 3479 Deinde
2404 3423 2733 3496 Peregrinus
2763 3440 3025 3497 tanquam
3055 3430 3329 3497 episcopus

1733 3512 2062 3567 describitur
2096 3512 2159 3584 (ᾗ
2186 3514 2295 3585 11),
2328 3524 2385 3571 et
2434 3518 2521 3572 his
2550 3518 2734 3573 verbis
2771 3539 2784 3573 :
2820 3522 2878 3572 ὲν
2909 3520 3081 3592 Συρίᾳ
3105 3520 3331 3575 δεθέντα

1733 3602 1788 3676 (δ
1824 3603 1938 3670 18).
1964 3603 2139 3660 Porro
2189 3617 2381 3662 narrat
2417 3608 2697 3665 Lucianus
2738 3610 2792 3681 (§
2840 3612 2951 3681 15),
2979 3612 3328 3668 Christianos

1732 3694 1977 3750 subsidia
2045 3696 2265 3751 misisse
2326 3700 2545 3768 captivo
2596 3716 2699 3755 suo
2766 3700 3082 3771 Peregrina.
3136 3702 3329 3757 Nonne

1730 3803 1861 3843 vero
1896 3788 2077 3845 liaacee
2100 3790 2308 3847 referes
2339 3791 2405 3845 ad
2439 3793 2669 3863 legatos,
2694 3809 2834 3864 quos
2864 3796 3116 3848 Asiatica:
3148 3794 3329 3849 Eccle-

1730 3881 1828 3936 siae
1886 3881 2095 3954 lgnatio
2150 3885 2440 3940 mittebant
2489 3887 2862 3957 gratulatums
2903 3888 3040 3956 (Ign.
3080 3886 3148 3940 ad
3185 3886 3321 3956 Eph.

1730 3988 1783 4028 c.
1834 3974 1887 4038 1,
1936 3975 1992 4041 2,
2028 3976 2095 4030 ad
2148 3974 2328 4046 Magn.
2370 3992 2419 4031 c.
2449 3977 2545 4048 2)?
2577 3976 2801 4033 Summa
2837 3995 2966 4033 vero
3017 3979 3320 4033 acerbitate

1731 4066 2002 4137 lgnatium
2038 4068 2213 4137 carpit
2239 4068 2490 4140 martyrii
2524 4078 2887 4139 appetentem.
2923 4070 3092 4135 Quasi
3134 4086 3323 4123 amen-

1730 4166 1837 4211 tem
1870 4158 2013 4210 enim
2037 4158 2347 4223 κενοδοξίαν
2367 4158 2577 4213 deridet
2606 4160 2844 4213 nobilem
2876 4159 2995 4227 ejus
3028 4157 3323 4224 fervorem,

1729 4255 1784 4302 et
1810 4263 1934 4302 cum
1975 4247 2217 4319 lgnatius
2257 4255 2507 4305 hortatus
2536 4250 2703 4306 fuerit
2735 4253 3029 4314 Ecclesias,
3056 4263 3115 4306 ut
3144 4252 3326 4305 mitte-

1729 4349 1851 4394 rent
1878 4342 2239 4410 gratulatores
2263 4342 2613 4397 Antiochiam
2638 4343 2776 4414 (lgn.
2816 4346 2881 4399 ad
2913 4340 3121 4397 Philad.
3152 4361 3201 4399 c.
3232 4341 3320 4405 ιο,

116 4410 392 4477 l)ltineris
428 4410 665 4465 Romani
716 4408 991 4463 Eusebius
1042 4407 1156 4475 (55)
1194 4419 1415 4475 quoque
1472 4402 1627 4459 testis

116 4513 119 4527 I
178 4504 333 4527 III:J-
360 4506 447 4527 --ΔΞ
478 4521 634 4527 ---_.._
686 4504 777 4527 --.Ι-
812 4518 934 4527 un...
990 4499 1032 4527 ‘7
1064 4502 1079 4527 \

1818 4402 2007 4503 Pdlyc.
2038 4448 2088 4487 c.
2110 4433 2140 4484 7
2160 4432 2327 4503 seq.),
2349 4434 2592 4488 vicissim
2624 4402 3008 4505 deuPeregrino
3039 4435 3180 4503 apud
3210 4402 3321 4488 Lu;

57 4513 143 4557 est.
174 4504 334 4574 (Vide
358 4506 447 4559 ubi
473 4521 656 4573 supra,
681 4504 777 4557 sub
812 4518 957 4555 num.
990 4499 1081 4569 ν.)

117 4619 185 4688 ιιι)
215 4619 395 4690 Magni
429 4616 666 4688 denique
701 4618 962 4687 ponderis
1005 4615 1064 4670 S.
1095 4611 1477 4685 Chrysostomi
1512 4608 1630 4680 (56)

57 4716 125 4759 est
164 4710 403 4775 effatum,
436 4710 838 4764 Antiochenam
912 4708 978 4761 de
1025 4705 1234 4777 lgnatio
1280 4704 1625 4758 Antiocheno

61 4798 376 4854 traditionem
410 4800 727 4855 testificans.
768 4798 924 4868 (Ejus
960 4796 1315 4851 testimonium
1346 4794 1463 4849 vide
1488 4795 1627 4848 inter

61 4887 167 4952 alia,
196 4892 285 4944 sub
320 4909 466 4945 num.
512 4891 610 4960 Χ.)

120 5000 491 5059 Recentiorum
546 5005 859 5060 testimonia
906 5013 1209 5068 taceamus,
1252 5002 1319 5057 de
1366 4999 1616 5053 Romano

63 5085 228 5158 lgnatii
283 5094 477 5149 itinere
526 5095 754 5150 minime
797 5094 1131 5149 dubitantes.
1179 5092 1378 5149 Confer
1432 5097 1617 5145 autem

120 5230 220 5304 (Si)
259 5234 689 5304 Chrysostomus
718 5239 881 5301 (orat.
920 5238 972 5289 in
1004 5236 1061 5291 S.
1095 5236 1295 5304 lgnat.,
1315 5244 1353 5290 t.
1375 5233 1441 5297 ll,
1471 5248 1521 5287 c.
1546 5231 1580 5285 4
1601 5266 1615 5292 ο

62 5301 217 5377 Ρεδθδ
244 5306 329 5358 ed.
367 5296 584 5375 Menti.)
618 5296 790 5372 addit,
811 5296 1621 5376 Trajanum'lgna'tiolongiora

65 5374 456 5447 Itinerisspatia
492 5374 869 5445 preposuisse,
920 5374 979 5430 ut
1005 5389 1057 5431 et
1092 5374 1305 5432 itineris
1333 5387 1385 5430 et
1412 5386 1621 5443 tempo-

62 5442 127 5491 ris
146 5442 469 5512 longitudine
493 5442 607 5500 'viri’
633 5449 997 5503 constantiam
1032 5449 1405 5502 labefactaret.

120 5510 517 5586 (ξὲζὶγβοιοιθικ,
551 5518 618 5570 ad
650 5534 699 5571 c.
735 5520 756 5571 1
790 5518 1045 5586 Epistobe
1071 5521 1128 5572 Β.
1158 5518 1348 5584 lgnatii
1376 5517 1439 5569 ad
1458 5516 1615 5569 Rom.

236 5584 364 5661 ddo.
384 5587 667 5661 htcr.v,28.
686 5580 1076 5661 Apud-Euseb,
1102 5580 1241 5645 Urit.
1264 5588 1413 5656 εστι,
1433 5605 1513 5655 ιιι,
1530 5588 1615 5643 56.

264 5652 460 5729 l_l_otui|.
496 5672 547 5729 vt
608 5657 660 5709 in
698 5650 825 5711 L'uc.

122 5718 223 5793 (55)
264 5722 573 5793 Ηὶδι.ετε1.,
598 5744 676 5795 ιιι,
709 5729 797 5782 56.

1732 4526 1951 4581 cianum
2007 4526 2080 4579 ita
2125 4534 2207 4579 est
2242 4542 2255 4578 :
2286 4525 2424 4577 Φασὶ
2470 4524 2527 4577 δὲ
2571 4525 2775 4589 πάσαις
2845 4523 3030 4595 σχεδὸν
3079 4529 3197 4589 ταῖς
3231 4530 3320 4580 ὲν-

1728 4615 1900 4683 δόξοις
1941 4616 2158 4669 πόλεσιν
2198 4616 2488 4678 ἐπιστολὰς
2514 4616 2820 4686 διαπέμψαι
2846 4618 3077 4671 αὐτὸν...
3114 4618 3208 4671 καί
3242 4636 3322 4671 τι-

1727 4725 1827 4773 νας
1871 4711 1963 4762 ἐπὶ
2010 4708 2186 4777 τούτῳ
2229 4706 2573 4777 πρεσϐευτὰς
2616 4708 2726 4761 τῶν
2766 4709 2997 4780 ἑταίρων
3029 4708 3320 4779 ἐχειροτό-

1727 4818 1901 4869 νησε,
1962 4799 2410 4869 νεκραγγέλους
2471 4800 2562 4851 καὶ
2610 4800 3112 4870 νερτεροδοιςιόμους
3152 4814 3322 4873 προσς

1724 4892 2029 4964 αγορεύσας
2075 4892 2128 4963 (§
2184 4892 2300 4960 41),
2359 4900 2414 4945 at
2476 4908 2698 4947 rursum
2749 4894 2942 4947 audias
2992 4892 3259 4963 lguatiutn
3301 4910 3315 4947 :

1724 4985 2831 5058 πρέπει-χειροτονῆσαιυθεοπρεσϐύτην
2860 4986 3100 5057 (Smyrn.
3125 5002 3173 5040 c.
3205 4985 3315 5055 11),

1726 5077 2257 5151 ΘεόδρομοςΚΡοΙγο.
2291 5095 2341 5134 c.
2370 5078 2400 5131 7
2429 5079 2565 5149 (60).

1763 5220 2149 5347 d(5g)ugontil.
2187 5223 2239 5276 in
2268 5221 2325 5276 S.
2365 5221 2564 5293 Ignat.,
2589 5239 2653 5278 ιι.
2678 5220 2730 5278 5.
2761 5219 2894 5292 Opp.
2944 5228 2980 5277 t.
3012 5213 3075 5286 ll,
3104 5236 3157 5289 p.
3186 5218 3313 5283 599,

1729 5308 1816 5348 eo.
1858 5308 2007 5345 num.
3252 5337 3259 5347 α

1800 5362 1919 5429 (5'7)
1950 5361 2135 5432 Polyc.
2154 5362 2253 5431 Ep.
2284 5363 2351 5416 ad
2375 5361 2635 5431 Philipp,
2660 5378 2711 5416 e.
2738 5361 2823 5414 15.

1797 5428 1911 5501 (58)
1945 5428 2135 5487 Mediis
2188 5428 2332 5486 enim
2384 5428 2594 5486 5100le
2641 5432 3000 5499 temporibus,
3044 5445 3175 5499 ergo
3233 5428 3313 5483 vi.

1734 5512 1893 5557 vente
1937 5503 2115 5556 adhuc
2149 5502 2206 5555 S.
2264 5501 2588 5572 Polycarpo,
2622 5502 2879 5571 epistolas
2925 5510 3141 5554 nostras
3176 5516 3313 5554 con-

1728 5574 1898 5629 fectas
1933 5588 2055 5626 esse
2081 5572 2315 5625 Baurius
2341 5573 2642 5625 contendit.
2681 5573 2793 5625 Cfr.
2825 5589 2987 5641 supra
3018 5572 3043 5641 ξ
3074 5589 3143 5623 tv.
3272 5620 3313 5641 ν,

1802 5644 1911 5713 (ἴίξι)
1939 5643 2069 5713 Adv.
2094 5644 2222 5695 liter.
2241 5660 2318 5704 Ill,
2338 5642 2549 5709 δάκνω)
2570 5640 3109 5709 Εις-ςνιι.,11ιδι.ιιτιυι.,
3131 5657 3202 5706 ιν,
3224 5640 3308 5694 14.

1802 5712 2320 5789 (tibiliustcrdicck,
2361 5713 2397 5767 l.
2433 5727 2507 5778 c.,
2538 5728 2587 5783 [ι.
2618 5714 2703 5767 18.
