3746 6304
371 252 476 309 635

1338 246 1579 302 SANCTI
1616 245 1871 303 IGNATII
1922 244 2283 303 EPISTOLZE
2318 240 2671 299 GENUINE.

3529 232 3625 285 63-6

441 371 500 438 d)
528 369 699 425 Paulo
730 380 850 439 post
877 368 1136 424 Irenzeum
1169 365 1429 438 Origenes
1458 368 1571 438 (61)
1612 370 1677 423 tle
1708 369 1951 437 epistolis
1982 375 2027 429 Α
2057 367 2227 422 fuisse
2266 381 2332 419 ex
2373 367 2394 417 ι
2424 364 2552 418 Cor.
2585 379 2672 429 xv,
2697 357 2858 427 8-10,
2885 357 3171 429 EphCSJII,
3194 355 3249 421 8,
3275 362 3332 408 et
3362 354 3381 406 1
3410 350 3561 405 Tim.
3592 368 3625 409 ι,

375 461 566 530 Ignatii
598 461 759 514 verba
792 460 936 515 fecit.

446 552 503 623 α)
543 551 762 605 Memini
820 552 1048 615 aliquem
1080 564 1385 606 sanctorum
1425 551 1646 617 dixisse,
1683 550 1953 621 Ignatium

520 647 745 707 nomine,
771 646 835 697 de
865 645 1075 699 Christo
1107 660 1125 697 :
1164 664 1181 695 ι
1216 644 1363 697 Meus
1393 652 1567 696 autem
1598 660 1748 696 amor
1779 644 1954 696 cruci-

520 737 659 803 ﬁxus
698 742 832 789 est.»
868 736 944 790 Ex
979 735 1077 805 Ep.
1107 734 1300 805 Ignatii
1338 735 1403 787 ad
1438 734 1595 788 Rom.
1631 751 1680 787 c.
1715 733 1765 787 7.

451 827 504 896 β)
538 826 848 882 Secundum
903 827 1155 897 Origenis
1189 825 1562 879 testimonium
1601 824 1723 878 vide
1767 839 1954 894 supra,

521 918 627 973 col.
657 918 711 972 9.

454 1008 507 1077 e)
534 1008 815 1081 Addamus
839 1010 986 1064 hisce
1014 1008 1244 1062 testibus
1270 1004 1561 1060 Eusebium
1581 1004 1716 1075 (62),
1733 1006 1825 1074 qui
1852 1021 1956 1060 non

382 1101 557 1153 solum
603 1102 670 1155 de
714 1101 965 1155 Romano
995 1101 1185 1170 Ignatii
1224 1102 1416 1155 itinere
1446 1100 1537 1155 sed
1573 1109 1627 1153 et
1660 1100 1725 1152 de
1755 1107 1959 1166 septem

381 1193 501 1261 ejus
540 1194 785 1261 epistolis
810 1195 1131 1248 nominatim
1167 1196 1298 1264 agit,
1349 1192 1591 1263 singulas
1642 1190 1831 1260 paucis
1867 1190 1963 1243 de-

382 1285 649 1347 scribens,
678 1301 739 1338 ex
766 1286 1010 1353 epistolis
1031 1302 1157 1340 vero
1193 1286 1256 1339 ad
1289 1285 1447 1339 Rom.
1467 1300 1515 1338 c.
1536 1285 1637 1338 Set
1654 1284 1715 1335 ad
1742 1281 1959 1352 Smyrn.

383 1389 433 1428 e.
468 1376 501 1427 5
533 1376 763 1443 plurima
799 1376 1147 1443 depromens.
1174 1374 1415 1440 (Eusebii
1462 1376 1813 1427 testimonium
1851 1371 1963 1423 uide

383 1479 566 1533 supra,
599 1466 697 1517 col.
734 1466 820 1528 11,
845 1467 946 1519 sub
974 1482 1127 1519 num.
1166 1464 1255 1533 V.)

459 1554 497 1623 f)
531 1556 861 1610 Athanasius
903 1558 1015 1625 (65)
1080 1573 1300 1626 quoque
1369 1555 1664 1626 Ignatianis
1720 1552 1965 1623 epistolis

389 1648 763 1702 testimonium
801 1648 1049 1719 perhibet
1075 1651 1280 1716 (supra,
1304 1646 1403 1699 col.
1435 1646 1520 1709 15,
1550 1662 1697 1698 num.
1727 1644 1839 1713 VI).
1894 1702 1898 1705 γ
1928 1653 1949 1689 7

460 1737 513 1807 g)
551 1715 1212 1807 DeniqueHieronymum
1244 1738 1380 1807 (64),
1413 1737 1505 1805 qui
1540 1752 1646 1788 non
1673 1734 1777 1788 nisi
1808 1735 1970 1788 verba
2000 1715 2045 1774 Β

390 1827 609 1883 Eusebii
638 1830 918 1898 repetiissc
948 1829 1183 1895 videtur,
1204 1829 1491 1883 audiamus
1523 1846 1537 1881 :
1576 1826 1837 1896 Ignalius,
1867 1827 1975 1879 Au-

392 1921 656 1977 tiocliena:
680 1920 924 1977 Ecclesia:
952 1925 1135 1977 tertius
1164 1932 1279 1993 post
1312 1920 1528 1975 Petrum
1555 1919 1847 1989 apostolum
1867 1918 1976 1985 epi-

388 2024 718 2081 scopus,ete.
754 2015 999 2084 (Reliqua
1024 2016 1143 2069 vide
1167 2030 1331 2084 supra
1355 2014 1472 2084 {coL
1507 2012 1601 2078 16;
1649 2028 1800 2065 num.
1838 2010 1971 2082 VII).

465 2104 835 2160 Postcriornm
887 2107 1107 2161 Patrum
1159 2107 1494 2169 testimonia,
1524 2106 1664 2158 inter
1692 2121 1753 2158 ea
1788 2105 1975 2158 decem

389 2195 699 2249 testimonia
751 2196 1100 2263 Theodoreti,
1131 2196 1269 2265 apud
1297 2194 1639 2249 Gallandium
1667 2203 1721 2247 et
1758 2193 1976 2247 Cotele-

390 2285 533 2337 rium
588 2295 840 2355 congesta
913 2286 1191 2349 invenies,
1229 2284 1387 2338 initio
1447 2283 1610 2352 hujus
1657 2282 1972 2337 voluminis.

392 2373 550 2428 Ean,
585 2366 823 2426 Pnuoc.

463 2466 521 2535 5)
562 2465 791 2521 Bauritts
845 2468 1125 2522 contendit
1173 2468 1440 2537 [gnatiqu
1504 2468 1651 2521 onmi
1702 2466 1863 2520 modo
1923 2465 1974 2518 in

392 2557 480 2611 bis
511 2558 723 2623 litteris,
750 2568 863 2612 tum
898 2560 1046 2628 justo
1076 2559 1353 2614 fervidiori
1380 2558 1658 2615 desiderio
1706 2560 1975 2630 martyrii,

392 2657 511 2702 tum
547 2650 751 2703 absona
791 2651 1120 2706 humilitatis
1150 2659 1203 2705 et
1236 2652 1514 2705 modestia:
1538 2668 1660 2706 cum
1682 2652 1978 2721 iactatione

392 2747 448 2793 et
473 2739 727 2808 superbia
758 2739 1145 2809 conjunctione
1173 2755 1231 2793 se
1258 2740 1419 2793 talem
1459 2739 1721 2808 praebere,
1754 2748 1813 2793 ut
1842 2754 1977 2808 apo-

393 2833 573 2887 stolici
606 2832 710 2886 viri
745 2833 971 2903 vestigia
1000 2834 1192 2888 nullibi
1220 2834 1463 2904 detegas,
1490 2834 1670 2889 fictam
1702 2850 1832 2889 vero
1855 2850 1978 2904 per-

394 2939 586 2980 sonam
617 2924 775 2980 facile
801 2926 1064 2995 reperias.

535 3015 738 3071 Verum

466 3110 521 3179 a)
556 3109 858 3181 Singularis
877 3112 1044 3166 animi
1068 3112 1222 3167 calor
1245 3118 1300 3167 et
1327 3112 1642 3177 commotio,
1667 3112 1974 3168 iuaﬂ'ectala

394 3211 451 3256 et
476 3204 659 3256 nativa
696 3218 755 3257 se
785 3204 1060 3273 praebendi
1087 3205 1229 3258 ratio
1260 3205 1571 3259 omnimoda
1599 3204 1890 3259 sinceritas
1925 3212 1978 3258 et

396 3293 741 3361 simplicitas,
791 3296 1114 3361 scriptorem
1160 3310 1223 3347 ex
1255 3294 1449 3347 intimo
1488 3294 1652 3348 corde
1687 3294 1849 3347 verba
1878 3308 1977 3347 sua

397 3382 791 3451 proferentem,
822 3399 929 3436 non
966 3383 1245 3437 falsarium
1278 3384 1511 3452 produnt
1544 3383 1676 3453 (65).
1709 3382 1763 3434 In
1791 3382 1981 3450 primis

396 3489 558 3528 nemo
590 3473 844 3529 falsarius
860 3475 1178 3543 praeclarum
1217 3474 1347 3527 illud
1372 3490 1490 3543 cap.
1521 3475 1553 3526 4
1586 3474 1651 3527 ad
1678 3474 1984 3527 Trallianos

396 3566 728 3635 scripsisset,
756 3567 846 3620 ubi
876 3567 1119 3637 lgnatius
1153 3576 1335 3635 aperte
1371 3575 1621 3631 testatur,
1650 3574 1985 3635 quantopere

398 3657 526 3725 ipsi,
579 3658 645 3712 ad
705 3673 963 3711 coronam
1014 3658 1259 3727 martyrii
1328 3657 1673 3725 properanti,
1731 3656 1985 3723 superbia

396 3749 645 3818 quaedam
690 3750 763 3803 sit
798 3751 1126 3819 periculosa.
1160 3752 1218 3802 In
1256 3749 1533 3804 fervidiori
1559 3751 1705 3804 enim
1737 3750 1985 3821 martyrii

396 3840 671 3895 desiderio
698 3839 950 3896 falsarius
982 3842 1208 3911 gloriam
1242 3842 1424 3896 herois
1453 3843 1538 3896 sui
1566 3841 1859 3911 posuisset.

474 3932 531 4001 b)
569 3932 774 3986 Revera
803 3934 1028 3986 minime
1072 3932 1234 3986 nobis
1273 3933 1472 3986 mirqu
1498 3932 1734 3999 videtur,
1760 3932 1804 3987 si
1834 3934 1991 4003 lgna-

399 4024 533 4087 tius,
566 4038 829 4077 coronam
872 4024 1121 4094 martyrii
1158 4033 1503 4092 exspectans,
1529 4025 1718 4078 eadem
1752 4025 1859 4090 via,
1884 4041 1989 4094 qua

399 4116 628 4178 Paulus,
657 4115 887 4170 Romam
934 4118 1156 4182 ductus,
1186 4134 1215 4172 a
1265 4117 1528 4172 fratribus
1571 4118 1731 4186 longe
1775 4118 1990 4185 lateque

404 4207 679 4263 salutatus
741 4208 1107 4277 laudibusque
1165 4217 1414 4272 ornatus,
1471 4207 1788 4276 fervidoque
1861 4224 1989 4276 erga

400 4299 681 4353 Christum
710 4315 898 4355 amore
937 4301 1193 4370 flagrans,
1227 4300 1536 4354 vehementi
1574 4301 1812 4369 quodam
1847 4316 1993 4353 mar-

403 4393 528 4463 tyrii
558 4393 835 4447 desiderio
867 4394 1087 4447 ardebat
1122 4394 1258 4463 (66).

470 4487 524 4551 c)
552 4485 828 4540 Absonam
873 4486 1234 4540 humilitatem
1264 4486 1493 4541 Baurius
1522 4486 1575 4540 in
1619 4486 1685 4541 iis
1718 4485 1850 4541 locis
1889 4484 1983 4539 de-

402 4578 603 4633 texisse
659 4587 835 4648 putat,
870 4579 961 4633 ubi
1012 4578 1256 4648 Ignatius
1306 4595 1363 4633 se
1409 4580 1585 4647 ipsum
1619 4579 1897 4631 minimum
1933 4586 1988 4631 et

404 4668 677 4739 indignum
731 4672 1006 4740 praedicat,
1037 4682 1090 4725 et
1142 4688 1267 4724 cum
1321 4672 1571 4727 diaconis
1613 4680 1844 4735 tantum,
1877 4686 1983 4723 non

405 4776 532 4814 cum
565 4761 840 4829 episcopis
871 4776 928 4814 se
958 4770 1271 4829 comparat;
1305 4777 1354 4814 e.
1386 4778 1438 4829 g.
1471 4761 1537 4814 ad
1572 4760 1790 4829 Smyrn.
1832 4775 1881 4812 c.
1924 4759 1979 4811 II

404 4861 461 4906 et
490 4850 583 4916 12;
613 4851 679 4905 ad
710 4851 867 4906 Rom.
904 4868 952 4905 c.
990 4853 1021 4905 4
1054 4863 1103 4905 et
1127 4854 1191 4914 Ως
1222 4853 1287 4905 ad
1322 4852 1519 4919 Ephes.
1565 4866 1615 4905 c.
1646 4852 1678 4905 8
1710 4862 1763 4905 et
1792 4851 1887 4915 18;
1920 4852 1986 4903 ad

403 4942 578 4998 Trall.
611 4959 661 4998 c.
696 4945 784 5009 15,
819 4943 886 4996 ad
932 4942 1145 4996 Philad.
1177 4960 1225 4997 e.
1264 4943 1326 5007 4;
1356 4945 1423 4997 ad
1473 4943 1651 5012 Magn.
1694 4960 1743 4997 c.
1781 4944 1837 4996 9...
1882 4942 1986 4997 Sed

404 5038 657 5094 eamdem
701 5036 1065 5091 humilitatem
1103 5036 1229 5090 divo
1263 5053 1481 5106 quoque
1512 5036 1684 5091 Paulo
1715 5037 1989 5106 propriam

501 5240 591 5305 61)
616 5238 832 5310 Prolog.
855 5239 909 5293 in
942 5238 1099 5293 Cant.
1132 5238 1389 5292 canticor.

501 5312 591 5375 62)
622 5311 762 5365 Hist.
788 5309 940 5373 ἐσσι,
972 5325 1054 5373 ιιι,
1077 5309 1166 5363 51.

504 5382 593 5445 65)
630 5382 703 5434 De
729 5398 846 5449 syn.
884 5381 1053 5433 Arim.
1077 5390 1126 5432 et
1158 5376 1383 5443 Sulcum,
1417 5396 1473 5434 n.
1505 5379 1574 5433 47

480 5382 593 5515 (65)
630 5382 703 5434 De
729 5398 846 5449 syn.
884 5382 1053 5433 Arim.
1077 5390 1126 5432 et
1158 5382 1383 5443 Sulcum,

506 5450 597 5512 64)
630 5451 806 5505 Catal.
838 5452 1024 5519 script;
1056 5449 1206 5513 eccl.,
1235 5466 1283 5503 c.
1318 5450 1403 5502 I6.

480 5520 594 5589 (65)
615 5521 726 5575 Cir.
762 5518 956 5584 Rothe,
978 5521 1125 5587 Anf.,
1143 5530 1271 5577 etc.,
1292 5535 1343 5579 ι).
1365 5519 1466 5572 718
1483 5534 1603 5588 sqq.
1626 5518 1850 5585 lluther,
1869 5520 1905 5574 I.
1930 5534 1977 5572 (τε

483 5590 596 5653 (66)
618 5589 731 5644 Cir.
767 5590 961 5655 Rothe,
987 5591 1022 5642 I.
1049 5607 1122 5651 c.,
1157 5606 1209 5656 p.
1240 5590 1361 5641 722.

486 5658 599 5711 t6'll
625 5660 737 5713 Cfr.
775 5660 971 5725 Rothe,
1010 5662 1044 5712 I.
1083 5677 1156 5723 c.,
1185 5675 1236 5728 p.
1269 5660 1393 5724 718,
1427 5670 1537 5713 not.
1569 5659 1633 5723 εἰ.⁴

2055 457 2220 512 12-Ιὸ
2252 456 2568 524 perspicies.

2124 550 2181 620 d)
2211 548 2443 603 laetatio
2472 556 2526 601 et
2553 544 2827 615 superbia,
2853 541 3153 613 apostolico
3183 538 3305 593 viro
3350 534 3629 595 indecora,

2056 641 2111 695 in
2148 640 2473 711 cognomine
2507 637 2802 706 Θεοφόρος
2831 634 3062 689 inveniri
3092 647 3203 687 non
3232 636 3436 700 potest.
3476 625 3633 678 Tem-

2057 733 2281 804 poribus
2331 732 2477 786 enim
2534 730 2852 800 apostolicis
2902 728 3087 797 plures
3143 724 3388 779 fidelium
3434 719 3635 773 talibus

2060 824 2376 877 houorilicis
2427 822 2742 876 nominibus
2790 819 2893 889 ipsi
2929 827 3059 873 sunt
3098 816 3207 881 usi,
3236 825 3297 869 ut
3329 814 3390 866 Β,
3420 811 3634 873 Petrus,

2059 913 2357 979 Barnabas,
2385 913 2653 968 Barsabas
2672 911 2860 965 Justus
2886 919 2940 965 et
2959 910 3070 964 alii.
3095 908 3364 962 Praeterea
3397 903 3462 958 S.
3490 904 3639 970 lgna-

2060 1004 2169 1058 tius
2204 1020 2310 1058 non
2342 1003 2716 1058 immodestior
2737 1012 2819 1057 est
2847 1003 3004 1057 beato
3032 999 3199 1054 Paulo
3227 1001 3295 1056 (II
3329 995 3467 1050 Cor.
3499 1010 3555 1057 ι,
3591 994 3638 1045 1.

2066 1096 2150 1161 11;
2178 1112 2230 1157 v,
2258 1095 2344 1160 11,
2376 1093 2563 1148 21-23.
2600 1094 2717 1149 Gal.
2746 1110 2805 1153 ιι,
2842 1094 2927 1158 11,
2968 1092 3077 1162 Ii),
3108 1106 3270 1160 quem
3308 1103 3413 1141 nec
3452 1100 3640 1140 censor

2062 1190 2363 1243 acerrimus
2393 1190 2462 1243 ob
2490 1204 2609 1243 eam
2650 1204 2763 1242 rem
2793 1188 2974 1257 ﬁctam
3023 1201 3318 1255 personam
3353 1180 3640 1237 nominare

2063 1280 2211 1333 velit.

2134 1369 2189 1441 4)
2221 1370 2498 1425 Falsarius
2532 1371 2584 1423 in
2619 1370 3055 1440 Pseudo—lgnatio
3114 1382 3215 1423 suo
3248 1364 3567 1421 excolenan
3601 1373 3647 1415 et

2066 1465 2500 1518 commendando
2528 1466 2617 1519 vix
2645 1466 2995 1536 neglexisset.
3014 1464 3081 1517 de
3111 1459 3443 1515 necessitate
3462 1455 3647 1526 Ignatii

2068 1570 2191 1607 cum
2230 1554 2442 1609 Joanne
2490 1557 2737 1626 apostolo
2772 1556 2933 1610 verba
2968 1554 3166 1607 facere.
3214 1550 3323 1605 Sed
3368 1549 3570 1603 nullibi
3604 1550 3648 1601 iu

2069 1646 2316 1715 epistolis
2340 1649 2546 1702 nostris
2576 1649 2701 1702 talia
2726 1648 2963 1716 reperies
2990 1646 3123 1712 (67).

2145 1739 2198 1805 5)
2228 1739 2331 1804 Qui
2360 1740 2411 1792 in
2446 1738 2685 1793 favorem
2727 1739 3081 1808 explananda:
3121 1734 3488 1804 episcopatus
3536 1732 3653 1783 idem

2078 1827 2176 1882 has
2227 1830 2488 1899 epistolas
2529 1830 2807 1887 confectas
2862 1839 2915 1885 et
2956 1829 3215 1883 confictas
3271 1839 3402 1878 esse
3445 1832 3653 1891 putant.

2075 1920 2359 1989 epistolam
2406 1923 2602 1992 Ignatii
2656 1924 2721 1977 ad
2784 1923 3062 1976 Romanos
3108 1918 3297 1973 nonin
3364 1916 3656 1970 consilium

2074 2022 2301 2078 vocant,
2340 2014 2393 2068 in
2444 2031 2548 2083 qua
2616 2016 2763 2069 nulla
2815 2014 3159 2083 episcopatus
3187 2013 3249 2066 ﬁt
3287 2008 3656 2075 mentio(68_l.

2076 2102 2353 2159 Falsarius
2396 2107 2603 2175 utique,
2644 2106 2829 2159 Roma).
2872 2122 2968 2159 sua
3040 2104 3269 2174 ﬁngens,
3300 2104 3374 2157 de
3422 2101 3661 2155 Romano

2077 2209 2296 2264 quoque
2328 2196 2648 2266 episcopatu
2686 2197 2848 2250 verba
2882 2196 3122 2251 fecisset.
3158 2194 3489 2248 Notandum
3525 2208 3660 2245 remo

2078 2298 2361 2343 auctorem
2416 2289 2772 2358 epistularum
2814 2303 2921 2341 non
2969 2288 3020 2341 id
3051 2287 3104 2339 in
3145 2285 3347 2356 primis
3375 2284 3583 2352 egisse,
3613 2290 3663 2332 ut

1986 2416 1989 2419 λ
2078 2376 2439 2431 hierarchiam
2506 2377 2932 2431 ecclesiasticam
2996 2383 3050 2430 et
3106 2373 3511 2439 obedientiam,
3540 2381 3660 2428 etc..

2077 2481 2207 2537 erga
2264 2468 2553 2536 episcopos
2606 2467 3032 2521 commendaret.
3083 2464 3253 2518 Multo
3297 2465 3452 2517 enim
3503 2464 3665 2530 magis

2079 2575 2225 2614 cura:
2259 2560 2307 2612 ei
2351 2558 2471 2623 fuit,
2506 2568 2564 2612 ut
2595 2559 2777 2613 fideles
2815 2574 2844 2613 a
2884 2572 3090 2612 veneno
3113 2556 3533 2625 judaizantium
3574 2553 3667 2607 Do-

2078 2662 2323 2705 cetarum
2364 2650 2766 2704 dehortaretur.
2802 2649 2882 2703 Ad
2936 2646 3249 2702 evitandam
3296 2646 3506 2700 deinde
3538 2645 3669 2698 hanc

2079 2743 2458 2813 contagionem
2500 2743 2679 2795 unitas
2705 2739 3075 2795 ecclesiastica
3107 2748 3163 2793 et
3193 2738 3523 2795 arctissima
3553 2751 3670 2791 cum

2079 2836 2335 2906 episcopo
2367 2834 2683 2903 conjunctio
2712 2833 3020 2904 postulatur
3043 2832 3177 2902 (69).

2153 2927 2209 2997 6)
2238 2927 2478 2981 llaereses
2498 2942 2634 2995 quas
2662 2927 2853 2980 beatus
2874 2926 3112 2996 Ignatius
3145 2922 3500 2993 perstringit,
3528 2922 3668 2976 clare

2078 3018 2478 3081 demonstrant,
2532 3017 2792 3087 epistolas
2834 3019 2953 3085 ejus
2988 3015 3191 3085 primis
3219 3016 3415 3069 saeculi
3449 3012 3671 3068 secundi

2082 3112 2419 3181 temporibus
2467 3126 2589 3166 esse
2639 3110 3009 3167 ascribcndas.
3039 3110 3157 3164 Duo
3196 3109 3421 3165 diversa
3452 3106 3671 3163 haereti-

2079 3220 2267 3259 corum
2321 3218 2518 3274 gencra
2557 3202 2810 3273 (Docetas
2854 3213 2906 3257 et
2950 3201 3326 3263 Judaizantes,
3354 3202 3425 3254 ab
3474 3201 3677 3266 lgnatio

2080 3297 2388 3365 impugnari
2431 3297 2676 3366 plerique
2705 3296 3072 3350 crediderunt.
3107 3292 3397 3347 llutherus
3421 3292 3543 3359 (ΤΟ)
3584 3308 3673 3345 au-

2081 3396 2187 3442 tem
2218 3388 2355 3442 bene
2396 3388 2601 3452 docuit,
2635 3388 2896 3457 Iguatium
2944 3403 3049 3440 non
3086 3386 3187 3439 nisi
3216 3386 3272 3437 in
3308 3400 3478 3435 unum
3512 3397 3678 3450 genus

2083 3479 2496 3545 btereticorum,
2545 3478 2941 3548 judaizantium
2981 3479 3105 3532 dico
3155 3476 3533 3535 Docetarum,
3579 3475 3677 3526 tela

2085 3572 2321 3626 acuisse.
2368 3571 2564 3625 Beatus
2614 3571 2758 3624 enim
2815 3570 3000 3638 Pater,
3057 3570 3102 3624 si
3151 3576 3345 3623 contra
3394 3566 3678 3621 Judaistas

2086 3680 2303 3733 quoque
2324 3664 2547 3733 proprio
2576 3678 2738 3718 sensu
2766 3672 3081 3733 pugnasset,
3105 3662 3315 3730 absque
3336 3662 3497 3714 omni
3521 3660 3682 3713 dubio

2087 3756 2247 3811 etiam
2274 3756 2339 3811 de
2369 3755 2788 3811 circumcisione
2822 3756 2985 3810 verba
3018 3754 3252 3819 fecisset,
3290 3754 3445 3823 quod
3493 3753 3680 3805 nullibi

2089 3849 2143 3903 in
2197 3848 2442 3917 epistolis
2488 3848 2608 3914 ejus
2655 3847 2945 3917 reperitur.
2994 3845 3277 3915 Ejusmodi
3326 3846 3507 3915 igitur
3555 3844 3681 3913 legis

2090 3941 2333 3995 fautores
2384 3939 2608 4009 intelligi
2657 3937 2853 4007 jubent
2898 3936 3177 3992 llutherus
3216 3945 3273 3990 et
3321 3933 3681 3989 Dusterdieck

2093 4034 2243 4087 illum
2290 4047 2545 4102 sequens,
2574 4032 2765 4101 quales
2798 4030 3011 4084 Coloss.
3061 4046 3122 4093 ιι,
3158 4027 3222 4081 16
3254 4044 3382 4097 sqq.
3415 4027 3679 4096 perstrin-

2094 4134 2311 4193 gantur,
2338 4140 2688 4193 quorumque
2718 4120 3204 4191 asccsisjudaismi
3227 4120 3410 4173 instar
3443 4120 3515 4173 sit
3548 4119 3678 4171 visa.

2096 4216 2325 4271 Unicum
2353 4217 2454 4269 hoc
2473 4213 2871 4284 judaizantium
2905 4213 3225 4266 Doeetarum
3252 4226 3430 4280 genus
3460 4210 3679 4263 Duster-

2095 4308 2248 4361 dieck
2276 4307 2336 4375 (Ι.
2380 4322 2453 4371 c.,
2496 4322 2548 4374 p.
2591 4306 2679 4376 55)
2715 4306 2766 4359 in
2798 4305 2936 4360 duas
2967 4302 3201 4357 familias
3234 4301 3531 4372 disiungit,
3568 4318 3679 4354 eas-

2021 4404 2066 4461 ῐ)
2093 4416 2199 4468 que
2219 4416 2248 4453 e
2269 4398 2510 4451 Cerinthi
2544 4398 2827 4452 erroribus
2855 4396 3125 4465 profectas
3148 4394 3403 4447 aﬂirmat.
3441 4395 3682 4461 Utraque

2088 4491 2446 4544 Cerinthiaeze
2475 4490 2744 4544 haereseos
2768 4490 3034 4543 elementa
3068 4485 3355 4539 servabant
3413 4484 3677 4552 Magnesii

2088 4590 2141 4635 et
2166 4580 2666 4650 Philadelphcnses,
2696 4594 2820 4632 cum
2846 4576 3220 4631 Gnosticismo
3242 4590 3337 4628 seu
3368 4573 3681 4627 Docetismo

2089 4673 2273 4726 minus
2285 4670 2850 4732 excultoJudaismum
2867 4669 2987 4737 conj
2998 4683 3170 4736 ungen
3180 4676 3257 4719 tes
3273 4663 3399 4735 (cfr.
3420 4666 3485 4717 ad
3498 4663 3677 4729 Magn.

2088 4768 2189 4831 Cll,
2212 4768 2278 4822 ad
2299 4762 2563 4829 Pbiiad,c.
2586 4762 3090 4833 6),Smyru:eenses
3132 4773 3282 4819 vero,
3325 4754 3590 4824 Ephesini
3620 4769 3676 4805 ac

2091 4853 2372 4920 Tralliani,
2397 4855 2583 4909 Graeca
2604 4834 2947 4922 philosophia
2975 4850 3146 4919 magis
3184 4847 3403 4905 imbuti,
3442 4846 3670 4899 lia-resin

2094 4946 2498 5001 Cerinthiacam
2556 4948 2690 5001 adeo
2743 4945 3166 5015 perpoliverant,
3199 4954 3255 4996 ut
3305 4941 3541 4994 Judaieo
3592 4939 3676 4990 illo

2098 5039 2368 5092 elemento
2400 5036 2608 5101 relicto,
2641 5034 2933 5090 Gnosticas
2962 5036 3139 5087 solum
3171 5031 3481 5101 opiniones,
3510 5029 3675 5099 ipsius

2172 5237 2285 5307 (68)
2326 5236 2440 5292 Cfr.
2471 5234 2701 5301 Μόιιιθτ,
2731 5234 3075 5296 Athanasius,
3103 5241 3143 5285 t.
3180 5229 3219 5296 I,
3252 5247 3306 5300 p.
3347 5230 3435 5283 18.
3520 5297 3535 5307 .
3640 5294 3643 5297 _

2168 5297 2635 5390 Cfr."infra
2683 5297 2916 5376 primam
2961 5312 3207 5358 nostram
3255 5297 3438 5354 notam
3467 5297 3538 5349 ad
3567 5311 3673 5361 epl-

2098 5380 2267 5433 stolas
2290 5378 2503 5499 1%natii.

2168 5449 2282 5519 (70)
2366 5448 2688 5519 etrachtung_
2704 5445 2799 5499 der
2832 5445 3186 5519 u'iclttigsten“
3203 5439 3670 5519 ῌεᾴιημειιωρεψε

2096 5507 2186 5571 die
2212 5507 2481 5571 Aeolii/wit
2529 5517 2621 5570 der
2647 5507 3122 5585 "Ignatiauiscliea
3144 5511 3344 5579 Briefe.
3372 5511 3423 5561 in
3442 5507 3667 5585 _Illgenii

2095 5588 2400 5655 Zeitschrift
2434 5588 2521 5657 [ur
2546 5577 2731 5641 histor.
2763 5584 2964 5649 Theol.,
2988 5593 3027 5638 l.
3054 5581 3144 5648 XI,
3166 5598 3219 5651 p.
3249 5577 3323 5645 Iv,
3356 5594 3406 5648 ι).
3441 5577 3511 5631 5‘2
3549 5587 3662 5641 sqq-
