3754 6206
97 215 180 269 637

1283 230 1343 284 C.
1379 230 1428 286 J.
1464 229 1736 288 HEFELII
1788 234 2179 292 PREFATIO.

3238 245 3343 299 638

97 335 311 391 Cerintbi
339 339 575 395 modum
605 354 951 415 superantes,
973 347 1199 420 jamque
1227 354 1401 423 magis
1422 356 1488 409 ad
1515 371 1667 409 seve-
1695 367 1738 420 Α
1773 359 2011 428 writing;
2044 359 2106 427 of
2124 357 2340 412 Severus
2364 360 2427 428 of
2438 359 2684 426 Antioch,
2720 361 3022 416 Timotheus
3039 363 3092 424 ot
3111 360 3343 415 Alexan-

94 428 266 482 riorem
293 434 680 490 recentiorum
700 436 1084 497 Gnosticorum
1107 441 1474 500 Docetismum
1502 465 1663 503 acce—

91 519 271 585 dentes,
313 519 538 579 ferrent
598 526 977 601 foverentque,
1010 548 1120 602 quo
1154 534 1380 603 factum,
1415 550 1475 592 ut
1520 541 1669 609 lgna-

90 611 180 666 tius
222 611 273 666 in
318 615 587 682 epistolis
617 620 685 675 ad
715 620 1012 691 Ephesios,
1048 623 1383 697 Smyrnzeos,
1411 629 1667 703 Polycar-

89 718 195 772 pum
242 713 295 760 et
348 706 681 767 Trallianos
723 712 1094 771 Docetismum
1142 720 1323 774 solum
1379 723 1667 795 impugna-

88 797 222 851 verit.
248 796 565 859 Ilaareticos
620 816 803 862 autem
842 810 963 865 illos
1010 829 1119 867 non
1154 829 1184 868 e
1230 830 1460 870 numero
1492 827 1666 886 postc-

87 889 261 942 riorum
325 891 733 954 Gnosticorum
802 900 1002 967 fuisse,
1064 905 1158 975 qui
1218 907 1415 963 mediis
1478 908 1663 963 saeculi

85 983 288 1037 secundi
344 990 704 1057 temporibus
746 991 1073 1060 floruerunt,
1111 997 1257 1053 clare
1291 1014 1357 1053 ex
1394 1015 1460 1054 eo
1496 1016 1664 1069 appa-

82 1088 176 1141 ret,
204 1078 346 1147 quod
391 1078 651 1150 lgnatius
700 1084 1067 1142 Docetismum
1104 1091 1281 1144 solum
1316 1093 1657 1162 perstringit,

82 1179 287 1226 caeteros
329 1183 522 1227 autem
586 1177 951 1245 posteriorum
1006 1180 1391 1237 Gnosticorum
1444 1198 1661 1239 errores

83 1278 141 1316 ne
168 1264 386 1321 minime
410 1267 647 1335 quidem
686 1270 861 1340 tangit
890 1270 1025 1341 (71).

140 1357 188 1427 7)
216 1356 419 1429 Negari
454 1361 703 1431 denique
728 1378 835 1417 non
860 1374 1060 1433 potest,
1086 1367 1364 1423 nonnullis
1394 1369 1657 1438 epistolas

82 1459 276 1505 nostras
309 1469 424 1506 non
460 1469 529 1508 ex
572 1455 805 1519 criticis,
832 1458 925 1512 sed
962 1472 1029 1511 ex
1075 1457 1401 1527 dogmaticis
1442 1468 1653 1515 tantum

78 1541 237 1596 causis
283 1541 678 1612 displicuisse.
724 1544 1047 1618 Quicunque
1095 1550 1368 1605 enim‘aut
1411 1552 1654 1607 divinam

77 1635 404 1705 episcopatus
440 1638 877 1705 institutionem,
920 1651 1014 1696 aut
1043 1642 1383 1697 divinitatem
1414 1644 1649 1710 Christi,

1772 449 1912 513 dria,
1946 449 2049 499 and
2073 450 2266 512 others,
2294 449 2464 502 edited
2499 451 2619 504 with
2659 468 2727 504 an
2765 452 2965 521 english
2998 450 3338 518 translation,

1771 542 1877 593 and
1906 552 2075 596 notes.
2105 540 2233 592 Also
2265 541 2347 593 the
2377 543 2524 611 greci:
2555 554 2659 597 text
2693 544 2753 613 of
2779 546 2916 597 these
2945 543 3085 596 three
3106 542 3337 613 epistles,

1771 630 2035 684 corrected
2079 630 2361 701 according
2412 644 2462 686 to
2496 635 2578 687 the
2613 633 2885 704 authority
2932 635 2994 703 of
3020 635 3103 687 the
3150 631 3340 703 Syriae

1768 725 1989 777 version.
2030 722 2111 792 By
2160 722 2394 777 William
2425 724 2672 789 Carrion,
2711 726 2785 780 Μ.
2831 728 2896 780 Α.
2944 726 3159 780 London
3186 741 3204 777 :
3240 724 3336 777 Ri:

1767 816 2019 885 vingtons,
2106 818 2336 871 Berlin:
2387 816 2554 869 Asher
2600 826 2647 870 et
2675 816 2859 887 Camp.
2913 815 3334 871 MDCCCXLV.

1766 904 1932 959 Libro
1964 908 2065 962 hoc
2094 908 2175 962 usi
2202 923 2419 961 onmem
2450 907 2711 977 majorem
2767 907 2905 961 inter
2928 908 3232 961 versionem
3271 906 3337 959 il-

1764 994 1870 1050 lam
1915 997 2191 1070 Syriacam
2215 1010 2268 1053 et
2297 1008 2501 1054 textum
2536 1008 2781 1053 nostrum
2808 1000 3055 1055 Cra-cum
3082 999 3335 1053 dili‘eren-

1764 1089 1893 1144 tiam
1940 1108 2040 1145 suo
2068 1092 2192 1147 loco
2230 1092 2635 1146 adnotavimus.
2670 1091 2977 1146 Curetonus
3026 1092 3184 1146 nobis
3212 1106 3336 1160 per-

1760 1183 1987 1237 suadere
2015 1193 2265 1251 conatur,
2296 1185 2599 1241 versionem
2630 1184 2773 1239 illam
2801 1183 3076 1255 Syriacam
3108 1183 3332 1254 genuino

1760 1275 1928 1327 textui
1958 1273 2238 1345 lgnatiano
2260 1276 2670 1331 accuratissime
2700 1277 3045 1347 respondere,
3070 1286 3123 1330 et
3144 1274 3331 1330 omnia

1758 1380 1879 1434 quae
1910 1366 1962 1419 in
2001 1378 2190 1422 nostro
2233 1368 2422 1423 Graeco
2464 1379 2607 1423 textu
2652 1369 2804 1437 plura
2839 1368 3217 1430 inveniuntur,
3262 1368 3332 1420 ah

1758 1458 1879 1511 aliis
1913 1458 2093 1512 addita
2124 1475 2245 1514 esse
2292 1471 2345 1514 et
2389 1461 2718 1515 introducta.
2756 1460 2987 1513 Tantum
3016 1476 3146 1513 vero
3179 1460 3333 1513 abest

1756 1558 1816 1603 ut
1843 1551 1889 1604 ei
1924 1551 2304 1619 astipnlemur,
2337 1562 2395 1607 ut
2420 1553 2729 1607 versionem
2769 1553 3046 1623 Syriacam
3081 1568 3186 1606 non
3223 1551 3331 1606 nisi

1754 1643 2029 1711 epitomen
2078 1643 2486 1714 lgnatianarum
2539 1646 2921 1715 epistolarutn,
2980 1660 3009 1697 a
3059 1642 3333 1696 monacho

77 1738 149 1783 aut
175 1730 377 1783 realem
414 1730 648 1787 Domini
684 1734 738 1787 in
787 1733 1131 1789 Eucharistia
1166 1736 1515 1803 praesentiam
1552 1753 1649 1791 ne-
1682 1736 1723 1789 B
1753 1737 1990 1807 quodam
2040 1736 2266 1807 Syriaco
2309 1737 2363 1792 in
2395 1738 2651 1807 proprios
2699 1753 2837 1792 usus
2869 1737 2991 1806 pios
3024 1734 3329 1789 confectam

76 1829 202 1890 gant,
234 1824 634 1879 auctoritatem
672 1825 1028 1895 epistolarum
1058 1827 1253 1895 lgnatii
1285 1829 1529 1881 minuere
1551 1845 1648 1884 co-

76 1922 250 1967 nentur
278 1925 528 1983 oportet.
570 1916 677 1971 Sed
718 1916 909 1971 confer
937 1932 1060 1985 quae
1086 1927 1277 1973 contra
1311 1918 1412 1973 hos
1441 1917 1649 1976 Hutbe-

76 2021 152 2059 nis
181 2006 215 2061 l.
245 2022 383 2075 c.,p.
417 2006 489 2060 12
521 2009 921 2079 sqq.,monuit.

130 2097 207 2153 Vl.
244 2099 467 2156 Paucos
501 2111 632 2157 ante
674 2119 891 2159 menses
922 2101 987 2158 ν.
1038 2103 1098 2157 D.
1130 2104 1455 2162 Guilielmus
1478 2105 1648 2161 Cure-

72 2201 169 2255 ton,
196 2193 434 2263 Anglus,
460 2202 707 2248 veterem
737 2195 1048 2250 versionem
1077 2196 1359 2268 Syriacam
1393 2199 1556 2253 trium
1585 2198 1644 2253 S.

74 2280 241 2352 lgnatii
291 2285 667 2355 epistularum
714 2288 918 2356 publici
965 2288 1108 2357 juris
1154 2289 1303 2345 fecit.
1338 2290 1457 2345 Jam
1503 2308 1647 2347 anno

75 2375 191 2430 l859
218 2374 500 2433 Henricus
529 2376 775 2445 Tattam,
821 2381 1167 2450 Copticarum
1210 2382 1513 2438 litterarum
1548 2398 1645 2452 pe-

72 2467 374 2533 ritissimus,
428 2469 733 2542 Egyptum
769 2488 1085 2543 peragrans,
1119 2475 1173 2527 in
1203 2473 1430 2545 Syriaco
1458 2472 1647 2529 Nitriae

72 2562 391 2616 monasterio
442 2563 694 2618 codicem
746 2564 1212 2634 antiquissimum,
1249 2575 1373 2620 ante
1405 2565 1644 2620 medium

72 2669 175 2707 saec.
206 2671 258 2708 γι
287 2665 611 2722 exaratum,
643 2656 865 2721 detexit,
902 2657 994 2727 qui
1029 2657 1309 2729 Syriacam
1340 2659 1643 2714 versionem

70 2746 293 2812 epistolze
327 2744 389 2800 S.
425 2744 626 2817 lgnatii
660 2748 727 2822 ajl
774 2747 1134 2820 Polycarpum
1169 2751 1501 2805 continebat.
1543 2749 1646 2806 Pe-

71 2838 231 2892 cuniis
276 2840 482 2894 deinde
515 2841 754 2909 publicis
785 2841 1007 2910 adjutus
1053 2844 1408 2899 doctissimus
1453 2843 1644 2899 Tatta-

71 2945 173 2984 mus
214 2947 368 2986 anno
416 2932 563 2986 1842
596 2934 841 2988 secunda
874 2934 990 2988 vice
1033 2936 1085 2988 in
1121 2934 1414 3006 IEgyptum
1461 2936 1644 3006 profe-

69 3032 174 3077 ctus
207 3034 314 3089 est,
348 3034 405 3079 et
427 3041 697 3095 prospera
736 3024 950 3081 fortuna
979 3027 1235 3097 gaudenti
1272 3028 1475 3083 multos
1505 3030 1642 3084 alios

69 3118 371 3171 monasterii
401 3118 555 3172 illius
587 3119 808 3173 codices
841 3136 1021 3174 emere
1053 3122 1303 3191 contigit,
1335 3122 1477 3175 inter
1505 3138 1645 3192 quos

69 3212 211 3263 etiam
262 3213 331 3278 (e
370 3228 503 3267 saec.
556 3230 610 3266 vt
649 3213 730 3267 vel
771 3216 887 3285 vn)
938 3217 1161 3285 antiqua
1202 3215 1383 3269 versio
1421 3214 1643 3286 Syriaca

70 3303 212 3357 trium
248 3303 305 3359 S.
354 3304 555 3376 lgnatii
590 3307 948 3376 epistolarum
988 3308 1055 3361 ad
1094 3307 1382 3377 Ephesios,
1414 3308 1479 3362 ad
1530 3307 1640 3361 Ro-

68 3408 243 3449 manos
274 3407 329 3451 et
362 3397 431 3451 ad
470 3396 864 3468 Polycarpum,
898 3414 1004 3451 una
1037 3413 1162 3451 cum
1202 3398 1450 3467 pluribus
1488 3397 1644 3467 lgna-

68 3486 323 3542 tianarum
366 3489 735 3558 epistolarum
762 3486 1079 3558 fragmentis
1120 3498 1328 3559 reperta
1357 3499 1459 3545 est.
1505 3489 1642 3556 Qui-

70 3578 154 3634 bus
172 3582 461 3637 codicibus
485 3581 723 3637 detectis
751 3580 1071 3637 Guilielmus
1092 3580 1424 3646 Curetonus,
1452 3580 1645 3637 Orien-

70 3674 235 3727 talium
266 3674 587 3728 litterarum
640 3674 885 3743 apprime
913 3689 1137 3745 gnarus,
1171 3674 1374 3745 optime
1398 3690 1455 3729 se
1484 3674 1550 3728 de
1586 3689 1644 3729 re

70 3764 334 3828 patristica
379 3763 501 3819 fore
554 3764 883 3818 meriturum
918 3766 1201 3835 sperabat,
1252 3765 1294 3820 si
1333 3763 1641 3819 versionem

70 3852 198 3908 illam
218 3855 509 3927 Syriacam
541 3856 701 3925 prelo
725 3856 1023 3926 subjiceret
1046 3864 1104 3910 et
1121 3856 1431 3911 versionem
1457 3854 1648 3922 Angli-

69 3960 169 4001 eam
186 3950 436 4015 adderet,
454 3958 625 4017 atque
644 3956 849 4002 textum
870 3947 1391 4018 Graecum,Syriacae
1407 3945 1646 4001 versioni

71 4032 181 4092 (non
210 4042 497 4111 accurate)
528 4038 951 4109 respondentem
987 4053 1216 4093 exarare
1256 4046 1570 4092 conaretur.

125 4128 253 4186 Cum
292 4149 428 4187 vero
456 4131 749 4186 Tattamus
771 4131 907 4185 duos
930 4130 1147 4186 codices
1178 4132 1422 4201 epistolae
1451 4131 1519 4186 ad
1544 4128 1650 4185 Po-

70 4218 354 4292 lycarpnm,
381 4232 440 4278 ut
467 4223 817 4287 diximus,ex
840 4221 1075 4293 Egypto
1094 4231 1450 4291 apporlasset,
1478 4238 1647 4276 unum

70 4328 193 4370 anno
222 4316 384 4380 1859,
422 4317 664 4372 alterum
683 4330 829 4368 anno
861 4314 1032 4379 1842;
1066 4314 1377 4369 Curetonus
1408 4331 1515 4370 non
1541 4316 1648 4371 nisi

71 4410 314 4478 priorem,
346 4414 477 4481 quia
513 4409 908 4478 antiquiorem,
936 4410 1078 4480 typis
1100 4410 1521 4466 exscribendum
1545 4427 1644 4465 cu—
1680 4430 1722 4485 ι)

70 4501 209 4567 mit,
255 4501 594 4557 recentioris
630 4499 836 4554 codicis
881 4500 1144 4555 lectiones
1185 4499 1463 4554 variantes
1509 4500 1645 4569 adji-

70 4590 218 4646 ciens.
267 4591 548 4648 Praeterea
595 4592 684 4645 vir
717 4593 1072 4647 doctissimus
1122 4606 1381 4659 magnum
1426 4605 1647 4661 quoque

75 4675 339 4747 Syriacum
388 4683 766 4755 fragmentum
816 4681 1060 4753 Martyrii
1107 4679 1164 4734 S.
1201 4680 1394 4748 lgnatii
1447 4688 1501 4733 et
1532 4679 1644 4748 epi-

76 4770 209 4825 stolae
254 4773 505 4842 ejusdem
558 4772 629 4827 ad
672 4771 974 4838 Romanos,
1013 4771 1157 4841 quod
1192 4770 1501 4825 Curetonus
1531 4770 1648 4838 ipse

76 4878 199 4918 anno
232 4866 371 4920 1859
402 4866 457 4919 in
494 4864 706 4919 Musaao
736 4864 1049 4918 Britannico
1087 4866 1385 4929 detexerat,
1434 4865 1488 4917 in
1518 4865 1641 4917 vul-

78 4967 161 5020 gus
188 4955 345 5011 edere
374 4966 431 5012 et
471 4956 622 5009 libro
660 4970 764 5010 suo
797 4957 994 5013 addere
1021 4958 1279 5014 decrevit.
1321 4956 1412 5013 Sic
1444 4957 1648 5027 prodiit

78 5042 286 5105 Londini
321 5050 467 5105 1845
496 5064 643 5119 opus
668 5048 788 5118 ejus
814 5051 916 5106 sub
945 5052 1104 5108 titulo
1131 5072 1144 5107 :
1174 5051 1277 5106 The
1306 5052 1513 5105 ancient
1545 5048 1646 5120 Sy-

78 5139 172 5192 riae
199 5144 400 5196 ιτετεὶοη
431 5143 499 5212 of
524 5143 611 5195 the
640 5142 849 5211 epistles
899 5146 963 5213 of
998 5145 1143 5198 saint
1184 5143 1430 5214 Ignatius
1466 5153 1519 5197 to
1559 5140 1642 5197 St.

78 5229 339 5304 Polyearp,
365 5238 453 5289 the
477 5223 807 5303 Ephesium,
850 5237 955 5289 and
984 5238 1068 5291 the
1094 5238 1327 5291 Romans
1352 5253 1370 5301 ;
1408 5238 1644 5307 together

78 5320 184 5374 tith
222 5337 456 5381 extract:
510 5326 656 5394 from
696 5324 777 5377 his
812 5327 1042 5395 epistles,
1088 5326 1341 5381 collected
1390 5326 1527 5395 from
1562 5325 1645 5378 the

138 5480 244 5552 (1|)
270 5481 381 5537 Cfr.
410 5482 616 5552 l-luter,
644 5482 684 5534 l.
712 5498 761 5537 c.
786 5499 840 5552 p.
869 5485 937 5537 42
957 5494 1007 5538 et
1036 5484 1411 5550 Dusterdicck,
1437 5487 1473 5539 l.
1504 5502 1556 5541 c.

139 5549 245 5625 (Τῇ)
272 5552 335 5608 Ε.
359 5571 413 5622 g.
444 5549 811 5625 a._lﬂeatidro',
842 5553 1253 5625 lfirchengesch.
1304 5567 1343 5610 t.
1371 5549 1409 5621 l,
1440 5573 1491 5625 p.
1520 5557 1648 5620 758,

83 5626 175 5696 sta
201 5621 385 5696 thzio
420 5621 802 5696 in_Ulln_1ann,
840 5623 1063 5679 Studien
1081 5621 1198 5696 and
1234 5621 1549 5694 Erit-1855,
1593 5645 1645 5696 ι).

84 5686 166 5743 881
199 5707 318 5765 sqq.
352 5694 462 5760 Qui
496 5686 1031 5766 breviores-quoque
1079 5695 1135 5751 S.
1176 5694 1368 5766 lgnatii
1394 5686 1651 5769 epistolas

1752 1829 1876 1898 (cfr.
1898 1830 2039 1884 infra
2060 1841 2174 1885 not.
2207 1832 2271 1886 ad
2296 1849 2418 1902 cap.
2448 1833 2483 1885 ‘2.
2512 1832 2674 1902 epist.
2709 1832 2774 1886 ad
2803 1830 3051 1901 Ephes.),
3078 1836 3333 1897 reputare

1748 1923 2045 1991 possimus,
2075 1924 2377 1992 praesertim
2417 1941 2540 1978 cum
2574 1924 2738 1978 iidem
2769 1924 2984 1978 codices
3011 1938 3041 1975 a
3080 1919 3333 1974 Tattamo

1747 2010 1941 2063 detecti
1978 2020 2031 2066 et
2064 2012 2168 2065 alia
2199 2012 2352 2080 plura
2374 2026 2620 2082 excerpta
2650 2029 2715 2067 ex
2741 2011 2987 2082 epistolis
3011 2008 3330 2079 lgnatianis,

1748 2119 1848 2158 nec
1879 2119 1986 2158 non
2015 2105 2154 2158 alios
2194 2105 2405 2162 libellos
2434 2106 2721 2169 asceticos,
2776 2117 2834 2157 ut
2875 2103 3183 2157 Curetonus
3216 2101 3330 2171 ipse

1748 2193 1981 2263 fatetur,
2014 2199 2349 2251 contineant.
2396 2197 2661 2251 Prtetcrca
2710 2196 2910 2266 sarpius
2960 2196 3086 2249 inde
3119 2211 3185 2249 ex
3225 2209 3327 2260 eo,

1747 2288 1892 2357 quod
1924 2304 2097 2345 nexus
2124 2290 2517 2345 sententiarum
2540 2291 2595 2343 in
2618 2290 2872 2344 versione
2898 2288 3117 2358 Syriaca
3148 2287 3330 2340 minus

1747 2388 1829 2433 est
1862 2390 2069 2446 arctus,
2105 2392 2351 2452 apparet,
2397 2383 2729 2436 monachum
2759 2382 2911 2435 illum
2945 2396 3052 2434 non
3090 2389 3197 2433 tam
3241 2379 3327 2431 in-

1752 2472 2021 2541 terpretis,
2068 2488 2230 2543 quam
2263 2475 2629 2543 epitomaloris
2663 2482 2846 2543 partes
2877 2473 3075 2543 egisse.
3128 2468 3332 2523 Confer

1748 2580 1868 2633 quae
1919 2566 1983 2618 ad
2045 2566 2293 2636 singulos
2358 2566 2513 2621 locos
2569 2564 2889 2619 monuimus
2935 2582 2948 2617 :
3000 2563 3067 2617 ad
3126 2562 3327 2633 Ephes.

1746 2674 1903 2729 capp.
1936 2659 1990 2724 5,
2022 2660 2075 2721 8,
2107 2660 2161 2725 9,
2192 2661 2280 2727 14,
2314 2660 2411 2725 19;
2436 2660 2510 2729 ad
2545 2658 2712 2712 Trall.
2754 2658 2807 2711 in
2840 2656 2999 2711 titulo
3032 2664 3087 2709 et
3106 2670 3225 2724 cap.
3253 2654 3324 2717 4;

1746 2752 1812 2805 ad
1839 2750 2001 2806 Rom.
2034 2768 2157 2821 cap.
2188 2754 2250 2818 6;
2278 2752 2343 2806 ad
2374 2751 2561 2823 Polyc.
2592 2752 2645 2805 in
2678 2751 2838 2805 titulo
2863 2757 2918 2805 et
2937 2764 3059 2819 cap.
3094 2747 3154 2814 7;
3196 2745 3334 2799 Mar-

1750 2845 1949 2915 tyrinm
1987 2842 2045 2897 S.
2082 2843 2273 2912 lgnatii
2312 2844 2365 2896 in
2399 2844 2579 2898 titulo.

1822 2935 1931 2989 Vll.
1966 2935 2102 2989 Male
2133 2936 2297 2989 etiam
2334 2936 2401 2990 de
2434 2933 2742 3001 integritate
2775 2931 3130 3002 epistolarum
3173 2928 3331 2999 lgna-

1751 3025 1810 3079 tii
1846 3026 2011 3078 dubia
2042 3035 2186 3078 mota
2230 3033 2359 3079 sunt
2392 3024 2527 3093 (72).
2560 3023 2867 3077 Praesertim
2902 3021 3083 3074 omnia
3116 3020 3183 3072 de
3213 3020 3329 3087 epi-

1748 3128 1972 3186 sc0patu
2004 3127 2057 3170 et
2083 3118 2149 3171 de
2183 3118 2383 3171 deitate
2431 3115 2642 3169 Christi
2674 3114 2834 3168 effata
2874 3111 3253 3182 interpolatori
3297 3126 3329 3165 a

1743 3208 2069 3277 quibusdam
2110 3207 2445 3261 tribuuntur.
2490 3206 2596 3261 Sed

1815 3306 1868 3369 a)
1884 3302 2091 3355 nullum
2110 3310 2394 3355 externum
2416 3298 2855 3369 interpolationis
2873 3297 3028 3351 adest
3043 3295 3327 3350 indicium.

1815 3394 1868 3464 b)
1909 3393 2034 3449 Loci
2066 3410 2094 3447 a
2120 3394 2397 3449 veteribus
2426 3393 2629 3446 laudati
2666 3392 2783 3461 pari
2822 3391 2985 3455 modo
3013 3390 3064 3443 in
3093 3389 3328 3443 breviori

1886 3497 2073 3541 nostra
2098 3487 2420 3541 recensione
2445 3486 2719 3554 leguntur.
2746 3484 2860 3539 Cfr.
2892 3498 3056 3552 supra
3082 3482 3332 3537 testiino-

1888 3579 1978 3632 nia
2009 3587 2275 3632 veterum.

1817 3672 1868 3744 c)
1900 3672 2116 3726 Arctior
2152 3670 2392 3725 materia:
2432 3684 2486 3725 et
2523 3672 2790 3727 orationis
2835 3688 3008 3726 nexus
3040 3671 3191 3725 omni
3236 3670 3328 3723 in-

1888 3764 2266 3834 terpolationis
2310 3762 2612 3831 suspicioni
2660 3764 2914 3816 nuntium
2955 3764 3213 3827 mittunt;
3256 3759 3334 3814 ef-

1887 3855 1999 3910 fata
2026 3856 2170 3909 enim
2205 3855 2295 3908 illa
2323 3855 2668 3925 displicentia
2714 3855 2833 3910 sine
2867 3855 3033 3910 totius
3062 3855 3332 3909 sermonis

1889 3948 2095 4019 pariter
2124 3962 2189 4003 ac
2220 3964 2416 4002 sensus
2445 3947 2822 4002 devastatione
2849 3948 3004 4003 evelli
3047 3962 3156 4002 non
3202 3963 3301 4018 pos
3320 3976 3332 3983 ε

1890 4050 2038 4094 SUlll.

1760 4189 1767 4195 ,
1821 4134 1876 4201 d)
1906 4131 2172 4185 Praeterea
2203 4130 2448 4184 eamdem
2483 4130 2609 4202 styli
2641 4131 2905 4185 rationem
2938 4146 3061 4185 cum
3093 4131 3146 4184 in
3173 4146 3335 4199 repu-

1896 4223 2083 4287 diatis,
2116 4230 2231 4275 tum
2264 4222 2318 4275 in
2349 4222 2665 4292 approbatis
2687 4223 3050 4291 epistolarutn
3082 4223 3332 4291 partibus

1892 4314 2156 4369 invenies.

1822 4406 1874 4479 e)
1910 4407 2068 4473 Quod
2103 4422 2152 4461 c.
2189 4406 2221 4460 8
2255 4422 2341 4476 ep.
2375 4408 2441 4461 ad
2478 4406 2656 4478 Magn.
2689 4406 2859 4476 Σιγῆς
2896 4405 3037 4460 facta
3071 4407 3142 4461 sit
3179 4421 3336 4460 men-

1892 4501 1989 4564 tio,
2024 4500 2462 4569 interpolationis
2492 4517 2598 4554 non
2626 4500 2828 4569 prmhet
2857 4498 3142 4565 indicium,
3179 4507 3238 4553 ut
3276 4500 3333 4555 in

1892 4594 2037 4647 notis
2070 4592 2137 4647 ad
2171 4593 2225 4646 h.
2260 4593 2296 4645 l.
2331 4592 2851 4646 demonstravimus.

1822 4684 1861 4753 Γ)
1896 4683 2188 4737 Polemicis
2238 4692 2448 4736 tantum
2497 4682 2681 4737 causis
2733 4682 2882 4737 ducti
2932 4682 3180 4737 nonnulli
3226 4682 3333 4737 viri

1891 4776 2038 4831 docti
2092 4774 2459 4845 integritatem
2508 4774 2865 4843 epistolarum
2920 4784 3235 4830 nostrarum
3277 4775 3334 4829 in

1892 4864 2120 4918 dubium
2151 4870 2419 4918 vocarunt
2446 4862 2583 4934 (75).

1822 4961 1878 5028 g)
1920 4956 2025 5023 Qui
2058 4958 2406 5028 episcopatus
2436 4975 2601 5015 causa
2631 4960 2890 5029 epistolas
2918 4970 3137 5015 nostras
3162 4961 3332 5015 inter-

1893 5051 2104 5120 polatas
2129 5065 2249 5105 esse
2278 5058 2491 5119 putant,
2533 5051 2684 5105 nullo
2709 5052 2873 5105 modo
2908 5052 3174 5106 rationem
3204 5051 3329 5105 red-

1890 5144 2020 5197 dere
2047 5151 2281 5212 pessunt
2304 5157 2402 5197 cur
2428 5144 2659 5212 epistola
2692 5145 2757 5197 ad
2792 5143 3071 5198 Romanos
3102 5144 3219 5197 sola
3263 5145 3333 5199 ab

1894 5234 2284 5303 interpolatore
2314 5248 2423 5287 non
2453 5234 2616 5288 fuerit
2646 5233 2871 5299 foedata,
2905 5249 3030 5287 cum
3066 5248 3161 5287 sex
3204 5234 3335 5287 reli-

1892 5327 2018 5397 quis
2035 5327 2233 5396 impias
2249 5327 2369 5397 ejus
2400 5343 2597 5381 manus
2624 5342 2731 5379 non
2753 5326 3061 5394 pepercisse
3083 5326 3331 5384 credant.

1755 5488 2112 5558 interpolatas
2136 5495 2347 5558 putant,
2375 5483 2693 5558 novissimis
2716 5482 2911 5558 diebus
2931 5484 3330 5542 validissimum

1756 5554 2193 5627 interpolationis
2235 5555 2504 5627 ejusmodi
2550 5554 2925 5627 testiinonium
2971 5558 3208 5611 assecuti
3249 5560 3327 5612 νί-

1755 5623 1953 5683 dentur
1978 5627 2228 5680 versione
2263 5624 2508 5693 Syriaca,
2536 5639 2565 5693 a
2598 5623 2743 5675 Guil.
2776 5623 3017 5680 Cureton
3045 5627 3210 5682 edita.

1827 5699 1941 5769 (15)
1972 5696 2197 5763 Μὸιιιεξν,
2218 5691 2454 5760 Ραὶνοιη
2478 5691 2581 5763 LII,
2606 5707 2659 5763 p.
2694 5693 2794 5749 125
2819 5711 2939 5765 Sqq.
