3754 6206
429 263 536 322 659

1395 263 1641 320 SANCTI
1678 263 1934 318 lGNATll
1995 261 2354 317 EPISTULA)
2394 253 2748 316 CENUINIE'.
3553 255 3635 312 610

505 381 578 440 Ut
610 382 758 441 brevi
782 383 980 452 dicam,
1007 384 1446 455 interpolationis
1477 386 1716 456 suspicio
1750 402 1816 441 ne
1847 385 2006 440 miui-
2038 391 2079 444 A
2109 403 2420 472 exprimere
2451 400 2728 471 nequivit;
2767 406 2840 453 ua
2877 407 2936 454 ui
2965 397 3123 454 facile
3157 414 3266 452 non
3304 395 3539 461 Graeciae,
3560 399 3632 453 sed

432 494 583 532 mum
627 479 846 549 quidem
887 480 1084 535 mereri
1113 481 1440 550 applausum
1474 481 1710 545 videtur,
1738 481 2008 551 planeque

431 583 754 639 persuasum
801 571 934 626 mihi
983 581 1085 635 est,
1122 573 1285 626 talem
1328 571 1520 643 judicii
1573 573 2005 627 mediocritatem

432 676 539 716 non
590 677 810 716 auream
855 679 998 719 esse.
1043 663 1300 735 Epistula:
1351 663 1543 736 lgnatii
1605 667 1715 722 sint
1750 675 1810 721 ut
1856 675 2005 733 sunt,

431 760 526 804 aut
555 767 660 805 non
696 752 807 807 sint
838 754 973 824 (74).

503 839 637 896 Vlll.
670 840 1036 910 Epistolarum
1067 855 1258 900 auctor
1283 844 1457 902 Graeci
1484 847 1758 902 sermonis
1781 862 1892 902 non
1912 864 2011 918 ap-

431 930 603 998 prime
649 949 875 1003 gnarus,
919 945 974 989 et
1019 937 1263 991 ardentis
1299 937 1482 1008 potius
1527 939 1697 992 animi
1732 939 2003 1010 impetus,

430 1036 593 1088 quam
643 1019 1036 1094 grammaticze
1071 1029 1288 1099 regulas
1344 1040 1588 1100 secutus,
1650 1034 2003 1103 pcriodorum

431 1122 763 1170 structuram
820 1135 928 1174 non
984 1123 1154 1177 semel
1202 1125 1449 1190 violavit,
1487 1126 1755 1183 orationis
1801 1143 2004 1183 nexum

431 1210 717 1264 sententiis
754 1212 1054 1283 interjectis
1090 1218 1291 1286 sazpius
1321 1218 1631 1288 interrupit,
1660 1230 1713 1274 et
1745 1221 2007 1277 sublimes

2108 493 2252 548 Asiae
2286 493 2456 546 tilium
2489 492 2708 561 detegas
2736 489 2870 560 (75).

2180 584 2271 638 IX.
2314 584 2386 638 De
2415 594 2659 653 tempore
2688 599 2796 653 quo
2823 583 2904 636 hae
2931 581 3175 651 epistola:
3200 590 3431 635 exarata:
3453 579 3633 646 fuerint,

2108 677 2231 731 duae
2263 676 2514 729 feruntur
2554 675 2883 730 celem-iores
2916 674 3221 737 sententiae,
3249 688 3473 741 quarum
3501 674 3634 727 altera

2109 782 2255 822 anno
2297 766 2420 828 107,
2454 767 2622 820 altera
2673 782 2822 819 anno
2868 766 2969 820 liti
3005 765 3167 820 favet.
3220 763 3350 826 Nos,
3390 765 3476 834 qui
3504 780 3634 833 supra

2109 859 2137 932 §
2168 859 2187 912 l
2213 859 2533 930 martyrium
2570 857 2758 926 lgnatii
2791 875 2937 912 anno
2972 857 3073 912 107
3117 857 3528 927 assignavimus,
3561 872 3634 910 eo-

2131 951 2254 1006 dem
2298 967 2442 1004 anno
2484 960 2539 1006 ct
2569 950 2830 1022 epistolas
2855 948 3192 1018 conscriptas
3218 963 3339 1003 esse
3359 960 3637 1000 censeamus

2107 1050 2338 1112 oportet.

2178 1132 2248 1186 Χ.
2273 1133 2345 1186 De
2365 1133 2612 1188 doctrina
2636 1132 2828 1204 lgnatii
2852 1132 3200 1202 disputarunt
3225 1130 3634 1201 Lumperns(76),

2110 1222 2335 1291 Junius,
2366 1223 2638 1296 lleynsius
2666 1241 2732 1280 ac
2764 1242 2866 1280 van
2899 1224 3046 1281 Gilse
3078 1225 3216 1295 (77),
3265 1224 3523 1280 Mohlerus
3547 1225 3636 1294 (78)

430 1300 837 1376 profundasquc
865 1306 1225 1378 cogitationes
1244 1325 1374 1366 suas
1403 1311 1799 1370 sulIicicntibus
1825 1314 2007 1371 verbis
2105 1328 2158 1373 et
2187 1317 2302 1374 alii.

972 1747 1108 1836 ll.
1190 1747 1339 1837 DE
1414 1746 1750 1839 ACTIS
1823 1749 2426 1840 MARTYRII
2503 1751 2598 1842 S.
2681 1750 3191 1843 lGNATll.

502 1956 540 2013 1.
579 1959 711 2014 Acta
744 1959 983 2033 Martyrii
1026 1962 1083 2017 S.
1128 1962 1320 2035 Ignatii
1349 1982 1399 2018 a.
1430 1963 1568 2020 1617
1593 1981 1623 2020 e
1663 1976 1806 2022 msto
1826 1964 2012 2022 codice
2044 1969 2088 2027 Β
2121 1968 2573 2035 summationem,
2610 1977 2664 2023 et
2706 1968 2982 2040 proximo,
3015 1975 3074 2021 ut
3120 1965 3558 2020 verisimillimuui
3589 1964 3646 2016 vi-

429 2049 649 2107 Caiensi
692 2055 859 2109 edidit
887 2054 1143 2112 Usserius
1174 2058 1578 2125 Armachauus,
1609 2058 1816 2130 optime
1841 2059 1908 2113 de
1941 2059 2002 2113 Β.

432 2152 671 2215 martyre
703 2145 930 2216 ejusque
955 2149 1200 2218 epistolis
1234 2152 1484 2206 meritus.
1518 2149 1658 2207 Huic
1695 2151 1863 2206 veteri
1889 2167 2014 2218 ver-,

433 2238 578 2292 sioni
608 2238 690 2292 vir
717 2240 1072 2296 doctissimus
1102 2243 1327 2297 alteram
1361 2244 1614 2312 adjunxit
1645 2243 1781 2313 (79),
1812 2259 1876 2297 ex
1907 2258 2008 2297 an-

431 2331 750 2400 tiquissimo
804 2334 1145 2388 Cottoniana:
1190 2336 1535 2391 bibliotheca:
1578 2336 1766 2391 codice
1799 2334 2008 2390 descri-

429 2433 601 2494 ptam,
621 2426 673 2479 in
701 2442 809 2494 qua
834 2427 1016 2481 multa:
1040 2428 1291 2484 absurda:
1312 2440 1365 2484 et
1389 2431 1651 2486 fabulosa:
1670 2429 2011 2486 narrationes

429 2528 620 2573 contra
649 2520 808 2575 ﬁdem
837 2523 1188 2578 historiarum
1218 2540 1282 2578 ex
1317 2524 1537 2579 novitiis
1572 2524 1726 2579 Actis
1772 2524 2012 2594 interpo—

433 2609 559 2666 latis
583 2612 885 2682 desumptm
907 2616 1257 2670 continentur
1283 2616 1419 2686 (80).

501 2706 663 2759 Anno
689 2715 870 2760 autem
908 2705 1039 2760 1689
1069 2721 1136 2760 cx
1168 2717 1308 2762 msto
1337 2708 1524 2763 codice
1566 2706 1840 2773 Parisino,
1878 2709 2010 2764 olim

429 2794 772 2865 Colbertino,
802 2815 946 2853 nitnc
981 2800 1130 2868 regio
1156 2799 1288 2854 Acta
1320 2811 1505 2854 nostra
1531 2800 1718 2856 Grzrce
1750 2819 1859 2856 una
1886 2817 2014 2857 cum

433 2905 573 2944 nova
603 2891 852 2947 versione
876 2889 1068 2946 Latina
1094 2892 1317 2950 Parisiis
1343 2895 1617 2965 evulgavit
1641 2893 2014 2951 Theodericus

434 2980 754 3049 Ruinartus,
790 2986 1075 3057 presbyter
1115 3002 1144 3041 e
1174 2990 1597 3058 congregatione
1627 2986 1684 3042 S.
1711 2987 1917 3054 Mauri,
1956 2989 2012 3044 in

430 3075 730 3143 Appendice
750 3079 818 3130 ad
837 3079 969 3133 Acta
991 3081 1284 3148 primorum
1309 3091 1604 3151 martyrum
1623 3082 1833 3136 sincera
1857 3090 2015 3152 atque

433 3167 646 3222 aelecta.
679 3169 928 3224 Graecum
963 3181 1145 3225 autem
1186 3173 1288 3228 hoc
1314 3175 1591 3243 exemplar
1622 3190 1747 3229 cum
1785 3174 2014 3244 antiqua

433 3261 686 3316 versione
712 3262 916 3318 codicis
941 3264 1190 3319 (Zaiensis
1226 3266 1462 3319 maxime
1495 3267 1810 3334 convenire,
1837 3268 2016 3324 cuivis

433 3366 497 3407 ex
528 3352 826 3408 leviuseula
859 3355 1148 3410 collatione
1175 3355 1332 3410 facile
1355 3366 1570 3412 constat
1591 3359 1725 3428 (81).

505 3442 636 3498 Post
663 3445 988 3500 ltuinartum
1023 3447 1292 3516 praacipue
1323 3447 1579 3512 Grabius,
1611 3449 1842 3521 lttigius,
1871 3450 2016 3506 Smi-

436 3534 585 3591 thius
611 3545 659 3591 et
693 3536 1036 3593 Jacobsonus
1065 3540 1200 3592 Acta
1240 3549 1450 3606 nostra,
1489 3543 1724 3610 mendis,
1749 3559 1873 3613 quae
1895 3559 2016 3613 pas-

432 3630 536 3685 sim
569 3632 923 3700 irrepserant,
954 3631 1204 3697 sublatis,
1229 3632 1538 3687 ediderunt.

505 3721 566 3777 ll.
585 3724 718 3777 Acta
750 3725 884 3788 haac,
928 3733 986 3778 ut
1016 3741 1140 3778 eum
1161 3723 1399 3778 Smithio
1428 3725 1644 3794 loquar,
1673 3745 1691 3776 ι
1719 3741 1750 3779 a
1783 3723 2016 3779 familia-

431 3815 584 3872 ribus
609 3817 666 3872 S.
698 3817 909 3887 lgnatii,
938 3818 1032 3887 qui
1061 3817 1350 3872 Antiochia
1391 3817 1618 3872 Romam
1656 3835 1830 3888 usque
1856 3819 2011 3872 illum

431 3920 561 3964 sunt
601 3906 881 3974 comitati,
926 3921 1090 3980 atque
1131 3910 1281 3965 illius
1324 3911 1514 3966 ultimo
1549 3920 1604 3965 et
1637 3912 1876 3964 maxime
1897 3912 2014 3979 glo-

432 4002 582 4056 rioso
610 4003 770 4072 agoni
798 4003 1114 4067 interfuere,
1137 4004 1410 4072 descripta
1433 4019 1577 4068 esse,
1603 4005 1773 4057 multa
1797 4004 1850 4057 in
1879 4003 2013 4073 ipsis

431 4093 585 4148 Actis
615 4095 666 4149 id
706 4095 1122 4164 testatissimum
1150 4097 1405 4150 reddunt.
1435 4094 1492 4148 ln
1526 4095 1613 4150 his
1641 4095 1787 4149 enim
1820 4096 1901 4149 sic
1926 4096 2012 4149 lo-

429 4193 695 4255 quuutur,
727 4187 819 4256 qui
845 4203 908 4242 ea
935 4189 1129 4244 litteris
1159 4189 1468 4245 tradidere:
1514 4189 1703 4256 Ἡμεῖς
1733 4187 1830 4256 μὲν
1856 4187 2016 4240 ἄκον-

428 4293 520 4341 τες
547 4279 892 4350 ἀπηγόμεθα,
924 4282 1199 4348 στένοντες
1228 4287 1321 4339 ἐπὶ
1350 4286 1429 4355 τῷ
1459 4285 1551 4352 ἀφ’
1581 4280 1740 4354 ἡμῶν
1768 4277 2014 4350 μέλλοντι

430 4373 695 4444 χωρισμῷ
719 4373 812 4426 τοῦ
842 4375 1051 4429 δικαίου
1080 4377 1324 4445 γίνεσθαι
1364 4377 1496 4446 (82).
1534 4375 1598 4428 Et
1627 4371 1909 4426 nonnullis
1932 4369 2016 4424 in-

431 4465 671 4535 terjectis
700 4469 802 4522 sub
825 4469 983 4522 linem
1012 4487 1025 4522 :
1050 4469 1268 4522 Τούτων
1299 4465 1858 4536 αὐτόπταιγενόμενοι
1883 4463 2012 4534 (85).

431 4555 577 4622 llaec,
614 4559 861 4629 inquam,
889 4565 1104 4634 aliaque
1133 4565 1248 4633 (81)
1281 4577 1435 4618 extra
1476 4576 1639 4615 omne
1661 4558 1888 4614 dubium
1919 4572 2015 4626 po-

2111 2061 2271 2115 detur
2320 2075 2501 2128 anno;
2531 2060 2661 2116 dum
2696 2076 2784 2116 res
2811 2069 2978 2133 gesta:
2999 2074 3125 2114 cum
3162 2059 3330 2113 totius
3359 2058 3552 2113 itineris
3578 2072 3645 2110 ra-

2112 2157 2260 2212 tione
2280 2156 2337 2211 in
2361 2158 2561 2212 recenti
2597 2158 2807 2214 ﬁdelius
2829 2157 3145 2213 inlueseriut
3167 2156 3448 2212 memoria.
3482 2174 3500 2207 ι

2188 2266 2208 2300 ι
2254 2245 2378 2304 Illos
2411 2257 2594 2304 autem
2641 2248 2814 2304 fuisse
2850 2247 3134 2302 Philonem
3168 2257 3222 2302 et
3253 2245 3644 2316 Agathopodem,

2112 2355 2352 2412 quorum
2397 2341 2648 2397 meminit
2696 2341 3079 2397 sanctissimus
3110 2349 3316 2410 martyr
3358 2339 3410 2394 in
3439 2336 3646 2408 epistolis

2113 2431 2181 2487 ad
2223 2430 2537 2504 Smyrnaaos
2576 2441 2630 2488 et
2661 2434 2730 2488 ad
2762 2431 3276 2502 Pliiladelphenses,
3327 2432 3468 2486 hunc
3492 2431 3646 2483 Antio-

2114 2526 2271 2594 chiae,
2309 2526 2461 2582 illum
2487 2542 2619 2582 vero
2649 2524 2934 2582 Tarsensis
2957 2525 3215 2581 Ecclesia:
3253 2526 3552 2589 diaconum,
3578 2523 3647 2575 vix

2115 2635 2148 2674 a
2184 2634 2464 2690 quoquam
2497 2619 2734 2674 dubitari
2771 2627 2866 2672 aut
2889 2626 3070 2687 potest
3104 2627 3197 2670 aut
3227 2617 3404 2670 debet.
3439 2635 3454 2666 ι
3491 2613 3648 2667 [lacte-

2115 2727 2224 2766 nus
2266 2711 2557 2766 Smithius.
2603 2710 2921 2765 Gallandius
2978 2708 3112 2779 (85)
3160 2709 3338 2773 addit,
3388 2705 3581 2760 Philoni
3609 2715 3650 2756 et

2114 2802 2462 2876 Agathopodi
2506 2801 2910 2874 adjungendum
2957 2802 3147 2856 saltem
3200 2815 3320 2855 esse
3365 2796 3648 2852 nominatim

2115 2904 2170 2950 ct
2195 2895 2461 2962 Crocum,
2493 2895 2588 2966 qui
2633 2903 2883 2950 sanctum
2926 2904 3220 2964 martyrem
3257 2893 3478 2946 Romam
3510 2903 3652 2958 usque

2115 2993 2422 3043 assectatus
2457 2985 2624 3041 fuisse
2652 2985 2966 3055 perhibetur
2995 2984 3130 3052 (86).

2186 3077 2277 3134 Ill.
2319 3079 2646 3135 Authcntica
2671 3086 2725 3132 et
2746 3078 2982 3148 genuina
3019 3086 3314 3133 censentur
3339 3076 3465 3129 Acta
3496 3079 3658 3126 nostra

2118 3171 2189 3226 ab
2214 3171 2460 3238 Usserio,
2492 3171 2790 3234 Dodwello,
2819 3169 3108 3233 Ruinarto,
3141 3169 3365 3232 (irai-i0,
3392 3167 3658 3220 Tillemon-

2119 3263 2218 3330 tio,
2249 3263 2569 3329 Pearsonio,
2601 3261 2856 3326 Smithio,
2895 3258 3186 3314 Cotelerio.
3217 3258 3530 3319 Mmoachio,
3554 3254 3662 3307 Gal-

2040 3330 2083 3389 (ἶ
2116 3357 2322 3423 landio,
2347 3357 2619 3426 Lumpero
2639 3356 2775 3426 (87),
2800 3354 3044 3408 noluero
3069 3353 3180 3417 (88)
3207 3379 3216 3398 ι
3243 3363 3259 3405 ι
3290 3353 3428 3404 aliis.
3458 3350 3658 3403 Dallacus

2116 3466 2276 3516 vero,
2325 3458 2384 3504 ut
2431 3448 2605 3519 ipsius
2655 3445 2713 3501 S.
2752 3445 3011 3514 martyris
3063 3445 3284 3512 scripta,
3340 3445 3408 3495 ita
3458 3452 3507 3494 et
3549 3441 3656 3491 Acta

2113 3543 2362 3614 ejusdem
2385 3557 2486 3611 pro
2516 3538 2879 3610 supposititiis
2908 3537 3128 3601 habuit;
3158 3538 3249 3590 sed
3280 3535 3418 3589 sicut
3447 3533 3655 3591 illorum,

2115 3637 2195 3691 ita
2223 3637 2422 3692 horum
2469 3648 2690 3704 quoque
2741 3631 3114 3686 defensionem
3164 3629 3403 3696 sust-epit
3434 3621 3657 3680 doctissi-

2114 3745 2239 3784 mus
2281 3727 2612 3782 Pearsonius
2654 3733 2806 3794 parte
2853 3740 2892 3778 ιι
2934 3722 3144 3776 Vindic.
3220 3721 3390 3789 Epist.
3448 3717 3500 3771 S.
3537 3715 3656 3785 Ign.,

2115 3820 2255 3877 c.1‘2
2285 3818 2420 3890 (89).
2467 3817 2670 3871 Praeter
2701 3814 2956 3869 Dallzeum
2998 3812 3248 3868 Oudiuus
3278 3827 3508 3880 quoque,
3543 3805 3658 3857 Hen-

2115 3927 2352 3968 mannus
2411 3917 2476 3978 iet
2537 3908 2631 3964 alii
2693 3905 2975 3966 iActorum
3035 3905 3315 3959 veritatem
3378 3902 3659 3969 impugnare

2115 4004 2353 4076 aggressi
2379 4009 2536 4067 sunt;
2571 4001 2664 4055 sed
2685 3999 2930 4052 funditus
2950 4011 3139 4051 eorum
3160 3994 3476 4050 sententiam
3496 3986 3658 4042 evertit

2115 4098 2199 4151 vir
2231 4095 2639 4151 eruditissimus
2673 4092 3014 4147 Mamachius
3053 4091 3190 4159 (90),
3236 4104 3302 4142 ex
3333 4086 3513 4141 ordine
3537 4081 3656 4133 Prae-

2115 4189 2448 4245 dicatorum.

2191 4279 2400 4334 Revera
2440 4277 2645 4332 nullius
2689 4273 2946 4346 ponderis
2999 4278 3130 4326 sunt
3189 4267 3370 4322 Dalhei
3416 4274 3467 4318 ct
3509 4260 3659 4317 socio-

2119 4386 2240 4424 rum
2275 4377 2620 4440 argumenta.
3495 4444 3510 4448 _
3630 4439 3653 4448 η

2190 4463 2242 4532 a)
2279 4461 2676 4530 Exceptiones,
2702 4473 2824 4528 qua:
2847 4457 3110 4510 adversus
3149 4451 3449 4522 Romanum
3495 4442 3657 4512 Ignatii

2117 4554 2220 4609 iter
2251 4553 2574 4621 itinerisque
2606 4551 2872 4604 rationem
2916 4555 3044 4602 sunt
3074 4544 3317 4614 prolataa,
3342 4535 3657 4600 essclutiles,

433 4661 594 4716 nunt,
631 4668 662 4706 a
784 4656 977 4726 lgnatii
1002 4627 1297 4710 comitibus
1327 4657 1461 4708 Acta
1488 4651 1808 4722 hujusmodi
1841 4649 2014 4706 fuisse
2046 4683 2090 4738 D
2116 4645 2228 4715 iam
2273 4661 2343 4698 ex
2397 4645 2486 4711 iis.
2534 4657 2656 4713 quae
2703 4656 2868 4709 supra
2906 4640 2972 4692 ad
3014 4639 3115 4690 iter
3153 4637 3256 4688 hoc
3296 4627 3656 4738 def-eluielui“?

432 4745 772 4817 perscripta;
825 4757 877 4800 et
906 4749 1124 4818 quidem
1171 4765 1274 4802 non
1314 4749 1473 4817 longe
1507 4755 1630 4818 post
1666 4744 1840 4814 ipsius
1881 4758 2014 4798 con-

505 4949 619 5016 (74)
649 4946 866 5016 Optime
895 4950 1259 5018 integritatem
1295 4950 1488 5001 harum
1525 4945 1878 5016 epistolarum
1916 4943 2011 4999 de-

433 5014 607 5072 fendit
637 5014 1240 5089 υῦειω·‹1ἱυςις,”1.‹ε.,ι).
1269 5018 1337 5071 80
1361 5035 1482 5089 sqq.

505 5089 617 5158 (75)
643 5089 757 5145 Cir.
786 5091 1013 5154 Muliler,
1048 5085 1281 5151 Patro!”
1311 5099 1348 5142 t.
1385 5085 1425 5150 l,
1449 5085 1508 5156 7p.
1539 5085 1663 5158 122.

503 5155 617 5226 (76)
656 5161 802 5215 Hist.
835 5162 993 5214 theol.
1030 5162 1179 5224 crit.,
1210 5170 1251 5214 t.
1279 5159 1322 5222 1,
1350 5175 1403 5227 p.
1434 5155 1694 5212 305-527.

501 5222 617 5300 (77)
675 5222 1172 5286 Commentationes
1212 5233 1277 5287 de
1302 5222 1532 5282 Petrum
1594 5222 2011 5300 apostolicorum

435 5293 698 5426 ggetalpgia
752 5302 945 5356 morali
997 5304 1051 5371 a)
1094 5317 1149 5371 p.
1197 5300 1393 5356 38-71.
1448 5300 1503 5368 b)
1559 5293 2006 5371 p.759-58.c)p.

430 5392 620 5427 θιῦ-Η.

505 5442 617 5510 (78)
655 5441 887 5507 PatroL,
924 5451 962 5495 t.
993 5440 1032 5504 I,
1061 5457 1114 5510 p.
1145 5441 1405 5495 151-152.

508 5503 622 5580 (79)
651 5503 951 5583 Utramque
981 5503 1122 5566 hanc
1145 5512 1453 5567 versionem
1483 5508 1624 5578 apud
1667 5503 2017 5562 Gallandium

433 5596 692 5637 reperies.

495 5597 877 5719 ιξξιὸἴὸἓῖιηὶιν,
936 5650 1216 5719 Spicileg.,
1270 5662 1304 5704 t.
1357 5651 1421 5712 Il,
1470 5666 1520 5719 p.
1548 5651 1581 5702 5
1612 5655 1666 5719 et
1707 5649 1770 5719 ε1.
1815 5644 2014 5707 Smitli,

454 5717 616 5789 prmi.
660 5723 711 5775 in
756 5725 886 5776 Acta
921 5717 1149 5791 martyr.
1177 5725 1212 5777 8
1276 5721 1386 5792 ign.
1443 5717 1580 5788 apud
1628 5717 2016 5782 Jacobsonum,

2123 4739 2494 4812 protulimus,
2553 4743 2794 4805 apparet.
2844 4732 3081 4787 Maxime
3129 4737 3309 4784 autem
3362 4717 3657 4780 doc-lissile

2115 4950 2160 4999 t.
2188 4937 2253 5001 ll,
2281 4953 2334 5007 p.
2369 4936 2495 4992 525.

2190 5003 2303 5080 (81)
2335 5008 2514 5063 Grabe
2549 5013 2602 5059 et
2631 5003 2832 5064 Smith,
2891 5006 2946 5059 11.
2980 5016 3062 5056 cc.

2190 5079 2298 5127 r82)
2327 5078 2545 5127 Martvr.
2576 5075 2715 5127 Ιεη..
2739 5091 2787 5127 c.
2816 5073 2871 5127 5.

2186 5078 2298 5152 (82)
2326 5078 2545 5147 Martyr.
2576 5078 2715 5137 lwn.,
2739 5091 2787 5129 c.
2816 5078 2871 5127 5.

2187 5151 2300 5219 (85)
2335 5149 2494 5219 lhid.,
2527 5115 2657 5201 αθ.
2710 5213 2734 5219 _
2937 5214 2957 5219 _
3026 5207 3078 5219 ,η
3109 5207 3126 5219 ς
3210 5208 3231 5219 υ

2185 5207 2298 5291 (84)
2336 5218 2400 5271 Ε.
2424 5207 2850 5291 gem/avemus?
2874 5214 2986 5272 τοῖς
3015 5207 3320 5291 dash-aiio.
3355 5207 3421 5291 Ι6.
3503 5285 3529 5291 ἢ
3581 5280 3592 5291 1
3612 5278 3631 5291 ς

2193 5275 2309 5360 (85⁷)
2349 5275 2504 5360 βῐῐῑι.
2531 5275 2771 5360 Veterani
2800 5285 3074 5360 Pun-unt,“
3097 5287 3136 5330 t.
3174 5276 3211 5344 Ι,
3246 5275 3474 5341 l’roleg.,
3503 5285 3549 5338 p.
3581 5278 3655 5318 LX-

2198 5348 2312 5429 (86)
2354 5357 2452 5429 Ep.
2485 5356 2600 5426 lgn.
2628 5356 2692 5429 ad
2721 5353 2906 5429 Rom.,
2931 5348 3095 5429 c_._lO.

2197 5415 2311 5501 (87)
2354 5415 2870 5501 nisi.”uwoi._cm.,_
2888 5415 3022 5501 tu.
3051 5435 3103 5488 ιι.
3130 5415 3388 5470 428.453.

2199 5495 2313 5569 (88⁷)
2355 5498 2587 5557 PatroL,
2623 5507 2663 5549 t.
2687 5495 2728 5561 l,
2761 5511 2811 5563 p.
2849 5495 2953 5546 408
2969 5507 3054 5558 sq.

2199 5573 2308 5640 (89)
2349 5569 2502 5638 Apud
2534 5568 2734 5640 (lotel.,_
2765 5558 3130 5640 ι.λ11,.ι›.1⁸.

2203 5605 2308 5766 ξῑδς
2349 5605 3217 5708 23:55.3“373ibiibi?cina,
3250 5634 3286 5680 ι.
3319 5620 3404 5689 ιν,
3461 5634 3512 5689 ρ.
3549 5609 3657 5668 to»

2123 5715 2244 5767 401.
