3746 6306
74 312 155 367 6i!
1242 311 1303 367 C.
1337 312 1386 367 J.
1433 310 1613 367 IIEFE

1776 311 1905 365 ’ΒᾸΞ
1916 310 2138 365 FATIO.

3197 315 3304 371 612

76 434 247 488 Taielii
269 434 333 488 de
358 433 443 488 via
475 432 700 504 Egnatia
734 434 1149 490 dissertationes
1186 451 1381 489 novam
1417 436 1491 489 rei
1525 451 1613 487 no-
1654 438 1697 495 Α
1731 432 1913 487 Exstat
1942 442 2123 485 autem
2151 434 2421 499 posterior
2448 434 2535 488 illa
2564 435 2822 489 Actorum
2850 450 2998 506 pars,
3045 452 3074 490 a
3100 434 3305 490 Grabio

76 536 187 579 stne
224 525 393 579 lucem
440 526 774 590 attulerunt;
816 541 955 594 quas
991 526 1083 593 qui
1145 527 1455 595 perlegerit,
1501 537 1626 580 tan-

75 628 174 671 tum
204 619 372 675 abest.
402 627 461 671 ut
484 617 649 683 viam,
673 632 781 686 qua
813 615 869 671 S.
894 626 1097 686 martyr
1127 619 1323 673 ductus
1354 632 1475 673 esse
1497 633 1627 671 nar-

75 719 229 773 ratur,
272 719 641 763 monstrosam
674 718 866 779 putare
904 710 1097 779 possit,
1138 720 1196 765 ut
1231 711 1377 765 clare
1411 712 1624 781 perspi-

73 804 185 866 ciat,
235 817 337 855 non
388 802 492 857 nisi
541 801 752 873 vulgari
803 801 1178 859 Romanorum
1226 805 1311 860 via
1356 804 1626 876 lgnatium

72 913 178 951 esse
202 913 356 951 usum
385 896 521 967 (9|).

134 990 184 1059 b)
221 990 481 1043 Actorum
528 997 808 1043 auctorem
856 988 951 1043 diu
986 1000 1108 1057 post
1142 988 1335 1059 lgnatii
1378 996 1627 1059 tempora

73 1083 276 1145 vixisse,
311 1081 541 1137 Dallzeus
585 1098 615 1137 e
651 1082 1001 1137 sermonibus
1036 1083 1291 1152 conjecit,
1317 1098 1459 1153 quos
1499 1098 1625 1137 cum

72 1173 289 1242 Trajano
336 1188 366 1227 a
412 1184 650 1246 martyre
706 1174 920 1227 habitos
971 1174 1107 1228 Acta
1175 1185 1363 1229 nostra
1430 1184 1629 1244 praeter

71 1280 271 1319 omnem
314 1265 425 1319 veri
477 1280 541 1319 ac
574 1264 758 1318 decori
815 1265 1054 1334 speciem
1085 1265 1309 1319 finxisse
1352 1274 1506 1334 putat
1545 1267 1628 1321 vir

72 1355 149 1408 ille
192 1354 438 1409 criticus.
499 1354 560 1408 Ei
611 1356 724 1425 jam
770 1354 1104 1410 Pearsonius
1148 1356 1261 1426 (92)
1322 1356 1623 1427 respondit,

69 1464 310 1503 sermones
338 1448 475 1503 istos
501 1461 648 1502 certe
670 1463 848 1519 neque
876 1451 1005 1515 veri,
1032 1465 1209 1520 neque
1238 1451 1417 1504 decori
1458 1451 1627 1505 ratio-

69 1557 153 1595 nes
183 1542 398 1595 turbare
431 1541 788 1597 contendens.
833 1541 950 1597 Una
984 1552 1194 1598 tantum
1234 1558 1340 1598 vox
1370 1544 1628 1599 κακοδαί-

70 1650 171 1701 μων
207 1633 276 1702 (c.
303 1633 382 1701 2),
424 1650 452 1687 a
479 1632 719 1703 Trajano
755 1644 1039 1705 usurpata,
1082 1635 1375 1706 objectioni
1416 1636 1491 1691 illi
1534 1651 1629 1693 oc-

68 1725 328 1779 casionem
354 1728 654 1795 praabuissc
668 1728 904 1793 videtur,
933 1744 1095 1799 quam
1118 1744 1278 1784 nemo
1300 1730 1500 1786 dixerit
1530 1730 1628 1784 im-

67 1820 283 1886 peratori
323 1818 550 1873 minime
596 1820 911 1887 convenire,
943 1820 1036 1892 qui
1064 1836 1185 1875 eam
1232 1830 1380 1876 recte
1409 1822 1625 1877 intelle-

67 1909 208 1964 xerit.
233 1908 336 1975 Qui
367 1913 508 1964 enim
542 1912 712 1977 uuvit,
741 1912 873 1982 quid
900 1913 973 1967 sit
996 1912 1367 1985 κακοδαίμων,
1402 1922 1457 1969 et
1488 1930 1627 1984 quo-

65 2002 210 2056 modo
234 2001 581 2059 Christianos
629 2006 687 2059 in
709 2004 919 2075 judicio
954 2008 1286 2077 compellare
1327 2008 1475 2063 soliti
1507 2006 1627 2064 fue-

66 2093 165 2148 rint
200 2096 428 2159 etlmici,
473 2096 631 2151 facile
671 2097 889 2163 sentiet,
914 2107 970 2152 et
1003 2114 1193 2154 verum
1239 2098 1345 2154 hoc
1381 2108 1436 2154 et
1462 2099 1627 2156 deco-

65 2205 171 2244 rum
218 2205 360 2245 esse.
417 2190 515 2245 Est
562 2202 744 2247 autem
794 2192 1162 2263 κακοδαίμων,
1216 2202 1275 2248 ut
1322 2209 1388 2248 ex
1435 2193 1626 2249 multis

65 2283 307 2353 exemplis
338 2282 672 2340 Pearsonius
712 2284 919 2352 docuit,
949 2284 1028 2340 nil
1061 2284 1210 2340 aliud
1236 2300 1403 2357 quam
1434 2285 1626 2356 infelix

65 2372 211 2428 homo
243 2374 383 2444 (95).

123 2464 383 2521 Praeterea
426 2466 800 2534 monendum,
849 2480 1135 2523 sermones
1178 2464 1376 2537 lgnatii
1421 2464 1627 2521 etTra-

62 2556 161 2627 jani
203 2574 233 2613 a
269 2559 542 2628 scriptore
581 2560 847 2615 Actorum
882 2575 987 2613 non
1028 2560 1097 2612 ad
1138 2557 1351 2613 verbum
1399 2558 1622 2624 relatos,

65 2659 440 2721 auctoremque
477 2663 727 2706 nostrum
774 2652 964 2707 eadem
1007 2652 1227 2706 licentia
1278 2666 1438 2707 usum
1480 2667 1623 2717 esse,

65 2754 210 2808 quam
244 2743 473 2797 omnino
502 2743 751 2798 historici
796 2743 852 2797 in
880 2742 1207 2799 enarrandis
1241 2742 1477 2799 aliorum
1508 2759 1625 2799 ser-

66 2833 298 2888 monibus
351 2835 456 2889 sibi
500 2835 871 2891 vindicabant.
915 2833 1074 2903 Quod
1122 2834 1171 2890 si
1219 2849 1270 2889 e.
1304 2850 1356 2905 g.
1384 2834 1562 2906 capite
1589 2836 1627 2890 2

63 2914 311 2985 'lrajanus
357 2918 490 2973 deos
547 2922 831 2989 gentilium
863 2921 1125 2978 dazmones
1170 2924 1439 2995 appellat,
1482 2937 1627 2985 certe

62 3007 362 3077 scriptorem
391 3010 768 3069 Christianum
796 3015 978 3071 verbis
1008 3015 1339 3074 Christianis
1386 3029 1625 3076 mentem

62 3098 257 3171 Traiani
292 3107 622 3177 exposuisse
656 3108 815 3166 facile
839 3110 1159 3181 perspicies.

120 3192 168 3259 c)
214 3190 527 3251 Autheutia:
572 3204 959 3267 argumentum
1013 3197 1138 3253 inde
1187 3213 1409 3271 quoque
1459 3198 1622 3257 nobis

64 3282 326 3347 petendum
367 3286 608 3353 videtur,
637 3288 786 3357 quod
813 3290 949 3345 Acta
981 3291 1096 3347 haec
1126 3306 1314 3361 pressa
1346 3292 1618 3360 simplici-

63 3386 153 3440 que
183 3377 429 3433 oratione
459 3379 570 3433 sint
618 3380 949 3451 conscripta,
995 3390 1161 3452 atque

118 3466 167 3538 d)
187 3469 321 3526 mire
348 3471 459 3526 illis
501 3473 892 3541 respondeant,
925 3488 1051 3544 quae
1078 3477 1149 3530 ab
1189 3474 1427 3531 Eusebio
1465 3485 1518 3532 et
1556 3475 1616 3533 S.

62 3552 245 3617 Joanne
292 3562 694 3635 Chrysostomo
749 3564 820 3620 de
877 3566 1145 3637 martyrio
1203 3565 1398 3636 lgnatii
1457 3570 1620 3626 doce-

64 3662 171 3704 mur
187 3652 319 3724 (94).

118 3740 165 3809 e)
200 3740 337 3798 Nihil
362 3744 603 3813 denique
630 3745 704 3799 ibi
731 3743 951 3816 legitur,
976 3759 1102 3801 cum
1127 3744 1354 3818 Trajani
1386 3748 1616 3805 historia

61 3843 282 3905 pugnans
311 3837 449 3907 (95).

117 3922 439 3984 Testimonia
473 3944 603 3984 vero
632 3927 887 3983 Veterum
918 3943 1018 4000 pro
1040 3928 1192 3985 Actis
1221 3928 1427 3986 nostris
1458 3946 1489 3986 e
1518 3944 1614 3988 sex

61 4016 227 4083 primis
242 4036 363 4076 terte
378 4021 711 4075 Christiana:
727 4020 945 4076 saeculis
962 4020 1195 4075 inveniri
1229 4036 1339 4075 non
1358 4030 1613 4091 possunt.

116 4106 197 4165 ιν.
220 4110 561 4168 Postremum
590 4113 852 4166 Actorum
879 4110 1073 4182 lgnatii
1104 4121 1314 4183 partem
1339 4115 1611 4184 spuriam,

60 4208 101 4255 et
130 4202 191 4256 ab
217 4203 606 4275 interpolatore
635 4204 876 4274 quodam
908 4214 1179 4271 assutam,
1204 4205 1455 4261 arbitrati
1484 4216 1616 4263 sunt

60 4289 312 4364 Usserius,
345 4297 587 4353 Grabius
618 4308 673 4352 et
701 4296 827 4366 alii;
860 4296 1069 4364 causis,
1114 4307 1174 4353 ut
1213 4298 1351 4353 mihi
1374 4298 1610 4368 videtur,

58 4396 149 4441 non
176 4387 589 4445 sufﬁcientibus.

1729 524 1783 577 in
1808 524 2033 578 dubium
2062 533 2273 588 vocata,
2305 525 2357 578 in
2378 528 2627 581 versione
2649 529 2853 584 codicis
2875 528 3141 595 Caiensis,
3169 538 3222 583 et
3247 527 3305 583 in

1728 615 1919 673 Graeco
1954 616 2251 685 exemplari
2278 615 2595 673 Parisiensi.

1796 707 1854 777 b)
1896 706 1954 761 Si
1987 705 2250 760 Grabium
2291 707 2514 775 audias,
2558 719 2741 778 aperte
2780 709 2885 763 sibi
2928 710 3159 764 invicem
3212 726 3303 765 re-

1726 814 1973 870 pugnare
1999 799 2255 854 videntur
2288 799 2391 853 ista
2420 802 2585 854 verba
2635 821 2685 856 c.
2716 802 2766 861 7.
2794 818 2915 871 quae
2955 804 3007 857 in
3052 805 3305 858 versione

1727 900 1914 946 nostra
1942 891 2013 945 ita
2042 901 2276 946 sonant:
2310 892 2515 946 [lorum
2548 910 2640 946 nos
2676 894 2777 963 ipsi
2804 904 3122 963 spectatores
3153 896 3302 964 facti,

1725 998 1842 1036 cum
1895 983 1952 1035 in
2004 982 2263 1053 lucrymis
2337 994 2502 1039 totam
2566 996 2769 1038 noctem
2836 988 3207 1056 exegissrmus,
3254 996 3303 1039 et

1726 1077 1941 1146 genibus
1987 1077 2141 1146 ﬂexis
2188 1078 2457 1147 multaque
2508 1080 2746 1132 oratione
2792 1078 3093 1143 Dominum,
3125 1091 3177 1132 ut
3212 1096 3305 1133 nos

1726 1170 1969 1239 inﬁrmos
2015 1171 2079 1222 de
2120 1170 2210 1236 iis,
2240 1186 2355 1239 quae
2398 1170 2543 1239 facta
2589 1171 2833 1239 fuerant,
2873 1184 3039 1225 certos
3083 1174 3303 1240 faceret,

1726 1279 1956 1317 essemus
2002 1264 2223 1332 precati,
2272 1273 2379 1319 etc.
2434 1264 2490 1316 Si
2534 1265 2677 1317 eiiim
2722 1265 2836 1319 haec
2872 1266 3034 1332 facta,
3070 1266 3305 1322 Grabius

1729 1356 1941 1426 inquit,
2004 1356 2221 1426 ipsimct
2281 1366 2619 1426 spectatores
2651 1359 2825 1413 oculis
2885 1373 3304 1430 usurpaverant,

1729 1447 1859 1516 quid
1914 1462 2055 1517 opus
2111 1456 2262 1510 erat,
2321 1447 2635 1502 ulteriorem
2689 1449 2756 1504 de
2802 1451 2872 1505 iis
2920 1455 3304 1511 certitudiuem

1729 1552 1760 1590 a
1797 1534 1913 1591 Deo
1954 1537 2232 1606 postulare
2254 1540 2361 1591 ⁸9-
2388 1537 2493 1592 Sed
2530 1538 2768 1594 Grabius
2803 1541 3055 1596 Gnaeum
3097 1553 3303 1601 textum

1730 1628 1872 1682 male
1922 1628 2313 1698 interpretatus
2368 1630 2483 1683 inec
2532 1630 2769 1698 objccit;
2839 1634 3104 1687 αὐτόπται
3157 1637 3304 1690 enim

1732 1717 1811 1771 illi
1848 1732 1957 1771 non
2012 1718 2079 1771 de
2113 1727 2287 1771 morte
2326 1716 2537 1787 lgnatii,
2571 1718 2665 1771 sed
2696 1719 2763 1773 de
2797 1734 2862 1773 eo
2891 1722 3156 1776 certiores
3188 1722 3304 1777 fieri

1654 1788 1699 1845 Β
1726 1807 2000 1869 volebant,
2031 1823 2161 1860 num
2195 1808 2513 1878 martyrium
2543 1808 2661 1877 ejus
2690 1808 2799 1864 Deo
2827 1822 2970 1866 esset
2999 1821 3305 1882 acceptum,

1730 1897 1923 1968 utjam
1954 1898 2202 1953 Clericus
2244 1900 2459 1953 monuit
2487 1899 2624 1970 (96).

1799 1990 1853 2061 ε)
1894 1989 2118 2046 Falsum
2164 2007 2289 2045 esse
2338 1992 2624 2046 contendit
2673 1991 2943 2060 Grabius,
2998 1998 3141 2066 quod
3198 2013 3248 2054 c.
3278 1998 3308 2051 7

1726 2081 1971 2154 Ignatius
2018 2093 2271 2137 mortuus
2330 2082 2501 2137 fuisse
2545 2083 2763 2139 dicatur
2813 2088 3114 2142 consulibus
3165 2092 3306 2159 apud

1725 2174 1994 2229 Romanos
2037 2176 2227 2228 iterum
2261 2174 2401 2230 Sura
2437 2186 2485 2231 et
2514 2177 2817 2243 Senecione,
2858 2182 2894 2234 i.
2930 2197 2979 2234 e.
3006 2198 3151 2235 anno
3180 2183 3302 2237 107.

1727 2268 1967 2323 Crabius
2017 2269 2187 2331 enim,
2243 2278 2303 2322 ut
2352 2285 2515 2338 supra
2562 2271 2821 2338 vidimus,
2874 2289 3037 2329 unam
3095 2284 3305 2329 tantum

1727 2358 1952 2431 Trajani
1975 2358 2372 2430 expeditionem
2398 2358 2703 2415 Parthicam
2732 2364 3046 2431 admittens,
3075 2378 3304 2424 mortem

1722 2449 1790 2507 S.
1816 2451 2073 2523 martyris
2118 2467 2263 2506 anno
2296 2450 2397 2505 116
2430 2453 2701 2522 ascripsit.
2750 2452 2861 2509 Nos
2901 2469 3089 2510 contra
3138 2459 3309 2513 tutius

1727 2545 2063 2615 putavimus,
2088 2542 2241 2597 alteri
2276 2542 2536 2597 accedere
2567 2547 2867 2613 sententiae,
2895 2564 3016 2617 quur
3041 2547 3305 2619 lgnatium

1728 2650 1874 2690 anno
1892 2634 1993 2687 107
2022 2649 2052 2689 e
2072 2635 2209 2690 vivis
2232 2634 2538 2689 decessisse
2568 2647 2775 2690 censet.

1797 2733 1854 2804 d)
1896 2730 2145 2803 Objectiu
2199 2731 2429 2799 Usscrii,
2485 2734 2700 2790 detecto
2762 2738 3058 2806 exemplari
3117 2738 3359 2809 Greco.

1726 2822 1923 2890 diluta,
1950 2825 2064 2895 jam
2093 2840 2123 2879 a
2154 2823 2354 2879 Grabio
2381 2834 2463 2879 est
2493 2825 2720 2881 omissa.
2756 2824 3011 2882 Usscrius
3040 2830 3091 2881 in
3120 2829 3310 2885 codice

1726 2912 1946 2970 Caiensi
2000 2916 2215 2986 legebat
2251 2925 2326 2983 (c.
2356 2917 2412 2985 ιι)
2454 2935 2468 2971 :
2511 2933 2603 2986 per
2650 2933 3047 2974 pascaneurss
3097 2922 3308 2977 litteras

1723 3009 1930 3078 gratias
1965 3026 2145 3081 agens,
2182 3015 2453 3082 appositas
2487 3014 2558 3068 ad
2589 3014 2754 3082 ipsas,
2785 3022 2888 3067 etc.
2924 3011 3061 3067 lliuc
3098 3015 3181 3067 vir
3209 3016 3310 3070 do-

1650 3131 1695 3190 c
1727 3100 2010 3158 ctissimus
2056 3105 2357 3169 conclusit,
2413 3116 2747 3175 postremam
2787 3104 3051 3160 Actorum
3093 3116 3303 3175 partem

1725 3194 1796 3248 ab
1826 3194 1919 3248 illo
1948 3196 2217 3265 scriptore
2259 3198 2444 3252 saeculi
2481 3198 2662 3268 quinti
2698 3213 2821 3252 esse
2853 3195 3183 3262 confectam,
3210 3199 3306 3268 qui

1722 3284 1909 3341 Graeca
1933 3287 2067 3342 Acta
2098 3289 2152 3341 in
2177 3287 2431 3345 Latinum
2466 3305 2773 3346 sermonem
2804 3290 3101 3355 transtulit,
3127 3306 3309 3346 exem-

1721 3378 1971 3449 plarique
2007 3396 2110 3437 suo
2156 3382 2400 3453 syllogen
2443 3384 2803 3452 epistularum
2858 3381 3049 3452 lgnatii
3094 3400 3303 3454 praepo-

1721 3470 1865 3535 suit;
1897 3486 2064 3540 quam
2093 3473 2473 3540 prs-recedentem
2505 3474 2863 3543 epistularum
2906 3474 3147 3544 syllogcr.
3178 3490 3303 3529 ver-

1720 3562 1806 3617 bis
1842 3563 1952 3618 illis
1986 3564 2337 3632 pmeedentes
2381 3564 2590 3619 litteras
2637 3565 2869 3620 indicari
2911 3563 3165 3619 Usscrius
3206 3581 3306 3620 su-

1720 3654 1965 3724 spicatus
2017 3664 2121 3710 est.
2154 3654 2259 3710 Sed
2284 3655 2473 3712 Graeca
2511 3676 2523 3711 :
2699 3656 2787 3713 διὰ
2820 3656 2929 3709 τῶν
2962 3656 3304 3727 ἡγουμένων,

1718 3744 2068 3816 γραμμάτων
2112 3744 2451 3817 εὐχαριστων
2484 3746 2909 3818 ἐκπεμφθέντων
2953 3766 3006 3801 κ.
3044 3766 3093 3801 τ.
3131 3748 3180 3802 λ.
3230 3749 3304 3805 ita

1718 3834 2021 3890 reddantur
2069 3846 2478 3907 oportetmtque
2492 3836 2763 3902 Ecclesiis,
2810 3853 2929 3908 quia
2960 3839 3063 3907 ipsi
3094 3855 3186 3907 per
3214 3854 3297 3892 νε·-

1717 3937 1885 3983 ctores
1932 3927 2320 4001 (ἡγουμένων)
2379 3945 2502 3983 suos
2561 3940 2941 3993 occurrerant,
3013 3933 3302 3985 mercedem

1717 4019 1976 4087 redderet,
2022 4022 2229 4091 gratias
2274 4038 2434 4092 agens
2472 4021 2665 4076 litteris
2696 4021 3081 4094 (γραμμάτων)
3118 4023 3187 4075 ad
3212 4038 3302 4077 eas

1716 4110 1895 4165 missis
1924 4109 2078 4179 (Cod.
2104 4109 2355 4167 Caiensis
2380 4112 2521 4165 male
2551 4127 2563 4164 :
2594 4112 2867 4181 appositas
2896 4112 2965 4165 ad
3003 4114 3193 4182 ipsas).

1784 4200 1923 4255 Cum
1952 4218 2039 4258 res
2068 4202 2141 4257 ita
2170 4219 2229 4257 se
2258 4202 2477 4264 haheat.
2503 4203 2822 4272 objectioni,
2852 4201 3060 4258 Usscrii
3092 4204 3299 4258 nullam

1714 4292 1826 4348 vim
1869 4292 2049 4350 inesse
2096 4293 2256 4350 facile
2303 4294 2631 4364 perspicies,
2676 4310 2854 4365 neque
2889 4299 2956 4350 de
2994 4296 3304 4366 integritate

1712 4387 1976 4443 Actorum
2008 4388 2305 4454 dubitabis,
2344 4388 2471 4443 licet
2514 4387 2748 4444 fortasse
2785 4388 3118 4458 paucissima
3153 4406 3304 4458 quo:-

113 4479 159 4548 a)
194 4478 534 4537 Postremam
566 4479 831 4534 Actorum
866 4488 1075 4551 partem
1125 4478 1179 4532 in
1215 4479 1387 4533 altera
1415 4478 1610 4534 Latina
1642 4477 1688 4533 D
1715 4478 1865 4543 dam,
1903 4488 1997 4535 aut
2030 4480 2161 4534 vitio
2198 4480 2548 4535 librariorum
2591 4489 2847 4548 corrupta
2869 4520 2884 4545 ,
2922 4488 3015 4534 aut
3047 4480 3302 4535 manibus

59 4569 277 4628 versione
310 4572 524 4628 codicis
555 4570 867 4626 Cottoniani
915 4572 1140 4635 deesse,
1174 4571 1401 4625 minime
1439 4585 1606 4642 nega-

62 4667 179 4727 mus,
207 4666 297 4721 sed
336 4667 488 4720 hunc
527 4667 772 4721 codicem
822 4663 1031 4719 nullius
1075 4662 1421 4718 auctoritatis
1461 4677 1609 4731 esse,

61 4750 216 4819 exiis,
244 4768 362 4823 quae
398 4776 565 4829 supra
613 4760 641 4830 ᾗ
693 4758 711 4812 1
758 4759 1022 4824 diximus,
1054 4758 1191 4811 satis
1222 4766 1478 4826 apparet;
1524 4757 1609 4812 lu-

62 4856 204 4913 reque
239 4856 322 4902 est
374 4847 585 4901 clarius
633 4853 986 4921 interpretem
1033 4850 1224 4915 istum,
1270 4846 1463 4918 lgnatii
1510 4848 1608 4903 ad-

61 4943 196 4988 ventu
236 4934 287 4989 in
310 4934 460 4991 Urbe
501 4948 745 5001 narrato,
791 4955 821 4993 a
852 4938 1092 5011 genuino
1114 4939 1377 4995 Actorum
1417 4954 1607 4995 exem-

61 5022 171 5091 plari
212 5028 276 5084 ad
315 5027 533 5085 fabulas
591 5029 1000 5101 interpolatoris
1055 5047 1179 5088 sese
1236 5033 1597 5089 convertisse.

114 5204 211 5283 (Si!)
250 5204 389 5283 [ide
412 5206 703 5283 infra_not.
729 5209 765 5264 4
785 5210 854 5265 ad
879 5224 930 5266 c.
959 5209 993 5265 5
1015 5208 1257 5283 Martyrii
1297 5208 1356 5267 S.
1382 5209 1496 5283 lgn.

114 5277 211 5354 (ἓξ)
259 5277 513 5335 Vindicio:
541 5278 687 5354 I_gu.,
712 5290 872 5353 parte
893 5296 957 5351 ιι,
978 5296 1030 5338 c.
1049 5282 1138 5349 12,
1157 5277 1345 5354 supra.

117 5348 212 5418 (95)
250 5358 528 5421 Pearson-i
559 5348 597 5407 Ιέ
626 5366 679 5406 ε·

1714 4569 2084 4641 posteriornm
2110 4571 2293 4627 addita
2321 4572 2450 4626 sint.

1788 4662 1854 4719 V.
1895 4665 2029 4719 Acta
2068 4662 2311 4735 Martyrii
2347 4662 2617 4734 S.lgnatii
2657 4661 2984 4732 interpolata
3027 4676 3057 4717 e
3096 4662 3299 4718 sarculo

1714 4758 1938 4813 circiter
1984 4765 2164 4821 sexto,
2210 4755 2399 4810 Graece
2452 4755 2615 4809 habet
2668 4754 3064 4825 Metaphrastes
3114 4755 3182 4810 ad
3227 4755 3299 4811 20

1715 4847 1870 4915 Dec.,
1905 4855 1958 4903 et
1992 4847 2190 4902 exinde
2220 4846 2416 4901 Latine
2447 4846 2649 4902 Surius
2688 4856 2743 4901 et
2772 4847 3088 4912 Bollandus,
3114 4848 3299 4902 calen-

1711 4939 1797 4995 dis
1850 4938 2048 5004 Febr.;
2108 4940 2295 4995 erce
2354 4946 2408 4993 et
2434 4938 2629 4995 Latine
2677 4939 2731 4994 in
2783 4939 3022 4995 editione
3066 4937 3295 4993 Patrum

1712 5032 2125 5104 apostolieorum
2154 5032 2481 5089 Cotelerius.

1774 5207 1889 5279 (94)
1930 5205 2212 5279 Lumper.,
2256 5206 2752 5273 Hist.theol.crit.,
2785 5219 2824 5263 t.
2851 5207 2892 5273 l,
2930 5223 2984 5278 p.
3019 5207 3143 5264 435.

1776 5277 1892 5350 (95)
1932 5277 2215 5350 bitumen,
2244 5278 2281 5333 l.
2307 5294 2357 5333 c.

1776 5346 1891 5419 (96)
1936 5346 2225 5406 Vide'not.
2255 5350 2322 5406 ad
2352 5363 2402 5406 c.
2432 5349 2461 5401 7
2496 5348 2720 5421 Martyr.
2756 5346 2935 5418 lgnat.
