3746 6362
154 392 254 447 653

1337 376 1674 435 EPISTOLA
1712 378 1804 432 AD
1840 376 2200 434 EPHESIOS.

3300 385 3406 463 est

154 512 232 568 ὅτι
268 506 532 581 ἠξιώθην,
564 507 633 561 δι’
666 496 743 561 ὧν
774 504 1000 577 γράφω,
1034 500 1437 577 προσομιλῆσαι
1469 501 1598 572 ὑμῖν
1631 499 1722 554 καὶ

1899 498 2033 565 ribo,
2062 499 2301 570 colloqui
2328 498 2633 565 vobiscum,
2659 508 2715 556 et
2750 501 2916 557 simul
2946 502 3219 573 gaudere;
3251 504 3406 574 quia,

158 601 509 675 συγχαρῆναι,
542 600 624 654 ὅτι
657 597 777 653 κατ’
801 596 910 670 (65)
936 595 1093 652 ἄλλον
1116 595 1230 667 βίον
1262 593 1414 647 οὐδὲν
1445 593 1717 663 ἀγαπᾶτε,

153 697 199 749 εἰ
231 695 305 767 μὴ
340 693 498 766 μόνον
528 692 618 746 τὸν
649 691 802 746 Θεόν.

1830 593 2043 647 ratione
2092 591 2319 647 alterius
2357 592 2483 647 vitae
2532 592 2740 659 habita,
2771 594 2908 648 nihil
2940 594 3167 666 diligitis
3200 605 3394 666 prretet

1827 685 2006 741 solum
2038 682 2235 738 Deum.

1090 805 1159 861 X.
1200 805 1362 860 Orate
1389 819 1483 873 pro
1516 803 1664 869 aliis,
1696 801 1811 856 sitis
1845 801 2020 865 mites,
2054 798 2299 866 humiles,
2326 808 2431 854 etc.

216 932 324 985 Καὶ
365 930 504 1003 ὑπὲρ
556 930 665 983 τῶν
714 930 890 985 ἄλλων
938 928 996 982 δὲ
1026 924 1330 1001 ἀνθρώπων
1361 922 1724 986 ἀδιαλείπτως

151 1022 530 1097 προσεύχεσθε.
558 1024 746 1077 Ἔστιν
778 1022 886 1095 γάρ
919 1023 979 1075 ὲν
1018 1022 1202 1084 αὐτοῖς
1236 1018 1391 1082 ἐλπὶς
1419 1015 1726 1089 μετανοίας,

151 1116 233 1169 ἵνα
275 1114 409 1169 Θεοῦ
443 1114 699 1185 τύχωσιν.
756 1113 1117 1187 Ἐπιτρέψατε
1153 1108 1248 1166 οὖν
1289 1112 1473 1175 αὐτοῖς
1517 1109 1621 1163 κᾶν
1664 1110 1730 1161 ὲκ

150 1208 251 1263 τῶν
283 1208 458 1282 ἔργων
483 1209 611 1279 ὑμῖν
655 1207 1081 1279 μαθητευθῖψαι.
1118 1205 1227 1279 (64)
1249 1205 1397 1279 Πρὸς
1429 1204 1529 1267 τὰς
1559 1201 1730 1275 ὀργὰς

149 1299 323 1353 αὐτῶν
356 1300 514 1371 ὑμεῖς
555 1301 784 1371 πραεῖς,
822 1298 962 1372 πρὸς
1019 1297 1119 1361 τὰς
1173 1293 1729 1368 μεγαλοῤῥημοσύνας

150 1392 323 1448 αὐτῶν
362 1393 526 1464 ὑμεῖς
562 1392 985 1464 ταπεινόφρονες
1008 1431 1023 1455 ,
1068 1390 1207 1463 πρὸς
1245 1390 1348 1452 τὰς
1386 1386 1731 1459 βλασφημίας

149 1484 322 1538 αὐτῶν
359 1486 519 1556 ὑμεῖς
558 1484 657 1547 τὰς
700 1480 1167 1556 προσευχὰς(65),
1212 1481 1349 1553 πρὸς
1522 1479 1730 1549 πλάνην

150 1576 323 1631 αὐτῶν
366 1578 523 1649 ὑμεῖς
545 1575 652 1648 (66)
690 1575 892 1650 ἑδραῖοι
934 1577 999 1646 τῇ
1028 1574 1229 1637 πίστει,
1268 1574 1405 1646 πρὸς
1429 1572 1500 1626 τὸ
1542 1572 1730 1643 ἄγριον

150 1668 324 1722 αὐτῶν
367 1668 529 1740 ὑμεῖς
560 1669 779 1741 ἥμεροι.
800 1668 894 1740 Μὴ
930 1665 1320 1730 σπουδάζοντες
1358 1663 1729 1734 ἁντιμιμήσα-

152 1760 271 1814 σθαι
302 1761 521 1826 αὐτοὺς,
544 1758 764 1830 ἀδελφοὶ
798 1758 976 1812 αὐτῶν
999 1755 1323 1831 εὑρηθῶμεν
1346 1746 1411 1827 τῇ
1438 1754 1725 1826 ἐπιεικείᾳ

1899 918 2007 976 Sed
2036 927 2090 975 et
2107 933 2207 990 pro
2228 918 2353 974 aliis
2376 918 2690 974 hominibus
2717 917 3089 975 indesinenter
3117 928 3292 974 orate.
3318 917 3414 974 Est

1828 1011 1977 1066 enim
1996 1012 2051 1065 in
2067 1011 2200 1082 ipsis
2212 1026 2337 1081 spes
2352 1009 2707 1080 poenitentiae,
2725 1019 2785 1064 ut
2801 1008 2974 1064 Deum
3001 1010 3408 1066 nanciscantur.

1827 1102 2133 1158 Permittite
2167 1094 2350 1173 itaque
2379 1102 2551 1172 ipsos,
2580 1102 2774 1156 saltem
2804 1117 2872 1157 ex
2895 1101 3173 1172 operibus,
3191 1116 3223 1155 a
3257 1102 3413 1158 vobis

1833 1197 2064 1267 erudiri.
2083 1197 2217 1252 Sitis
2238 1212 2337 1253 vos
2367 1196 2632 1252 adversus
2658 1196 2769 1251 iras
2790 1210 2980 1249 eorum
3011 1195 3194 1262 miles,
3220 1196 3416 1251 adver-

1835 1306 1933 1346 sus
1967 1289 2462 1361 magniloquentias
2492 1304 2683 1344 eorum
2722 1288 2990 1353 humiles;
3023 1302 3211 1342 eorum
3244 1288 3415 1344 male-

1835 1383 1997 1439 dictis
2020 1382 2281 1453 opponite
2301 1397 2400 1436 vos
2424 1396 2632 1452 preces,
2657 1380 2923 1435 adversus
2950 1395 3195 1435 errorem
3220 1396 3411 1435 eorum

1835 1490 1936 1531 vos
1965 1476 2109 1530 lirmi
2134 1485 2451 1545 permanete
2483 1475 2536 1528 in
2560 1475 2686 1541 fide,
2713 1474 2976 1531 adversus
3006 1474 3202 1529 eﬂ‘eros
3234 1489 3415 1529 mores

1837 1568 2057 1623 illorum
2076 1583 2174 1623 vos
2206 1568 2478 1624 mansueti
2506 1566 2648 1622 sitis.
2669 1564 2788 1621 Non
2821 1567 2971 1637 ipsos
2996 1576 3185 1622 contra
3211 1566 3413 1619 imitari

1838 1661 2043 1726 conati,
2063 1658 2262 1716 fratres
2290 1675 2481 1715 eorum
2506 1660 2851 1715 inveniamur
2873 1677 2971 1732 per
2986 1659 3413 1730 benignitatem;

1838 1751 2143 1807 imitatores
2173 1762 2358 1807 autem
2383 1752 2602 1809 Domini
2626 1751 3272 1822 studeamusesse,(quis
3301 1766 3417 1804 ma-

152 1855 383 1925 μιμηταὶ
401 1854 457 1907 δὲ
480 1852 574 1906 τοῦ
594 1850 800 1924 Κυρίου
827 1850 1214 1921 σπουδάζωμεν
1243 1846 1403 1913 εἶναι,
1430 1847 1534 1917 (τίς
1567 1845 1722 1899 πλέον

1899 1859 2009 1899 rem
2041 1844 2301 1915 iujuriam
2334 1860 2534 1915 passus
2559 1855 2643 1901 est
2673 1862 2939 1917 unquam,
2972 1846 3097 1916 quis
3121 1843 3295 1915 magis
3323 1843 3418 1897 de-

149 1946 257 2018 (67)
280 1924 592 2017 (ἀδικηθεὶς,
636 1945 720 2008 τίς
757 1940 1195 2015 ἀποστερηθεὶς,
1257 1940 1342 2003 τίς
1362 1938 1669 2012 τὰθετηθείς
1689 1939 1722 2011 ;)

1899 1946 2082 2005 tutus,
2119 1938 2244 2008 quis
2271 1939 2446 2010 magis
2480 1941 2896 2010 contemptus?)
2942 1954 3010 1993 ne
3038 1938 3207 1993 herba
3232 1938 3417 2007 aliqua

151 2039 256 2111 (68)
288 2041 377 2093 ἵνα
414 2040 489 2111 μὴ
523 2037 617 2092 τοῦ
653 2036 901 2091 διαϐόλου
930 2034 1037 2107 (69)
1076 2033 1274 2105 βοτάνη
1326 2049 1409 2096 τις
1452 2031 1649 2103 εὐρεθῇ
1675 2034 1722 2086 ἐν

1899 2031 2038 2086 aboli
2082 2031 2138 2085 in
2185 2032 2342 2087 vobis
2384 2032 2732 2098 inveniatur;
2764 2033 2858 2088 sed
2896 2033 2951 2087 in
3001 2031 3149 2086 omni
3181 2032 3417 2103 puritate

150 2135 275 2205 ὑμῖν
292 2150 306 2163 ·
343 2132 459 2188 ἀλλ’
482 2132 541 2185 ὲν
564 2130 716 2204 πάσῃ
737 2129 932 2201 ἁγνείᾳ
955 2127 1047 2183 καὶ
1069 2125 1392 2199 σωφροσύνῃ
1432 2127 1649 2197 μένητε,
1676 2127 1722 2178 ἐι

1923 2126 2285 2196 temperantia
2319 2128 2627 2194 maneatis,
2660 2128 2718 2183 in
2750 2126 2881 2185 Jesu
2919 2127 3174 2194 Christo,
3220 2142 3417 2205 carna-

161 2224 333 2298 Ἰησοῦ
370 2222 610 2297 Χριστῷ,
648 2220 926 2293 σαρκικῶς
967 2219 1062 2274 καὶ
1084 2216 1489 2290 πνευματικῶς.

1899 2232 1958 2271 er
1997 2225 2052 2272 et
2079 2218 2460 2288 spiritualiter.

705 2340 796 2395 XI.
835 2338 1142 2394 Novissima
1164 2337 1281 2407 jam
1315 2345 1438 2391 sunt
1473 2346 1746 2405 tempora;
1779 2334 2058 2388 timeamus
2090 2334 2410 2400 Dominum;
2442 2345 2591 2390 orate
2616 2352 2711 2407 pro
2739 2353 2841 2393 me.

217 2459 329 2533 (70)
368 2461 629 2531 Ἔσχατοι
664 2458 845 2531 καιροὶ⁹
885 2454 998 2529 (71)
1044 2455 1254 2509 λοιπόν.
1300 2452 1722 2526 Αἱσχυνθῶμεν¹

1907 2451 2217 2509 Novissima
2242 2454 2357 2523 jam
2397 2464 2527 2511 sunt
2551 2454 3223 2526 tempora.,Revereamur
3259 2464 3314 2510 ct
3351 2456 3413 2509 ti-

150 2551 478 2624 φοϐηθῶμεν
494 2552 591 2623 τὴν
613 2550 993 2624 μακροθυμίαν
1014 2548 1107 2602 τοῦ
1133 2547 1291 2612 Θεοῦ,
1311 2548 1397 2600 ἵνα
1415 2546 1490 2618 μὴ
1505 2548 1635 2618 ἡμῖν
1652 2548 1722 2610 εις

1899 2562 2087 2603 eamus
2115 2546 2208 2602 Dei
2248 2549 2739 2619 longanimitatem,
2769 2565 2836 2603 ne
2866 2549 2921 2603 in
2945 2548 3219 2619 judicium
3258 2550 3419 2603 nobis

150 2648 321 2716 κρῖμα
341 2643 587 2714 γένηται.
626 2643 697 2697 ’Ἡ
716 2639 824 2714 γὰρ
847 2642 946 2714 τὴν
969 2640 1264 2712 μέλλουσαν
1296 2639 1465 2712 ὀργὴν
1486 2637 1722 2710 φοϐηθῶ-

1899 2640 2015 2695 dat.
2044 2640 2155 2695 Aut
2180 2641 2328 2695 enim
2362 2639 2604 2695 futuram
2638 2642 2931 2698 timeamus
2957 2630 3115 2710 iram,
3155 2650 3250 2697 aut
3279 2658 3421 2713 pra:-

154 2753 266 2806 μεν,
318 2737 353 2807 ἦ
407 2736 506 2807 τὴν
543 2734 849 2789 ἐνεστῶσαν
879 2734 1037 2807 χάριν
1073 2732 1471 2803 ἁγαπήσωμεν”
1520 2730 1631 2801 (72)
1673 2730 1722 2784 ἓν

1903 2741 2047 2787 ntem
2078 2732 2309 2803 gratiam
2339 2732 2663 2803 diligamus;
2696 2749 2866 2786 unum
2895 2749 2960 2787 ex
2989 2734 3225 2787 duobus.
3262 2732 3420 2787 Modo

150 2829 251 2881 τῶν
271 2830 389 2884 δύο.
437 2828 613 2883 Μόνον
642 2830 699 2882 ἐν
734 2825 955 2900 Χριστῷ
1005 2824 1178 2898 Ἰησοῦ
1226 2822 1533 2896 εὑρεθῆναι,
1568 2825 1647 2888 εἱς
1675 2821 1722 2876 τὶ

1923 2822 2147 2879 Christo
2176 2822 2307 2879 Jesu
2336 2824 2701 2889 inveniamur,
2732 2824 2799 2879 ad
2832 2839 3015 2877 veram
3040 2824 3207 2877 vitam
3230 2825 3419 2879 viven-

149 2918 399 2990 άὶηθινὸν
426 2920 543 2990 ζῇν.
578 2918 761 2991 Χωρὶς
788 2917 976 2971 τούτου
1007 2916 1173 2987 μηδὲν
1216 2916 1346 2986 ὑμῖν
1379 2913 1654 2986 πρεπέτω,
1680 2916 1722 2967 ει

1899 2930 1985 2969 im.
2047 2913 2179 2969 Sine
2227 2914 2349 2984 ipso
2398 2916 2534 2969 nihil
2570 2931 2670 2970 vos
2706 2915 2920 2979 deceat,
2964 2916 3020 2971 in
3062 2932 3173 2986 quo
3203 2917 3418 2971 vincula

148 3004 190 3078 ᾧ
206 3012 272 3065 τά
292 3011 473 3082 δεσμά
497 3012 799 3083 περιφέρω,
819 3010 943 3072 τοὺς
966 3007 1365 3079 πνευματικοὺς
1389 3006 1502 3078 (75)
1522 3022 1722 3078 μαργα-

1899 3006 2163 3063 reumfero
2190 3007 2500 3077 spirituales
2533 3010 2883 3080 margaritas,
2914 3010 2966 3062 in
2998 3010 3202 3079 quibus
3232 3026 3421 3066 resur-

151 3104 298 3176 ρίτας
324 3145 339 3169 ,
391 3107 449 3158 ὲν
479 3100 561 3167 οἷς
590 3102 799 3172 γένοιτό
850 3118 941 3173 μοι
991 3099 1294 3170 ἀναστῆναι
1343 3102 1410 3172 τῇ
1456 3099 1722 3171 προσευχῇ

1905 3115 1961 3155 re
1989 3100 2124 3154 mihi
2151 3101 2432 3171 contingat
2457 3104 2706 3158 oratione
2732 3115 2935 3168 vestra,
2983 3107 3143 3177 cujus
3176 3123 3262 3162 me
3293 3114 3421 3176 opto

151 3198 317 3269 ὑμῶν,
344 3191 417 3268 ἧς
442 3196 652 3267 γένοιτό
685 3212 774 3267 μοι
811 3196 900 3249 ἀεὶ
928 3193 1153 3266 μέτοχον
1184 3188 1324 3247 εἶναι
1343 3233 1359 3257 ,
1398 3192 1487 3247 ἵνα
1515 3194 1572 3245 ὲν
1601 3190 1722 3263 κλή-

1900 3207 2052 3262 mper
2078 3192 2195 3246 fieri
2228 3192 2568 3262 participem,
2595 3204 2651 3247 ut
2692 3192 2943 3249 inveniar
2966 3194 3022 3250 in
3048 3207 3199 3252 sorte
3238 3196 3418 3268 Ephe-

153 3307 225 3361 ρῳ
271 3288 538 3358 Ἐφεσίων
569 3286 776 3360 εὑρεθῶ
819 3285 928 3339 τῶν
956 3284 1328 3361 Χριστιανῶν,
1380 3283 1430 3337 οἳ
1485 3285 1579 3337 καὶ
1619 3285 1722 3345 τοῖς

1899 3301 2045 3341 )rum
2070 3286 2530 3354 Christianorum,
2555 3290 2647 3359 qui
2674 3299 2728 3346 et
2755 3293 3020 3361 apostolis
3050 3308 3264 3363 semper
3287 3307 3419 3348 con-

150 3380 472 3443 ἁποστόλοις
521 3379 754 3433 πάντοτε
808 3377 1105 3447 συνῄνεσαν
1160 3379 1218 3429 ὲν
1268 3376 1497 3447 δυνάμει
1554 3373 1722 3447 Ἰησοῐ

1899 3385 2129 3432 nserunt
2154 3377 2207 3431 in
2238 3377 2439 3433 virtute
2464 3377 2593 3434 Jcsu
2620 3380 2847 3436 Christi.

150 3469 410 3544 Χριστοῦ.

88 3552 89 3557 “
1532 3564 1712 3622 Vetus
1758 3564 2100 3639 interpres.

153 3696 347 3763 quibus
376 3705 434 3751 et
456 3696 738 3751 exsultans
768 3695 1119 3765 dignillcatus
1144 3710 1266 3749 sum
1286 3736 1301 3757 ,
1324 3708 1436 3765 per
1469 3708 1591 3763 qua:
1628 3693 1835 3761 scribo,
1876 3694 2080 3764 alloqui
2113 3693 2291 3763 vobis,
2320 3702 2376 3750 et
2404 3694 2783 3765 congaudere;
2815 3696 3079 3765 quoniam
3112 3697 3418 3753 secundum

152 3768 307 3822 aliam
338 3768 513 3822 vitam
545 3768 683 3821 nihil
712 3763 942 3838 diligitis
968 3766 1077 3821 nisi
1108 3766 1288 3842 solum
1322 3763 1516 3818 Deum.

1605 3883 1836 3938 CAPUT
1893 3884 1941 3938 Χ

218 3979 321 4036 Sed
370 3990 428 4035 et
468 3996 569 4052 pro
626 3981 749 4036 aliis
795 3981 1114 4036 hominibus
1168 3980 1536 4052 indesinenter
1591 3980 1760 4034 Deum
1806 3982 1994 4035 oratis.
2053 3979 2150 4036 Est
2188 3982 2335 4037 enim
2386 3982 2441 4036 in
2487 3981 2622 4052 ipsis
2662 3997 2786 4052 spes
2824 3982 3174 4051 poenitentiae,
3210 3990 3269 4038 ut
3308 3982 3420 4038 Deo

153 4051 713 4124 potiantur._Mnnete
764 4052 942 4124 igitur
982 4053 1132 4124 ipsos
1166 4051 1361 4124 saltem
1406 4066 1475 4105 ex
1527 4052 1797 4124 operibus
1821 4067 1852 4105 a
1887 4052 2050 4124 vobis
2074 4053 2303 4107 erudiri.
2332 4052 2415 4107 Ad
2455 4051 2566 4108 iras
2598 4051 2842 4124 ipsorum
2876 4069 2974 4109 vos
3018 4056 3313 4120 mansueti,
3346 4056 3412 4109 ad

154 4122 518 4196 magniloquia
561 4138 750 4196 eorum
802 4138 898 4177 vos
935 4121 1163 4196 humilia
1193 4122 1492 4189 sapientes,
1528 4122 1595 4176 ad
1624 4121 1998 4196 blasphemias
2041 4122 2295 4196 ipsorum,
2323 4138 2424 4196 vos
2445 4121 2761 4196 orationes,
2796 4125 2863 4179 ad
2896 4139 3138 4196 errorem
3174 4126 3417 4196 ipsorum

154 4190 418 4246 vos’firmi
446 4194 569 4257 fide,
603 4191 669 4246 ad
714 4202 928 4262 agreste
963 4192 1207 4261 ipsorum
1246 4205 1346 4245 vos
1386 4192 1684 4263 mansueti.
1707 4190 1828 4245 Non
1859 4190 2183 4248 festinantes
2205 4194 2410 4247 imitari
2444 4194 2624 4263 ipsos,
2662 4196 2859 4250 fratres
2893 4195 3138 4258 ipsorum
3173 4190 3422 4249 iuvenia-

154 4276 271 4347 mur
314 4265 372 4317 in
430 4261 852 4347 mansuetudine
877 4263 1487 4347 ιωἰιῐιίιιιιοιτιεξ,ιιιιιεξιιι¹
1511 4261 1606 4347 Dei
1640 4263 1961 4343 Studeamus
1984 4263 2322 4347 esse;_(quis
2346 4261 2481 4345 plus
2511 4265 2776 4347 injustqu
2805 4266 3077 4346 patiatur,
3109 4266 3236 4334 quis
3269 4265 3421 4320 frau-

153 4332 323 4407 detur,
351 4333 481 4403 quis
501 4333 934 4407 contemnatur?)
954 4343 1027 4407 _u_t
1058 4348 1166 4407 non
1218 4332 1421 4407 diaboli
1473 4333 1642 4388 herba
1665 4333 1791 4407 quis
1815 4332 2129 4407 inveniatur
2156 4332 2414 4401 invehis,
2442 4336 2539 4391 sed
2568 4332 2626 4390 in
2667 4332 2829 4391 omni
2852 4336 3102 4391 castitate
3128 4332 3191 4391 et
3212 4346 3421 4407 tempe-

154 4405 321 4458 rantia
366 4401 663 4471 maneatis,
696 4404 752 4457 iu
782 4401 923 4458 Jesu
943 4401 1187 4470 Christo,
1217 4403 1511 4458 carnaliter
1537 4411 1594 4458 et
1621 4401 1981 4474 spiritualiter
2994 4410 3001 4423 ‘

1606 4547 1837 4604 CAPUT
1883 4548 1976 4604 XI.

192 4640 757 4717 _Extrema__te_mpora
788 4662 815 4717 :_
837 4644 905 4698 de
931 4653 1128 4717 caetero
1157 4644 1589 4717 verecundcmur
1619 4652 1676 4717 et
1708 4645 2002 4701 timeamus
2033 4645 2509 4717 longanimitatem
2554 4643 2683 4709 Dei;
2729 4651 2791 4697 ut
2841 4658 2951 4717 non
2989 4641 3153 4698 nobis
3185 4642 3239 4717 in
3266 4641 3418 4717 judi-

161 4712 295 4785 cium
330 4715 449 4785 flat;
479 4713 575 4767 Vel
603 4712 749 4768 enim
792 4713 1033 4768 futuram
1071 4715 1208 4768 iram
1240 4716 1551 4785 timeamus,
1582 4715 1668 4769 vel
1696 4724 2020 4784 praesentem
2048 4712 2281 4785 gratiam
2320 4716 2650 4785 diligamus;
2686 4729 2855 4768 unum
2890 4716 3127 4785 duorum
3156 4714 3332 4785 solum
3361 4712 3417 4785 in

162 4776 375 4832 Christo
423 4776 556 4833 Jesu
600 4784 898 4851 invenitur,
948 4785 1003 4838 in
1039 4800 1227 4840 verum
1274 4786 1479 4841 vivere.
1513 4776 1645 4869 Sine
1690 4776 1811 4856 ipso
1844 4786 1983 4840 nihil
2024 4776 2123 4841 vos
2161 4787 2385 4852 deceat;
2409 4776 2465 4840 ὶῖι
2488 4800 2600 4855 quo
2630 4776 2849 4839 vincula
2874 4783 3224 4849 circumfero,
3252 4782 3417 4853 spiri-

148 4922 149 4925 “
225 4930 417 5012 (65)).
457 4948 511 4987 e.
551 4932 855 5012 secundum
905 4935 1047 5012 h_anc
1096 4939 1265 4994 vitam
1304 4939 1677 4996 Christianam
1701 4980 1718 5007 ,
1753 4944 1799 5000 Ι)
1829 4957 2016 4994 σονται
2051 4941 2195 5010 (cap.
2224 4941 2293 4995 M
2322 4941 2468 4996 circa
2494 4941 2614 5009 fin.)
2645 4942 2848 4997 desunt
2878 4941 3022 5011 apud
3055 4940 3278 5012 Syrum.

164 5015 279 5085 ίῖυξξξ
295 5003 530 5085 ,ιξίίέξεει
553 5018 585 5057 ³
621 5005 879 5058 Μιυνειιίο
923 5004 1114 5085 δκιτιι-
1272 5079 1283 5085 _
1414 5080 1426 5085 Δ
1702 5003 1712 5007 ⁷
1856 5081 1866 5085 _
1899 5012 2015 5082 (69)
2033 5003 2158 5067 Haec
2184 5013 2507 5081 metaphora
2534 5003 2734 5082 saepius
2764 5003 3003 5069 occurrit
3021 5003 3166 5083 apud
3183 5012 3240 5065 S.
3258 5010 3416 5081 lgna—-

230 5073 338 5143 (64)
375 5073 572 5150 pineas
600 5085 890 5150 sequentes
929 5075 1100 5148 Syrus
1141 5079 1317 5150 magis
1361 5080 1429 5134 ad
1474 5095 1720 5149 sensum,
1828 5073 1987 5135 tiu'm.

164 5145 417 5224 quam‘aiﬁl
446 5144 1105 5224 litteram_interpre_tatus
1127 5144 1262 5224 est.‘
1295 5219 1307 5224 _
1644 5221 1654 5224 _
1704 5144 1714 5149 ⁷
1825 5222 1838 5224 _
1899 5151 2015 5220 (70)
2053 5151 2246 5223 Capita
2279 5153 2445 5208 11-15
2486 5152 2618 5208 incl.
2660 5152 2719 5208 in
2744 5153 3002 5209 versione
3033 5150 3259 5221 Syriaca
3302 5165 3412 5205 non

229 5213 337 5292 (0’5)
370 5212 557 5292 _Deest_
576 5212 876 5292 quidpiam
901 5216 967 5292 ad
1012 5219 1400 5292 absolvendum
1435 5221 1719 5292 syntaxin.
1824 5212 2104 5292 leguntur.

164 5279 513 5365 interpolator
543 5279 1083 5365 ὴέῠοίάντιτάξατε,
1106 5289 1257 5359 quod
1291 5305 1403 5345 non
1431 5279 1722 5347 inconcin-

1899 5279 2033 5365 (71)
2053 5293 2323 5349 Smithius
2344 5303 2399 5348 et
2416 5292 2763 5350 Jacobsonus
2786 5301 2912 5349 ante
2937 5293 3123 5348 λοιπόν
3146 5299 3409 5362 punctum

166 5355 555 5433 numnvidetur:
582 5353 776 5433 S_urru.
836 5425 901 5433 η
1069 5353 1075 5355 ⁷
1123 5353 1143 5359 ⁷

1907 5353 1926 5416 t
1956 5353 2115 5433 colon
2144 5372 2377 5433 ponunt.

228 5424 336 5493 (66)
374 5424 489 5477 Cfr.
517 5425 731 5481 Coloss.
764 5442 804 5488 ι.
832 5425 924 5480 95.

544 5432 731 5506 ioloss.
764 5442 804 5488 ι.
832 5432 925 5506 (25.
1066 5498 1079 5506 _
1241 5497 1253 5506 _
1904 5434 2018 5503 (72)
2047 5432 2117 5506 _ln
2147 5432 2465 5488 ’Parallelis
2520 5433 2917 5488 Damascenicis
2968 5432 3410 5506 Rupefucnldinis

228 5495 334 5569 (67)
360 5494 450 5569 _lta
484 5496 711 5569 minima
738 5499 1038 5569 mutatione
1066 5497 1352 5569 legendum
1395 5509 1561 5569 puto:
1592 5515 1721 5555 nam

1830 5513 2010 5558 exstat
2038 5503 2431 5575 fragmentum,
2469 5506 2616 5575 quod
2646 5506 2791 5575 hunc
2822 5506 3002 5575 locum
3036 5504 3116 5558 sic
3140 5502 3406 5575 eshibet}

165 5564 781 5646 ξηεκιιεὼθιεάδιπηθεῖ,
809 5564 1200 5646 άποστερηθέῖ,
1235 5564 1516 5646 ἑιθετήθεῖ1
1546 5570 1727 5646 Mark-
1844 5564 2247 5646 Ἀγαπήσωνμεν
2298 5577 2357 5628 ὲν
2529 5574 2624 5628 νῦν
2676 5574 2825 5646 βίῳ,
2867 5574 3026 5646 μόνον
3076 5572 3410 5646 τὶν-Χριστῷ

166 5632 346 5719 lendus
397 5629 979 5719 conjicit,'i18txf;9q,_
1018 5629 1417 5719 ’λιπεστερήθηξι
1454 5640 1719 5719 ἠθετήθη.

1899 5629 2384 5719 π’σοῦ-ίεὺρέθῶμεν.
2422 5629 2591 5699 CALL.
2624 5629 2707 5699 Ad
2741 5629 3075 5701 infinitivum
3114 5629 3408 5716 εὑρέθῆναί

167 5700 281 5784 llaec
320 5700 852 5784 ver_b_a'parent'hesi'
874 5700 1199 5765 includenda
1226 5700 1370 5776 esse,
1394 5700 1514 5781 jam
1540 5700 1723 5765 Μείνιξ-
1829 5700 2156 5773 subauditur
2182 5700 2283 5778 δεῖξ
2318 5724 2377 5768 ut
2411 5730 2571 5784 szepe.

164 5772 346 5863 lendus
369 5772 575 5863 vidit;
691 5846 719 5858 _
758 5848 781 5863 ,
847 5849 923 5863 ,η
1177 5851 1191 5863 .
1356 5772 1417 5781 Ἴ
1504 5852 1517 5863 .
1560 5852 1571 5863 .
1624 5852 1680 5863 -.

1903 5787 2015 5857 (75)
2055 5785 2169 5842 Cfr.
2201 5772 2386 5857 Polyc.
2419 5772 2501 5843 εει·
2524 5784 2691 5857 Pliil.,
2729 5801 2780 5844 ε.
2820 5786 2872 5841 ι.

228 5844 335 5916 (es)
370 5847 594 5922 Ἵναμὴ
624 5846 999 5929 gestasset.
1026 5869 1079 5909 κ.
1105 5870 1154 5907 τ.
1177 5851 1229 5907 λ.
1252 5867 1426 5924 usque
1452 5852 1523 5908 ad
1549 5852 1720 5925 όφθή-
1907 5844 1920 5857 “
1997 5844 2010 5856 ’
2302 5844 2321 5857 '
2384 5914 2389 5917 _
