3754 6206
152 306 231 360 661
1300 290 1635 347 EPISTOLA
1668 290 1760 344 AD
1805 289 2216 345 MAGNESIOS.

3281 286 3385 344 662

1345 412 1464 468 XX.
1500 412 1701 467 Iterum
1739 412 1881 467 vobis
1911 411 2159 465 scribam.

211 544 311 617 (12)
365 542 492 596 Ἐάν
542 558 610 612 με
656 535 975 609 καταξιώσῃη
1030 534 1237 605 Ἰησοῦς
1270 534 1504 606 Χριστὸς
1542 534 1600 585 ὲν
1642 535 1701 603 τῇ

1888 530 1945 586 Si
1969 547 2055 586 me
2081 531 2335 600 dignatus
2373 528 2536 583 fuerit
2557 526 2716 584 Jesus
2735 527 2987 583 Christus
3014 535 3234 599 propter
3272 542 3393 583 ora-

150 637 402 709 προσευχῇ
435 633 614 703 ὑμῶν,
645 632 740 684 καὶ
768 629 977 699 θέλημα
1004 622 1065 699 ᾗ,
1100 628 1156 679 ὲν
1181 624 1258 695 τῷ
1284 624 1519 697 δευτέρῳ
1542 625 1710 695 βιϐλι-

149 732 249 800 δίῳ,
281 730 307 782 ὃ
350 726 528 799 μέλλω
566 724 800 796 γράφειν
837 723 985 791 ὑμῖν,
1039 716 1407 789 προσδηλώσω
1454 719 1602 788 ὑμῖν,
1642 714 1711 790 ἧς

150 820 381 892 ἠρξάμην
434 816 753 887 οἰκονομίας
801 815 879 877 εἰς
924 810 1034 883 (15)
1069 810 1162 862 τὸν
1204 808 1389 862 καινὸν
1428 809 1711 881 ἄνθρωπον

160 910 347 982 Ἰησοῦν
378 908 639 982 Χριστὸν,
675 909 731 960 ὲν
756 908 821 977 τῇ
850 901 1014 958 αὑτοῦ
1043 901 1225 954 πίστει
1257 900 1351 953 καὶ
1375 901 1433 953 ὲν
1459 903 1524 970 τῇ
1546 899 1710 953 αὐτοῦ

151 1006 341 1078 ἀγάπῃ,
373 1004 431 1055 ὲν
465 1002 632 1055 πάθει
659 998 823 1053 αὐτοῦ
854 996 947 1051 καὶ
976 993 1297 1049 ἀναστάσειο
1339 993 1445 1064 (14)
1482 992 1714 1063 μάλιστα

152 1092 234 1144 ἐὰν
258 1094 283 1144 ὁ
304 1089 507 1162 Κύριός
537 1106 627 1159 μοι
648 1084 997 1156 ἀποκαλύψῃ,
1030 1083 1113 1136 ὃτι
1141 1084 1191 1134 oi
1222 1084 1341 1134 κατ’
1369 1082 1537 1153 ἄνδρα
1558 1084 1709 1153 κοινῇ

152 1185 331 1246 πάντες
363 1183 421 1235 ὲν
456 1180 642 1252 χάριτι
679 1178 786 1250 (15)
813 1175 871 1242 ea
896 1176 1160 1245 ὀνόματος
1192 1174 1514 1246 συνέρχεσθε
1536 1177 1592 1227 ὲν
1618 1174 1714 1244 μιᾷ

150 1278 311 1330 πίστει
341 1277 432 1329 καὶ
461 1275 520 1326 ὲν
563 1270 737 1343 Ἰησοῦ
766 1271 1007 1343 Χριστῷ,
1042 1273 1121 1343 τῷ
1148 1273 1288 1327 κατὰ
1316 1272 1493 1343 σάρκα
1521 1270 1584 1321 ὲκ
1622 1265 1714 1335 γέ-

151 1387 261 1432 νους
288 1368 470 1431 Δαϐὶδ,
504 1366 584 1437 τῷ
617 1364 718 1435 υἱῷ
748 1364 1035 1435 ἀνθρώπου
1066 1368 1161 1419 καὶ
1194 1364 1313 1435 Υἱῷ
1344 1360 1503 1425 Θεοῦ,
1537 1360 1617 1422 εἰς
1647 1358 1709 1410 τὸ

152 1460 425 1515 ὑπακούειν
466 1460 617 1530 ὑμᾶς
646 1457 724 1528 τῷ
756 1457 1039 1527 ὲπισκόπῳ
1084 1458 1178 1510 καὶ
1214 1454 1292 1526 τῷ
1333 1448 1711 1525 πρεσϐυτερίῳ

152 1552 527 1625 ἀπερισπάστῳ
573 1550 803 1621 διανοίᾳ,
852 1548 947 1602 ἓνα
978 1550 1143 1620 άρτον
1182 1546 1440 1608 κλῶντες,
1466 1544 1525 1605 ὅς
1564 1543 1711 1594 ἐστιν

152 1648 421 1718 φάρμακον
453 1643 778 1705 ἀθανασίας,
829 1641 1101 1704 άντίδοτος
1140 1639 1234 1694 τοῦ
1275 1633 1350 1711 μὴ
1380 1634 1671 1691 ἀποθανεῖν
1695 1671 1709 1697 ,

151 1738 271 1793 ἀλλὰ
297 1740 394 1810 ζῇν
426 1739 486 1791 ὲν
530 1736 708 1808 Ἰησοῦ
738 1735 960 1808 Χριστῷ
986 1734 1076 1789 διὰ
1103 1732 1324 1795 παντός.

1817 624 2021 679 tionem
2081 631 2336 689 vestram,
2364 631 2418 677 ct
2436 622 2688 676 voluntas
2714 620 2805 687 sit,
2832 621 2885 674 in
2919 621 3162 677 secundo
3184 621 3389 686 libello,

1817 733 1977 787 quem
2012 717 2316 786 scripturus
2348 731 2466 770 sum
2497 714 2670 779 vobis,
2704 712 2995 768 declarabo
3016 714 3191 780 vobis,
3223 730 3388 784 quam

1816 810 2171 877 incmperam,
2210 806 2587 861 formationem
2637 805 2689 858 in
2739 820 2940 859 novum
2980 804 3256 862 hominem
3298 805 3388 860 Je-

1819 914 1941 953 sum
1973 898 2281 962 Christum,
2315 912 2411 967 per
2434 897 2594 953 fidem
2623 896 2679 948 in
2708 910 2833 949 eum
2857 903 2913 949 et
2935 910 3033 965 per
3054 895 3228 965 ipsius
3254 896 3390 950 dile-

1819 989 2078 1055 ctionem,
2124 1004 2219 1058 per
2241 987 2549 1057 passionem
2596 993 2651 1039 et
2698 985 3155 1041 resurrectionem
3184 985 3386 1055 ipsius;

1817 1080 2074 1146 maxime,
2108 1080 2155 1134 si
2187 1079 2454 1135 Dominus
2481 1078 2617 1133 mihi
2646 1076 2994 1145 revelaverit,
3019 1078 3167 1147 quod
3198 1094 3295 1133 vos
3321 1079 3389 1133 ad

1814 1186 1987 1227 unum
2015 1186 2209 1226 omnes
2231 1170 2555 1226 nominatim
2594 1186 2687 1240 per
2731 1168 2969 1241 gratiam
2999 1170 3304 1226 convenitis
3332 1172 3388 1225 in

1818 1282 1926 1322 una
1965 1265 2067 1320 tide
2104 1274 2157 1320 et
2192 1265 2246 1319 in
2293 1280 2403 1319 uno
2451 1261 2581 1319 Iesu
2636 1262 3031 1338 Christo(qui,
3086 1265 3387 1319 secundum

1816 1370 2036 1410 carnem
2061 1370 2128 1408 ex
2159 1369 2356 1425 genere
2380 1354 2572 1420 David,
2597 1354 2742 1410 filius
2762 1363 2845 1411 est
2870 1355 3108 1411 hominis
3134 1364 3188 1411 et.
3219 1355 3391 1411 Filius

1816 1447 1959 1519 Dei),
1987 1456 2047 1503 ut
2085 1446 2353 1502 obediatis
2402 1447 2658 1517 episcopo
2706 1457 2761 1503 et
2820 1447 3157 1519 presbyterio
3211 1456 3392 1502 mente

1816 1539 2109 1606 indivulsa,
2140 1538 2459 1610 frangentes
2494 1555 2690 1609 panem
2723 1556 2915 1608 unum,
2978 1541 3070 1610 qui
3128 1541 3387 1611 pharma—

1817 1647 1942 1687 cum
1982 1631 2407 1686 immortalitatis
2444 1639 2549 1699 est,
2587 1631 2916 1697 antidotum,
2961 1648 3030 1689 ne
3064 1632 3389 1701 moriamur,

1744 1745 1787 1800 Β
1816 1722 1909 1778 sed
1944 1722 2193 1778 vivamus
2216 1736 2431 1792 semper
2461 1722 2516 1776 in
2553 1719 2685 1777 Jesu
2712 1720 2953 1779 Christo.

1321 1872 1465 1928 XXI.
1502 1871 1667 1926 Orate
1692 1883 1787 1939 pro
1822 1882 1901 1920 me
1928 1873 1978 1919 et
2007 1868 2192 1919 valete.

209 1999 315 2073 (16)
353 1999 675 2070 Ἀντίψυχον
706 1998 860 2070 ὑμῶν
894 1997 1003 2068 ἐγὼ
1022 2039 1037 2064 ,
1082 1998 1176 2052 καὶ
1208 1995 1319 2067 (17)
1347 1995 1406 2049 ὃν
1433 1992 1717 2064 ἐπέμψατε

150 2092 219 2155 εἰς
246 2090 374 2145 Θεοῦ
403 2092 575 2163 τιμὴν
604 2092 684 2155 εἰς
713 2090 985 2163 Σμύρναν,
1041 2090 1165 2143 ὅθεν
1197 2088 1290 2142 καὶ
1318 2086 1516 2158 γράφω
1561 2085 1712 2155 ύμῖν,

150 2181 465 2252 εὐχαριστῶν
520 2179 602 2251 τῷ
646 2180 838 2252 Κυρίῳ
864 2219 879 2243 ,
933 2178 1159 2248 ἀγαπῶν
1219 2176 1576 2247 Πολύκαρπον
1636 2172 1713 2235 ὡς

153 2271 294 2342 ὑμᾶς.
330 2270 711 2344 Μνημονεύετέ
753 2287 877 2341 μου,
911 2270 987 2332 ὡς
1014 2270 1111 2322 καὶ⁹
1137 2267 1291 2339 ὑμῶν
1348 2266 1555 2337 Ἰησοῦς
1586 2266 1714 2336 Χρι-

154 2364 278 2427 στός.
310 2362 689 2435 Προσεύχεσθε
724 2362 864 2434 ὑπὲρ
897 2358 1343 2433 τῆςἘκκλησίας,
1388 2358 1487 2429 τῆς
1520 2356 1577 2408 ἐν
1613 2356 1715 2409 Συ-

155 2454 258 2526 ρίᾳ,
287 2454 404 2508 ὃθεν
446 2454 730 2525 δεδεμένος
757 2456 837 2517 εἰς
884 2451 1103 2524 Ῥώμην
1154 2451 1459 2520 ἀπάγομαι,
1490 2447 1715 2518 ἔσχατος

151 2543 216 2596 ὢν
247 2545 347 2600 τῶν
381 2547 501 2600 ἐκεῖ
532 2544 767 2608 πιστῶν,
805 2544 914 2616 (18)
944 2542 1133 2615 ὥσπερ
1162 2541 1399 2612 ἠξιώθην
1449 2541 1528 2603 εἰς
1549 2538 1715 2610 τιμὴν

152 2633 267 2688 Θεοῦ
317 2635 630 2707 εὑρεθῆναι.
695 2632 983 2706 Ἔρρωσθε
1032 2634 1090 2686 ὲν
1133 2631 1252 2702 Θεῷ
1283 2631 1459 2701 Πατρὶ
1515 2629 1609 2683 καὶ
1655 2629 1714 2681 ὲν

162 2727 315 2799 Ἰησοῦ
347 2727 596 2802 Χριστῷ,
628 2731 697 2801 τῇ
734 2730 885 2799 κοινῇ
920 2725 1094 2780 ὲλπίδι
1126 2725 1302 2797 ἡμῶν.

1890 1985 2147 2040 Vicissim
2168 1985 2564 2040 recreationem
2630 1984 2884 2040 habeatis
2924 1986 2980 2039 in
3020 2000 3109 2041 mc
3137 1993 3192 2041 et
3219 1985 3274 2040 in
3301 2002 3390 2055 eo,

1814 2094 1978 2150 quem
2006 2078 2074 2133 ad
2102 2078 2367 2133 honorem
2400 2077 2494 2133 Dei
2526 2077 2755 2134 misistis
2780 2079 3093 2150 Smyrnam,
3146 2081 3291 2135 unde
3338 2088 3394 2135 et

1816 2171 1998 2227 scribo
2027 2169 2206 2236 vobis,
2238 2170 2441 2240 gratias
2467 2184 2636 2240 agens
2665 2169 2917 2235 Domino,
2956 2170 3190 2240 diligens
3231 2169 3394 2241 Poly-

1815 2279 2062 2333 carpum,
2092 2272 2153 2318 ut
2174 2272 2228 2318 et
2255 2278 2374 2318 vos.
2403 2261 2758 2319 Memineritis
2792 2264 2932 2329 mei,
2976 2264 3112 2320 sicut
3146 2273 3200 2319 et
3223 2264 3393 2319 vestri

1817 2357 1979 2412 Jesus
2015 2356 2288 2411 Christus.
2348 2355 2512 2412 Orate
2570 2373 2669 2427 pro
2719 2356 2987 2420 Ecclesia,
3039 2366 3298 2428 quietest
3335 2357 3392 2411 in

1820 2448 1999 2521 Syria,
2026 2448 2170 2503 unde
2216 2449 2432 2503 vinctus
2470 2448 2699 2503 Romam
2741 2449 3003 2515 abducar,
3058 2449 3393 2504 novissimus

1819 2540 2061 2595 fidelium
2093 2555 2306 2607 eorum,
2337 2539 2429 2610 qui
2462 2540 2537 2594 ibi
2581 2549 2727 2606 sunt,
2756 2557 2883 2595 cum
2928 2541 3128 2612 dignus
3151 2541 3254 2595 sim
3292 2542 3391 2595 ha-

1820 2634 1970 2688 bitus
1998 2631 2228 2685 inveniri
2255 2633 2321 2686 ad
2362 2633 2622 2686 honorem
2658 2633 2770 2687 Dei.
2806 2633 2994 2688 Valete
3017 2624 3070 2688 in
3095 2634 3206 2689 Deo
3238 2632 3395 2689 Patre

1740 2715 1784 2774 C
1816 2734 1869 2779 et
1895 2722 1949 2778 in
1982 2722 2110 2779 Jcsu
2145 2724 2386 2791 Christo,
2412 2724 2689 2779 communi
2712 2740 2808 2796 spe
2832 2733 3040 2781 nostra.

1508 2869 1690 2929 Vetus
1718 2869 2052 2947 interpres.

1561 3019 1793 3077 CAPUT
1828 3019 1923 3075 ΧΧ
1937 3061 1951 3075 .

203 3132 255 3189 Si
278 3149 365 3190 me
394 3133 677 3207 dignificet
705 3132 866 3191 Iesus
894 3135 1147 3207 Christus
1178 3134 1232 3189 in
1263 3134 1507 3191 oratione
1546 3145 1747 3202 vestra,
1791 3145 1846 3191 et
1880 3134 2268 3207 vo!untas,sit;
2302 3135 2357 3189 in
2397 3133 2637 3207 secundo
2676 3134 2857 3207 libello
2888 3148 3053 3207 quem
3080 3130 3386 3207 scripturus

144 3219 248 3276 sum
282 3202 858 3271 vobisfmanifestabo
882 3206 1039 3261 vobis
1073 3221 1237 3273 quam
1278 3206 1587 3275 inceperam
1636 3207 2100 3276 dispensationem
2138 3205 2191 3260 in
2224 3221 2424 3260 novum
2470 3205 2745 3276 hominem
2778 3202 2963 3276 Jesum
2995 3202 3308 3276 Christum,
3331 3202 3384 3276 in

144 3275 298 3344 ipsius
325 3277 429 3331 fide
459 3284 517 3331 et
558 3276 613 3330 in
660 3277 830 3345 ipsius
862 3272 1169 3341 dilectione,
1196 3276 1248 3329 in
1284 3272 1540 3345 passione
1582 3272 1754 3346 ipsius
1783 3285 1838 3331 et
1872 3277 2293 3339 resurrectione,
2319 3276 2575 3339 maxime,
2609 3275 2657 3346 si
2685 3274 2949 3346 Dominus
2984 3272 3186 3346 revelet
3219 3273 3380 3346 m_ihi;

144 3347 505 3417 quoniamrqui
536 3347 839 3402 secundum
871 3346 1050 3400 virum
1081 3349 1442 3417 communiter
1471 3362 1662 3417 omnes
1690 3347 1745 3400 in

1791 3350 1963 3415 gratia
2004 3364 2068 3402 ex
2100 3347 2321 3401 nomine
2350 3345 2653 3401 convenitis
2693 3345 2747 3398 in
2789 3361 2894 3399 una
2929 3344 3051 3409 tide,
3090 3352 3143 3396 et
3169 3346 3220 3396 in
3256 3340 3385 3415 Jesu

146 3414 344 3471 Christo
377 3412 703 3487 (secundum
734 3433 953 3471 carnem
993 3431 1060 3471 ex
1094 3431 1291 3487 genere
1328 3416 1517 3487 David,
1554 3416 1663 3470 filio
1698 3412 1934 3474 hominis
1971 3426 2025 3472 et
2048 3416 2183 3471 Filio
2207 3416 2322 3484 Dei)
2348 3415 2624 3470 inobedire
2650 3430 2747 3487 vos
2772 3415 3037 3487 episcopo,
3060 3422 3114 3487 et
3159 3412 3385 3487 presby-

146 3487 268 3540 terio
298 3482 632 3556 ind‘iscerpta
668 3496 882 3555 mente;
915 3482 1327 3558 unum‘panem
1382 3486 1715 3556 frangentes,
1759 3488 1905 3556 quod
1937 3498 2021 3544 est
2050 3482 2409 3558 pharmacum
2447 3482 2895 3551 immortalitatis,
2929 3484 3230 3538 antidotum
3266 3482 3386 3551 ejus

146 3558 272 3624 quod
296 3569 379 3614 est
404 3573 518 3612 non
544 3558 706 3624 mori,
734 3559 829 3614 sed
852 3559 1034 3614 vivere
1064 3558 1120 3611 in
1152 3556 1279 3612 Jesu
1305 3558 1524 3612 Christo
1556 3572 1788 3628 semper.

1536 3725 1766 3782 CAPUT
1818 3725 1964 3781 XXI.

198 3834 482 3899 [inanimis
532 3842 817 3900 vobiscum
854 3860 976 3917 ego,
1008 3852 1063 3901 et.
1129 3862 1252 3902 uem
1284 3846 1518 3903 misistis
1554 3847 1610 3902 in
1647 3847 1744 3904 Dei
1785 3848 2051 3902 honorem
2090 3846 2144 3903 in
2188 3845 2516 3918 Smyrnam;
2566 3847 2710 3902 unde
2751 3855 2806 3902 et
2845 3846 3029 3903 scribo
3067 3840 3224 3901 vobis
3259 3860 3373 3914 ρει-εις

198 3924 230 3963 ιε
267 3925 432 3970 agens
476 3912 735 3970 Domino.
769 3915 1001 3970 diligens
1026 3862 1390 3970 Pdlvcarnum
1434 3928 1493 3970 ut
1529 3928 1584 3970 et
1623 3934 1742 3970 vos.
1771 3918 2099 3970 Mementote
2122 3918 2253 3970 mei.
2282 3927 2340 3970 ut
2369 3917 2539 3970 vestri
2568 3916 2731 3970 Jesus
2772 3917 3044 3970 Christus.
3077 3916 3239 3970 Orate
3284 3932 3373 3970 nru

1072 3935 1104 3971 0

139 3905 247 3986 tias
267 3925 432 3986 agens
476 3912 735 3986 Domino,
758 3905 1001 3986 rdiligven's
1026 3915 1067 3970 P

1130 3934 1391 3989 ycarpum
1434 3928 1493 3974 ut
1529 3928 1584 3973 et.
1623 3934 1742 3974 vos.
1771 3918 2099 3973 Mementote
2122 3918 2253 3981 mei,
2282 3916 2340 3989 ut
2369 3917 2539 3972 vestri
2568 3916 2731 3974 Jesus
2772 3917 3044 3973 Christus.
3077 3916 3245 3989 Orate
3284 3932 3383 3984 pro

140 3972 364 4061 Ecclesia
388 3999 514 4061 qua:
548 3984 606 4038 in
646 3972 835 4061 §yri_a;
869 3972 1013 4042 {inde
1052 3972 1335 4061 ligatus‘in
1360 3972 1592 4042 Romam
1623 3972 1888 4061 abducar,
1916 3998 2195 4061 extremus
2227 3972 2500 4061 assistens
2531 3972 2723 4061 eorum
2754 3991 2846 4061 qui
2880 3972 3076 4061 ibidem
3109 3972 3379 4061 ﬁdeliam;

136 4052 581 4127 quemadmodum
630 4054 978 4124 dignilicatus
1027 4052 1149 4114 sum
1209 4059 1262 4112 in
1306 4059 1573 4114 honorem
1624 4059 1720 4115 Dei
1782 4052 2040 4114 inveniri.
2096 4057 2282 4114 Valete
2334 4058 2389 4112 in
2442 4057 2554 4113 Deo
2605 4052 2787 4127 Patre,
2818 4071 2872 4114 et
2902 4061 2955 4114 in
2989 4058 3115 4115 Jesu
3162 4057 3382 4111 Christo

137 4124 395 4177 communi
426 4139 527 4193 spe
552 4135 763 4181 nostra.

151 4319 215 4334 ᾗ

341 4456 1173 4567 ΜΑΓΝΗΣΙΕΥΣΙΝ
1234 4432 1376 4564 (ιθ).

2134 4470 2283 4559 AD
2358 4416 3077 4559 MAGNESIOS.

147 4631 436 4703 Ἰγνάτιος,
473 4640 509 4691 ὁ
567 4637 666 4691 καὶ
714 4638 1041 4707 Θεοφόρος,
1100 4638 1176 4707 τῇ
1229 4637 1603 4708 εὐλογημένη
1634 4638 1701 4692 ἐν

1877 4642 2076 4703 notius,
2102 4641 2193 4711 qui
2219 4650 2268 4694 et
2317 4638 2677 4708 Theophanis,
2739 4636 3084 4693 benedictarin
3100 4636 3380 4709 graliaDei

196 4728 378 4796 χάριτι
421 4728 576 4783 Θεοῦ
629 4730 892 4797 Πατρός,
951 4731 1022 4784 ἐν
1090 4731 1293 4799 Ἰησοῦ
1344 4730 1574 4799 Χριστῷ
1620 4730 1701 4795 τῷ

195 4817 405 4889 Σωτῆρι
435 4818 629 4889 ἡμῶν,
654 4820 723 4872 ἐν
742 4818 787 4884 ᾧ
822 4818 1156 4890 ἀσπάζομαι
1184 4820 1298 4887 τήν
1330 4820 1702 4887 Ἐκκλησίαν

192 5004 293 5069 (12)
324 5006 437 5076 Cap

192 5075 293 5149 (15)
330 5075 587 5149 Scribam
619 5077 793 5149 vobis,
836 5075 1403 5149 quomodo'Christus
1430 5080 1689 5149 spiritua-

134 5143 238 5199 liter
265 5146 536 5218 formetur
574 5146 630 5218 in
663 5143 869 5203 nobis."
892 5148 1011 5203 Alia
1044 5158 1229 5203 monet
1260 5143 1550 5213 Smithius,
1584 5166 1689 5218 pu-

134 5223 256 5279 tans,
298 5216 570 5288 lgnatium
602 5217 657 5270 in
692 5218 964 5286 promissa
994 5219 1235 5273 secunda
1260 5220 1489 5288 epistola
1515 5216 1692 5274 delin-

133 5287 428 5408 cailnatione
470 5287 683 5342 Christi
729 5288 915 5358 (—de
950 5304 1094 5344 novo
1135 5287 1388 5360 homine)
1416 5291 1696 5360 disputare

133 5368 189 5407 ΥΟ
212 5372 367 5408 111358.

133 5368 367 5414 νοιιιιδεθ.

194 5425 294 5493 (14)
340 5425 598 5497 Scribam
645 5426 824 5494 vobis,
848 5428 1159 5497 prtesertim
1191 5429 1259 5492 si,
1301 5427 1411 5483 Deo
1441 5426 1688 5492 favente,

135 5498 337 5551 nuntius
368 5496 509 5550 mihi
540 5496 865 5568 contigerit,
885 5514 984 5553 vos
1024 5514 1377 5568 perseverare
1406 5500 1459 5552 in
1486 5499 1695 5554 unitate

135 5578 239 5640 cum
264 5568 679 5640 episcopo._Alii
711 5566 786 5640 (e.
812 5585 865 5640 ε.
895 5566 1205 5624 Wocherus
1230 5570 1284 5621 in
1311 5568 1562 5640 versione
1583 5570 1693 5640 epi-

136 5582 239 5617 cum
264 5582 544 5689 eptscogio.
572 5582 679 5620 Ain
713 5582 786 5637 (ο.
812 5585 865 5640 g.
903 5582 1205 5624 wocnerus
1230 5585 1284 5621 In
1311 5583 1562 5623 versione
1583 5584 1693 5637 epi-

136 5634 378 5691 stolarum
479 5677 493 5691 .
551 5637 743 5705 lgnatii
793 5640 1139 5711 germanica)
1191 5649 1312 5709 post
1369 5637 1694 5711 ἀποκαλύψῃ

1876 4733 2058 4787 Patris
2090 4734 2144 4785 in
2187 4730 2317 4785 Iesu
2356 4730 2569 4785 Christo
2622 4728 2900 4784 Salvatore
2958 4737 3160 4793 nostra,
3195 4730 3250 4782 in
3280 4745 3382 4799 quo

1876 4826 2051 4879 saluto
2079 4822 2396 4888 Ecclesium,
2445 4838 2563 4892 quae
2610 4822 2899 4893 Magnesia:
2934 4832 3012 4877 est
3065 4822 3135 4877 ad
3184 4820 3383 4875 Maean-

443 5021 496 5081 ρ.
556 5005 628 5061 20
684 5016 739 5081 et
770 5007 835 5061 21
900 5009 1277 5081 apudSyrum
1305 5023 1414 5063 non
1448 5018 1687 5081 exstant.
1722 5016 1770 5075 ι)
1794 5010 1923 5079 pitis
1951 5008 2228 5079 sequentis
2259 5015 2513 5081 quarunt
2536 5036 2607 5046 -—
2630 5006 2754 5076 quia
2784 5022 2871 5059 vos
2907 5005 3047 5058 uniti
3076 5004 3223 5066 estis,
3247 5011 3295 5055 et
3319 5018 3380 5055 ea

1795 5098 1851 5135 re
1880 5096 1959 5135 me
1987 5081 2257 5142 recreatis,
2283 5111 2355 5120 —-
2381 5079 2498 5132 ideo
2524 5088 2574 5132 et
2596 5093 2689 5146 ego
2717 5093 2804 5130 vos
2831 5091 3074 5141 recreem,

1876 5151 1988 5222 (15)
2022 5149 2062 5204 1.
2097 5166 2156 5222 e.
2177 5165 2354 5203 omnes
2384 5148 2602 5219 singuli,
2627 5142 2688 5202 ut
2718 5149 2784 5203 ad
2814 5145 3022 5216 Polyc.,
3063 5159 3113 5199 c.
3139 5144 3196 5209 4,
3228 5147 3281 5195 et
3313 5142 3379 5195 ad

1805 5221 2027 5281 varn.
2056 5236 2107 5274 c.
2139 5221 2227 5273 15.

1873 5281 1985 5362 (i6?
2027 5291 2142 5344 Cfr.
2168 5290 2234 5344 ad
2281 5290 2502 5359 Smyrn.
2538 5303 2608 5362 c.
2635 5287 2703 5341 10
2728 5303 2741 5351 ;
2774 5284 2840 5338 ad
2868 5283 3084 5362 Bolyczv
3106 5280 3219 5362 c._2
3240 5290 3293 5335 et
3320 5282 3376 5336 6.

1798 5349 1914 5484 lEgo
1940 5362 2173 5415 vicissim
2202 5349 2833 5427 recreem,reﬁeiam-uos.
2866 5349 2980 5408 Cfr;
3014 5349 3372 5417 Wocherum,

1822 5469 1837 5484 .
1873 5448 1924 5484 c.

1822 5448 1924 5487 .c.

1839 5527 1843 5531 ν
1875 5501 1988 5569 (17)
2028 5500 2086 5552 F.
2118 5492 2199 5552 ὧν
2229 5500 2314 5554 vel
2343 5498 2459 5561 οὓς.
2496 5496 2635 5569 C01.

1896 5564 1983 5635 18)
2008 5570 2290 5639 Coniunge
2321 5570 2433 5639 llth
2449 5582 2588 5639 cum
2610 5564 2907 5639 δεδεμένος.

1874 5634 1987 5711 (19)
2044 5634 2242 5709 11ιι]υε’
2270 5634 2967 5711 epistolaeversioSyriaca
3003 5648 3113 5687 non
3138 5641 3371 5711 exstat;

140 5715 375 5773 punctum
411 5704 650 5781 ponunt,
678 5718 732 5767 et
761 5704 1027 5781 apodosin
1055 5704 1129 5769 ad
1151 5704 1253 5781 ὅτι,
1288 5708 1581 5781 etc.,initio
1604 5704 1696 5768 ea2
1805 5704 2091 5769 citatiOnes
2126 5704 2621 5765 autem—nonnullas
2649 5721 2717 5762 ex
2749 5704 3005 5778 operibus
3042 5704 3371 5777 scriptorum
