3746 6330
37 342 107 396 οι)
1128 338 1468 396 EPISTOLA
1515 340 1606 396 AD
1648 339 2063 398 MAGNESIOS.

3162 339 3270 395 670

952 461 1090 518 VIII.
1124 462 1315 518 Cavete
1345 479 1377 516 a
1406 462 1561 532 falsis
1586 462 1844 517 doctrinis
1876 461 2309 516 Judaizantium.

64 578 177 649 (47)
206 580 299 651 Μὴ
332 580 605 635 πλανᾶσθε
638 584 760 648 ταῖς
792 582 1150 656 ἐτεροδοξίαις
1183 584 1321 655 μηδὲ
1346 582 1457 655 (48)
1490 601 1591 654 μυ-

1773 582 1840 639 Νε
1864 582 2203 639 seducamini
2228 579 2420 636 alienis
2450 578 2739 646 doctrinis,
2783 595 2959 651 neque
2998 580 3273 635 veteribus

37 670 261 739 εὐμασιν
311 671 426 733 τοῖς
478 670 744 735 παλαιοῖς,
779 672 1109 742 ἀνωφελέσιν
1157 669 1327 726 οὖσιν.
1363 674 1426 726 El
1478 674 1587 745 γὰρ

37 762 159 831 έχρι
190 760 288 815 νῦν
316 760 457 815 κατά
491 762 600 835 (49)
636 760 846 836 [νόμον]
864 764 1195 835 ’Ῑουδαῖσμὸν
1227 763 1429 836 ζῶμεν,
1455 766 1586 837 ὁμο-

37 853 259 923 ιγοῦμεν
290 853 451 925 χάριν
488 853 563 924 μὴ
597 854 898 925 εἰληφέναι.
925 856 987 908 Οἱ
1016 853 1125 925 γὰρ
1152 853 1415 908 θειότατοι
1446 872 1585 927 προ-

37 946 163 1015 ῆται
195 944 337 997 κατά
364 944 600 1016 Χριστὸν
642 945 849 1016 Ἰησοῦν
894 945 1113 1018 ἔζησαν.
1151 946 1249 999 Διά
1291 946 1451 1001 τοῦτο
1492 948 1587 1001 καὶ

37 1034 351 1107 ῑιὼχθησαν,
386 1036 746 1107 ὲμπνεόμενοι
780 1037 885 1097 ὑπὸ
917 1038 1012 1107 τῆς
1043 1036 1266 1108 χάριτος
1297 1036 1483 1099 αὐτοῦ,
1508 1039 1588 1101 εἰς

38 1142 51 1179 ι
106 1126 584 1198 πληροφορηθῆναι
630 1128 757 1191 τοὺς
788 1127 1167 1191 ἀπειθοῦντας,
1207 1130 1289 1183 ὅτι
1334 1124 1417 1193 εἷς
1456 1128 1590 1192 Θεός

37 1238 166 1283 raw,
197 1221 226 1273 ὁ
270 1218 594 1290 φανερώσας
637 1220 825 1273 ἑαυτὸν
871 1219 960 1273 διὰ
1004 1220 1178 1291 Ἰησοῦ
1224 1220 1459 1294 Χριστοῦ
1493 1218 1587 1274 τοῦ

36 1310 135 1365 ’ῐοῦ
170 1311 355 1377 αὐτοῦ,
388 1312 449 1375 ὃς
494 1313 643 1367 ἐστιν
691 1312 857 1368 αὐτοῦ
903 1313 1075 1383 Λόγος
1122 1315 1310 1378 ἀΐδιος,
1343 1314 1443 1367 οὐκ
1481 1312 1589 1367 ἀπὸ

36 1404 112 1471 ῖθ)
150 1403 306 1474 σιγῆς
336 1402 635 1473 προελθὼν,
657 1404 716 1468 ὃς
746 1406 888 1461 κατά
909 1408 1084 1461 πάντα
1115 1406 1477 1481 εὐηρέσττεσεν
1509 1405 1586 1475 τῷ

41 1495 278 1565 έμψαντι
310 1494 495 1548 αὐτόν.

1692 675 1913 739 fabulis,
1942 691 2065 745 qua:
2091 682 2222 730 sunt
2252 674 2495 728 inutiles.
2528 670 2586 727 Si
2612 673 2757 727 enim
2792 672 2971 727 adhuc
2988 672 3143 741 juxta
3174 671 3276 742 [le-

1689 765 1833 837 gem]
1868 765 2210 821 Iudaismum
2238 764 2498 824 vivimus.
2525 763 2868 827 conﬁtemur,
2899 779 3000 817 nos
3040 764 3271 833 gratiam

1692 874 1802 912 non
1832 858 2131 927 accepisse.
2161 855 2499 911 Divinissimi
2532 870 2767 925 namque
2811 856 3090 925 propheta:
3117 856 3274 924 juxta

1690 946 1876 1003 Iesum
1904 948 2184 1002 Christum
2214 947 2489 1001 vixerunt.
2514 944 2596 1001 Ob
2633 948 2737 1001 hoc
2759 954 2814 1000 et
2839 948 3272 1016 persecutionem

1692 1041 1842 1112 passi
1884 1051 2032 1107 sunt,
2069 1040 2242 1111 gratia
2280 1041 2451 1110 ipsius
2479 1039 2750 1110 inspirati,
2781 1051 2859 1107 ut,
2884 1042 2977 1111 qui
3007 1052 3163 1097 erant
3188 1042 3274 1096 in-

1694 1134 1925 1198 creduli,
1957 1133 2090 1189 certi
2135 1130 2515 1194 redderentur,
2538 1130 2683 1199 quod
2715 1147 2859 1186 unus
2887 1132 2958 1186 sit
2988 1130 3151 1197 Deus,
3181 1132 3277 1201 qui

1694 1227 1934 1296 seipsum
1967 1222 2403 1279 manifestaverit
2430 1238 2528 1292 per
2549 1220 2737 1276 Iesum
2771 1223 3050 1277 Christum
3075 1223 3275 1277 Filium

1693 1333 1877 1381 suum,
1910 1317 2002 1387 qui
2032 1326 2115 1371 est
2149 1314 2388 1369 Verbum
2420 1313 2541 1381 ejus
2566 1322 2855 1380 aeternum,
2879 1331 2987 1369 non
3037 1325 3161 1385 post
3203 1318 3279 1370 si-

1692 1408 1919 1463 lentium
1970 1406 2345 1477 progrediens,
2396 1404 2603 1474 quique
2647 1405 2703 1459 in
2754 1406 3012 1463 omnibus
3063 1406 3136 1474 ei,
3181 1406 3277 1477 qui

1692 1499 1873 1570 ipsum
1903 1499 2149 1563 miserat,
2181 1495 2535 1565 complacuit.

1220 1612 1311 1670 Ix.
1360 1614 1609 1671 Vivamus
1649 1633 1772 1670 cum
1810 1616 2045 1673 Christo.

66 1726 135 1780 EI
179 1723 274 1780 οὗν
321 1726 372 1780 οἱ
418 1726 477 1778 ὲν
523 1725 635 1797 (51)
683 1727 930 1793 παλαιοῖς
970 1729 1286 1802 πράγμασιν
1318 1733 1590 1803 ἀναστρα-

41 1821 193 1882 έντες
233 1821 312 1883 εἰς
358 1820 655 1891 καινότητα
689 1820 904 1895 ὲλπίᾷος
934 1818 1118 1894 ἦλθον,
1156 1825 1352 1895 μηκέτι
1387 1826 1591 1880 σαϐϐα-

1762 1731 1818 1787 Si
1850 1732 2037 1803 igitur,
2065 1734 2159 1801 qui
2212 1736 2265 1791 in
2314 1737 2485 1793 veteri
2539 1751 2723 1793 rerum
2770 1732 2963 1788 ordine
2991 1731 3278 1799 degerunt,

1690 1822 1759 1878 ad
1793 1840 1989 1878 novam
2027 1841 2178 1895 spem
2211 1837 2598 1896 pervenerunt,
2648 1840 2757 1881 non
2808 1822 3043 1893 amplius
3075 1819 3281 1875 Sabba—

36 1912 256 1977 ῐζοντες,
289 1882 425 1964 ἀλλά
455 1882 597 1965 κατά
630 1912 743 1983 (52)
764 1882 1047 1989 ᾕριακὴν
1273 1915 1495 1981 ζῶντες,
1532 1918 1591 1970 ὲν

1773 1930 1806 1969 n
1839 1916 2103 1985 colentes,
2137 1920 2230 1974 sed
2254 1920 2410 1990 juxta
2436 1920 2774 1976 Dominicam
2803 1916 3071 1975 viventes,
3095 1912 3149 1964 iu
3172 1926 3281 1980 qua

66 2006 163 2058 καὶ
191 2007 223 2075 ἡ
261 2003 373 2077 ζωὴ
406 2003 561 2075 ἡμῶν
594 2004 868 2058 ἀνέτειλεν
898 2004 965 2058 δι’
986 2005 1151 2060 αὑτοῦ
1171 2007 1269 2060 καὶ
1298 2006 1393 2061 τοῦ
1426 2006 1592 2061 θανά-

36 2116 96 2150 ou
146 2095 309 2150 αὐτοῦ
342 2124 409 2133 -
441 2095 502 2149 ὃν
551 2112 698 2158 τινες
741 2094 1053 2167 ἀρνοῦνται,
1086 2096 1154 2149 δι’
1186 2091 1247 2151 οὗ
1297 2098 1594 2170 μυστηρίου

34 2189 264 2260 λάϐομεν
313 2187 375 2242 τὸ
422 2187 723 2255 πιστεύειν,
759 2190 853 2243 καὶ
898 2188 987 2243 διὰ
1026 2188 1186 2243 τοῦτο
1227 2190 1591 2261 ὑπομένομεν,

34 2299 89 2335 να
133 2279 445 2352 εὑρεθῶμεν
496 2280 732 2352 μαθηταὶ
777 2279 951 2352 Ἰησοῦ
997 2278 1235 2352 Χριστοῦ
1284 2279 1377 2333 τοῦ
1428 2281 1592 2352 μόνου

36 2371 314 2426 ιδασκάλου
350 2370 620 2443 ἡμῶν,-
654 2370 773 2433 πῶς
824 2372 989 2443 ἡμεῖς
1038 2371 1380 2444 δυνησόμεθα
1432 2372 1593 2444 ζῆσαι

34 2466 169 2534 [ωρὶς
200 2462 385 2529 αὑτοῦ,
420 2457 482 2517 οὗ
516 2463 610 2517 καὶ
635 2464 686 2516 οἱ
719 2464 995 2535 προφῆται
1032 2464 1270 2535 μαθηταὶ
1319 2464 1471 2529 ὄντες
1515 2466 1594 2537 τῷ

33 2555 271 2626 πνεύματι
302 2555 379 2619 ὡς
408 2554 728 2609 διδάσκαλον
754 2554 916 2608 αὑτὸν
949 2556 1343 2627 προσεδόκουν;
1366 2558 1477 2611 Καὶ
1505 2557 1594 2611 διά

33 2647 178 2712 nino,
211 2648 270 2701 ὃν
318 2647 542 2711 δικαίως
587 2647 870 2719 ἀνέμενον,
908 2647 1100 2720 παρὼν
1146 2648 1366 2721 ἤγειρεν
1397 2650 1590 2713 αὐτοὺς

34 2760 73 2794 ,κ
99 2740 304 2812 νεκρῶν
318 2739 361 2795 ⁸.

1690 2018 1743 2065 ει
1769 2010 1882 2063 vita
1915 2020 2102 2065 nostra
2128 2021 2318 2067 exorta
2342 2024 2425 2069 est
2451 2028 2548 2083 per
2576 2012 2753 2081 ipsum
2778 2016 2833 2061 et
2851 2014 3079 2060 mortem
3108 2003 3282 2071 ipsius

1691 2100 1896 2173 (quam
1930 2101 2153 2170 quidam
2192 2112 2414 2174 negant,
2447 2118 2542 2171 per
2570 2100 2716 2173 quod
2750 2096 3071 2169 mysterium
3120 2093 3279 2147 Iidem

1689 2192 2024 2261 accepimus,
2050 2202 2104 2247 et
2143 2204 2365 2264 propter
2408 2194 2513 2250 hoc
2545 2191 2905 2251 sustinemus,
2944 2197 3003 2241 ut
3032 2184 3282 2239 invenia-

1690 2298 1816 2338 mur
1843 2283 2097 2354 discipuli
2129 2283 2258 2340 Iesu
2296 2284 2526 2351 Christi,
2559 2284 2733 2339 solius
2764 2282 3006 2337 doctoris
3043 2275 3213 2332 nostri
3240 2274 3281 2344 ),

1697 2377 1976 2447 quomodo
2026 2392 2128 2431 nos
2181 2359 2487 2448 poterimus
2537 2379 2719 2432 vivere
2766 2376 2886 2431 sine
2934 2372 3069 2442 ipso.
3119 2383 3281 2438 quem

1695 2466 1862 2521 etiam
1906 2469 2206 2538 prophetae,
2239 2484 2363 2523 cum
2412 2477 2598 2525 essent
2632 2466 2826 2538 spiritu
2857 2461 3109 2532 discipuli
3138 2459 3281 2529 ejus,

1696 2569 1757 2615 ut
1784 2560 2062 2616 doctorem
2097 2563 2527 2632 exspectabant?
2561 2561 2629 2615 Et
2653 2568 2872 2630 propter
2895 2556 3001 2610 hoc
3024 2555 3070 2609 is
3119 2560 3281 2623 quem

1695 2653 2173 2724 praestolabantur,
2204 2656 2499 2713 adveniens
2541 2653 2831 2711 suscitavit
2853 2652 3005 2723 ipsos
3029 2664 3096 2703 ex
3133 2660 3285 2701 inor-

1694 2746 1825 2802 tuis.

1368 2855 1434 2911 Χ.
1468 2856 1652 2914 Nolite
1678 2860 1979 2929 iudaizare.

80 2974 165 3045 Μὴ
199 2968 295 3027 οὗν
328 2971 739 3043 ἀναισθητῶμεν
768 2969 879 3042 (55)
902 2970 1003 3042 τῆς
1025 2971 1391 3044 χρηστότητος
1407 2971 1593 3026 αὐτοῦ.

1772 2978 1927 3034 Absit
1952 2994 2083 3049 ergo
2118 2994 2145 3032 a
2193 2978 2372 3043 nobis,
2400 2993 2505 3031 non
2532 2976 2740 3031 moveri
2779 2971 3112 3043 benignitate
3142 2970 3282 3038 ειυς.

33 3067 105 3120 Ἀν
134 3066 241 3138 γὰρ
274 3066 424 3137 ἡμᾶς
456 3064 568 3135 (54)
606 3065 923 3136 μιμήσεται,
958 3064 1101 3118 καθά
1134 3064 1470 3136 πράσσομεν,
1498 3066 1593 3121 οὐκ

1786 3070 1931 3125 enim
1979 3088 2080 3127 nos
2117 3072 2363 3127 imitetur
2398 3070 2701 3127 secundum
2742 3086 2829 3137 ea,
2861 3084 2982 3138 qua:
3028 3065 3286 3120 facimus.

1356 3208 1536 3269 Vetus
1587 3209 1927 3288 interpres.

1424 3331 1655 3388 CAPUT
1692 3333 1829 3388 VIII.

81 3426 190 3482 Non
225 3428 424 3483 erretis
452 3429 731 3484 extraneis
768 3422 1141 3498 opinionibus,
1188 3440 1367 3498 neque
1407 3425 1611 3484 fabulis
1655 3431 1956 3497 veteribus,
1999 3431 2287 3487 inutilibus
2334 3429 2753 3486 exsistentibus.
2812 3427 2871 3482 Si
2916 3427 3063 3482 enim
3110 3440 3288 3496 usque

31 3514 154 3571 nunc
177 3496 860 3571 secundum-Iudaismuin
897 3496 1154 3571 vivimus,
1196 3497 1523 3571 conﬁtemur
1568 3500 1799 3569 gratiam
1835 3517 1944 3556 non
1992 3502 2293 3571 recepisse.
2345 3500 2685 3571 Divinissimi
2724 3499 2867 3552 enim
2896 3498 3172 3571 prophetae
3200 3513 3288 3571 se:

31 3570 240 3641 eundum
264 3561 547 3641 Cbristu'm
580 3568 767 3624 Iesum
799 3569 1076 3641 vixerunt.
1103 3564 1333 3641 Propter
1368 3566 1473 3622 hoc
1500 3578 1553 3623 ει
1569 3561 2031 3641 ’ρετεεειιιίοηεπι
2064 3561 2212 3641 pa'ssi
2244 3580 2393 3636 sunt,
2420 3570 2674 3641 inspirati
2706 3584 2737 3622 a

2811 3571 2951 3636 ralia
2991 3568 3185 3636 ipsius,
3219 3567 3288 3620 ad

31 3585 240 3621 cunnum
264 3585 547 3623 unrtswm
580 3585 767 3624 Iesum
799 3585 1076 3622 Vixerunt.
1103 3585 1333 3635 rropter
1368 3585 1473 3622 noc
1500 3585 1553 3623 et
1592 3585 2031 3638 persecutionem
2064 3588 2212 3641 passu
2244 3585 2393 3636 sunt,
2420 3585 2674 3640 mspurau
2706 3585 2737 3622 a
2765 3585 2951 3691 (grana
2991 3585 3185 3636 ipsius,
3219 3585 3284 3620 au

31 3640 307 3711 certiﬁcare
340 3638 1037 3711 impersuasos,_quoniam
1065 3651 1208 3691 unus
1238 3636 1383 3691 Deus
1424 3647 1527 3703 est,
1562 3639 1657 3711 qui
1692 3641 2066 3711 manifestavit
2110 3642 2355 3711 seipsum
2402 3656 2496 3711 per
2545 3639 2733 3695 Iesum
2792 3638 3051 3711 ‘hristum
3086 3636 3284 3711 Filium

31 3707 180 3783 ipsius
203 3727 235 3783 ;_
262 3709 358 3783 qui
403 3706 488 3763 est
530 3710 707 3780 ipsius
748 3706 985 3765 verbum
1008 3706 1323 3783 aeternum,
1351 3721 1462 3761 non
1499 3725 1531 3763 a
1564 3706 1785 3765 silentio
1813 3712 2168 3783 progrediens
2189 3706 2211 3780 ;”
2232 3713 2328 3783 qui
2364 3706 2667 3768 secundum
2718 3708 2906 3766 omnia
2942 3706 3283 3777 beneplacuit

1453 3846 1685 3904 CAPUT
1724 3848 1811 3903 IX.

31 3778 239 3833 mittenti
264 3778 468 3850 ipsum.

88 3941 137 3996 Si
166 3944 408 4018 igiturin
447 3943 924 4018 veteribus'rebus
960 3943 1293 4018 conversati,
1348 3944 1403 4018 in
1448 3944 1747 3999 novitatem
1792 3948 1906 4017 spei
1960 3958 2251 4016 venerunt,
2284 3964 2396 4004 non
2446 3948 2682 4018 amplius
2727 3945 3283 4018 sabbatizantes,_seil

32 4015 306 4095 secundum
340 4013 682 4095 Dominicam
715 4016 983 4095 viventes,
1016 4014 1070 4067 in
1108 4030 1217 4095 qua
1249 4024 1303 4069 et
1336 4015 1443 4095 vita
1471 4026 1660 4070 nostra
1688 4013 1918 4072 ortaest
1946 4036 2044 4095 per
2071 4013 2253 4095 ipsum
2282 4030 2337 4075 et
2368 4013 2596 4073 mortem
2632 4020 2813 4095 ipsius
2849 4016 3030 4087 (quod
3055 4014 3284 4095 quidam

34 4093 224 4157 negant,
268 4100 369 4157 per
411 4085 555 4157 quod
596 4087 917 4157 mysterium
954 4084 1269 4157 accepimus
1312 4086 1554 4157 credere,
1598 4094 1653 4140 et
1701 4098 1920 4157 propter
1947 4084 2479 4153 hoc-sustinemus,
2533 4100 2594 4143 ut
2637 4084 2980 4144 inveniamur
3014 4084 3287 4157 ,discipuli

34 4149 140 4232 ἐρέει
166 4149 395 4232 Chr—isti,
422 4149 596 4232 solius
621 4149 866 4232 doctoris
910 4149 1143 4232 nostri);
1174 4155 1454 4223 quomodo
1489 4170 1591 4211 nos
1630 4149 1935 4232 poterimus
1959 4161 2141 4215 vivere
2177 4161 2295 4215 sine
2329 4149 2479 4228 ἱρεοξ
2510 4160 2670 4232 cujus
2700 4168 2753 4214 et
2775 4149 3075 4232 prophetfe,
3113 4149 3279 4208 disci-

33 4223 125 4287 puli
148 4225 490 4301 existentes.
508 4226 730 4293 spiritu,
771 4227 953 4301 ipsum
979 4233 1042 4279 ut
1082 4226 1364 4281 doctorem
1396 4223 1826 4296 exspectabant?
1866 4238 1921 4285 et
1949 4240 2173 4301 propter
2202 4232 2309 4287 hoc
2336 4223 2483 4300 quod
2524 4223 2671 4298 ju'ste
2703 4223 3095 4298 exspectabant
3151 4240 3289 4295 pra:-

1471 4364 1707 4420 CAPUT
1747 4367 1813 4422 Χ.

90 4456 195 4516 Non
220 4462 393 4533 igitur
420 4477 527 4518 non
562 4462 869 4517 sentiamus
902 4461 1288 4532 benignitatem
1338 4460 1531 4531 ipsius.
1566 4460 1624 4515 Si
1656 4464 1802 4518 enim
1849 4480 1952 4521 uos
1995 4475 2357 4538 persequatur
2415 4466 2717 4522 secundum
2759 4462 2908 4534 quod
2960 4472 3280 4529 operantur,

36 4305 139 4345 sens
161 4295 449 4349 suscitavit
477 4294 628 4365 ipsos
657 4310 725 4350 ex
751 4294 1007 4351 mortuis.

32 4576 36 4617 ‘
100 4598 117 4628 ³
149 4599 341 4657 Matth.
376 4618 555 4670 nvn,
597 4602 687 4658 52.

100 4742 201 4815 (t7)
238 4744 485 4817 lgnatius
532 4759 643 4799 non
694 4743 805 4798 duo
853 4743 1073 4817 diversa
1104 4742 1601 4817 luereticorumge-
1632 4753 1675 4808 υ
1706 4747 1929 4803 telerius
1961 4745 2036 4815 (a.
2070 4746 2127 4799 h.
2152 4743 2216 4814 l.)
2240 4751 2292 4798 et
2314 4742 2492 4817 Bothe
2519 4740 2709 4812 (Anii,
2737 4753 2790 4817 ῃ.
2823 4735 2987 4817 ῖὲδ),
3013 4732 3287 4817 Egnatium

43 4804 298 4884 nera,'sed
335 4831 505 4874 unum
560 4824 770 4884 tantum
796 4830 1017 4884 igenus,
1045 4814 1442 4882 judaizantium
1477 4804 1593 4870 dico

1773 4819 1932 4883 tisse,
1964 4804 2250 4870 monentes
2285 4833 2298 4867 :
2340 4804 2595 4884 Christus
2624 4804 2707 4884 est
2737 4804 2968 4884 Verbum
3010 4804 3103 4858 Dei
3133 4813 3291 4884 aeter—

47 4878 327 4955 yogetarum
344 4885 660 4955 impugnat.
684 4878 1021 4955 CI._P'rolcg.
1040 4878 1224 4955 flustra
1249 4884 1320 4955 ad
1338 4884 1599 4951 epistolas

47 4949 91 5003 S.
118 4951 294 5022 Ignatii
336 4949 539 5017 Ner',
576 4954 608 5008 6
631 4996 646 5021 ,
684 4965 739 5010 et
772 4949 1153 5018 Dﬁstervdieck,
1185 4952 1262 5006 De
1292 4949 1601 5023 Iguattaua-

47 5036 141 5073 rum
163 5028 313 5094 epist.
352 5026 651 5092 authentiu,
684 5040 739 5093 ι)-
771 5024 843 5079 55
866 5039 988 5094 sqq:

104 5091 200 5162 με)
235 5095 321 5150 cr.
355 5097 378 5148 1
408 5094 552 5150 Tim.
583 5112 622 5159 ι,
651 5091 715 5155 t‘;
749 5111 821 5153 ιν.
851 5091 926 5160 πί
943 5093 1051 5149 Tit.
1081 5108 1121 5157 1,
1148 5091 1237 5146 ιι.

106 5163 202 5234 (49)
237 5167 345 5220 Aut
372 5166 538 5237 νόμον
570 5174 666 5219 aut
693 5164 1033 5237 ἰουδαῖσμόν·
1051 5163 1595 5237 interpretamentum

50 5246 163 5292 esse.
192 5251 405 5291 summo
442 5234 717 5291 consensu
748 5234 1088 5289 contendunt
1111 5234 1369 5291 editores.
1402 5235 1601 5292 Iacob-

53 5316 214 5358 sonum
238 5315 460 5363 Secutus
506 5306 668 5376 νόμον
714 5305 871 5360 uncis
920 5304 1142 5369 inclusi,
1173 5306 1300 5373 quia
1330 5318 1485 5361 vetus
1517 5308 1601 5376 ine-

53 5378 227 5440 terpres
246 5375 588 5431 Iudaismum
614 5384 823 5429 tantum
846 5376 1089 5440 exhibet,
1107 5384 1161 5429 et
1183 5390 1284 5431 nos
1309 5375 1449 5433 infra
1467 5393 1516 5431 c.
1532 5375 1601 5431 I0

56 5438 266 5516 legimus,
295 5446 440 5505 κατά
472 5444 896 5516 Χριστιανισμὸν
930 5443 1049 5515 ζῇν.

77 5580 84 5586 _
113 5513 207 5582 (50)
240 5513 815 5587 Ignatiauolmastiges
830 5513 1188 5587 contendunt,
1207 5515 1430 5587 ﬁerihic
1446 5530 1601 5569 men-

58 5585 224 5659 tionem
266 5585 431 5659 Σιγῆς
459 5585 730 5641 Valentini
781 5585 1062 5659 Guo_stici,_
1080 5594 1135 5639 et
1161 5586 1284 5640 inde
1318 5600 1602 5654 apparere,

59 5654 298 5725 epistolam
338 5654 594 5713 nustram
640 5671 748 5710 non
792 5656 861 5713 ab
892 5654 1103 5725 lgnatio
1145 5671 1267 5710 esse
1295 5664 1598 5725 exaratam.

63 5715 329 5795 Respondet
355 5727 606 5790 Vossius,
642 5715 949 5795 respexisse
976 5726 1245 5794 Ignatium
1278 5728 1344 5779 ad
1385 5724 1606 5780 Gnosti-

64 5802 138 5846 cos
165 5793 433 5857 Valentino
466 5793 841 5871 antiquiores;
878 5793 1070 5853 melius
1090 5806 1269 5853 autem
1299 5804 1467 5867 agunt
1495 5796 1603 5853 Co-

1704 4904 1859 4950 num,
1892 4873 2038 4956 quod
2070 4901 2177 4939 non
2218 4884 2393 4937 instar
2423 4882 2645 4956 buuiani
2684 4878 2956 4956 sermonis
2982 4886 3095 4956 post
3126 4873 3288 4956 silen-

1705 4944 1954 5033 tium'seu
1976 4973 2003 5009 e
2023 4956 2234 5009 silentio
2256 4952 2650 5033 progreditur,‘
2667 4967 2780 5031 non
2802 4948 2996 5033 junius.
3018 4953 3101 5033 est
3124 4944 3289 5033 siilen—

1705 4970 1836 5011 trum
1864 4973 1954 5009 seu
1976 4973 2003 5009 e
2023 4970 2234 5009 sttentto
2301 4970 2631 5033 rogreuttur,
2667 4970 2780 5031 ιιοη
2802 4970 2990 5016 Jumus
3018 4970 3101 4999 υδι
3124 4970 3289 4998 sticu—

1702 5028 1801 5093 tio,
1831 5027 1925 5082 sed
1956 5036 2235 5079 wternum.
2254 4970 2431 5077 gimtli
2457 5021 2619 5076 modo
2632 5021 2745 5091 jam
2768 5018 3123 5088 interpolator
3145 5015 3290 5067 hunc

1701 5097 1884 5152 Iocum
1918 5096 2197 5165 explicuit.

1776 5167 1890 5237 (51)
1928 5163 2048 5237 Ife.
2076 5167 2129 5219 in
2176 5164 2351 5219 Veteri
2386 5163 2753 5237 Testamento._
2826 5227 2839 5237 _
2987 5181 2995 5189 ·
3046 5223 3097 5237 μ
3147 5231 3159 5237 Δ

1927 5235 2059 5291 Post
2088 5237 2358 5311 κυριακήν
2386 5232 2697 5311 necessario
2730 5227 2954 5311 ἡμέραν,
2978 5222 3288 5311 ευὶήηνιειὶἰῖ

1703 5294 1939 5380 gendum
1966 5315 2069 5371 est,
2093 5294 2239 5380 quod
2262 5294 2327 5359 ei
2352 5303 2705 5380 sequentibus
2730 5294 2894 5368 patet.
2922 5296 3115 5377 Sami.
3133 5294 3289 5380 Ζιοην

1705 5364 1813 5432 non
1840 5392 1963 5448 cum
1990 5364 2282 5448 κυρίακήν,
2322 5375 2414 5429 sed
2432 5364 2571 5428 'cum
2610 5364 2810 5434 ζῶντες
2844 5364 3286 5435 conjungeudum

1702 5458 1806 5504 est.
1840 5446 2103 5501 Peaasou.

1776 5518 1889 5587 (55)
1927 5515 2102 5587 Verba
2135 5514 2193 5569 S.
2232 5513 2383 5567 Pauli
2407 5512 2473 5567 ad
2504 5512 2667 5566 Rom.
2693 5525 2756 5576 ιι,
2781 5509 2815 5563 4
2844 5507 2897 5561 in
2926 5512 3106 5560 mente
3128 5504 3286 5571 lgna-

1704 5588 1766 5644 tii
1798 5588 1971 5642 fuisse
1990 5586 2263 5640 videntur.

1778 5659 1892 5729 (54)
1932 5656 1971 5710 I.
1996 5673 2046 5711 e.
2086 5656 2140 5729 si
2181 5655 2320 5729 Deus
2366 5652 2546 5729 eodem
2591 5650 2748 5703 modo
2781 5648 3048 5703 nobiscum
3087 5652 3260 5715 ageret

1705 5723 1937 5787 Vossius
1964 5735 2017 5784 ct
2053 5725 2145 5782 alii
2168 5725 2378 5781 malunt
2401 5723 2707 5793 τιμήσεται.

1721 5912 1752 5923 ς-
