3746 6332
15 340 98 395 73
1153 333 1492 391 EPISTOLA
1529 334 1622 388 AD
1661 334 1795 389 'I'RA
1804 334 2117 393 LLIANOS.

3166 343 3272 401 676

15 474 86 532 ῃ,
120 457 237 529 (εἰ)
265 459 323 511 ὲν
354 455 468 525 Υἱῷ
499 457 593 511 καὶ⁵
627 456 803 528 Πατρὶ
834 456 927 511 κα)⁵
948 457 1005 511 ὲν
1030 457 1331 529 Πνεῦματι,
1363 460 1422 511 ὲν
1450 459 1589 530 ἀρχῇ

1770 458 1931 513 Patre
1959 469 2013 513 et
2042 458 2270 529 Spiritu,
2296 460 2353 514 in
2390 459 2659 531 principio
2691 470 2746 517 et
2774 463 2829 517 ln
2870 462 3000 524 line.
3026 480 3155 521 cum
3184 468 3271 522 di-

15 551 72 602 x‘t
117 554 181 604 ὲν
214 549 380 615 τέλει,
420 550 559 619 μετὰ
590 548 685 602 τοῦ
719 547 1220 621 ἀξιοπρεπεστάτου
1281 549 1582 615 ἐπισκόπου

16 641 170 707 ⁵ιῶηιο,
207 640 301 695 καὶ
354 639 682 707 ἀξιοπλόκου
740 640 1114 711 πνευματικοῦ
1167 643 1431 710 στεφάνου
1487 640 1582 695 τοῦ

15 731 387 804 ρεσσυτερίου
442 729 620 801 ὑμῶν,
657 730 752 784 καί
804 730 913 786 τῶν
947 733 1089 786 κατὰ
1132 733 1264 787 Θεὸν
1295 733 1580 787 διακόνων.

15 824 347 896 ι’ποτὰγητε
395 823 473 895 τῷ
508 824 794 893 ὲπισκόπῳ
828 824 922 878 καὶ
954 824 1222 896 ἀλλήλοις,
1256 826 1331 890 ὡς
1378 825 1585 897 Ἰησοῦς

20 918 230 989 ριστὺς
254 916 368 988 (65)
386 917 464 988 τῷ
501 915 679 988 Πατρὶ
712 917 853 971 κατὰ
889 918 1085 989 σάρκα,
1105 918 1199 971 καὶ
1218 920 1266 970 οἱ
1299 917 1587 972 ἀπόστολοι

16 1009 53 1080 is
91 1008 330 1082 Χριστῷ
364 1012 458 1063 κα)⁵
510 1008 588 1080 τῷ
630 1010 809 1081 Πατρὶ
844 1009 936 1063 καὶ
997 1008 1073 1080 τῷ
1130 1009 1446 1080 Πνεῦματι’
1502 1009 1588 1063 ἵνα

15 1117 187 1163 ρωσις
216 1094 388 1173 ᾗ(64)
419 1100 657 1173 σαρκική
692 1117 752 1153 τε
787 1100 880 1154 καὶ
900 1101 1266 1172 πνευματική.
1284 1147 1301 1166 ,

1689 552 1955 622 gnissimo
1994 552 2252 621 episcopo
2300 561 2505 617 vestro,
2532 561 2589 607 et
2625 553 2787 623 digne
2810 562 3066 610 contexta
3105 562 3271 626 spiri-

1690 645 1827 698 tuali
1878 659 2086 699 corona
2144 643 2470 714 presbyterii
2510 644 2697 710 vestri,
2721 655 2775 699 et
2820 661 2946 700 cum
2999 647 3267 716 diaconis,

1691 736 1804 792 Deo
1850 736 2211 807 placentibus.
2250 734 2489 807 Subjecti
2538 745 2712 792 estote
2735 739 2994 809 episcopo
3023 738 3079 795 et
3110 740 3269 796 vobis

1689 839 1906 895 mutuo,
1945 837 2004 882 ut
2050 826 2210 883 Jesus
2262 826 2517 883 Christus
2579 826 2728 882 Patri
2770 830 2824 883 in
2873 830 3110 885 humana
3168 846 3267 886 sua

1690 932 1905 987 natura,
1942 931 1996 977 et
2035 922 2266 991 apostoli
2297 921 2517 976 Christo
2568 931 2622 976 et
2651 922 2798 979 Patri
2834 934 2887 980 et
2915 924 3175 995 Spiritui,
3210 934 3267 980 ut

1691 1016 1821 1069 unio
1844 1015 1915 1069 sit
1943 1024 1998 1069 et
2033 1016 2273 1071 carnalis
2297 1024 2351 1069 et
2388 1014 2712 1085 spiritualis.

976 1217 1119 1273 XIV.
1154 1218 1315 1273 Orate
1341 1236 1437 1290 pro
1466 1235 1545 1272 me
1572 1226 1621 1272 et
1653 1233 1747 1288 pro
1781 1215 2018 1271 Ecclesia
2048 1214 2243 1286 Syriar.

32 1334 245 1401 Εἰδὼς,
269 1335 379 1408 (65)
397 1337 479 1390 ὅτι
505 1336 643 1391 Θεοῦ
663 1337 884 1409 γέμετε,
902 1340 1185 1411 συντόμως
1205 1341 1583 1414 παρεκὲλευσα

15 1431 157 1500 μᾶς.
204 1429 592 1500 Μνημονεύετέ
650 1448 749 1500 μου
785 1433 842 1484 ὲν
873 1435 996 1496 ταῖς
1042 1436 1369 1505 προσευχαῖς
1404 1433 1580 1504 ὑμῶν,

16 1540 65 1575 ια
101 1521 251 1574 Θεοῦ
286 1520 545 1591 ἐπιτύχω,
581 1523 676 1575 καὶ
722 1522 822 1593 τῆς
856 1526 914 1576 ἐν
948 1524 1119 1598 Συρίᾳ
1164 1524 1491 1595 Ἐκκλησίας
1512 1557 1579 1568 —-

16 1614 101 1665 isv
164 1614 270 1668 οὐκ
323 1612 474 1677 ἄξιός
507 1614 623 1683 εἰμι
656 1612 939 1666 καλεῖσθαι
966 1630 979 1643 ·
1017 1614 1303 1687 ἐπιδέομαι
1335 1615 1442 1689 γὰρ
1476 1615 1573 1685 τῆς

16 1704 279 1775 νωμένης
330 1703 482 1775 ὑμῶν
515 1706 572 1757 ὲν
604 1702 722 1773 Θεῷ
771 1705 1080 1776 προσευχῆς
1112 1705 1206 1759 καὶ
1252 1706 1472 1775 ἀγάπης
1504 1736 1573 1746 --

1756 1339 1895 1394 Cum
1952 1339 2145 1404 sciam,
2169 1354 2270 1393 vos
2319 1336 2433 1394 Deo
2486 1339 2677 1409 plenos
2704 1355 2846 1408 esse,
2878 1342 3137 1399 brevibus
3167 1360 3266 1399 vos

1682 1433 2004 1488 cohortatus
2042 1448 2187 1487 sum.
2215 1432 2485 1489 Memores
2507 1443 2682 1490 estote
2710 1437 2812 1490 mei
2842 1437 2895 1489 in
2920 1438 3265 1492 orationibus

1680 1526 1899 1592 vestris,
1950 1535 2009 1581 ut
2057 1524 2227 1580 Deum
2283 1541 2567 1596 assequar,
2610 1536 2664 1582 et
2713 1527 2990 1594 Ecclesiae,
3028 1546 3152 1599 quas
3205 1532 3260 1584 in

1681 1615 1837 1686 Syria
1883 1624 1968 1670 est
2010 1614 2174 1687 (unde
2207 1630 2313 1671 non
2374 1633 2495 1672 sum
2554 1617 2752 1689 dignus
2809 1622 3014 1687 vocari,
3049 1621 3265 1693 indigeo

1678 1705 1824 1760 enim
1874 1707 2021 1761 unita
2072 1717 2252 1761 vestra
2297 1707 2350 1761 in
2412 1707 2524 1763 Deo
2589 1713 2835 1767 oratione
2882 1722 2934 1767 et
2980 1713 3266 1784 charitatc)

16 1804 55 1860 ἱς
112 1797 183 1850 τὸ
233 1797 530 1869 ἀξιωθῆναι
561 1797 658 1868 τὴν
706 1800 763 1850 ὲν
796 1799 967 1871 Συρίᾳ
1012 1799 1334 1875 Ἐκκλησίαν
1365 1799 1454 1853 διὰ
1485 1799 1583 1871 τῆς

1772 1797 2039 1863 Ecclesia,
2066 1814 2188 1868 quae
2219 1798 2273 1851 in
2310 1798 2468 1871 Syria
2512 1811 2617 1870 est,
2642 1814 2915 1859 mereatur
2946 1821 3042 1875 per
3073 1803 3265 1860 Eccle-

15 1890 332 1963 Εκκλησίας
365 1888 520 1961 ὑμῶν
547 1888 912 1962 δροσισθῆναι.

1694 1890 1833 1945 siam
1864 1900 2099 1945 vestram
2150 1892 2397 1948 irrorari.

952 2005 1071 2063 XV.
1104 2008 1359 2063 Salutant
1390 2024 1477 2063 vos
1511 2007 1724 2079 Ephesii
1747 2016 1796 2062 et
1832 2018 2037 2063 cetera:
2088 2008 2364 2064 Ecclesiae.

75 2126 437 2194 Δσπάζονται
468 2130 616 2202 ὑμᾶς
636 2131 747 2203 (66)
778 2124 1019 2201 Ἐφέσιοι
1049 2130 1156 2183 ἀπὸ
1172 2129 1586 2203 Σμύρνης,ὃθεν

16 2222 72 2273 αἱ
124 2222 333 2292 γράφω
382 2224 533 2293 ὑμῖν,
569 2223 834 2295 παρόντες
884 2224 964 2285 εἰς
1011 2221 1169 2287 δόξαν
1202 2220 1360 2286 Θεοῦ,
1395 2220 1583 2293 ὥσπερ

16 2314 74 2365 αἰ
109 2315 299 2383 ὑμεῖς,
322 2314 371 2369 οἶ
406 2315 549 2370 κατὰ
581 2316 760 2368 πάντα
797 2331 863 2385 με
898 2314 1232 2375 ἀνέπαυσαν,
1262 2313 1380 2382 ἅμα
1410 2311 1583 2365 Πολυ-

20 2407 214 2476 ἀρπῳ,
267 2407 551 2477 ὲπισκόπῳ
602 2406 943 2478 Σμυρναίων.
1000 2404 1110 2457 Καὶ
1172 2402 1474 2457 αι’λοιπαὶ
1525 2401 1583 2455 δὲ

16 2498 322 2571 Εκκλησίαι
353 2503 410 2553 ὲν
443 2503 574 2571 τιμῇ
606 2498 779 2569 Ἰησοῦ
800 2497 1039 2571 Χριστοῦ
1069 2496 1576 2566 ἀσπάζοπαιὺμᾶς.

16 2593 281 2665 Emme:
302 2596 361 2647 ὲν
377 2593 600 2664 ὁμονοίᾳ
616 2592 771 2656 Θεοῦ,
787 2590 1113 2661 κεκτημένοι
1136 2588 1248 2661 (67)
1268 2588 1581 2661 ἀδιάκριτον

15 2687 231 2758 τνεῦμα,
267 2688 326 2751 ὃς
360 2689 509 2741 ἐστιν
555 2684 763 2757 Ἰησοῦς
794 2684 1049 2757 Χριστός.

1763 2129 2020 2184 Salutant
2045 2145 2143 2185 vos
2171 2129 2390 2200 Ephesii
2430 2146 2460 2185 e
2490 2130 2743 2205 Smyrna,
2770 2134 2915 2189 unde
2937 2135 3053 2190 haec
3080 2136 3263 2191 scribo

1693 2220 1871 2278 vobis.
1897 2220 1990 2289 qui
2027 2229 2320 2289 praesentes
2374 2220 2575 2275 adsunt
2617 2224 2669 2276 in
2714 2223 2808 2277 Dei
2842 2225 3089 2294 gloriam,
3116 2237 3174 2281 ut
3211 2236 3265 2280 et

1684 2328 1804 2379 vos,
1834 2312 1928 2382 qui
1975 2328 2064 2367 me
2101 2328 2208 2365 una
2263 2328 2387 2367 cum
2438 2313 2741 2386 Polycarpo
2777 2319 3031 2388 episcopo
3076 2320 3265 2392 Smyr-

1687 2420 1930 2459 nazorum
1977 2403 2033 2457 in
2072 2403 2330 2459 omnibus
2373 2417 2710 2465 recrearuut.
2747 2407 2812 2461 Et
2842 2419 3049 2464 caetera:
3080 2410 3265 2466 Eccle-

1688 2497 1783 2551 sia:
1834 2497 1887 2550 in
1933 2494 2197 2551 honorem
2244 2497 2372 2552 Jesu
2414 2496 2620 2552 Christi
2645 2515 2742 2554 vos
2767 2501 3025 2556 salutant.
3055 2501 3262 2566 Valete,

1686 2588 1799 2643 Deo
1844 2589 2003 2653 uniti,
2036 2590 2288 2659 spiritum
2315 2590 2656 2661 possidentes
2694 2594 3135 2663 inseparabilem,
3169 2597 3264 2666 qui

1605 2689 1647 2747 ο
1681 2690 1765 2735 est
1788 2680 1949 2737 Jesus
1983 2680 2258 2738 Christus.

1339 2826 1518 2887 Vetus
1547 2825 1885 2904 interpres.

16 2975 94 3023 ur,
125 2973 301 3013 carne
329 2967 381 3013 et
404 2958 624 3028 spiritu,
659 2958 761 3013 lide
795 2966 850 3013 et
871 2957 1159 3022 charitate,
1193 2954 1259 3028 in,
1284 2955 1422 3009 Filio
1450 2964 1505 3009 et
1532 2953 1695 3028 Patre
1726 2964 1795 3028 et
1821 2954 2027 3028 Spiritu
2060 2963 2272 3021 sancto,
2323 2956 2377 3010 in
2428 2956 2695 3028 principio
2742 2967 2797 3013 et
2846 2958 2899 3012 in
2950 2959 3078 3026 line,
3134 2976 3260 3015 cum

16 3026 576 3100 Iigne-decentissimo
608 3030 868 3099 episcopo
892 3036 1186 3100 vestro,__et
1211 3027 1372 3100 digne
1398 3026 1679 3100 complexa
1718 3026 1988 3100 spirituali
2019 3042 2222 3080 corona
2265 3026 2817 3100 presbyterii—vestri,
2852 3039 2900 3083 et
2944 3045 3132 3083 eorum
3167 3032 3261 3100 qui

16 3096 294 3153 .ecuudum
338 3097 506 3153 Deum
557 3096 936 3153 diaconorum.
974 3096 1319 3164 Subjicimiui
1373 3096 1632 3164 episcopo
1681 3105 1734 3149 et
1774 3096 2100 3161 adinvicem,
2141 3106 2201 3149 ut
2255 3096 2713 3155 Jesus'Christus
2757 3098 2903 3154 Patri
2961 3096 3262 3155 secundum

16 3184 239 3236 amem,
278 3177 333 3223 et
358 3169 592 3241 apostoli
622 3168 845 3225 Christo
874 3178 928 3224 et
952 3167 1100 3222 Patri
1133 3178 1187 3222 et
1218 3166 1475 3236 Spiritui;
1507 3175 1565 3219 ut
1602 3164 1731 3219 unio
1755 3164 1826 3219 sit
1850 3167 2088 3221 carnalis
2118 3175 2173 3221 et
2200 3168 2519 3237 spiritualis.

1418 3307 1648 3383 CAPUT
1686 3307 1830 3363 xw.

67 3407 270 3464 Sciens
299 3405 564 3477 quoniam
611 3407 722 3462 Deo
765 3406 906 3477 pleni
958 3407 1111 3468 estis,
1156 3405 1541 3477 compendiose
1584 3404 1907 3477 deprecatus
1958 3420 2079 3477 sum
2127 3419 2245 3460 vos.
2300 3404 2625 3461 Mementote
2674 3407 2777 3477 mei
2827 3407 2880 3461 in
2918 3407 3261 3465 orationibus

15 3481 208 3546 restris,
250 3486 310 3529 ut
337 3476 446 3529 Deo
478 3477 665 3543 fruar;
705 3474 934 3549 et'(t-jus
959 3493 1081 3546 quae
1118 3478 1170 3530 in
1201 3476 1358 3546 Syria
1412 3474 1688 3538 Ecclesiae,
1722 3476 1864 3528 unde
1895 3490 2000 3527 non
2031 3476 2228 3599 dignus
2267 3492 2388 3529 sum
2430 3479 2638 3531 vocari.
2675 3476 3067 3548 Snperindigeo
3114 3481 3257 3532 enim

16 3552 142 3599 mila
163 3555 353 3599 vestra
380 3546 434 3599 in
457 3546 570 3599 Deo
603 3550 850 3599 oratione
888 3558 941 3599 et
963 3548 1269 3599 charitatel
1302 3547 1356 3599 in
1383 3544 1685 3599 diauilicari
1710 3559 1828 3597 eam
1854 3560 1973 3599 uuae
1998 3545 2054 3599 in
2124 3546 2234 3599 vria
2260 3544 2561 3599 Ecclesium
2586 3563 2681 3599 ner
2705 3547 3001 3599 Ecelesiam
3024 3556 3257 3599 vestram

16 3552 142 3605 inita
163 3544 353 3605 vestra
380 3546 434 3599 in
457 3546 570 3603 Deo
603 3544 855 3604 oratione
888 3558 941 3603 et
963 3544 1269 3618 charitate)
1302 3547 1356 3599 in
1383 3544 1685 3599 diauilicari
1710 3559 1828 3597 eam
1854 3560 1973 3613 quae
1998 3545 2054 3599 in

19 3622 233 3675 rrorari.

2122 3546 2234 3616 yria
2260 3544 2561 3601 Ecclesiam
2584 3563 2681 3616 per
2705 3544 3001 3602 Ecclesiam
3024 3556 3259 3603 vestram

1394 3708 1623 3764 CAPUT
1664 3709 1783 3766 XV.

67 3806 321 3863 Salutant
351 3823 449 3863 vos
487 3806 707 3877 Ephesii
742 3822 771 3861 a
815 3805 1047 3878 Smyrna
1080 3805 1248 3875 (unde
1277 3813 1333 3878 et
1375 3806 1558 3860 scribo
1595 3806 1804 3878 vobis),
1854 3815 2151 3878 praesentes
2187 3808 2240 3861 in
2282 3807 2510 3877 gloriam
2562 3808 2687 3878 Dei.
2719 3808 3176 3877 quemadmodum
3205 3819 3261 3864 et

15 3893 130 3933 vos:
159 3875 589 3949 quiisecunduin
625 3878 809 3949 omnia
842 3875 929 3949 me
955 3877 1240 3949 quiescere
1269 3875 1540 3949 iecerunt,
1567 3877 1731 3949 simul
1764 3894 1902 3949 cum
1946 3876 2249 3948 Polycarpo
2288 3875 2552 3947 episcopo
2583 3875 3011 3948 Smyrnaeorum.
3061 3879 3164 3933 Sed
3204 3892 3261 3936 is:

15 3944 213 4018 reliquie
242 3948 503 4004 Ecclesiae
534 3949 587 4019 in
630 3944 994 4019 honorelesu
1022 3944 1226 4002 Christi
1262 3947 1503 4002 salutant
1530 3961 1647 4002 vos.
1678 3946 1863 4001 Valete
1892 3946 1945 4001 in
1973 3944 2264 4003 concordia
2294 3944 2411 4014 Dei,
2456 3944 2797 4018 possidentes
2838 3949 3259 4019 inseparabilem

15 4017 277 4085 Spiritum,
308 4019 407 4089 qui
438 4027 523 4073 est
552 4017 1004 4072 Jesustristus.

308 4234 1042 4382 ΤΡΑΑΑΙΑΝΟΙΣ
1098 4284 1243 4380 (σε).

21 4454 306 4525 Ἰγνάτιος,
330 4461 363 4511 ὀ
383 4456 477 4512 καὶ
499 4458 813 4525 Θεοφόρος,
845 4456 1197 4527 ἠγαπημένη
1225 4453 1364 4521 Θεῷ,
1384 4453 1571 4523 "arpi

52 4549 233 4615 Ἰησοῦ
250 4549 874 4617 Χριστοῦ,Ἐκκλησίᾳ
890 4546 1125 4617 ἀγίᾳςτῇ
1140 4548 1294 4616 οὔσῃ
1310 4547 1379 4600 έν
1396 4546 1576 4614 Τράλ·
1604 4578 1650 4633 ι)

69 4644 229 4696 .lsatr
245 4641 362 4709 τῆς
391 4640 617 4707 Ἀσίας,
633 4638 889 4708 ἐκλεκτῇ
904 4638 1001 4692 καὶ
1021 4637 1290 4704 ἀξιοθέφ,
1312 4640 1572 4707 εἰρηνευ-

73 4777 172 4847 (62)
211 4777 463 4848 Ignatios
520 4775 722 4831 Filium
769 4782 896 4848 ante
950 4772 1176 4848 Patrem
1210 4770 1566 4848 nominat-(ut

18 4842 280 4927 Apostolus
333 4846 377 4900 ll
429 4848 556 4901 Cor.
598 4862 723 4913 xm,
778 4845 889 4968 15g,
944 4844 1089 4913 quod
1141 4842 1312 4924 ery
1347 4842 1564 4923 Ceillier

20 4916 256 4968 ("lslolre
282 4917 551 4968 aénérale.
586 4926 623 4968 t.
661 4916 702 4968 l.
734 4931 787 4968 ι).
869 4913 961 4968 22)
988 4922 1374 4967 vetushssrmae
1421 4922 1563 4965 anti-

20 4916 256 4975 (Histoire
282 4917 551 4989 generale,
586 4926 623 4971 t.
661 4916 787 4989 ltp.
834 4913 961 4989 £522)
988 4913 1374 4989 vetusiissimae
1421 4913 1563 4989 anti-

20 4991 210 5054 quitatis
238 4982 459 5059 si’gnum
490 4996 665 5059 putat.
693 4982 1213 5059 Cir._D_ii_sterdiecls,
1250 4982 1286 5035 l.
1304 4998 1366 5059 _c,
1391 4997 1446 5051 p.
1470 4982 1561 5036 27.

77 5060 173 5123 (63‘.
202 5052 718 5115 Suﬁordinationem
745 5056 835 5109 Dei
870 5053 992 5107 Filii
1018 5054 1106 5107 hic
1135 5052 1317 5107 doceri
1342 5061 1567 5123 conten-

20 5124 82 5179 dit
122 5128 427 5193 Mﬁnscllet‘,
464 5126 657 5181 Lehrb.
695 5127 751 5179 d.
809 5124 1215 5194 Dogmengesch.
1263 5122 1304 5186 l,
1349 5138 1401 5192 p.
1437 5122 1562 5194 162.

20 5195 188 5267 contra
232 5192 437 5261 Bothe,
475 5197 623 5266 ΑηῙ..
656 5214 711 5267 p.
748 5192 1103 5267 754,_monet
1145 5209 1176 5248 e
1211 5193 1391 5267 verbis
1423 5192 1566 5245 κατὰ

25 5266 171 5336 σάρκα
222 5271 404 5341 palam
456 5263 594 5328 ﬁeri.
626 5263 733 5321 non
772 5266 863 5341 τὸν
895 5265 1087 5341 ᾼόγον,
1132 5264 1225 5319 sed
1276 5263 1564 5341 humanam

25 5331 454 5395 tantnm'Christi
510 5348 765 5393 naturam
801 5336 869 5390 ab
914 5336 1124 5405 lgnatio
1179 5342 1369 5389 nostro
1415 5331 1564 5387 Patri

26 5408 361 5465 subordinari.

82 5479 177 5547 (6i)
205 5480 243 5533 Ι.
270 5498 324 5537 e.
367 5480 502 5535 unio
546 5487 769 5535 externa
815 5483 870 5529 et
922 5473 1151 5529 interna.
1203 5473 1316 5529 Cir.
1361 5470 1563 5542 Ephes.

28 5560 85 5609 tv,
108 5553 156 5601 4.

84 5619 178 5691 (65)
208 5619 264 5675 S.
304 5620 547 5692 lgnatius
580 5621 647 5675 ad
686 5620 850 5676 verba
889 5617 948 5675 S.
978 5613 1224 5690 Apostoli
1256 5609 1435 5683 (Rom.
1472 5627 1561 5679 xv,

35 5686 99 5753 ll}
122 5686 413 5758 respexisse
441 5695 673 5747 videtur.

84 5744 344 5829 l66llae.‘
362 5744 609 5831 Ephesii,
643 5744 738 5833 qui
784 5758 1071 5832 Smyrnam
1109 5744 1321 5827 Epheso
1373 5753 1563 5827 lgnatii

36 5840 167 5885 Busa
195 5843 471 5889 venerunt.

1936 4279 2099 4389 ,ΑΒ
2195 4275 2989 4369 TRALLIANOS.

1673 4443 1941 4516 Ignatius.
1971 4445 2062 4515 qui
2099 4452 2149 4496 et
2196 4442 2553 4511 Theophorus,
2589 4441 2794 4495 dilecta:
2839 4458 2871 4494 a
2916 4441 3047 4503 Deo,
3097 4438 3259 4493 Patre

1748 4537 1879 4591 Iesu
1923 4536 2145 4600 Christi,
2173 4535 2430 4589 Ecclesia:
2477 4545 2697 4598 sanctaz,
2727 4549 2845 4603 qna:
2882 4543 2958 4586 est
2989 4532 3256 4585 Trallibus

1748 4635 1914 4700 Asitr,
1940 4633 2117 4687 electae
2144 4640 2194 4684 et
2224 4631 2331 4685 Deo
2361 4631 2558 4700 dignm,
2576 4645 2756 4699 pacem
2784 4628 2997 4681 habenti
3023 4627 3083 4680 iis
3101 4641 3260 4679 carne

1769 4769 1859 4839 6'7)
1889 4769 2002 4825 Cfr.
2035 4767 2150 4839 lgn.
2183 4768 2250 4823 ad
2280 4766 2481 4839 Ephes.
2513 4781 2562 4822 c.
2602 4766 2667 4839 ὃς
2717 4764 2784 4819 ad
2813 4763 3060 4839 Trall.§.
3104 4764 3154 4839 _l.

1769 4771 1859 4839 6'7)
1889 4771 2002 4825 Clr.
2035 4771 2150 4839 lgn.
2183 4771 2250 4823 ad
2282 4771 2481 4837 Ephes.
2513 4781 2562 4822 c.
2602 4771 2667 4831 ὗς
2717 4771 2784 4819 ad
2813 4771 2980 4819 'l‘rall.
3010 4779 3060 4819 c.
3104 4771 3154 4818 l.

1743 4771 1856 4919 ltiti)
1893 4840 2133 4909 Epistola
2159 4839 2252 4919 ’σιξ
2286 4837 2593 4919 Trallianos
2622 4838 2674 4890 in
2716 4838 2969 4919 versione
2996 4833 3256 4919 Syriaca,

1671 4928 1701 4966 a
1750 4904 2030 4966 Curetono
2064 4910 2205 4980 typis
2234 4904 2517 4980 cvulgata,
2557 4922 2664 4980 non
2695 4914 2893 4980 exstat.
2927 4904 3115 4980 Capita
3137 4921 3254 4980 _au-

1671 4992 1780 5037 tem
1824 4982 1857 5034 4
1902 4989 1956 5035 et
2001 4981 2034 5033 5
2080 4975 2325 5045 epistola:
2364 4975 2564 5033 nostra:
2595 4978 2663 5031 ab
2693 4978 2988 5045 interprete
3028 4975 3256 5045 Syriaco

1670 5051 1853 5106 addita
1908 5060 2037 5105 sunt
2080 5044 2285 5104 ultimis
2337 5049 2520 5103 verbis
2572 5044 2920 5116 epistolae’S.
2950 5044 3153 5116 lgna’tiii
3181 5044 3251 5116 ad

1672 5122 1972 5184 Romanos,
2004 5117 2116 5190 quo
2170 5121 2250 5183 lit,
2304 5128 2362 5173 ut
2408 5115 2717 5173 Curetonus
2767 5118 2896 5170 huic
2938 5115 3249 5190 posteriori

1670 5191 1912 5261 epistolae
1963 5184 2142 5260 capita
2179 5191 2267 5244 illa
2305 5189 2627 5261 ascribenda
2669 5196 2841 5261 putet,
2866 5185 3151 5261 epistolam
3180 5184 3248 5261 ad

1672 5254 1979 5315 Trallianos
2016 5254 2197 5315 autem
2229 5260 2537 5334 indubiam
2563 5254 2739 5334 vocet.
2771 5256 2880 5334 Sed
2913 5255 3086 5307 multo
3108 5254 3254 5334 veri-

1671 5333 1910 5404 similius
1949 5341 2054 5404 est.
2098 5330 2427 5404 monac_hu_m
2466 5330 2618 5382 illum
2660 5326 2946 5404 Syriacum
2979 5326 3252 5404 excerptis

1673 5402 1790 5460 suis
1827 5418 1910 5474 ex
1957 5401 2187 5474 epistola
2236 5399 2303 5453 ad
2356 5400 2636 5474 Romanos
2665 5394 2975 5474 desumptis
3004 5394 3057 5446 in
3082 5408 3249 5474 usum

1672 5472 1966 5543 asceticum
1990 5463 2005 5471 ’
2024 5472 2133 5526 duo
2164 5486 2395 5543 quoque
2441 5467 2763 5543 perpulchra
2791 5465 2978 5543 capita
3010 5463 3253 5543 epistola:

1671 5546 1739 5600 ad
1772 5541 2077 5596 Trallianos
2108 5534 2455 5609 adiunxisse.—
2479 5534 2744 5591 Praeterea
2772 5535 2884 5609 duo
2922 5534 3034 5588 haec
3071 5534 3250 5609 capita

1672 5615 1843 5668 multo
1897 5613 2093 5667 melius
2150 5603 2201 5664 εἰ
2259 5611 2464 5663 arctius
2512 5622 2635 5661 cum
2686 5604 2866 5674 capite
2906 5603 3249 5674 antecedtmti
3341 5608 3351 5629 ’

1670 5684 1914 5752 epistolae
1946 5684 2012 5737 ad
2050 5680 2377 5746 Trallianos,
2409 5693 2573 5750 quam
2610 5692 2733 5732 cum
2757 5673 2883 5730 line
2911 5673 3155 5744 epistolae
3180 5674 3249 5729 ad

1670 5753 1951 5811 Romanos
1985 5753 2281 5809 cohaerent.
