3754 6206
464 266 570 323 675

1403 257 1651 315 SANCTI
1682 255 1938 314 lGNATll
1968 255 2327 313 EPISTOLE
2356 256 2712 316 GENUINE.

3602 266 3689 322 6'76

535 392 585 437 et
624 382 878 452 sanguine
908 388 959 435 et
995 379 1241 450 passione
1267 376 1397 433 Jesu
1426 378 1651 446 Christi,
1680 380 1790 449 spei
1819 386 2037 443 nostra,
2066 384 2107 442 Α

2212 381 2367 449 ούσῃ
2382 379 2452 434 ἐν
2468 381 2650 450 σαρκὶ
2669 380 2767 435 καὶ
2785 380 2983 451 αἵματι
3002 379 3138 454 [(69)
3166 380 3290 454 καὶ]
3306 381 3386 449 τῷ
3409 384 3571 439 πάθει
3604 386 3689 452 ’1η-

427 476 435 507 ἒ
535 470 747 540 quando
799 485 1123 540 resurgemus
1175 468 1244 521 ad
1289 484 1442 533 eum;
1482 484 1642 538 quam
1682 476 1734 522 et
1778 468 1954 521 saluto
1982 468 2039 521 in

434 556 437 557 ν
538 561 867 630 plenitudine
896 561 953 613 in
984 559 1275 629 apostolico
1316 559 1646 626 charactere,
1676 560 1863 629 cuique
1916 556 2039 629 plu-

537 655 726 707 rimam
773 661 893 722 opto
923 652 1175 706 salutem.

2213 472 2333 527 σοῦ
2360 472 2641 540 Χριστοῦ,
2671 471 2782 540 τῆς
2799 472 3050 539 ἐλπίδος
3069 472 3238 542 ἡμῶν
3255 474 3325 528 ἐν
3338 472 3412 543 τῇ
3438 477 3520 541 εις
3532 478 3691 531 αὐτὰρ

2219 562 2553 619 ἀναστάσει
2573 581 2587 596 ·
2621 563 2702 631 ἢν
2739 564 2838 619 καὶ
2869 563 3201 635 ἀσπάζομαι
3228 565 3297 619 ἐν
3327 565 3407 632 τῷ
3441 564 3545 638 (70)
3570 572 3692 634 πλη-

2213 655 2548 725 ρώματι,ὲν
2578 655 2689 727 (71)
2723 657 3110 723 ἀποστολικῷ
3135 658 3485 728 χαρακτῆρι,
3501 658 3591 713 καὶ
3608 661 3689 713 εὕ-

2216 763 2395 816 χομαι
2421 746 2679 801 πλεῖστα
2714 748 2965 817 χαίρειν.

1438 890 1481 946 1.
1517 890 1662 946 Laus
1691 900 1865 946 vestra
1892 906 1983 961 per
2013 887 2299 959 Polybium
2329 889 2461 942 mihi
2486 888 2737 944 innotuit.

536 1011 862 1067 Constanter
890 1010 1222 1081 ineulpatam
1259 1016 1315 1065 et
1340 1009 1758 1080 inseparabilem
1800 1018 2039 1065 mentem

470 1104 704 1175 cognovi
747 1120 848 1159 vos
897 1104 1122 1168 habere,
1155 1118 1265 1157 non
1314 1118 1421 1157 usu
1472 1102 1671 1168 solum,
1705 1103 1798 1157 sed
1835 1101 2041 1167 indole,

469 1196 928 1265 quemadmodum
985 1195 1038 1249 id
1086 1194 1221 1248 mihi
1261 1194 1549 1263 episcopus
1588 1203 1767 1249 vester
1787 1192 2046 1265 Polybius

470 1286 750 1353 indicavit,
781 1288 874 1356 qui
905 1286 1155 1356 Smyrnae
1185 1284 1359 1340 adluit
1386 1301 1482 1355 per
1507 1286 1842 1339 voluntatem
1874 1284 1967 1339 Dei
1992 1291 2049 1339 et

468 1378 600 1433 Jesu
646 1378 875 1444 Christi,
911 1378 1118 1449 quique
1168 1378 1303 1432 mihi
1339 1381 1520 1433 vincto
1556 1378 1609 1431 in
1648 1376 1776 1432 Jesu
1818 1376 2047 1431 Christo

472 1469 549 1524 ita
583 1470 995 1541 congratulatus
1026 1477 1129 1535 est,
1161 1478 1222 1523 ut
1251 1483 1466 1523 omnem
1495 1468 1897 1522 multitudinem
1929 1480 2051 1520 ves-

471 1573 612 1618 tram
654 1564 711 1617 in
740 1578 805 1617 eo
835 1562 1233 1632 contemplatus
1283 1561 1409 1615 sim.
1437 1560 1729 1630 Excipicns
1764 1561 1909 1615 enim
1952 1574 2049 1629 per

473 1657 651 1725 ipsum
691 1664 953 1717 vestram,
1003 1670 1125 1724 quae
1169 1653 1471 1708 secundum
1521 1652 1691 1707 Deum
1730 1661 1833 1718 est,
1878 1652 2031 1705 bene-

2218 1010 2484 1081 Ἀμωμον
2526 1009 2764 1064 διάνοιαν
2796 1009 2889 1064 καὶ
2910 1010 3023 1084 (72)
3056 1011 3369 1083 ἀδιάκριτον
3401 1014 3455 1066 ὲν
3478 1013 3688 1086 ὑπομονῇ

2143 1102 2314 1171 ἔγνων
2348 1103 2492 1173 ὑμᾶς
2524 1102 2762 1173 ἔχοντας,
2790 1103 2901 1175 (75)
2918 1105 2977 1158 οὑ
3013 1104 3152 1159 κατά
3185 1106 3397 1176 χρῆσιν,
3418 1105 3544 1160 ἀλλὰ
3574 1110 3689 1161 κατὰ

2147 1194 2330 1265 φύσιν,
2366 1193 2548 1259 καθὼς
2605 1194 2870 1267 ἐδήλωσέν
2906 1214 2995 1267 μοι
3041 1196 3323 1261 Πολύϐιος,
3358 1198 3386 1249 ὁ
3431 1198 3689 1261 ἐπίσκοπος

2149 1284 2324 1355 ὑμῶν,
2360 1283 2419 1348 ὃς
2454 1285 2783 1356 παρεγένετο
2815 1284 3081 1357 θελήματι
3112 1285 3247 1340 Θεοῦ
3271 1288 3364 1341 καὶ
3395 1287 3559 1358 Ἰησοῦ
3588 1290 3691 1359 Χρι-

2147 1374 2243 1429 τοῦ
2277 1378 2335 1429 ὲν
2373 1374 2618 1447 Σμύρνῃ,
2642 1375 2733 1428 καὶ
2755 1374 2926 1439 οὕτως
2951 1393 3040 1447 μοι
3075 1379 3346 1450 συνεχάρη
3370 1379 3621 1450 δεδεμένῳ
3649 1384 3692 1434 ὲν

2162 1465 2335 1538 Ἰησοῦ
2382 1466 2624 1538 Χριστῷ,
2660 1466 2801 1520 ὥστε
2855 1485 2922 1539 με
2970 1468 3031 1521 τὸ
3082 1472 3190 1522 πᾶν
3250 1470 3451 1541 πλῆθος
3481 1471 3622 1542 ὑμῶν
3650 1474 3691 1524 ἐν

2148 1556 2297 1627 αὑτῷ
2334 1555 2445 1627 (74)
2487 1557 2826 1631 θεωρεῖσθαι.
2876 1558 3301 1630 Ἀποδεξάμενος
3332 1558 3421 1615 οὖν
3452 1564 3546 1634 τὴν
3576 1563 3691 1615 κατὰ

2148 1649 2282 1702 θεὸν
2314 1648 2526 1703 εὑνοιαν
2557 1649 2623 1702 δι’
2664 1650 2851 1713 αὑτοῦ,
2888 1650 2998 1721 (75)
3030 1651 3189 1719 ἔδοξα
3223 1655 3402 1725 εὑρεῖν
3449 1656 3605 1727 ὑμᾶς,
3637 1656 3693 1717 ὡς

472 1747 786 1810 volentiam,
814 1761 913 1799 vos
958 1745 1126 1815 ipsos,
1153 1759 1294 1815 quos
1325 1744 1579 1815 cognovi,
1618 1742 1923 1799 imitatores
1955 1740 2049 1795 Dei
2080 1727 2107 1782 ε

2169 1739 2322 1809 ἱγνων
2342 1780 2356 1805 ,
2397 1740 2638 1812 μιμητὰς
2671 1741 2831 1805 ὂντας
2862 1740 3017 1795 Θεοῦ.

473 1838 750 1894 invenisse
775 1839 1017 1893 videbar.

1333 1952 1397 2008 ll.
1430 1952 1614 2007 Estote
1639 1952 1858 2023 subjecti
1884 1953 2146 2022 episcopo,
2176 1946 2488 2018 presbyteris
2521 1953 2571 1999 et
2593 1944 2851 1999 diaconis.

538 2075 673 2130 Cum
696 2075 841 2133 enim
874 2074 1129 2145 episcopo
1157 2072 1387 2143 subjecti
1411 2074 1533 2130 sitis
1558 2082 1617 2128 ut
1638 2072 1767 2131 Jesu
1799 2073 2042 2139 Christo,

468 2167 728 2222 videmini
756 2167 912 2231 mihi,
938 2182 1046 2220 non
1074 2167 1375 2221 secundum
1399 2166 1695 2230 hominem,
1728 2166 1821 2221 sed
1850 2181 2048 2221 secun-

470 2259 599 2312 dum
630 2258 814 2313 Jesum
841 2257 1120 2313 Christum
1164 2256 1363 2325 vivere,
1392 2258 1487 2328 qui
1528 2266 1745 2327 propter
1774 2272 1873 2312 nos
1904 2272 2053 2311 mor-

473 2361 601 2407 tuus
630 2360 734 2415 est,
779 2360 841 2405 ut
870 2352 1152 2406 credentes
1201 2351 1254 2405 in
1281 2352 1535 2405 ’mortem
1588 2349 1765 2419 ipsius
1818 2358 2048 2404 mortem

470 2444 764 2513 eﬁ‘ugiatis.
800 2441 1182 2498 Necessarium
1222 2442 1411 2511 itaque
1447 2448 1551 2507 est,
1590 2439 2050 2510 quemadmodum

472 2533 674 2599 tacitis,
709 2541 769 2586 ut
793 2533 911 2587 sine
944 2532 1199 2601 episeopo
1228 2530 1366 2583 nihil
1393 2528 1586 2595 agatis,
1620 2527 1713 2583 sed
1749 2534 1802 2581 et
1827 2527 2054 2598 presby-

475 2625 613 2679 terio
641 2623 844 2679 subditi
886 2624 1028 2688 sitis,
1074 2633 1136 2677 ut
1185 2620 1450 2691 apostolis
1483 2619 1613 2675 Jesu
1658 2617 1886 2683 Christi,
1936 2616 2050 2686 spei

474 2726 698 2781 nostraa,
735 2715 787 2769 in
820 2729 929 2785 quo
977 2722 1363 2769 conversantes
1413 2711 1778 2767 inveniamur.
1828 2707 2051 2779 Oportet

473 2817 653 2861 autem
682 2816 737 2860 et
765 2807 1051 2872 diaconos,
1096 2804 1191 2874 qui
1237 2811 1367 2859 sunt
1405 2802 1621 2857 diaconi
1665 2801 2048 2873 mysteriorum

472 2894 598 2950 Jesu
640 2893 868 2960 Christi,
933 2894 1081 2950 omni
1134 2894 1298 2948 modo
1346 2892 1604 2947 omnibus
1652 2892 1882 2961 placere.
1927 2888 2050 2943 Non

2222 2069 2389 2121 Ὅταν
2422 2066 2529 2139 γάρ
2592 2064 2670 2136 τῷ
2713 2066 2995 2137 ὲπισκόπῳ
3030 2066 3400 2124 ὑποτάσσεσθε
3430 2070 3503 2134 ὡς
3547 2071 3695 2142 Ἰησοῦ

2154 2160 2394 2234 Χριστῷ,
2417 2158 2669 2229 φαίνεσθὲ
2699 2176 2786 2228 μοι
2806 2159 2866 2212 οὑ
2897 2158 3035 2212 κατὰ
3055 2158 3165 2234 (76)
3190 2160 3470 2232 ἄνθρωπον
3503 2164 3693 2229 ζῶντες,

2151 2232 2288 2308 ἀλλὰ
2340 2252 2480 2305 κατὰ
2524 2249 2731 2321 Ἰησοῦν
2763 2250 3015 2322 Χριστὸν,
3051 2232 3143 2304 τις.
3173 2252 3240 2305 δι’
3275 2254 3385 2324 (77)
3420 2257 3559 2326 ἡμᾶς
3588 2258 3695 2309 ἀπο-

2153 2344 2403 2406 θανόντα,
2443 2341 2529 2394 ἵνα
2579 2340 2971 2404 πιστεύσαντες
3019 2342 3099 2404 εἰς
3148 2342 3241 2396 τὸν
3274 2344 3496 2400 θάνατον
3535 2346 3691 2409 αὑτοὺ⁸

2151 2434 2211 2488 τὸ
2245 2432 2539 2488 ἀποθανεῖν
2572 2431 3201 2505 ὲκφύγητε.Ἀνάγκαῖον
3233 2432 3327 2490 οὑν
3359 2441 3517 2502 ἐστιν,
3538 2437 3697 2509 ὥσπερ

2151 2529 2375 2589 ποιεῖτε,
2416 2525 2543 2578 ἄνευ
2578 2524 2671 2578 τοῦ
2706 2526 3006 2580 ἐπισκόπου
3043 2526 3207 2597 μηδὲν
3260 2528 3519 2600 πράσσειν
3554 2530 3697 2599 ὑμᾶς,

2152 2619 2265 2674 ἀλλ’
2316 2616 2429 2690 (78)
2482 2617 2881 2671 ὑποτάσσεσθαι
2931 2619 3026 2673 καὶ
3080 2620 3159 2691 τῷ
3207 2620 3591 2693 πρεσϐυτερίῳ,
3639 2623 3697 2682 ὼ,

2151 2713 2265 2774 τοῖς
2298 2709 2617 2772 ἀποστόλοις
2662 2709 2837 2779 Ἰησοῦ
2871 2710 3128 2783 Χριστοῦ,
3164 2712 3263 2781 τῆς
3307 2711 3514 2775 ἐλπίδος
3546 2712 3699 2782 ἡμῶν,

2152 2806 2209 2857 ὲν
2260 2795 2303 2869 ᾧ
2349 2801 2627 2870 διάγοντες
2656 2800 2766 2872 (79)
2800 2802 3228 2874 εὑρεθησόμεθα.
3278 2805 3385 2875 (80)
3423 2808 3514 2857 Δεῖ
3540 2805 3593 2857 δὲ
3622 2806 3699 2857 καὶ

2150 2896 2276 2958 τοὺς
2326 2892 2627 2956 διακόνους,
2666 2892 2825 2958 ὄντας
2848 2894 2960 2965 (81)
3017 2895 3330 2969 μυστηρίων
3374 2896 3543 2968 Ἰησοῦ
3588 2899 3702 2969 Χρι-

471 2990 617 3045 enim
642 2990 887 3045 ciborum
918 3000 972 3044 et
1018 2997 1245 3059 potuum
1279 2986 1514 3043 ministri
1555 2994 1702 3052 sunt,
1739 2985 1834 3040 sed
1863 2983 2049 3039 Eccle-
2075 2998 2107 3055 ε

2169 2983 2300 3048 ττοῦ,
2334 2982 2477 3036 κατὰ
2526 2982 2702 3036 πάντα
2752 2984 2948 3057 τρόπον
2982 2989 3148 3040 πᾶσιν
3178 2989 3470 3059 ἀρέσκειν..
3509 2989 3581 3041 Οὑ
3611 2991 3701 3059 γὰρ

1826 3127 2010 3188 Vetus
2041 3128 2382 3204 interpres.

473 3255 736 3327 lgnatius,
773 3258 862 3327 qui
892 3267 941 3311 et
977 3256 1333 3327 'I'heOpIiorns,
1365 3257 1571 3311 dilecta:
1604 3255 1711 3309 Deo
1739 3254 1892 3309 Patri
1921 3254 2049 3308 Jesu
2079 3253 2278 3327 Christi
2310 3253 2564 3327 Ecclesia:
2579 3256 3108 3327 sanctu:,de:csistenti
3144 3257 3200 3309 in
3239 3257 3511 3311 Trallesiis
3554 3255 3700 3315 Asia,

540 3328 717 3381 electa:
748 3323 795 3374 οἱ
826 3328 930 3381 Deo
967 3323 1161 3396 dignm,
1189 3343 1368 3395 pacem
1395 3328 1607 3380 habenti
1638 3328 1693 3379 in
1731 3342 1889 3378 carne
1918 3337 1965 3378 et
1996 3326 2251 3394 sanguine
2280 3335 2327 3378 et
2359 3326 2602 3396 passione
2629 3323 2757 3396 Jesu
2787 3325 3017 3390 Christi,
3045 3329 3154 3395 spei
3188 3337 3402 3390 nostrae,
3435 3328 3490 3380 in
3516 3344 3575 3379 ea
3602 3342 3704 3395 qua:

541 3400 597 3452 in
621 3401 791 3473 ipsum
822 3394 1200 3452 resurrectione
1238 3413 1439 3468 :quam
1467 3408 1517 3451 et
1542 3397 1715 3451 saluto
1746 3397 1798 3449 in
1829 3396 2179 3465 plenitudine,
2206 3396 2262 3448 in
2290 3394 2580 3465 apostolico
2611 3395 2931 3461 charactere,
2963 3407 3013 3450 et
3040 3394 3131 3451 oro
3152 3398 3440 3466 plurimum
3470 3398 3700 3468 gaudere.

1939 3536 2167 3593 CAPUT
2205 3538 2252 3593 ι.

539 3632 1008 3704 Incoinquinatam
1043 3643 1280 3690 mentem
1313 3642 1365 3688 et
1398 3631 1817 3702 inseparabilem
1853 3630 1907 3684 in
1951 3629 2533 3704 sustinentjacognovi
2565 3645 2667 3704 vos
2714 3626 3010 3695 habentes,
3042 3644 3156 3704 non
3201 3626 3700 3704 secundum‘nsum,

469 3704 565 3779 sed
595 3698 894 3779 secundum
931 3715 1227 3779 t_iatiirain_:
1262 3698 1742 3779 quemadmodttm_
1771 3700 2177 3779 _05tendit_mihi
2211 3698 2471 3779 Polybius
2492 3700 2779 3779 episcopus
2822 3707 3032 3779 vester,
3065 3699 3159 3769 qui
3191 3700 3412 3753 advenit
3441 3700 3703 3779 voluntate

470 3773 563 3827 Dei
590 3784 645 3827 et
669 3772 796 3828 Jesu
826 3776 1050 3838 Christi,
1085 3776 1137 3828 in
1170 3766 1434 3845 Smy‘rna;
1469 3782 1522 3827 et
1547 3773 1627 3845 sic
1650 3772 1785 3845 mihi
1816 3772 2144 3845 congavisus
2174 3778 2257 3824 est
2281 3766 2463 3823 vincto
2494 3766 2788 3845 in_Chri_sto
2817 3766 2968 3832 Jesu,
2999 3780 3059 3822 ut
3083 3766 3194 3845 ego
3215 3786 3431 3823 omnem
3474 3769 3703 3845 multitu-

469 3844 650 3915 dinem
680 3856 916 3898 vestram
948 3846 1002 3897 in
1033 3846 1150 3913 ipso
1182 3839 1515 3915 specularer.
1550 3842 1837 3915 Recipiens
1863 3841 2027 3910 igitur
2048 3857 2191 3915 eam,
2216 3856 2338 3910 qua:
2364 3842 2665 3895 secundum
2690 3839 2880 3905 Deum,
2905 3839 3371 3910 aequanimitatem
3402 3855 3497 3911 per
3520 3840 3703 3910 ipsum,

471 3914 735 3983 gloriatus
765 3930 888 3968 sum
920 3910 1346 3982 inveniens—vos,
1378 3922 1437 3968 ut
1463 3910 1716 3983 cognovi,
1743 3912 2048 3966 imitatores
2083 3910 2200 3965 Dei.

1933 4052 2161 4108 CAPUT
2201 4053 2266 4108 ll.

540 4140 675 4195 Cum
709 4141 853 4195 enim
882 4142 1139 4214 episcopo
1164 4144 1397 4215 subjecti
1424 4144 1556 4200 estis
1587 4152 1643 4199 ut
1678 4142 1808 4199 Jesu
1835 4144 2076 4213 Christo,
2109 4148 2370 4202 videmini
2404 4146 2539 4202 mihi
2573 4164 2682 4203 non
2716 4147 3017 4203 secundum
3046 4148 3302 4206 homines
3340 4151 3595 4216 viventes,
3618 4147 3701 4203 sed

542 4308 652 4378 (69)
674 4307 864 4380 insere
904 4311 1015 4364 καί.
1049 4312 1209 4369 Voss.
1242 4314 1447 4369 Sensus
1474 4333 1487 4367 :
1516 4312 1648 4380 Qum
1688 4314 1953 4368 internam
1985 4324 2041 4370 et

468 4394 593 4432 (⁸11111

468 4449 693 4502 Christi.

473 4519 663 4640 Silio“)-
684 4517 724 4573 Ι.
755 4536 806 4575 e.
840 4522 998 4592 cujus
1038 4522 1293 4579 Ecclesia:
1327 4524 1509 4578 omnia
1566 4524 1743 4578 saluto
1770 4525 2036 4581 membra.

515 4605 663 4642 IITH.

541 4657 775 4734 (71)_Uti
819 4661 912 4726 hic
945 4663 1046 4734 sibi
1079 4662 1402 4734 (episcopo),
1426 4663 1509 4734 ita
1537 4662 1765 4727 infra,c.
1810 4663 1866 4724 2,
1913 4680 2036 4734 pre-

473 4726 705 4796 sbyteris
735 4745 952 4798 quoque
1002 4726 1257 4787 Ecclesia“.
1290 4726 1353 4784 ’Τ
1361 4726 1600 4787 rallianaa
1651 4726 2036 4790 auctoritatem

472 4798 765 4873 quamdam
779 4804 1151 4873 apostolicam
1190 4802 1379 4857 tribuit
1412 4803 1669 4873 lgnatius.
1693 4802 1809 4858 Jac.
1836 4804 2035 4871 Bothe,

472 4867 628 4948 nni...
652 4867 862 4948 prditi).
896 4873 1104 4948 Alii,_e.
1135 4867 1513 4948 g.__Stni_thius,
1560 4874 1908 4942 apostolicam
1947 4867 2038 4929 sa;

467 4935 745 5013 lutationis
762 4935 1016 5013 formam
1042 4935 1445 5013 intelligendam
1472 4935 1603 4998 esse
1631 4952 1842 5013 putant.

538 5007 651 5083 (2g)
681 5009 1046 5083 :Aatdxpttov.
1081 5011 1197 5083 Cl'r.
1222 5007 1329 5083 ‘ep.
1360 5012 1526 5083 lgnat.
1573 5007 1645 5067 ad
1666 5013 1862 5081 Ephes.
1895 5030 1944 5068 c.
1977 5015 2029 5069 5.

536 5076 649 5147 (75)
678 5076 925 5134 Sensus:
957 5080 1080 5133 Non
1120 5076 1291 5133 solum
1314 5082 1366 5133 in
1385 5076 1507 5135 bitte
1537 5076 1843 5136 commercio
1875 5085 2035 5137 talem

469 5158 690 5199 mentem
739 5151 1005 5204 ostendere
1045 5150 1299 5215 studetis;
1327 5152 1416 5206 sed
1475 5168 1537 5205 ea
1583 5154 1803 5207 interna:
1850 5165 2035 5209 vestra:

469 5230 675 5287 natura
699 5221 914 5287 propria
943 5233 1040 5274 est.

697 5285 932 5364 _lta'_J_ac.
975 5289 1401 5364 Ms._05wpﬁoils.
1432 5289 1697 5364 >Vossius,
1735 5291 2029 5364 θεωρῆσαι.

539 5356 652 5426 (75)
696 5356 771 5434 Ita
804 5358 959 5434 Voss.
986 5372 1038 5434 et
1064 5359 1182 5434 disc.
1215 5356 1313 5434 Ms.
1339 5360 1491 5434 ἔδοξα
1518 5364 1713 5434 εὑρών.
1752 5356 1915 5434 Vetus
1944 5367 2029 5416 in-

467 5433 675 5507 terpres
732 5429 942 5507 legebat
991 5429 2028 5507 ἐδόξασαεὺρὼν,νοτίους,-θιοιδὶ-(ξιιιδ

466 5512 605 5617 οἶοι,
641 5500 904 5552 inveniens
942 5517 1049 5565 vos,
1094 5505 1237 5570 quod
1283 5500 1487 5571 placuit
1517 5500 1788 5557 Cotelerio
1819 5514 1872 5557 et
1898 5502 2031 5557 Wo-

468 5582 498 5617 c
540 5581 656 5617 ero.

468 5581 656 5619 cnero.

564 5634 653 5712 76)
696 5633 795 5689 Ms.
857 5638 1074 5712 exhibet
1117 5643 1323 5712 ANON,
1368 5642 1406 5695 i.
1452 5657 1501 5696 e.
1560 5642 1863 5712 ἄνθρωπον,
1918 5657 2028 5712 non

470 5702 831 5776 ἀνθρώπινον,
848 5717 907 5761 ut
931 5724 961 5764 e
982 5707 1173 5765 Vossio
1198 5702 1322 5767 libri
1348 5712 1592 5782 plerique
1616 5702 1885 5781 impressi.
1904 5711 2020 5767 Jac.

1124 5618 1308 5628 .__———

2220 4316 2333 4387 (77)
2367 4316 2623 4372 Fortasse
2645 4318 2683 4371 l.
2710 4318 2854 4388 ὑμᾶς
2880 4330 3007 4388 cum
3036 4325 3145 4371 vet.
3170 4318 3298 4381 int.,
3316 4316 3406 4388 qui
3434 4314 3587 4369 habet
3604 4327 3697 4365 ros.

672 4379 778 4433 Deo
850 4398 1037 4451 pacem
1114 4386 1323 4438 obtinet
1388 4379 1622 4439 adventu
1680 4393 1735 4437 et
1783 4387 2037 4453 passione
2070 4393 2107 4447 ι]

2216 4379 2328 4456 (78)
2364 4388 2439 4442 Ita
2473 4388 2671 4441 Smith.
2697 4379 2888 4441 et'Jac.
2921 4386 3025 4442 Ms.
3060 4379 3454 4456 ὑποτάσσεσθε.

2215 4448 2327 4530 (79)
2360 4457 2437 4530 lt._a
2467 4474 2570 4530 ms.
2605 4457 2767 4513 Forte
2799 4459 2905 4528 leg.
2938 4457 3391 4530 εὑρεθησοίμεθα.
3426 4453 3555 4509 Male
3582 4448 3701 4506 editi

2142 4527 2591 4600 εὑρεθησιξψεθα.
2798 4597 2811 4600 _
2851 4527 2872 4600 ξ
3007 4527 3019 4530 ’
3125 4527 3135 4530 ⁷
3234 4527 3243 4529 ἡ
3685 4589 3696 4600 _

2217 4597 2336 4667 (80)
2393 4597 2572 4662 Dicit,
2622 4613 2727 4651 non
2780 4597 2980 4653 debere
3024 4613 3145 4653 esse
3208 4610 3563 4667 quemquam,
3615 4597 3698 4667 cui

2141 4661 2253 4722 non
2277 4661 2523 4737 placeant
2555 4661 2809 4722 Omnibus
2836 4669 3016 4723 modis
3036 4661 3275 4721 diaconi.
3303 4661 3458 4719 Voss.
3484 4661 3701 4737 woeheo

2140 4755 2237 4793 rus
2260 4734 2313 4790 in
2343 4739 2428 4791 his
2453 4739 2630 4792 verbis
2660 4738 3097 4791 adhortationem
3137 4737 3203 4790 ad
3233 4737 3492 4790 diaconos
3517 4734 3653 4785 videt
3684 4747 3695 4781 :

2141 4807 2256 4878 Ipsi
2280 4808 2531 4878 studeant
2575 4806 2814 4861 omnibus
2850 4807 3078 4878 placere,
3115 4808 3375 4878 etisibiua
3395 4801 3697 4878 criminibus

2138 4874 2339 4932 cavere.
2372 4877 2532 4931 Male.
2582 4878 2821 4945 lgnatius
2851 4874 3003 4931 enim
3027 4892 3136 4930 non
3159 4877 3228 4931 de
3267 4875 3456 4930 ciliciis
3482 4874 3697 4945 clerico-

2139 4964 2261 5002 rum
2311 4963 2439 5017 erga
2483 4940 2765 5018 populum,
2792 4947 2886 5001 sed
2912 4947 2981 5001 de
3008 4946 3201 5003 olliciis
3240 4945 3427 5017 populi
3449 4958 3565 5013 erga
3596 4940 3697 4994 cle-

2139 5034 2258 5071 rum
2299 5018 2567 5071 louuitur.

2136 5034 2258 5071 rum
2302 5026 2567 5071 louuitur.

2209 5035 2258 5070 m
2302 5034 2567 5085 loquitur.

2209 5087 2320 5169 (81)
2361 5086 2418 5169 ln
2448 5088 2638 5169 codice
2667 5102 2770 5168 ms:
2804 5085 3002 5156 legitur
3029 5087 3347 5169 μυστῄριον,
3371 5078 3698 5169 (ιροάᾉςιξξῖς

2136 5155 2245 5212 tius
2301 5155 2958 5226 interpretatumimago,
3020 5155 3337 5211 similitudo.
3403 5155 3529 5209 Cum
3576 5164 3697 5226 vero

2136 5228 2252 5281 haec
2277 5220 2523 5281 vocabuli
2549 5220 2882 5297 μυστιξριοφῖ
2895 5227 3047 5297 notio
3076 5227 3145 5280 ab
3169 5227 3376 5295 lgnatio
3401 5232 3533 5297 certe
3558 5220 3676 5297 ejus

2136 5312 2244 5366 que
2271 5307 2427 5351 relate
2452 5294 2628 5351 aliena
2658 5297 2757 5366 sit,
2790 5311 2916 5348 cum
2949 5295 3147 5351 Vossio
3172 5294 3401 5365 aliisque
3429 5294 3697 5361 legendum

2133 5365 2216 5421 est
2244 5366 2575 5437 μυστηρίων,
2617 5365 2954 5437 quodetiam
2986 5367 3128 5435 apud
3160 5366 3589 5437 interpolatorem
3620 5374 3695 5411 re-

2133 5430 2359 5506 peritur.
2384 5430 2500 5491 C'fr.
2534 5430 2907 5506 Dusterdieck,
2936 5437 2974 5491 l.
3004 5430 3081 5503 6.,
3109 5452 3164 5505 p.
3198 5430 3519 5506 22C§eatus
3545 5430 3699 5506 Ptier

2134 5504 2441 5577 respexisse
2474 5507 2695 5577 videtur
2715 5505 2784 5577 ad
2801 5508 2968 5577 verba
2990 5504 3236 5577 Apostoli
3268 5506 3288 5559 ι
3319 5504 3458 5577 Tim.
3483 5516 3569 5577 tu,
3594 5504 3625 5553 9
3651 5510 3699 5550 et

2132 5578 2153 5629 Ι
2181 5574 2308 5630 Cor.
2338 5592 2411 5641 tv,
2440 5578 2491 5631 l.
2529 5576 2586 5632 In
2621 5575 2789 5646 priori
2820 5574 3061 5633 editione
3095 5586 3151 5633 et
3178 5592 3279 5632 nos
3310 5574 3588 5631 Arndtium
3621 5585 3698 5623 se-

2132 5648 2243 5701 cuti
2275 5663 2486 5705 sumus.
2704 5649 2725 5660 ”
