3746 6330
57 314 160 369 681

1156 308 1492 367 EPISTULA
1529 309 1618 365 AD
1654 308 2113 367 TRALLIANOS.

3238 312 3341 367 692

53 429 208 483 τοῦτ’
264 430 429 493 ἔστιν,
471 430 500 483 ό
557 432 724 501 χωρὶς
768 431 1066 484 ἐπισκόπου
1122 432 1213 485 καὶ
1260 433 1643 504 πρεσϐυτερίοι

1804 442 1814 488 t
1851 435 2100 489 diaconis
2144 434 2421 504 quidpiam
2472 434 2601 503 agit,
2659 432 2703 487 is
2744 448 2852 487 non
2895 440 2978 487 est
3016 434 3252 489 mundus
3285 435 3338 487 in

54 523 152 574 καὶ
184 521 440 577 διακόνου
476 523 736 595 πράσσων
768 541 843 589 τι,
877 518 1031 587 οὗτος
1055 524 1115 577 οὐ
1143 524 1381 595 καθαρός
1409 525 1557 579 ἐστιν
1583 528 1651 595 τῇ

55 614 395 686 συνειδήσει.

1758 527 2110 583 conscientia.

601 706 737 762 VIII.
775 709 977 763 Contra
1005 709 1207 764 diaboli
1241 711 1467 766 insidias
1496 713 1813 767 muniamini
1840 707 2264 771 mansuetudine,
2298 706 2401 774 ﬁde
2428 716 2477 760 et
2513 706 2793 759 charitate.

123 799 253 856 Οὐκ
282 804 403 856 ἐπεὶ
431 802 601 872 ἔγνων
630 804 873 878 τοιοῦτόν
911 823 962 858 τι
998 807 1054 859 ὲν
1090 806 1238 877 ὑμῖν,
1273 808 1408 862 ἀλλὰ
1444 824 1653 880 προφυ-
1702 852 1703 855 η

50 895 247 949 λὰσσω
280 897 423 967 ὑμᾶς
444 896 603 961 δντας
627 914 728 968 μου
755 898 1093 970 ἀγαπητοὺς,
1131 900 1380 972 προορῶν
1408 902 1507 964 τὰς
1538 900 1655 953 ἐνέ-

50 984 189 1057 δρας
234 985 331 1039 τοῦ
364 985 631 1040 διαϐόλου.
690 988 876 1058 Ὑμεῖς
908 984 1001 1042 οὖν
1034 989 1131 1061 τὴν
1164 989 1239 1059 (5)
1274 991 1655 1062 πραῦπάθειαν

51 1076 427 1141 ἀναλαϐόντες
469 1078 833 1131 ἀνακτίσασθε
886 1080 1112 1142 ἑαυτοὺς
1162 1081 1219 1133 ὲν
1266 1081 1465 1145 πίστει,
1514 1081 1589 1152 (6)
1624 1082 1653 1135 ὃ

51 1169 208 1223 ὲστιν
241 1170 379 1243 σὰρξ
410 1168 506 1225 τοῦ
544 1172 771 1242 Κυρίου,
801 1172 895 1225 καὶ
921 1173 977 1224 ὲν
1014 1173 1229 1246 ἀγάπῃ,
1265 1175 1293 1228 ὅ
1333 1176 1481 1229 ἐστιν
1514 1169 1653 1245 αἷμα

63 1260 249 1330 Ἰησοῦ
284 1260 545 1334 Χριστοῦ.
581 1262 658 1333 (7)
694 1263 897 1334 Μηδεὶς
938 1265 1091 1336 ὑμῶν
1125 1268 1263 1321 κατὰ
1300 1268 1392 1321 τοῦ
1426 1269 1655 1341 πλησίον

53 1350 155 1422 [(8)
185 1351 269 1424 τι]
305 1353 496 1423 ἐχέτω.
533 1355 624 1425 Μὴ
669 1355 925 1426 ἀφορμὰς
956 1356 1126 1410 δίδοτε
1149 1360 1260 1422 τοῖς
1292 1358 1521 1425 ἔθνεσιν,
1570 1360 1656 1414 ἵνα

54 1444 129 1514 μὴ
162 1444 235 1497 δι’
264 1444 477 1513 ὀλίγους
509 1446 748 1517 ἄφρονας
780 1447 839 1500 τὸ
862 1450 920 1501 ὲν
950 1448 1070 1519 Θεῷ
1101 1450 1305 1523 πλῆθος
1326 1452 1653 1523 βλασφημῆ-

48 1552 157 1589 ται.
190 1538 343 1590 Οὐαὶ
379 1537 509 1608 γὰρ,
541 1537 616 1592 δι’
639 1538 710 1591 οὗ
734 1539 830 1592 ἐπὶ
849 1542 1195 1610 ματαιότητι
1229 1542 1293 1597 τὸ
1330 1543 1516 1613 ὄνομά
1531 1560 1649 1614 μου

50 1628 151 1681 ἐπί
168 1646 355 1683 τινων
378 1631 837 1702 ,ϐλασφημεῖται
864 1634 903 1685 ⁸.
1314 1654 1319 1661 ·

1836 805 1954 861 Νοη
1979 804 2126 875 quod
2152 803 2392 859 noverim
2420 804 2528 857 tale
2546 804 2677 872 quid
2701 802 2843 857 inter
2860 817 2980 867 vos,
3003 802 3116 857 haec
3133 801 3339 868 scribo;

1762 901 1855 955 sed
1884 896 2219 967 praemunire
2246 896 2371 957 volo
2394 911 2511 961 vos,
2536 907 2594 950 ut
2615 895 2758 952 ﬁlios
2785 909 2937 949 meos
2958 893 3341 962 cbarissimos,

1762 991 2104 1062 prospiciens
2138 989 2366 1045 insidias
2403 987 2625 1043 diaboli.
2669 986 2778 1043 Vos
2825 986 3030 1054 itaque,
3083 1000 3341 1039 mansue-

1762 1084 2007 1137 tu'dinem
2059 1086 2425 1141 assomentes,
2480 1087 2801 1149 regenerate
2847 1083 3061 1132 vosmet
3096 1075 3245 1146 ipsos
3282 1077 3340 1129 in

1755 1176 1880 1238 ﬁde,
1916 1190 2039 1245 qua:
2061 1183 2146 1229 est
2170 1188 2301 1229 caro
2332 1172 2571 1235 Domini,
2602 1184 2655 1225 et
2690 1172 2743 1227 in
2783 1172 3073 1237 cbaritate,
3109 1186 3229 1240 quae
3257 1179 3343 1224 est

1755 1268 1981 1337 sanguis
2030 1265 2158 1322 .Iesu
2228 1264 2456 1320 Christi.
2517 1262 2712 1319 Nullus
2774 1273 3017 1319 vestrum
3077 1263 3340 1317 adversus

1754 1361 2068 1430 proximum
2092 1358 2298 1428 aliquid
2326 1356 2543 1411 habeat.
2573 1354 2651 1411 Ne
2680 1371 2871 1410 ansam
2898 1355 3038 1409 detis
3062 1354 3338 1425 gentibus.

1755 1466 1825 1505 ne
1859 1460 2079 1521 propter
2098 1464 2304 1520 paucos
2336 1449 2654 1518 insipientes
2682 1448 2997 1512 multitudo,
3029 1462 3151 1517 qua:
3175 1455 3258 1501 est
3283 1446 3340 1499 in

1760 1544 1893 1611 Deo,
1916 1544 2348 1613 blasphemetur.
2382 1541 2471 1596 Va:
2499 1543 2636 1595 enim
2673 1542 2721 1594 ei
2777 1557 2866 1611 per
2917 1558 3066 1610 quem
3098 1542 3152 1595 in
3185 1540 3339 1594 vani-

1682 1645 1726 1699 B
1756 1644 1863 1689 tate
1884 1651 2070 1689 nomen
2099 1649 2272 1687 meum
2294 1633 2434 1694 apud
2467 1632 2674 1702 aliquos
2700 1626 3115 1700 blasphematur.

670 1748 763 1803 IX.
808 1749 991 1805 Nolite
1026 1751 1214 1805 audire
1244 1768 1359 1818 eos,
1385 1756 1477 1822 qui
1500 1754 1611 1807 sine
1646 1752 1859 1806 Christo
1883 1750 2183 1821 loquuntur.
2222 1747 2466 1802 Historia
2500 1747 2721 1804 Christi.

119 1864 199 1935 (9)
239 1866 564 1941 Καιφώθητε
591 1864 703 1933 οὖν,
738 1869 869 1923 ὃταν
914 1871 1044 1941 ὑμῖν
1088 1872 1255 1943 χωρὶς
1293 1872 1466 1943 Ἰησοῦ
1510 1874 1647 1944 Χρι-

54 1956 178 2010 στοῦ
201 1957 344 2031 λαλῇ
372 1978 474 2025 τις,
502 1962 609 2031 (10)
652 1961 745 2016 τοῦ
781 1965 845 2016 ὲκ
875 1962 1072 2031 γένους
1097 1962 1280 2027 Δαδὶδ,
1310 1963 1405 2017 τοῦ
1436 1966 1501 2018 ὲκ
1526 1966 1646 2018 Ma-

56 2050 192 2120 ρίας,
232 2051 297 2115 ὃς
319 2052 536 2123 ἀληθῶς
567 2055 850 2126 ἐγεννήθη,
877 2054 1081 2123 ἔφαγέν
1104 2073 1162 2108 τε
1187 2056 1281 2109 καὶ
1310 2056 1480 2120 ἔπιεν,
1511 2056 1647 2127 ἀλη-

55 2139 156 2205 Θῶς
181 2141 421 2216 ἐδιώχθη
448 2145 539 2198 ἐπὶ
565 2147 789 2201 Ποντίου
810 2148 1067 2212 Πιλάτου,
1092 2147 1308 2219 ἀληθῶς
1328 2148 1646 2219 ἐσταυρώθη

56 2235 144 2287 καὶ
188 2236 487 2302 ἀπέθανεν,
534 2238 838 2308 βλεπόντων
881 2241 989 2294 τῶν
1034 2240 1373 2311 ἐπουρανίων
1406 2241 1518 2311 (11)
1556 2242 1649 2295 καὶ

58 2328 313 2397 ἐπιγείων
342 2331 436 2383 καὶ
467 2330 821 2401 ὑποχθονίων·
856 2332 915 2395 ὃς
941 2332 1035 2387 καὶ
1058 2330 1273 2402 ἀληθῶς
1307 2329 1516 2403 ἠγέρθη
1542 2329 1650 2385 ἀπὸ

58 2420 283 2491 νεκρῶν,
319 2420 633 2492 ἐγείραντος
658 2423 818 2475 αὐτὸν
849 2420 943 2475 τοῦ
973 2420 1184 2493 Πατρὸς
1211 2420 1397 2486 αὐτοῦ,
1430 2420 1541 2491 (ιε)
1575 2420 1651 2485 ὡς

58 2512 323 2566 καὶκατὰ
352 2512 412 2565 τὸ
461 2512 575 2583 (15)
606 2512 860 2584 ὁμοίωμα
907 2496 1075 2585 ἡμᾶς,
1118 2515 1245 2577 τοὺς
1294 2511 1652 2575 πιστεύοντας

60 2602 216 2673 αὐτῷ,
248 2602 428 2667 οὕτως
464 2604 647 2677 ἐγερεῖ
676 2604 706 2656 ό
743 2604 939 2677 Πατὴρ
978 2604 1144 2659 αὐτοῦ
1184 2607 1242 2659 ἐν
1280 2605 1503 2676 Χριστῷ
1549 2606 1652 2674 ἰη-

62 2695 168 2760 σοῦ,
192 2695 308 2767 (14)
335 2692 397 2751 οὗ
418 2698 587 2769 χωρὶς
616 2698 676 2752 τὸ
702 2698 951 2769 ἀληθινὸν
978 2698 1076 2770 ζῇν
1098 2700 1197 2753 οὐκ
1217 2699 1433 2770 ἔχομεν.

1824 1873 2089 1927 Obturate
2130 1871 2296 1941 igitur
2339 1884 2502 1925 aures
2544 1881 2779 1936 vestras,
2830 1885 2959 1927 cum
2995 1869 3151 1924 vobis
3186 1866 3341 1937 quis-

1756 1966 1903 2035 piam
1927 1964 2170 2034 loquitur
2196 1963 2317 2019 sine
2343 1962 2471 2018 .Iesu
2495 1961 2739 2029 Christo,
2765 1962 2857 2031 qui
2886 1977 2949 2015 ex
2996 1974 3194 2031 genere
3236 1958 3339 2012 Da-

1756 2056 1931 2122 vidis,
1956 2054 2051 2125 qui
2080 2071 2148 2109 ex
2174 2052 2369 2116 Maria,
2402 2054 2495 2122 qui
2532 2068 2658 2107 vere
2692 2060 2854 2107 natus
2886 2062 2990 2115 est,
3026 2050 3137 2105 edit
3167 2058 3220 2103 et
3251 2049 3337 2103 bi-

1756 2147 1855 2213 bit,
1876 2162 2006 2202 vere
2022 2147 2454 2216 persecutionem
2479 2160 2675 2215 passus
2696 2155 2780 2200 est
2802 2142 2904 2199 sub
2923 2141 3119 2195 Pontio
3138 2138 3335 2200 Pilato.

1753 2256 1881 2295 vere
1908 2239 2205 2295 cruciﬁxus
2229 2248 2283 2295 et
2320 2248 2571 2294 mortuus
2604 2246 2709 2300 est,
2753 2235 3063 2290 videntibus
3096 2232 3337 2288 coelesti-

1755 2335 1863 2389 bus
1889 2341 1944 2387 et
1969 2331 2322 2387 terrestribus
2359 2340 2413 2385 et
2448 2329 2853 2393 subterraneis;
2896 2327 2991 2397 qui
3016 2336 3069 2379 et
3095 2340 3219 2380 vere
3247 2340 3337 2379 re-

1756 2427 1996 2483 surrexit
2025 2441 2055 2478 a
2078 2425 2334 2489 mortuis,
2360 2422 2917 2491 resuscitanteipsum
2948 2418 3110 2474 Patre
3140 2418 3335 2487 ipsius,

1755 2515 2218 2588 quemadmodum
2278 2514 2345 2569 ad
2407 2515 2527 2582 ejus
2565 2513 2978 2569 similitudinem
3029 2520 3084 2564 ει
3131 2525 3255 2573 nos,
3287 2509 3337 2560 ei

1756 2604 2060 2668 credentes,
2097 2601 2257 2657 Pater
2281 2603 2403 2671 ejus
2433 2604 2506 2656 ita
2543 2602 2890 2657 resuscitabit
2934 2601 2987 2654 in
3015 2599 3143 2655 Jesu
3181 2598 3341 2653 Chri-

1756 2706 1864 2762 sto,
1894 2696 2011 2750 sine
2037 2711 2147 2765 quo
2176 2711 2357 2749 veram
2390 2696 2555 2749 vitam
2591 2710 2697 2749 non
2732 2694 3018 2749 habemus.

800 2794 869 2848 X.
910 2792 968 2849 Si
1001 2793 1245 2849 Christus
1272 2811 1372 2847 non
1412 2810 1525 2847 vere
1554 2778 1741 2863 purius
1766 2804 1865 2855 est,
1898 2791 2104 2861 frustra
2135 2807 2227 2862 ego
2255 2792 2465 2845 vincula
2499 2793 2631 2861 fero.

128 2888 187 2939 Εί
210 2886 290 2951 δὲ,
314 2885 507 2960 ὥσπερ
532 2890 694 2953 τινὲς,
720 2889 868 2943 ἄθεοι
886 2888 1059 2951 ὅντες,
1096 2889 1376 2942 τουτέστιν
1407 2887 1643 2949 ἄπιστοι¹

1826 2885 1886 2941 Si
1942 2901 2095 2953 vero,
2151 2897 2209 2940 ut
2251 2887 2475 2955 quidam
2529 2886 2696 2953 athei,
2748 2888 2853 2941 hoc
2903 2895 3006 2951 est,
3070 2883 3331 2947 inﬁdeles,

64 2979 326 3048 λέγουσιν,
354 2981 419 3035 τὸ
448 2982 629 3037 δοκεῖν
660 2982 985 3037 πεπονθέναι
1019 2982 1200 3044 αὑτὸν,
1234 2981 1387 3035 αὐτοὶ
1412 2981 1564 3043 ὅντες
1590 2980 1643 3033 τὸ

1807 2989 1926 3047 unt,
1964 2995 2089 3034 eum
2144 2980 2445 3034 secundum
2501 2979 2876 3049 apparentiam
2922 2994 3043 3033 esse
3093 2993 3338 3047 passum,

63 3069 246 3137 δοκεῖν,
281 3072 402 3141 ἐγὼ
432 3075 483 3128 τί
514 3074 757 3145 δέδεμαι,
784 3074 921 3127 τίδὲ
948 3072 1178 3145 εὖχομαι
1210 3072 1649 3143 θηριομαχῖψαη

1751 3068 1856 3139 ipsi
1897 3068 2199 3124 secundum
2240 3070 2613 3139 apparentiam
2633 3077 2843 3123 tantum
2874 3068 3235 3132 exsistentes;
3269 3067 3337 3120 ad

67 3164 273 3234 Δωρεὰν
298 3161 394 3219 οὖν
418 3165 787 3237 ἀποθνήσκω;
814 3164 924 3235 (I5)
959 3160 1105 3237 τΑρα
1142 3165 1204 3217 οὐ
1245 3163 1643 3234 καταψεύδομαι

1804 3160 1881 3216 tid
1908 3176 2009 3231 ego
2040 3161 2258 3217 vinctus
2293 3178 2435 3223 sum,
2472 3176 2572 3217 cur
2615 3170 2742 3231 opto
2772 3176 2895 3215 cum
2930 3159 3121 3215 bestiis
3165 3159 3339 3227 depu-

68 3254 151 3308 τοῦ
163 3257 373 3328 Κυρίου
394 3274 409 3325 ;

1752 3253 1958 3322 gnere?
1988 3251 2213 3309 Frustra
2246 3255 2429 3325 itaque
2467 3255 2709 3309 morior?
2737 3253 2930 3309 Nonne
2959 3268 3063 3324 ego
3102 3251 3240 3309 falsa
3272 3252 3341 3307 de

1754 3346 1987 3402 Domino
2016 3346 2245 3416 loquor?

1372 3442 1556 3505 Vetus
1597 3445 1938 3523 interpres.

74 3546 175 3591 tare
202 3548 305 3619 est,
336 3555 453 3619 non
479 3541 720 3619 mundus
749 3550 856 3619 est,
884 3542 989 3599 hoc
1016 3551 1123 3609 est,
1152 3543 1247 3614 qui
1278 3545 1399 3599 sine
1423 3548 1689 3617 episcopo
1715 3557 1770 3602 et
1810 3548 2155 3619 presbvterio
2187 3557 2243 3603 et
2270 3548 2503 3604 diacono
2542 3556 2801 3616 operatur
2831 3544 3059 3615 aliquid,
3094 3545 3197 3600 iste
3228 3559 3335 3599 non

1485 3679 1718 3736 CAPUT
1760 3679 1899 3735 VIII.

76 3608 296 3666 mundus
322 3621 408 3666 est
440 3611 495 3666 in
528 3612 887 3668 conscientia.

108 3769 407 3857 bonoquia
439 3777 669 3857 cognovi
705 3777 811 3831 tale
840 3778 972 3847 quid
1000 3778 1053 3833 in
1081 3781 1270 3857 vobis;
1318 3779 1413 3835 sed
1459 3792 1734 3857 praeservo
1764 3792 1883 3841 vos,
1918 3776 2248 3832 exsistentes
2282 3792 2436 3857 meos
2475 3777 2729 3857 dilectos,
2772 3781 3076 3857 praevidens
3104 3778 3337 3857 insidias

76 3838 428 3923 diaboliflios
455 3838 623 3923 igitur
646 3838 988 3923 mansuetam
1028 3838 1345 3923 patientiam
1396 3838 1763 3923 re_s_utueutes,
1792 3838 2035 3923 recreate
2068 3848 2433 3923 vosmetipsos
2482 3849 2538 3902 in
2587 3838 2889 3923 iid_e,'q'uod
2919 3861 3026 3907 ,εει
3065 3866 3199 3923 caro
3230 3848 3338 3901 Do-

83 3914 216 3997 gtini,
246 3924 299 3968 et
334 3916 390 3997 in
424 3916 712 3997 charitate,
746 3919 891 3997 quod
920 3930 1003 3973 est.
1026 3914 1252 3991 sanguis
1284 3920 1412 3975 Iesu
1443 3918 1670 3973 Christi.
1705 3914 1899 3997 Nullus
1916 3928 2169 3997 _vestrum
2212 3914 2479 3997 adversus
2512 3914 2830 3997 proximum
2864 3923 3075 3997 aliquid
3115 3920 3335 3975 habeat.

84 3976 180 4066 lion
203 3987 524 4066 occasiones
554 3976 966 4066 detis'ge'ntibus
991 4033 1005 4056 ,
1048 4004 1107 4044 ut
1130 3976 1243 4045 non
1279 3998 1500 4066 pr0pter
1526 4003 1732 4066 paucos
1766 3988 2089 4066 insipientes
2118 4003 2181 4041 ea
2208 4006 2329 4057 quze
2364 3990 2416 4041 in
2443 3976 2555 4042 De'o
2581 3991 2874 4044 multitudo
2902 3976 3337 4063 blasphemetur.

92 4047 167 4107 Vc
189 4057 344 4125 enim,
380 4073 473 4127 per
494 4073 646 4127 quem
673 4047 742 4112 ἱιῖ
765 4047 1005 4115 vanitate
1035 4077 1223 4115 nomen
1252 4047 1423 4115 ineunt
1452 4060 1504 4113 in
1526 4047 1806 4127 aliquibus
1840 4047 2257 4127 blasphematur.

1520 4151 1752 4207 CAPUT
1792 4152 1881 4208 IX.

143 4239 521 4324 Obsurdeseite
552 4246 743 4317 igitur,
775 4248 997 4324 quando
1012 4249 1178 4324 vobis
1205 4250 1324 4315 sine
1354 4247 1484 4303 Jesu
1510 4244 1734 4324 Christo
1768 4249 2008 4317 loquitur
2037 4248 2195 4319 quis;
2228 4250 2412 4324 quies
2458 4264 2653 4324 genere
2696 4245 2886 4313 David,
2919 4248 3011 4318 qui
3043 4263 3110 4324 εξ
3142 4246 3335 4312 Maria.

86 4317 163 4379 qui
191 4330 313 4371 vere
332 4327 498 4372 natus
527 4327 632 4381 est,
659 4320 899 4388 comedit
928 4326 981 4373 et
1012 4320 1152 4374 bibit
1176 4339 1190 4383 ;
1226 4336 1355 4374 vere
1383 4319 1819 4387 persecutionem
1852 4317 2161 4388 passns'est
2199 4322 2300 4373 sub
2333 4317 2527 4372 Pontio
2555 4317 2749 4382 Pilato,
2778 4334 2901 4372 vere
2928 4317 3223 4373 cruciﬁxus
3254 4329 3339 4374 est

84 4391 127 4435 et
156 4394 393 4459 mortuus
421 4395 527 4459 est,
551 4387 947 4459 aspicientibus
976 4390 1294 4444 caelestibus
1316 4402 1369 4444 et
1398 4388 1750 4442 terrestribus
1782 4399 1836 4443 et
1864 4387 2233 4444 infernalibus
2261 4408 2273 4441 :
2302 4390 2394 4459 qui
2424 4399 2477 4442 et
2508 4406 2633 4442 vere
2672 4389 2975 4443 resurrexit
3015 4404 3045 4441 a
3079 4392 3334 4451 mortuis.

86 4455 425 4536 resuscitante
453 4455 632 4536 ipsum
663 4457 824 4536 Patre
850 4460 1025 4527 ipsius
1054 4478 1069 4515 :
1100 4462 1193 4529 qui
1222 4470 1278 4514 et
1306 4459 2073 4536 s_ecundum_similitudinem
2113 4476 2213 4516 nos
2240 4455 2524 4513 credentes
2553 4459 2653 4528 ipsi
2686 4459 2763 4513 sic
2796 4459 3145 4513 resuscitabit
3176 4460 3336 4514 Pater

90 4526 237 4589 ipsius
264 4526 315 4581 in
342 4526 568 4583 Christo
594 4526 744 4595 Jesu,
779 4526 898 4583 sine
923 4545 1034 4599 quo
1063 4526 1253 4586 verum
1280 4532 1463 4585 vivere
1490 4543 1597 4581 non
1626 4528 1915 4583 habemus.

1529 4622 1760 4677 CAPUT
1801 4622 1868 4677 Χ.

148 4707 196 4762 Si
215 4721 419 4791 autem,
437 4714 895 4793 quemadmodum
921 4716 1284 4793 quidam_slne
1315 4716 1777 4793 _D_eo_exsistenu_as_
1801 4717 1928 4793 (hoc
1949 4724 2051 4779 est,
2078 4715 2342 4793 inﬁdeles)
2363 4714 2578 4793 dicunt,
2598 4714 2896 4769 secundum
2921 4714 3089 4793 videri
3114 4730 3338 4793 passum

92 4789 191 4831 esse
215 4785 385 4856 ipsum
412 4785 920 4856 ;_ipsigexsistentes
942 4785 1249 4841 secundum
1280 4786 1472 4847 videri,
1513 4801 1615 4856 ego
1648 4787 1778 4855 quid
1812 4786 2027 4840 vinctus
2064 4786 2225 4856 sum?
2246 4786 2377 4852 quid
2417 4797 2600 4838 autem
2629 4794 2683 4837 et
2711 4801 2810 4838 oro
2850 4800 2974 4839 cum
3012 4785 3205 4840 bestiis
3242 4803 3341 4845 nu-

93 4852 266 4913 gnare?
298 4852 486 4907 Gratis
517 4854 683 4923 igitur
710 4856 916 4911 morior
951 4875 962 4910 :
998 4870 1129 4925 ergo
1161 4872 1270 4910 non
1296 4852 1679 4925 reprehendar
1708 4856 1977 4911 mendacii
2007 4873 2036 4908 a
2063 4855 2315 4910 Domino.

151 4969 168 4999 ⁸
188 4968 305 5030 Isai.
328 4989 427 5041 cn,
465 4975 521 5030 ὅ.

97 5154 189 5212 Iac.

155 5232 227 5307 (6)
256 5231 352 5288 Ms.
378 5236 460 5309 ὃςἶ
486 5236 779 5309 Salvianus
815 5237 1043 5306 conjicit
1083 5240 1141 5309 ἦ.
1190 5238 1439 5305 Vossius,
1481 5238 1642 5309 Cote:

100 5295 237 5378 [eritis
278 5316 331 5360 et
370 5295 464 5378 alii
500 5326 515 5362 :
569 5309 617 5362 ὅ.
657 5307 773 5363 Cfr.
805 5309 872 5363 tle
916 5295 1020 5363 fide
1065 5295 1119 5364 et.
1156 5295 1537 5378 charitate'ep.
1575 5308 1641 5362 ad

103 5365 370 5447 Εββξξῧρλε.
390 5376 497 5447 14η
523 5378 591 5432 ad
633 5378 878 5447 Smyrn.,
903 5394 952 5433 c.
986 5380 1041 5435 6.

158 5438 221 5513 (ἶ)
254 5442 361 5501 Cir.
388 5438 581 5503 Matth.
619 5464 677 5513 v,
709 5438 802 5501 2'5.

160 5511 225 5587 (ξ)
258 5514 317 5587 Tt
347 5519 526 5573 addidi
556 5536 621 5574 ex
650 5511 868 5587 Parati.
894 5518 1139 5573 Damasc.
1170 5520 1355 5587 Rapui.

161 5579 588 5660 Iaudat
618 5586 947 5642 Theodorei.
989 5591 1127 5645 Dial.
1164 5591 1204 5658 I,
1230 5579 1281 5660 ιι.
1314 5579 1404 5644 fil.

294 5655 399 5728 Cir.
436 5658 534 5728 Ep.
568 5656 635 5712 ad
661 5660 905 5728 Smyrn.,
931 5677 979 5713 ε.
1014 5661 1061 5715 1.

164 5721 261 5786 (Η)
296 5726 395 5781 Καί
426 5721 606 5784 εχέιει
637 5730 691 5782 in
725 5721 860 5782 nitu.
894 5721 1019 5787 'Jsc.

382 5824 665 5885 Punctu-
707 5826 826 5886 Gu.
866 5828 938 5887 V.

152 5090 219 5159 (5)
255 5092 326 5148 Ita
363 5110 467 5150 ms.
510 5094 649 5151 Male
682 5094 952 5154 Smithius
988 5118 999 5151 :
1055 5100 1294 5170 Πραεῖαν
1327 5098 1641 5151 εὐπάθειαν.
1680 5101 1721 5155 D

1826 5096 1939 5165 (12)
1990 5096 2063 5151 Ita
2127 5098 2413 5167 legendum
2467 5114 2591 5151 esse
2634 5106 2817 5167 monet
2864 5096 3157 5167 Smithius.
3200 5096 3340 5167 duce

1751 5170 1920 5223 veteri
1950 5165 2259 5239 interprete.
2296 5167 2573 5239 Με.,κιτὰ
2602 5166 2661 5220 τὸ
2682 5168 2954 5237 ὁμοίωμα,
2988 5165 3046 5227 ὃς
3080 5166 3173 5218 καὶ
3192 5166 3340 5235 ἡμᾶς

1750 5240 1875 5301 τοὺς
1905 5238 2281 5301 πιστεύοντας,
2313 5257 2365 5291 κ.
2396 5256 2444 5291 τ.
2481 5240 2530 5291 λ.

1823 5310 1937 5373 (15)
1977 5309 2092 5363 Cir.
2131 5308 2302 5363 ICor.
2334 5325 2422 5367 xv.
2450 5310 2536 5361 49.

1854 5380 1938 5445 14)
1975 5379 2091 5433 Cir.
2125 5378 2280 5433 Joan.
2314 5395 2397 5443 tu,
2422 5378 2523 5443 56;
2550 5395 2607 5439 v,
2636 5378 2735 5441 40;
2771 5392 2882 5432 xtv.
2913 5378 2981 5441 6;
3020 5393 3109 5433 vx.
3145 5380 3230 5435 1:5.

1855 5450 1939 5517 I5)
1982 5450 2190 5503 Sensus
2225 5468 2236 5502 :
2273 5447 2460 5501 Nonne
2488 5466 2579 5516 ego
2605 5449 2746 5517 falsa
2776 5449 2838 5498 de
2870 5446 3095 5498 Domino
3124 5445 3335 5515 loquor,

1754 5524 1798 5575 si
1825 5520 1929 5583 illi,
1961 5536 2134 5573 verum
2167 5519 2365 5573 Christi
2400 5528 2620 5571 mortem
2657 5527 2926 5586 negantes,
2957 5533 3077 5571 vera
3110 5519 3338 5583 loquun-

1757 5594 1882 5645 tur?
1908 5590 2050 5643 Mors
2086 5607 2198 5658 mea
2223 5591 2336 5658 ipsa
2387 5587 2541 5655 falsa:
2585 5589 2843 5640 doctrinm
2881 5596 2957 5639 est
3002 5587 3336 5658 pra’diratio.

1758 5664 1815 5714 Si
1842 5678 1972 5714 vero
2010 5672 2129 5729 post
2180 5656 2288 5730 ἆρα
2333 5661 2491 5730 colon
2543 5674 2736 5730 ponas.
2792 5660 3113 5730 vertendum
3162 5656 3269 5712 erit
3319 5674 3335 5711 :

1760 5728 2026 5800 Profecto,
2054 5748 2153 5785 non
2188 5728 2327 5799 falsa
2357 5729 2544 5798 loquor
2578 5729 2639 5782 de
2668 5728 2913 5782 Domino.

3020 5825 3102 5885 22
