3754 6206
379 178 483 235 685

1350 189 1595 248 SANCTI
1632 192 1887 250 lGNATll
1939 167 2299 255 Eptsroce
2334 200 2682 259 GENUll‘UE.

1320 312 1410 370 XI.
1444 316 1638 389 Fugite
1665 320 1969 389 mortiferas
2003 321 2318 378 Docetarum
2352 325 2731 395 plantationes.

464 426 657 500 Fugite
684 444 814 502 ergo
840 430 1013 487 malas
1047 433 1394 504 propagines,
1432 453 1554 506 quae
1579 440 1810 509 gignunt
1832 457 1981 496 mor-
2011 453 2056 506 Α

2150 446 2382 514 Φεύγετε
2409 443 2503 500 οῦν
2530 445 2628 509 τὰς
2656 443 2834 508 κακὰς
2859 444 3238 516 παραφυάδας,
3265 443 3365 509 τὰς
3393 446 3639 514 γεννώσας

392 518 617 574 tiferum
644 519 904 590 fructum,
934 538 1098 593 quem
1133 525 1179 581 si
1199 526 1331 595 quis
1356 530 1609 596 gustarit,
1642 532 1829 586 statim
1858 548 1972 587 mo-

394 609 558 664 ritur.
584 609 680 667 Isti
714 612 859 666 enim
898 629 1005 667 non
1038 623 1167 669 sunt
1190 616 1458 685 plantatio
1488 616 1688 675 Patris.
1735 622 1792 675 Si
1829 624 1974 677 enim

393 711 598 767 essent,
622 715 948 773 apparerent
978 708 1168 780 utique
1205 713 1343 765 rami
1370 713 1572 778 erucis,
1608 728 1661 770 et
1698 724 1846 770 esset
1872 717 1977 770 uti-

392 812 500 865 que
526 795 737 852 fructus
776 797 994 855 illorum
1034 801 1496 873 ineorruptibilis.
1538 805 1642 862 Per
1677 808 1816 863 hanc
1845 824 1975 863 cru-

392 904 508 942 cem
542 889 796 945 Christus
834 890 886 943 in
928 894 1188 961 passione
1220 909 1317 949 sua
1347 895 1542 951 invitat
1565 914 1682 965 vos,
1713 899 1806 970 qui
1845 901 1977 955 estis

388 983 635 1039 membra
663 984 803 1054 ejus.
838 983 956 1039 Non
991 995 1169 1056 potest
1202 988 1365 1058 igitur
1399 1001 1563 1060 caput
1599 1007 1845 1049 seorsum
1883 1009 1979 1047 na-

388 1075 466 1127 sci
499 1075 617 1130 sine
649 1076 934 1137 niemhris.
968 1078 1225 1133 unionem
1258 1082 1610 1151 promittente
1633 1082 1764 1150 Deo,
1782 1086 1876 1155 qui
1898 1094 1982 1141 est

390 1179 525 1235 ipse.

2083 536 2293 608 καρπὸν
2320 537 2711 609 Θανατηφόρον,
2741 531 2801 591 οὗ
2837 536 2931 590 ἐὰν
2952 536 3212 607 γεύσηταί
3249 553 3353 600 τις,
3377 540 3502 609 παρ’
3523 539 3640 594 αὐτὰ

2083 627 2437 699 ἀποθνήσκει.
2468 623 2625 681 Οὗτοι
2656 626 2765 698 γὰρ
2793 628 2893 680 οὐκ
2924 628 3066 680 εἰσὶν
3090 626 3198 697 (16)
3230 627 3422 697 φυτεία
3436 629 3637 700 Πατρός.

2083 723 2147 775 Et
2173 722 2283 793 γάρ
2311 718 2471 793 ἦσαν,
2521 721 2802 790 ἐφαίνοντο
2836 720 2901 774 ἂν
2940 720 3124 774 κλάδοι
3150 720 3248 773 τοῦ
3280 721 3527 793 σταυροῦ,
3560 722 3637 774 καὶ

2082 808 2150 883 ἦν
2179 813 2245 865 ἂν
2271 814 2299 865 ὁ
2324 812 2537 883 καρπὸς
2562 812 2740 866 αὐτῶν
2766 811 3060 884 ἄφθαρτος·
3093 812 3161 865 δι’
3203 807 3264 866 οῦ
3304 813 3361 865 ἐν
3402 814 3476 882 τῷ
3504 811 3637 865 πάθει

2084 906 2251 959 αὑτοῦ
2309 905 2695 977 προσκαλεῖται
2746 906 2909 976 ὑμᾶς,
2961 906 3121 969 ὄντας
3175 906 3311 977 μέλη
3358 905 3532 959 αὐτοῦ.
3576 907 3638 957 Οὐ

2085 999 2307 1053 δύναται
2344 996 2437 1053 οῦν
2481 1000 2692 1071 κεφαλὴ
2735 1000 2904 1071 χωρὶς
2941 999 3269 1070 γεννηθῆναι
3301 1001 3428 1055 ἄνευ
3468 999 3636 1071 μελῶν,

2084 1089 2177 1143 τοῦ
2192 1090 2326 1143 Θεοῦ
2360 1091 2551 1143 ἕνωσιν
2580 1088 3197 1160 ὲπαγγελλομὲνουῌἹ),
3233 1089 3293 1151 ὃς
3319 1089 3462 1141 ἐστιν
3483 1088 3634 1150 αὑτός.

1484 1286 1604 1345 XII.
1640 1289 1847 1345 Manete
1886 1292 1938 1344 in
1968 1293 2169 1347 unitate
2201 1305 2248 1348 et
2280 1293 2560 1346 charitate.

461 1403 654 1460 Saluto
689 1420 785 1461 vos
817 1421 847 1461 e
892 1406 1160 1478 Smyrna,
1205 1422 1316 1462 una
1366 1424 1492 1463 eum
1537 1407 1796 1464 Ecclesiis
1846 1407 1965 1472 Dei,

385 1510 510 1564 qua:
542 1512 758 1552 mecum
797 1507 950 1565 sunt,
977 1514 1099 1569 qua:
1131 1498 1185 1553 in
1228 1500 1484 1555 omnibus
1531 1516 1618 1555 me
1656 1512 1969 1557 recrearunt

385 1588 572 1658 quoad
631 1604 832 1658 corpus
890 1598 945 1644 et
982 1589 1257 1659 spiritum.
1333 1589 1563 1646 Vincula
1622 1607 1787 1657 mea,
1846 1607 1968 1660 qua:

384 1691 607 1751 propter
632 1680 819 1737 Jesum
845 1683 1122 1738 Christum
1149 1682 1290 1746 fero.
1340 1698 1438 1739 vos
1490 1684 1963 1754 obsecrantzpcr-

386 1783 607 1829 manete
656 1774 711 1829 in
765 1776 1058 1830 concordia
1116 1785 1300 1831 vestra
1346 1786 1400 1830 et
1449 1777 1700 1830 oratione
1750 1786 1963 1830 mutua.

388 1864 553 1921 Decet
580 1867 724 1921 enim
751 1868 997 1937 singulos
1022 1875 1265 1922 vestrum
1288 1909 1302 1933 ,
1335 1875 1389 1921 ct
1420 1869 1692 1937 praacipue
1731 1868 1964 1938 presby-

384 1964 550 2024 teros,
581 1972 829 2012 recreare
862 1958 1204 2027 episcopum,
1238 1958 1293 2011 in
1325 1960 1585 2013 honorem
1609 1958 1807 2026 Putris,
1834 1958 1964 2014 Jesu

382 2050 587 2104 Christi
636 2061 691 2105 et
740 2051 1131 2120 apostolorum.
1165 2051 1336 2122 Opto,
1387 2060 1448 2106 ut
1485 2052 1539 2105 in
1572 2052 1840 2107 charitate
1878 2067 1969 2107 me

382 2143 644 2206 audiatis,
677 2158 767 2207 ne,
796 2145 909 2199 lucc
946 2144 1220 2209 scribens,
1261 2146 1317 2199 in
1351 2145 1731 2200 testimonium
1771 2154 1963 2200 contra

383 2249 480 2289 vos
511 2235 638 2289 sim.
667 2233 774 2290 Sed
814 2245 867 2290 et
911 2244 1064 2290 orate
1096 2252 1195 2306 pro
1226 2252 1347 2302 me,
1396 2237 1492 2307 qui
1517 2238 1574 2291 in
1616 2236 1711 2291 Dei
1743 2238 1965 2292 miseri-

384 2326 569 2381 cordia
587 2328 856 2383 eharitale
876 2337 1057 2383 vestra
1086 2328 1322 2397 indigeo,
1341 2337 1401 2383 ut
1425 2329 1623 2399 dignus
1646 2331 1769 2383 tiam
1796 2339 1965 2394 sorte,

386 2432 509 2487 qum
530 2435 619 2473 me
646 2429 824 2474 morte
864 2420 1347 2490 appropinquante
1393 2420 1748 2482 circumstat,
1785 2435 1852 2474 ne
1879 2434 1967 2473 re-

386 2512 594 2580 probus
626 2511 897 2566 inveniar.

2131 1411 2466 1482 ’Λσπάζομαι
2484 1412 2627 1483 ὑμᾶς
2642 1409 3034 1485 ἀπὸΣμύρνης,
3058 1409 3173 1481 ἅμα
3197 1412 3317 1474 ταῖς
3349 1408 3636 1483 συμπαροῦ-

2073 1503 2315 1574 σαις(18)
2331 1521 2419 1575 μοι
2438 1502 2780 1573 Ἑκκλησίαις
2802 1501 2895 1555 τοῦ
2927 1499 3087 1564 Θεοῦ,
3106 1502 3214 1573 (19)
3242 1502 3292 1555 οἳ
3320 1502 3457 1557 κατὰ
3482 1504 3637 1556 πάντα

2077 1614 2142 1669 με
2192 1593 2505 1650 ἀνέπαυσαν
2552 1593 2715 1665 σαρκί
2762 1610 2819 1646 τε
2862 1593 2955 1647 καὶ
3000 1593 3274 1664 πνεύματι
3351 1594 3641 1665 Παρακαλεῖ

2072 1689 2216 1759 ὑμᾶς
2266 1685 2335 1739 τὰ
2382 1684 2557 1756 δεσμά
2607 1702 2707 1756 μου
2751 1683 2860 1755 (20)
2907 1684 2941 1737 ἂ
2980 1684 3167 1737 ἕνεκεν
3217 1685 3393 1755 Ἰησοῦ
3430 1682 3638 1757 Χριστδῦ

2072 1777 2372 1850 περιφέρω,
2406 1775 2727 1847 αἰτούμενος
2762 1774 2897 1829 Θεοῦ
2945 1776 3242 1846 ἐπιτυχεῑνο
3284 1777 3553 1848 διαμένετε
3591 1779 3640 1829 ἐν

2068 1874 2133 1942 τῇ
2192 1870 2414 1940 ὁμονοίᾳ
2467 1868 2622 1939 ὑμῶν
2665 1868 2759 1921 καὶ
2805 1870 2871 1939 τῇ
2915 1869 3033 1938 μετ’
3079 1868 3327 1939 ἀλλήλων
3361 1872 3637 1941 προσευχῇ.

2069 1962 2276 2035 Πρέπει
2328 1960 2437 2033 γὰρ
2481 1962 2610 2031 ὑμῖν
2656 1963 2768 2023 τοῖς
2798 1959 2920 2012 καθ’
2958 1960 3079 2023 ἕνα,
3114 1960 3225 2031 (21)
3251 1960 3535 2033 ἐξαιρέτως
3559 1962 3641 2013 καὶ

2069 2058 2180 2118 τοῖς
2211 2052 2622 2126 πρεσϐυτέροις,
2646 2051 2940 2121 ἀναψύχειν
2962 2051 3056 2103 τὸν
3080 2052 3380 2105 ἐπίσκοπον
3400 2055 3476 2116 είς
3494 2053 3640 2123 τιμὴν

2066 2148 2301 2219 Πατρὸς,
2347 2144 2522 2217 Ἰησοῦ
2562 2142 2799 2217 Χριστοῦ
2840 2145 2935 2197 καὶ
2975 2144 3085 2197 τῶν
3117 2143 3447 2196 ἀποστόλων.
3484 2143 3639 2214 Εῦχο-

2071 2256 2169 2311 μαι
2195 2240 2340 2311 ὑμᾶς
2360 2240 2417 2291 ἐν
2441 2238 2632 2309 ἀγάπῃ
2660 2234 2890 2288 ἀκοῦσαί
2917 2252 3040 2306 μου,
3068 2235 3157 2289 ἵνα
3185 2234 3260 2307 μὴ
3285 2237 3363 2300 εἰς
3387 2234 3491 2307 (Ξῖ)
3517 2252 3641 2306 pap-

2067 2329 2255 2401 τύριον
2290 2322 2334 2382 ὦ
2378 2329 2436 2381 ὲν
2475 2329 2605 2399 ὑμῖν
2643 2325 2877 2398 γράψας.
2919 2326 3028 2378 Καὶ
3073 2325 3204 2395 περὶ
3228 2324 3366 2396 ἐμοῦ
3400 2325 3455 2378 δὲ
3491 2341 3641 2396 προσ-

2070 2418 2317 2490 εύχεσθε,
2357 2418 2459 2489 τῆς
2504 2419 2597 2487 ἀφ’
2646 2415 2800 2487 ὑμῶν
2855 2416 3079 2486 ἀγάπης
3130 2414 3426 2487 χρῄζοντος
3473 2417 3529 2468 ὲν
3572 2413 3641 2485 τῷ

2070 2511 2211 2564 ἐλέει
2242 2508 2338 2563 τοῦ
2367 2508 2524 2572 Θεοῦ,
2564 2510 2643 2571 είς
2665 2507 2725 2561 τὸ
2755 2506 3156 2576 καταξιωθῆναί
3190 2523 3259 2577 με
3293 2505 3388 2559 τοῦ
3432 2505 3642 2577 κλήρου,

2071 2601 2132 2660 οῦ
2179 2605 2289 2675 (‘25)
2341 2604 2660 2675 περίκειμαι
2708 2603 3003 2671 ἐπιτυχεῖν,
3035 2600 3123 2653 ἵνα
3168 2600 3243 2671 μὴ
3272 2599 3522 2670 ἀδόκιμος
3558 2598 3641 2650 εὑ-

2074 2697 2239 2770 ρεΘῶ.

1335 2798 1474 2853 XIII.
1524 2798 1723 2864 Valete,
1758 2806 1907 2852 orate
1941 2810 2036 2866 pro
2066 2792 2307 2847 Ecclesia
2346 2789 2541 2861 Syrica,
2573 2797 2680 2846 etc.

452 2920 669 2978 Salutat
704 2937 804 2979 vos
855 2922 1095 2978 charitas
1139 2922 1549 2995 Smyrnaeorum
1605 2930 1661 2979 et
1692 2921 1961 2993 Ephesio-
1992 2922 2038 2985 C

379 3029 523 3070 rum.
539 3013 809 3072 Memores
834 3023 1012 3072 estote
1036 3016 1090 3069 in
1114 3016 1369 3071 omnibus
1396 3016 1740 3070 orationibus
1766 3013 1964 3069 vestris

380 3108 635 3167 Ecclesia:
677 3123 800 3179 quae
841 3118 927 3162 est
975 3106 1029 3160 in
1077 3106 1267 3177 Syria;
1300 3106 1367 3161 de
1415 3121 1524 3176 qua
1566 3113 1619 3159 et
1667 3120 1773 3159 non
1826 3118 1948 3158 sum

380 3197 578 3271 dignus
605 3200 699 3276 qni
730 3199 911 3276 dicar,
952 3196 1045 3267 qui
1089 3196 1193 3252 sim
1249 3212 1440 3252 eorum
1489 3195 1736 3249 ultimus.
1774 3191 1961 3247 Valete

2151 2914 2483 2978 Ἀσπάζεται
2524 2913 2671 3003 ὑμᾶς
2704 2914 2738 2984 ἠ
2778 2909 2968 2981 ἀγάπη
3009 2909 3336 2983 Σμυρναίων
3364 2908 3457 2964 καὶ
3495 2909 3644 2977 Ἐφε-

2071 3010 2221 3062 σίων.
2266 3002 2650 3078 Μνημονεῦετε
2674 3006 2733 3057 ὲν
2768 3008 2888 3069 ταῖς
2918 3006 3256 3076 προσευχαῖς
3286 3004 3437 3074 ὑμῶν
3466 3002 3563 3072 τῆς
3590 3002 3646 3053 ὲν

2059 3101 2231 3173 Συρία
2272 3099 2620 3171 ⁹Εκκλησίας’
2650 3097 2771 3152 ὅθεν
2792 3098 2887 3152 καὶ
2917 3097 3017 3150 οὐκ
3045 3095 3197 3163 ἄξιός
3240 3098 3356 3167 είμι
3383 3093 3646 3163 λέγεσθαι.

2068 3190 2143 3245 ὢν
2191 3191 2418 3261 ἔσχατος
2460 3188 2704 3244 ἐκείνων.
2759 3186 3045 3261 Ἔρρωσθε
3091 3187 3151 3241 ὲν
3208 3185 3385 3257 Ἰησοῦ
3412 3182 3645 3257 Χριστῷ,

1702 3364 1878 3426 Vetus
1910 3364 2248 3442 interpres.

1839 3492 2071 3549 CAPUT
2112 3492 2204 3547 XI.

442 3611 634 3690 Fugite
665 3630 796 3688 ergo
829 3616 1008 3690 malas
1036 3616 1745 3690 propagines,_generantes
1782 3614 2021 3670 fructum
2068 3612 2459 3690 mortiferum;
2490 3627 2653 3683 quem
2686 3611 2733 3690 si
2770 3620 2951 3690 gustet
2982 3609 3138 3681 quis,
3172 3608 3361 3690 statim
3396 3606 3644 3690 moritur.

373 3681 466 3765 isti
489 3677 640 3765 enim
668 3677 778 3741 ῐιοῖι
806 3677 1240 3765 suntpia'nta'tio'
1257 3677 1458 3742 Patris.
1487 3685 1549 3765 Si
1575 3687 1720 3741 enim
1750 3694 1966 3765 essent,
1997 3695 2321 3765 apparerent
2354 3677 2543 3753 utique
2567 3683 2706 3738 rami
2736 3677 2940 3765 erucis,
2965 3677 3019 3735 ei
3050 3688 3198 3765 esset
3230 3677 3651 3765 utiquei'ruetus

372 3755 593 3810 illorum
628 3745 1063 3827 incorruptibilis
1100 3776 1112 3810 :
1155 3773 1250 3826 per
1279 3773 1441 3827 quem
1465 3798 1480 3819 ,
1538 3759 1592 3811 in
1626 3758 1884 3826 passione
1928 3745 2102 3825 ipsiii's
2126 3797 2141 3821 ,
2194 3756 2427 3809 advocat
2454 3745 2571 3808 'vos
2594 3797 2609 3821 ,
2645 3745 2973 3827 essistentes
3008 3750 3255 3807 membra
3302 3745 3492 3820 ipsius.
3527 3745 3646 3798 Non

366 3835 550 3892 potest
584 3827 747 3896 igitur
774 3821 941 3897 caput
975 3827 1127 3881 nasci
1156 3821 1582 3882 sine-membris
1603 3821 1769 3893 {Deo
1797 3821 2055 3881 unionem
2087 3827 2525 3896 repromittente,
2557 3823 2703 3893 quod
2734 3831 2819 3878 est
2847 3824 2983 3893 ipse.

3548 213 3721 272 686-

1814 3996 2045 4052 CAPUT
2084 3997 2195 4052 xu.
2227 4075 2231 4079 ,

442 4113 633 4169 Saluto
661 4130 760 4170 vos
792 4131 822 4169 a
857 4115 1112 4191 Smyrna,
1136 4132 1261 4191 cu_m
1303 4118 1793 4191 cornprmsentibtis
1839 4117 1975 4191 mihi
2026 4115 2288 4173 Eeclesiis
2346 4116 2475 4183 Dei;
2499 4116 2622 4191 _qui
2658 4113 2965 4191 secundum
2999 4113 3185 4169 omnia
3234 4128 3327 4169 me
3347 4111 3650 4191 ⁸(ιιιίθεςιειςιξ

364 4182 614 4262 {cecrth
649 4200 813 4262 carne
842 4196 896 4241 et
943 4179 1157 4262 spiritu.
1189 4179 1556 4258 Deprecamur
1592 4204 1689 4243 vos
1739 4188 1952 4262 vincula
1990 4203 2132 4262 mea,
2184 4203 2306 4257 quae
2345 4179 2620 4262 Δριόᾎιοξιι
2667 4185 2885 4262 Christo
2940 4184 3311 4262 fero,_pete_ns
3347 4179 3456 4238 Deo
3513 4179 3644 4262 frui.

368 4253 691 4311 Permanete
727 4256 779 4309 in
810 4253 1106 4312 concordia
1136 4253 1337 4322 vestra,
1372 4267 1421 4312 et
1454 4275 1517 4312 ea
1549 4274 1671 4327 qum
1702 4273 1828 4313 eum
1860 4258 2167 4311 adinvicem
2201 4253 2488 4327 'orati'one.
2541 4257 2702 4311 Deect
2745 4256 2890 4310 enim
2924 4271 3034 4327 _vos
3069 4253 3340 4327 singulos,
3373 4253 3648 4327 praecipue

360 4335 420 4398 et
445 4326 813 4398 presbyteros,
846 4327 1174 4398 refrigerare
1201 4329 1519 4398 episcopum
1541 4322 1644 4392 ,'in
1677 4329 1942 4383 honorem
1976 4327 2178 4394 Patris,
2204 4326 2332 4382 Jesu
2371 4327 2614 4398 Christi,
2649 4335 2702 4379 et
2729 4325 3125 4396 apostolorum.
3160 4324 3275 4379 Oro
3302 4322 3397 4378 vos
3427 4325 3481 4376 in
3517 4322 3661 4398 etin:

367 4393 527 4451 ritate
560 4393 750 4451 audire
790 4413 898 4463 me,
949 4393 1008 4451 ut
1053 4413 1162 4452 non
1210 4393 1263 4452 in
1322 4393 1700 4453 testimonium
1747 4401 1851 4451 sim
1898 4400 1953 4451 in
1983 4399 2138 4453 vobis
2173 4398 2440 4452 scribens.
2470 4397 2577 4452 Sed
2604 4406 2657 4451 et
2698 4393 2799 4465 pro
2831 4412 2917 4449 me
2948 4406 3103 4450 orate
3125 4412 3212 4461 ea,
3237 4406 3360 4464 quae
3396 4408 3425 4446 a
3462 4393 3645 4449 \‘obiS.

365 4467 633 4588 ﬁliaritate
664 4467 938 4547 indigente
970 4468 1024 4520 in
1050 4468 1425 4525 misericordia
1465 4468 1582 4535 Dei,
1617 4469 1683 4522 ad
1713 4469 2021 4539 dignit‘icari
2054 4485 2139 4523 me
2171 4466 2276 4540 [in]
2300 4469 2636 4523 hmreditate.
2667 4482 2773 4535 qua
2803 4482 2977 4520 conor
3004 4466 3193 4536 potiri,
3226 4475 3288 4519 ut
3320 4479 3423 4518 non
3456 4479 3650 4531 reproo

406 4552 468 4588 US
508 4552 775 4588 inveniar.

406 4552 468 4590 US
508 4552 775 4591 inveniar.

1796 4650 2033 4723 CAPUT,
2062 4654 2201 4709 xm.

427 4769 650 4850 Salutat
678 4774 1043 4850 voscharitas
1076 4773 1483 4850 Smyrnarorum
1510 4783 1563 4829 et
1596 4773 1982 4850 Ephesiorum.
2030 4775 2361 4850 Mementote
2391 4777 2445 4850 in
2477 4773 2825 4850 orationibus
2845 4773 3058 4850 Av_es_tris
3086 4772 3361 4850 ejus-qua:
3389 4771 3445 4850 in
3486 4766 3646 4837 Syria

360 4839 652 4909 Ecclesia);
677 4844 824 4898 unde
850 4859 959 4898 non
986 4839 1191 4910 dignus
1214 4862 1334 4900 sum
1362 4846 1468 4901 dici
1487 4839 1789 4907 ,exsistens
1816 4856 2095 4902 extremus
2124 4848 2364 4900 illorum.
2391 4846 2579 4901 Valete
2606 4847 2657 4899 in
2682 4842 2812 4898 Jesu
2837 4842 3082 4908 Christo,
3109 4839 3339 4910 Subjecti
3367 4840 3647 4908 episcopo,

362 4920 423 4964 ut
458 4910 553 4966 Dei
604 4914 887 4980 mandato,
913 4910 1169 4970 similiter
1203 4925 1257 4969 et
1286 4916 1646 4986 presbyterio.
1697 4915 1763 4969 Et
1812 4918 2016 4988 singuli
2056 4918 2361 4973 adinvicem
2406 4917 2615 4988 diligite
2649 4916 2703 4968 in
2737 4912 3060 4983 impartibili
3108 4915 3295 4967 corde.
3330 4910 3648 4964 Castilicate

1971 5099 2016 5154 Ι)
2055 5092 2344 5164 interpres,
2375 5097 2484 5166 qui.

2117 5162 2232 5239 (20)
2266 5162 2395 5239 Cir.
2422 5167 2725 5239 Ephes.vl,
2756 5164 2861 5228 20;
2900 5162 3233 5239 Coloss._iv,
3266 5164 3319 5237 5.

2110 5231 2224 5308 (21)
2264 5231 2576 5309 Legelidum
2600 5236 2811 5309 videtur
2833 5235 2931 5309 καὶ
2964 5234 3280 5309 ἐξαιρέτως.
3307 5231 3423 5287 Jac.

2113 5303 2227 5379 (22)
2266 5303 2379 5363 Cir.
2423 5307 2520 5377 Ep.
2559 5307 2627 5361 ad
2656 5303 2895 5379 Phiiad.,
2922 5321 2973 5359 c.
3010 5306 3063 5359 6.

460 5091 544 5162 16)
576 5092 697 5148 ‘Cl'r.
732 5092 922 5148 Matth.
965 5110 1056 5159 xv,
1091 5095 1175 5148 15.

457 5163 544 5233 17)
596 5162 670 5216 Ita
705 5180 829 5228 ms.,
860 5165 1233 5219 testimonium
1267 5165 1529 5220 doctrinm
1553 5167 1618 5219 de
1650 5166 1933 5221 divinitate

356 5232 562 5288 Christi
602 5234 890 5289 exhibens.
928 5233 1048 5289 Vet.
1099 5236 1389 5303 interpres,
1440 5237 1580 5302 quod
1598 5253 1616 5300 ,°
1679 5240 1772 5292 sed
1824 5255 1929 5291 non

356 5315 460 5368 est,
494 5306 640 5374 quod
676 5320 800 5360 eum
831 5303 1031 5359 Vossio
1065 5315 1341 5361 mutemus
1388 5310 1436 5370 ὅ,
1472 5308 1555 5361 vel
1592 5323 1716 5361 cum
1756 5309 1937 5361 Aldri-

356 5374 481 5428 chio

428 5443 657 5518 (l81_lta
698 5456 845 5501 recte
886 5447 1088 5501 habent
1127 5448 1483 5518 interpolator
1530 5456 1580 5503 et
1614 5458 1721 5503 vet.
1769 5448 1939 5501 inter-

354 5528 504 5586 pres.
527 5514 655 5586 Msi,
689 5533 811 5586 μου.

427 5585 539 5657 (19)
582 5584 779 5657 Melius
808 5588 886 5649 αἴ,
922 5589 1013 5643 sed
1049 5605 1155 5643 non
1180 5600 1264 5644 est
1298 5590 1643 5643 mutandum.
1691 5587 1934 5657 lgnatins

355 5656 501 5708 enim
528 5656 593 5709 ad
624 5659 808 5709 missos
842 5658 1205 5714 Ecclesiarum
1242 5661 1459 5715 illarum
1488 5656 1739 5714 advertit.
1772 5658 1934 5713 Vetus

2114 5370 2228 5448 (25)
2269 5380 2348 5433 lta
2394 5370 2499 5432 ms.
2545 5376 2805 5448 Nonnulli
2857 5384 3169 5429 mutarunt.
3204 5372 3464 5429 Vedelius
3518 5370 3651 5448 legit

2041 5443 2407 5521 παράκειμαι,
2504 5464 2553 5523 e.
2575 5447 2908 5523 propinquus
2930 5462 3309 5523 sumzquam
3336 5443 3651 5523 propediem

2040 5516 2371 5642 Sonsequu'r;
2428 5519 2739 5582 Smithius,
2804 5516 3153 5588 ὑπόκειμαι,
3218 5516 3305 5571 cui
3365 5516 3653 5584 subjaceo.

2075 5606 2160 5643 ac.
