3754 6206
323 162 446 256 ’687

1341 194 1587 250 SANCTI
1616 194 1870 252 IGNATII
1917 194 2277 272 EPISTOLEE
2299 189 2670 254 ‘CENUINJE.

3508 200 3604 256 688

335 331 418 378 est
442 320 794 392 principium,
825 319 868 374 si
894 320 1123 389 gratiam
1153 333 1480 388 consequar.
1503 333 1706 376 sortem
1736 337 1906 376 meam

2074 322 2369 393 κονόμητός
2395 325 2560 385 ἐστιν,
2598 323 2708 394 (55)
2739 324 2833 376 ὲάν
2863 341 2965 397 περ
2997 323 3215 394 χάριτος
3240 321 3504 395 ἐπιτύχω,
3533 328 3606 389 εἰς

335 416 456 470 sine
491 414 884 483 impedimento
908 412 1230 481 accipiendi.
1263 410 1455 466 Timeo
1489 415 1633 468 enim
1677 425 1906 470 vestram

2074 439 2078 460 ι
2108 412 2198 466 τὸν
2227 413 2426 486 κλῆρόν
2457 432 2557 486 μου
2585 417 2997 487 ἀνεμποδίστως
3026 415 3344 470 ἀπολαϐεῖνζ
3378 418 3490 488 (56)
3514 419 3609 470 Φο-

335 505 685 568 charitatem,
713 517 782 556 ne
829 517 893 572 ea
932 501 1066 557 mihi
1116 511 1332 555 noceat.
1365 501 1528 558 Vobis
1561 505 1708 558 enim
1756 504 1906 560 facilt

2074 503 2218 576 μῦμαι
2243 506 2352 578 γάρ
2379 507 2477 578 τὴν
2514 507 2667 577 ὑμῶν
2692 507 2933 578 ἀγάπην,
2965 509 3041 580 μὴ
3082 509 3218 580 αὐτή
3251 526 3318 578 με
3353 508 3603 580 ἀδικήσῃ.

335 606 442 663 est,
477 597 626 667 quod
663 596 832 650 vultis
860 594 1038 649 facere
1062 611 1077 658 ;
1105 593 1238 647 mihi
1272 611 1402 647 vero
1423 596 1638 650 tliﬂicile
1675 607 1759 652 est
1813 597 1924 653 Deo

333 689 522 761 potiri,
555 686 601 743 si
629 702 728 742 vos
760 685 892 738 mihi
922 699 1148 754 parcere
1181 685 1432 740 studetis.

2024 594 2184 666 Ὑμῖν
2212 596 2318 668 γὰρ
2346 597 2572 668 εὐχερές
2597 600 2768 664 ἐστιν,
2808 599 2835 651 ὃ
2863 598 3048 652 θέλετε
3099 599 3362 669 ποιῆσαι·
3399 598 3520 670 ἐμοὶ
3553 599 3606 651 δὲ

2013 685 2268 740 δύσκολόν
2295 691 2410 740 ἐστι
2437 687 2529 741 τοῦ
2563 689 2700 742 Θεοῦ
2734 693 3040 762 ἐπιτυχεῖν,
3069 689 3273 762 ἐάνπερ
3305 689 3469 761 ὑμεῖς
3498 689 3604 761 (57)

2019 776 2280 849 φείσησθέ
2317 796 2442 850 μου.

1506 888 1566 941 ll.
1598 887 1778 945 Nolite
1810 908 1889 945 me
1917 896 2174 965 martyrio
2202 897 2420 964 eripere.

403 1011 539 1068 Nolo
565 1013 711 1066 enim
737 1011 891 1066 vobis
921 1020 1180 1080 tanquam
1208 1009 1526 1064 hominibus
1551 1011 1787 1080 placere,
1815 1013 1912 1068 sed

333 1105 446 1161 Deo
480 1105 714 1176 placere,
745 1103 1213 1174 quemadmodum
1238 1111 1293 1156 et
1329 1116 1427 1158 vos
1452 1102 1503 1157 ei
1531 1103 1776 1172 placetis.
1803 1103 1916 1161 Nec

332 1196 477 1252 enim
518 1211 621 1268 ego
667 1211 908 1266 unquam
940 1195 1047 1250 tale
1075 1204 1291 1264 tempus
1329 1193 1440 1250 Deo
1476 1195 1715 1266 potiendi
1750 1198 1916 1253 attin-

330 1306 490 1360 gam;
551 1305 648 1344 nec
679 1303 777 1343 vos
802 1329 816 1353 ,
847 1287 894 1343 si
927 1288 1190 1343 silueritis
1211 1330 1225 1352 ,
1258 1287 1469 1342 meliori
1503 1289 1654 1358 operi
1690 1289 1914 1346 inscribi

329 1381 599 1453 poteritis.
631 1380 690 1436 Si
723 1381 869 1437 enim
900 1379 968 1434 de
995 1396 1083 1435 me
1117 1380 1380 1435 silueritis
1400 1422 1414 1447 ,
1445 1397 1544 1452 ego
1607 1380 1697 1436 Dei
1746 1383 1868 1436 liam
1895 1400 1909 1448 ;

331 1476 374 1528 si
403 1483 585 1530 autem
611 1488 836 1530 carnem
869 1487 1046 1527 meam
1078 1473 1414 1540 amaveritis,
1440 1474 1619 1528 denuo
1649 1474 1784 1527 mihi
1809 1476 1912 1530 erit

331 1564 691 1622 currendum.
746 1564 930 1620 Nolite
974 1565 1096 1635 plus
1155 1565 1286 1620 mihi
1341 1566 1614 1637 praebere,
1655 1581 1820 1636 quam
1853 1577 1912 1621 ut

331 1658 584 1714 itmnoler
629 1659 776 1722 Deo,
817 1659 948 1713 dum
988 1657 1166 1712 adhuc
1216 1658 1389 1713 altare
1418 1667 1671 1728 paratum
1702 1668 1818 1723 est;
1851 1669 1911 1714 ut

2090 1014 2204 1093 (38)
2247 1016 2321 1068 Οὐ
2363 1016 2471 1088 γὰρ
2513 1016 2652 1071 θέλω
2690 1019 2818 1090 ὑμῖν
2854 1019 3393 1093 ἀνθρωπαρεσκῆσαι
3418 1062 3430 1080 .
3474 1021 3603 1076 ἀλλά

2022 1105 2141 1177 Θεῷ
2167 1107 2388 1178 ἀρέσαι,
2423 1107 2612 1182 ὥσπερ
2638 1114 2733 1166 καί
2760 1113 3044 1184 ἀρέσκετε.
3082 1115 3156 1167 Οὐ
3196 1115 3305 1187 γὰρ
3337 1112 3452 1182 ἐγώ
3479 1130 3605 1168 ποτε

2021 1203 2128 1270 ἔξω
2154 1206 2342 1279 καιρὸν
2380 1204 2619 1259 τοιοῦτον
2654 1204 2788 1258 Θεοῦ
2817 1208 3112 1276 ἐπιτυχεῖν·
3142 1205 3264 1260 οὔτε
3305 1208 3486 1277 ὑμεῖς,
3515 1209 3605 1260 ἐὰν

2025 1298 2361 1368 σιωπήσητε,
2388 1299 2657 1371 κρείττονι
2689 1296 2833 1367 ἔργῳ
2859 1298 3011 1367 ἔχετε
3042 1298 3436 1368 ἐπιγραφῆναι.
3483 1299 3604 1352 Ἐὰν

2022 1392 2133 1464 γὰρ
2177 1395 2491 1465 σιωπήσητε
2529 1393 2641 1463 (39)
2667 1392 2764 1446 ἀπ’
2801 1393 2969 1464 ἐμοῦ,
3003 1392 3112 1462 (40)
3151 1392 3262 1460 ἐγὼ
3307 1395 3603 1463 γενήσομαι

2021 1483 2157 1536 Θεοῦ
2177 1502 2188 1513 ·
2216 1486 2310 1538 ἐὰν
2334 1485 2392 1538 δὲ
2434 1484 2703 1556 ὲρασθῆτε
2746 1487 2843 1557 τῆς
2885 1487 3087 1559 σαρκός
3120 1502 3218 1557 μου
3240 1525 3254 1548 ,
3281 1485 3446 1538 πάλιν
3488 1484 3601 1538 ἐσο-

2024 1592 2122 1645 μαι
2151 1575 2264 1649 (41)
2294 1578 2522 1651 τρέχων.
2555 1577 2723 1633 Πλέον
2749 1595 2836 1648 μοι
2871 1577 2944 1650 μὴ
2981 1576 3339 1649 παράσχησθε
3376 1577 3470 1631 τοῦ
3495 1577 3602 1650 (42)

2021 1669 2406 1740 σπονδισθῆναι
2421 1670 2561 1741 Θεῷ,
2583 1671 2659 1733 ὡς
2685 1671 2764 1724 ἔτι
2788 1670 3171 1744 θυσιαστήριον
3195 1671 3416 1741 ἕτοιμόν
3437 1673 3602 1724 ἐστιν·

330 1751 388 1804 in
418 1750 690 1806 charitate
718 1751 924 1805 chorus
952 1748 1126 1804 effecti
1154 1751 1364 1805 canalis
1403 1749 1553 1806 Patri
1592 1752 1644 1805 in
1690 1751 1906 1806 Christo

2074 1780 2103 1815 α
2154 1765 2212 1815 ἐν
2251 1735 2442 1837 drawn
2489 1735 2647 1836 χορὸς
2691 1765 2968 1836 γενόμενοι
3017 1735 3188 1836 ᾇσητε
3236 1735 3517 1837 τῷἰῐΙατρὶ
3550 1767 3606 1817 ἐν

327 1841 482 1911 Jesu,
513 1845 660 1914 quod
689 1843 834 1899 Deus
863 1844 1184 1914 episcopum
1229 1843 1402 1915 Syria:
1434 1843 1658 1915 dignum
1696 1845 1912 1914 judica-

329 1940 490 2004 verit,
528 1937 622 2007 qui
662 1936 730 1989 ab
769 1934 991 1990 Oriente
1021 1937 1073 1989 in
1102 1937 1452 1991 Occidentem
1498 1936 1797 1992 arcessitus
1823 1939 1912 1992 in.

325 2031 626 2085 veniretur.
655 2028 867 2084 Bontln
895 2039 995 2090 est.
1033 2045 1061 2083 a
1094 2032 1299 2084 mundo
1328 2030 1581 2085 occidere
1607 2031 1672 2086 ad
1719 2031 1910 2099 Deum,

327 2134 390 2181 ut
418 2126 472 2181 in
505 2125 625 2194 ipso
647 2124 820 2178 oriar.

2015 1853 2237 1926 Χριστῷ
2276 1856 2472 1928 Ἰησοῦ,
2510 1855 2621 1929 (45)
2644 1858 2726 1912 ὅτι
2763 1859 2852 1911 τὸν
2880 1847 3178 1911 ἐπίσκοπον
3200 1859 3402 1930 Συρίας
3423 1861 3451 1911 ὁ
3478 1857 3606 1920 Θεὸς

2017 1945 2356 2018 κατηξίωσεν
2401 1949 2689 2021 εὑρεθῆναι
2731 1951 2808 2012 εἰς
2849 1951 3001 2003 δύσιν
3040 1949 3150 2003 ἀπὸ
3183 1949 3454 2019 ἀνατολῆς
3496 1949 3604 2021 (μ)

2022 2039 2536 2110 μεταπεμψάμενος.
2577 2040 2756 2094 Καλὸν
2799 2041 2859 2093 τὸ
2897 2041 3049 2095 δῦναι
3089 2041 3199 2095 ἀπὸ
3236 2043 3448 2114 κόσμου
3475 2042 3605 2115 πρὸς

2019 2126 2173 2199 Θεὸν,
2204 2129 2293 2183 ἵνα
2323 2132 2402 2193 εἰς
2433 2129 2598 2184 αὐτὸν
2625 2129 2910 2183 ἀνατείλω.

973 2241 1064 2294 lll.
1097 2240 1298 2310 Rogate
1325 2242 1502 2308 potius
1530 2239 1720 2305 Deum,
1755 2253 1811 2294 ut
1840 2243 1909 2294 ad
1943 2248 2263 2316 martyrium
2293 2249 2423 2304 mihi
2455 2251 2588 2304 vires
2621 2249 2937 2319 suppeditet.

398 2361 542 2417 Nulli
603 2378 846 2433 unquam
897 2362 1205 2429 invidistis;
1277 2363 1414 2417 alios
1466 2363 1754 2417 docuistis.
1803 2363 1906 2434 Ego

2091 2369 2362 2426 Οὐδέποτε
2411 2372 2522 2442 (45)
2565 2371 2904 2426 ἐδασκὰνατε
2945 2371 3164 2424 οὐδένα’
3199 2369 3396 2436 ἄλλους
3439 2368 3606 2422 ἐδιδά-

326 2466 460 2508 vero
507 2452 596 2507 illa
653 2469 874 2524 quoque
914 2457 1072 2509 ﬁrma
1109 2469 1230 2509 esse
1265 2455 1409 2520 volo,
1459 2469 1578 2524 qua:
1610 2455 1817 2509 docetis
1861 2467 1906 2510 et

2074 2480 2166 2516 ιτε.
2201 2463 2314 2535 (46)
2344 2463 2483 2532 Ἐγὼ
2507 2464 2564 2517 δὲ
2587 2462 2743 2529 θέλω,
2771 2463 2857 2517 ἵνα
2886 2465 3113 2517 κάκεῖνα
3137 2463 3331 2533 βέϐαια
3357 2458 3412 2536 ᾖ,
3440 2462 3476 2516 ἃ.
3495 2461 3608 2533 έϊῐ)

331 2544 649 2614 praecipitis.
681 2543 840 2600 Vires
871 2554 1086 2600 tantum
1127 2545 1263 2599 mihi
1287 2554 1340 2600 et
1377 2545 1622 2601 internas
1653 2556 1708 2600 et
1733 2559 1906 2602 exter-

2074 2554 2419 2627 ιθητεύοντες
2443 2554 2775 2610 ὲντέλλεσθε.
2801 2555 2976 2608 Μόνον
3004 2573 3093 2626 μοι
3115 2554 3345 2627 δύναμιν
3374 2554 3606 2609 αἰτεῖσθε

333 2653 436 2692 nas
460 2639 646 2708 petite,
680 2647 743 2693 ut
779 2655 888 2695 non
924 2639 1103 2694 solum
1146 2639 1363 2708 loquar,
1393 2638 1488 2694 sed
1522 2647 1577 2693 et
1619 2639 1816 2706 velim;
1852 2649 1906 2694 ut

2074 2643 2215 2697 ωθέν
2249 2663 2306 2698 τε
2337 2646 2429 2699 καὶ
2458 2644 2676 2711 ἔξωθεν,
2702 2645 2788 2697 ἵνα
2827 2645 2900 2716 μὴ
2941 2646 3100 2715 μόνον
3129 2645 3296 2714 λέγω,
3338 2647 3474 2701 ἀλλά
3513 2645 3607 2700 καὶ

330 2746 442 2787 ιιοιι
492 2732 672 2787 solum
711 2731 869 2788 dicar
897 2731 1253 2789 Christianus
1276 2772 1292 2795 ,
1325 2733 1420 2788 sed
1464 2741 1519 2787 et
1554 2733 1822 2788 inveniar.
1851 2733 1906 2790 Si

2077 2735 2174 2803 λω,
2213 2738 2300 2790 ἵνα
2351 2739 2425 2810 μὴ
2475 2739 2633 2810 μόνον
2675 2738 2916 2810 λέγωμαι
2951 2738 3296 2810 Χριστιανὸς,
3330 2738 3466 2792 ἀλλά
3514 2737 3610 2791 καὶ

325 2824 474 2880 enim
504 2826 758 2882 inventus
788 2823 963 2890 fuero,
995 2826 1158 2881 etiam
1188 2826 1294 2882 dici
1326 2834 1516 2895 potero
1539 2824 1906 2892 Christianus,

2074 2829 2248 2903 ›ρεθῶ.
2289 2809 2412 2886 Έάν
2442 2831 2551 2906 γὰρ
2585 2831 2695 2902 (-58)
2731 2831 2822 2884 καὶ
2849 2809 3082 2902 εὑρεθῶ,
3119 2830 3213 2884 καὶ
3242 2829 3500 2899 λέγεσθαι
3523 2829 3610 2882 δύ-

303 2928 380 3000 δοι
429 2919 771 2986 tuncﬁdelis
811 2935 932 2978 esse
979 2920 1192 2985 valebo,
1240 2935 1365 2974 cum
1417 2918 1624 2973 mundo
1674 2920 1906 2990 amplius

2074 2936 2205 2990 ιμαι,
2235 2919 2329 2974 καὶ
2356 2918 2478 2972 τότε
2506 2919 2699 2983 πιστὸς
2734 2915 2893 2984 εἶναι,
2918 2919 3048 2972 ὅταν
3075 2919 3268 2992 κόσμῳ
3303 2921 3380 2991 μὴ
3405 2920 3608 2990 φαίνω-

1677 3067 1872 3149 Vetus.
1895 3068 2229 3145 interpres.

323 3208 511 3255 mento
541 3199 766 3254 lucrari.
793 3197 985 3252 Timeo
1018 3197 1162 3250 enim
1195 3196 1516 3254 charitatem
1564 3207 1828 3261 vestram,
1863 3213 1932 3253 ne
1981 3197 2100 3266 ipsa
2142 3212 2229 3251 me
2257 3193 2438 3252 ltedat.
2495 3195 2662 3251 Vobis
2714 3196 2861 3251 enim
2905 3195 3062 3252 facile
3107 3209 3211 3263 est,
3266 3196 3414 3266 quod
3443 3195 3607 3250 vultis

322 3268 541 3342 facere;
575 3269 712 3325 mihi
752 3279 934 3323 autem
967 3266 1183 3322 diﬂicile
1207 3276 1291 3320 est
1320 3266 1431 3320 Deo
1469 3267 1670 3336 potiri;
1705 3268 1980 3338 siquidem
2009 3284 2108 3323 vos
2128 3282 2250 3324 .non
2283 3267 2510 3336 parcitis
2544 3267 2697 3321 mihi.

1774 3414 2006 3470 CAPUT
2046 3415 2110 3469 ll.

391 3512 511 3568 Non
559 3515 704 3568 enim
752 3515 879 3569 volo
909 3530 1006 3569 vos
1043 3513 1364 3569 hominibus
1391 3513 1629 3583 placere,
1663 3513 1759 3568 sed
1805 3512 1916 3568 Deo
1945 3511 2182 3581 placere,
2217 3509 2681 3583 quemadmodum
2714 3519 2768 3565 et
2789 3507 3459 3583 placeti_s._Neque_en_im
3485 3522 3592 3583 ego

327 3583 513 3658 habeo
531 3585 830 3656 aliquando
872 3593 1089 3658 tempus
1114 3584 1232 3658 tale
1253 3583 1366 3638 Deo
1387 3577 1668 3658 potiendi:
1702 3597 1881 3658 neque
1903 3577 2024 3648 vos,
2056 3583 2101 3636 si
2136 3577 2385 3646 tacentis,
2406 3582 2619 3658 meliori
2649 3577 3044 3651 operi'habetis
3075 3577 3333 3658 inscribi.
3366 3577 3424 3632 Si
3456 3577 3606 3658 enim

322 3656 548 3709 tacentis
573 3671 602 3709 a
625 3647 742 3721 'me,
779 3671 880 3725 ego
906 3647 1002 3709 ero
1033 3655 1163 3726 Dei;
1190 3654 1233 3708 si
1269 3647 1808 3726 autc—mdesideretis
1839 3647 2060 3726 carnem
2092 3668 2292 3726 meam,
2324 3667 2516 3706 rursus
2547 3647 2724 3706 factus
2756 3667 2878 3726 sum
2917 3665 3044 3726 vox.
3072 3648 3203 3704 Plus
3228 3659 3420 3726 autem
3466 3647 3605 3726 mihi

325 3739 430 3776 non
465 3717 738 3787 tribuetis,
763 3717 927 3795 quam
958 3717 1259 3780 sacriﬁcari
1285 3723 1416 3792 Deo,
1442 3725 1572 3779 dum
1603 3725 1784 3779 adhuc
1812 3723 2275 3795 sacriﬁcatorium
2305 3733 2554 3795 paratum
2572 3731 2695 3795 ‘est,
2725 3731 2783 3795 ut
2807 3722 2860 3775 in
2891 3720 3178 3795 charitaten
3193 3721 3401 3795 chorus
3427 3717 3606 3795 ell'eeti

322 3796 552 3848 cantelis
585 3795 731 3849 Patri
760 3787 814 3851 in
859 3794 986 3849 Jesu
1033 3795 1277 3860 Christo,
1310 3787 1572 3864 quoniam
1620 3795 1942 3864 episcopum
1983 3792 2157 3864 Syriae
2188 3787 2533 3864 digniticavit
2572 3791 2718 3848 Deus
2756 3791 3016 3858 inveniri,
3052 3791 3109 3844 in
3140 3789 3497 3845 Occidentem
3535 3787 3607 3842 ab

322 3864 544 3919 Oriente
570 3869 970 3920 transmittens.
1005 3864 1213 3918 Donum
1241 3863 1493 3919 occidere
1524 3881 1553 3918 a
1589 3863 1795 3920 mundo
1815 3863 1874 3920 in
1905 3863 2101 3926 Deum,
2130 3873 2189 3919 ut
2221 3863 2275 3918 in
2308 3863 2428 3934 ipso
2456 3863 2627 3920 oriar.

1775 4009 2005 4065 CAPUT
2046 4009 2135 4064 HI.

396 4101 986 4180 Nuuquaminvidistis
1027 4104 1081 4158 in
1107 4105 1325 4180 aliquo;
1363 4106 1499 4180 alios
1525 4107 1845 4180 edocuistis.
1877 4107 1993 4180 Ego
2015 4117 2195 4162 autem
2228 4107 2374 4174 volo,
2400 4115 2460 4160 ut
2483 4115 2538 4160 et
2562 4106 2655 4180 illa
2681 4108 2835 4180 ﬁrma
2861 4105 2996 4168 sint.
3025 4119 3151 4180 quae
3177 4102 3437 4180 docentes
3459 4116 3603 4172 prte-

325 4173 585 4257 eepistisn
609 4173 798 4257 Soluto
831 4173 964 4257 mihi
994 4176 1293 4257 potentiam
1321 4177 1523 4257 petatis
1555 4177 1818 4257 ab__intra
1851 4187 1905 4257 et
1925 4173 2017 4232 'ab
2050 4187 2229 4257 extra.
2255 4185 2454 4257 utnon
2491 4177 2672 4233 solum
2699 4177 2900 4257 dicam,
2943 4173 3352 4257 seligetvelim;
3403 4189 3511 4227 non
3541 4181 3605 4257 ut

326 4243 503 4318 solum
533 4243 1083 4318 dicar_t3ltristianus,
1113 4247 1287 4318 sedet
1320 4242 1586 4318 inveniar.
1623 4247 1683 4302 Si
1713 4250 1857 4305 enim
1893 4248 2165 4318 inveniar,
2196 4258 2252 4304 et
2280 4247 2390 4318 dici
2428 4262 2716 4318 possum;
2741 4255 2795 4301 et
2828 4256 2956 4318 tunc
2990 4245 3341 4318 fidelis_es§e,
3375 4242 3602 4318 quando

325 4313 514 4382 utique
542 4314 747 4368 mundo
777 4330 886 4368 non
911 4330 1170 4384 appareo.
1208 4315 1353 4371 Nihil
1380 4320 1698 4387 apparentia
1731 4320 1939 4375 bonurn
1967 4329 2073 4376 est.
2107 4317 2255 4374 Deus
2299 4313 2447 4374 enini
2479 4327 2668 4388 noster
2693 4317 2852 4374 Jesus
2888 4316 3146 4372 Christus
3169 4315 3225 4369 in
3254 4313 3416 4368 Patre
3443 4314 3600 4368 exsi-

392 4496 506 4570 (_35)
548 4495 741 4570 Syrus,
772 4499 866 4568 qui
895 4498 999 4570 hoc
1015 4508 1185 4570 caput
1211 4497 1396 4562 habet,
1418 4499 1616 4570 legisse
1643 4500 1896 4556 videtur:
1935 4507 1978 4560 ι)
2008 4498 2177 4556 Multo
2225 4497 2563 4570 pracferenda
2607 4507 2692 4556 est
2741 4496 2898 4570 lectio
2929 4495 3128 4570 Graeci
3157 4493 3602 4570 textus.__Sen_sus

333 4567 568 4642 ξβάνπερ
591 4567 833 4642 ὲτςιτιξχω
865 4569 956 4621 τὸν
978 4567 1176 4640 κλῆρόν
1203 4586 1304 4638 μου
1336 4572 1415 4632 εἰς
1455 4567 1629 4642 ’κτέρας
1657 4573 1900 4641 ἀνεμπο-

320 4637 516 4701 δίστως
537 4637 854 4693 ἀπολαϐεῖν.

398 4708 511 4780 (ξε-ἱ)
553 4709 794 4780 lgnatius
836 4711 1124 4766 verebatur
1155 4728 1222 4766 ne
1250 4710 1506 4776 Romani,
1539 4714 1624 4767 vel
1649 4712 1904 4780 precibus

323 4779 390 4830 ad
423 4777 675 4852 Deumet
699 4779 968 4852 homines,
992 4785 1075 4836 vel
1106 4782 1358 4852 pecunia,
1386 4791 1482 4834 aut
1506 4799 1601 4851 per
1633 4777 1740 4837 vim
1773 4797 1900 4836 eum

324 4865 355 4901 a
387 4849 657 4917 supplicio
695 4849 1016 4905 eximerent.
1049 4849 1185 4906 C(vr.

397 4918 510 4988 ('57)
553 4918 593 4972 l.
633 4935 683 4991 e.
729 4919 779 4972 si
820 4936 908 4973 vos
940 4921 1314 4991 impedimenta
1361 4921 1492 4973 mihi
1536 4923 1658 4977 estis
1709 4931 1903 4978 conatu

324 4997 513 5062 vestro,
543 5005 624 5062 me
649 4989 931 5062 liberandi.
965 4989 1329 5062 Interpolator
1357 4999 1413 5043 et
1447 4997 1627 5062 versio
1649 4995 1900 5060 antiqua,

322 5059 392 5110 ab
421 5057 644 5134 Usserio
678 5060 844 5134 edita,
879 5075 982 5118 nec
1016 5057 1129 5117 non
1161 5062 1332 5134 Syrus
1370 5061 1512 5114 male
1539 5057 1801 5118 exhibent
1827 5064 1901 5133 μὴ

321 5142 449 5183 ante
484 5123 758 5200 φέἰσεσθε.

394 5200 507 5269 (58)
535 5201 765 5275 initium
791 5203 995 5275 capitis
1019 5203 1248 5260 secundi
1278 5201 1354 5254 Οὐ
1378 5201 1487 5272 γὰρ
1517 5202 1657 5256 Θέλω
1683 5243 1696 5256 .
1735 5243 1748 5255 .
1775 5203 1905 5275 ἀρέ-

325 5284 498 5346 σκεις
514 5272 667 5346 deest
699 5273 755 5327 in
786 5272 947 5346 Syro.

395 5340 508 5416 (ᾅῼ)
548 5340 586 5416 |__.
613 5358 668 5413 q.
703 5340 1022 5416 nspt'éttoﬁ.
1054 5341 1251 5416 Snt'rn.

394 5411 508 5481 (40)
551 5411 723 5484 Syrus
751 5411 914 5486 legit}
951 5416 1188 5485 Ἔσομαι
1211 5415 1368 5484 λόγος
1386 5413 1542 5477 Θεοῦ,
1572 5413 1718 5483 quod
1742 5429 1906 5469 sensu

322 5491 490 5535 caret.

395 5551 508 5621 (M)
561 5551 732 5626 Syrus
783 5564 840 5611 et
890 5565 1048 5612 vetus
1097 5559 1370 5626 interpres
1395 5553 1619 5609 Latinus
1658 5555 1910 5626 legerunt

325 5621 513 5690 ἔσομαι
559 5621 711 5692 ἠχώ,
757 5627 931 5694 factus
965 5643 1076 5683 sum
1114 5621 1259 5692 vox,—
1287 5637 1343 5682 ut
1387 5626 1653 5694 interpres
1699 5621 1903 5678 reddit.

1970 4577 1975 4582 ”
2011 4581 2127 4625 est:
2158 4566 2342 4623 Denuo
2384 4569 2514 4622 mihi
2543 4571 2646 4624 erit
2674 4568 2994 4624 currendum
3021 4567 3074 4621 in
3108 4566 3207 4619 hoc
3244 4566 3420 4620 stadio
3453 4566 3599 4629 vitae,

2011 4641 2164 4710 cujus
2193 4651 2543 4710 metanrpelte
2567 4640 2746 4708 attigi.
2781 4637 2897 4692 Cfr.
2928 4635 2948 4690 Ι
2980 4637 3110 4692 Cor.
3145 4653 3223 4703 lx,
3255 4635 3349 4689 Ἡ.

2088 4711 2200 4780 (42)
2241 4709 2355 4780 Ofr.
2392 4707 2432 4761 Il
2461 4708 2603 4780 Tim.
2641 4707 2714 4776 tv,
2746 4710 2799 4780 6.

2085 4775 2198 4846 (45)
2241 4776 2413 4850 Syrus
2453 4779 2666 4850 legisse
2713 4779 2926 4850 videtur
2963 4795 2977 4831 :
3022 4778 3104 4830 ὅτι
3158 4776 3250 4829 τὸν
3300 4775 3601 4829 ἐπίσκοπον

2011 4848 2350 4922 κατηξίωσεν
2384 4848 2496 4922 τοῦ
2510 4848 2647 4922 Θεοῦ
2671 4848 2980 4922 εὑρεθῆναι.

2085 4918 2196 4991 (4'4)
2241 4918 2347 4976 Aut
2381 4921 2617 4991 medium
2648 4918 2748 4988 pro
2773 4918 3000 4991 paSsivp
3025 4918 3267 4991 positum
3298 4924 3476 4991 putes,
3505 4923 3600 4968 aut

2013 4985 2192 5046 vertas
2222 5010 2235 5046 :
2271 4990 2424 5055 Quod
2461 4989 2598 5042 Deus
2621 4985 2923 5058 episcopum
2949 4985 3123 5058 Syria:
3153 4987 3376 5040 inveniri
3407 4985 3600 5053 digna-

2014 5072 2096 5115 tus
2125 5072 2222 5127 est,
2255 5063 2320 5114 ab
2355 5059 2569 5114 Oriente
2598 5060 2652 5112 in
2693 5059 3033 5114 Occidentem
3065 5073 3184 5111 eum
3218 5071 3510 5127 arcessens.

2087 5133 2198 5202 (45)
2241 5130 2281 5184 1.
2315 5146 2364 5185 e.
2400 5126 2535 5182 nulli
2570 5131 2832 5183 invidistis
2854 5129 3102 5202 gloriam,
3123 5144 3218 5198 pro
3245 5126 3456 5181 Christo
3486 5139 3600 5176 mo-

2009 5203 2216 5268 riendi.
2238 5203 2431 5255 Sumt.

2077 5266 2216 5342 (46)
2247 5270 2473 5342 Ἐγὼς-
2498 5269 2811 5342 ὲντέλλεσθε
2845 5268 3000 5342 deest
3030 5268 3088 5321 in
3117 5266 3288 5342 Syro.

2081 5336 2193 5412 (47)
2236 5342 2278 5398 Ι.
2309 5336 2358 5398 e.
2396 5339 2744 5412 Exemplum,
2769 5349 2824 5396 et
2853 5336 3191 5398 adhortatio.
3219 5338 3416 5412 quibus
3447 5336 3598 5412 alios

2008 5408 2444 5536 gd'm'artyrium
2499 5408 2849 5466 subeundum
2907 5413 3159 5465 animare
3205 5408 3352 5464 soliti
3383 5408 3593 5462 fuistis.

2054 5499 2207 5536 tum.
3087 5511 3090 5513 λ

2054 5499 2207 5536 ΜΙΤΗ.
3087 5511 3090 5513 λ

2080 5553 2193 5622 (48)
2235 5551 2509 5606 Particulo
2540 5552 2655 5618 καί,
2681 5567 2781 5608 nec
2815 5567 2846 5608 a
2867 5561 3054 5609 vetere
3079 5552 3390 5622 interprete,
3430 5561 3532 5603 nec
3565 5562 3594 5598 a

2010 5621 2152 5692 Syro
2177 5621 2380 5691 agnita,
2407 5623 2639 5678 delenda
2664 5633 2768 5681 est.
