3754 6206
130 340 221 397 ωδ

1343 339 1680 397 EPISTOLA
1732 341 1823 395 AD
1861 341 2215 400 ROMANOS.

3282 336 3389 393 09L

130 459 324 514 λύε-ἶν’
359 462 489 516 ἐκεῖ
523 463 979 536 παραγενόμενος,
1004 461 1285 535 ἅνθρωπος
1313 463 1448 516 Θεοῦ
1473 463 1689 533 ἔσομαι.
1724 481 1764 533 Α

1862 478 2034 519 torem
2082 480 2205 521 esse
2246 464 2517 534 passionis
2554 463 2643 518 Dei
2684 463 2810 517 mei.
2869 461 2929 515 Si
2956 460 3081 531 quis
3133 459 3283 514 illum
3332 462 3385 510 in

130 552 228 623 (74)
266 552 632 627 Ἐπιτρέψατέ
665 572 753 627 μοι
777 552 1017 626 μιμητὴν
1061 552 1203 609 εἶναι
1246 554 1340 608 τοῦ
1366 555 1575 618 πάθους
1605 555 1699 609 τοῦ

129 644 245 697 Θεοῦ
290 662 412 716 μουι
447 646 522 699 Εἴ
546 664 628 711 τις
661 647 821 701 αὐτὸν
859 650 917 701 ὲν
952 646 1131 717 ἑαυτῷ
1158 646 1304 718 ἔχει.
1375 646 1641 717 νοησάτω,
1671 646 1700 699 ὃ

130 736 267 801 θέλω,
292 739 389 791 καὶ
417 739 772 810 συμπαθείτω
804 758 915 811 μοι,
940 739 1096 803 εἰδὼς
1125 739 1192 793 τὰ
1217 740 1508 810 συνέχοντα
1543 756 1629 811 με.

1810 557 1990 625 seipso
2033 558 2217 623 habet,
2264 556 2547 624 intelligat,
2591 554 2722 625 quid
2763 553 2945 616 velim,
2997 560 3052 607 et
3093 551 3386 607 commise-

1806 655 1991 702 reatur
2021 648 2149 713 mei,
2174 648 2352 703 sciens
2389 661 2510 716 quae
2552 660 2637 701 me
2673 655 2972 700 coarctent.

987 858 1097 915 VII.
1134 859 1275 914 Mori
1307 860 1569 927 desidero,
1601 876 1723 913 nam
1753 874 1904 911 amor
1934 873 2078 911 meus
2110 856 2399 924 cruciﬁxus
2427 862 2528 909 est.

186 974 291 1045 (75)
330 975 392 1030 '0
425 976 610 1049 ἄρχων
626 978 718 1032 τοῦ
747 978 944 1044 αἰῶνος
958 978 1147 1034 τούτου
1165 980 1463 1052 διαρπάσαι
1483 998 1550 1053 με
1570 980 1694 1051 βού-

124 1062 287 1131 λεται,
338 1066 437 1118 καὶ
486 1068 586 1138 τὴν
633 1069 713 1132 εἰς
756 1068 887 1122 Θεόν
938 1087 1037 1141 μου
1080 1069 1305 1142 γνώμην
1358 1070 1690 1142 διαφθεῖραι.

123 1154 313 1223 Μηδεὶς
360 1152 458 1209 οὖν
507 1156 617 1209 τῶν
661 1157 942 1229 παρόντων
991 1159 1144 1230 ὑμῶν
1197 1160 1462 1231 βοηθείτω
1512 1159 1689 1231 αὐτῷ·

125 1247 309 1316 μᾶλλον
343 1247 483 1318 ἐμοῦ
519 1248 629 1319 (76)
662 1249 907 1317 γίνεσθε,
943 1252 1221 1305 τουτέστιν
1268 1250 1361 1305 τοῦ
1396 1252 1551 1306 Θεοῦ.
1602 1252 1693 1325 Μὴ

121 1336 316 1392 λαλεῖτε
377 1339 588 1411 Ἰησοῦν
638 1341 910 1413 Χριστὸν,
987 1341 1192 1413 κόσμον
1244 1342 1302 1395 δὲ
1354 1342 1688 1413 ἐπιθυμεῖτε.

121 1429 390 1485 Βασκανία
444 1434 503 1485 ἐν
552 1433 682 1504 ὑμῖν
733 1432 807 1504 μὴ
852 1434 1200 1487 κατοικείτω.
1271 1434 1418 1504 Μηδ⁹
1470 1433 1538 1488 ἂν
1583 1433 1694 1503 ἐγὼ

120 1523 297 1596 παρὼν
347 1526 658 1596 παρακαλῶ
703 1526 880 1596 ὑμᾶς,
928 1526 1190 1597 πείσθητέ
1227 1543 1347 1597 μοι’
1396 1525 1606 1590 τούτοις
1638 1526 1694 1578 δὲ

120 1615 306 1685 μᾶλλον
358 1616 642 1688 πείσθητε,
677 1612 758 1681 οἷς
789 1618 985 1690 γράφω
1032 1618 1183 1689 ὑμῖν.
1217 1616 1336 1671 Ζῶν
1391 1616 1527 1689 [(77)
1562 1615 1694 1688 γὰρ]

117 1705 299 1777 γράφω
334 1708 489 1777 ὑμῖν,
525 1706 666 1779 ἐρῶν
700 1706 792 1760 τοῦ
826 1707 1138 1762 ἀποθανεῖν.
1177 1706 1288 1779 (78)
1306 1707 1362 1760 Ὀ
1395 1706 1526 1778 ὲμὸς
1558 1705 1696 1777 έρως

114 1795 448 1868 ἐσταύρωται
468 1838 484 1863 ,
521 1798 615 1851 καὶ
647 1798 748 1851 οὐκ
780 1797 928 1851 ἔστιν
960 1800 1019 1852 ἐν
1052 1798 1177 1868 ἐμοὶ
1211 1798 1322 1870 πῦρ
1353 1797 1463 1869 (79)
1514 1796 1696 1867 φιλόῠὲ

113 1884 227 1939 λον·
266 1888 385 1959 (80)
422 1888 571 1957 ὕδωρ
602 1889 659 1943 δὲ
693 1887 800 1953 ζῶν
834 1889 930 1942 καὶ
980 1887 1174 1943 λαλοῦν
1208 1890 1264 1943 ὲν
1299 1888 1457 1959 ἐμοὶ,
1495 1886 1697 1941 ἐσωθέν

115 1994 193 2050 μοι
235 1979 436 2049 λέγον·
466 1981 640 2053 Δεῦρο
688 1980 825 2052 πρὸς
886 1980 976 2035 τὸν
1022 1980 1266 2052 Πατέρα.
1327 1981 1441 2052 Οὐχ
1498 1980 1697 2051 ἥδομαι

1875 977 2138 1046 Princeps
2166 975 2330 1044 hujus
2358 973 2543 1030 szeculi
2594 988 2786 1044 rapere
2821 987 2906 1028 me
2928 974 3066 1035 vult,
3094 985 3384 1041 meamque

1802 1084 1929 1139 erga
1981 1068 2149 1124 Deum
2198 1067 2534 1122 voluntatem
2593 1081 2967 1136 corrumpere.
3024 1063 3197 1121 Nemo
3251 1080 3383 1134 ergo

1804 1172 2070 1225 vestrum,
2102 1161 2194 1230 qui
2223 1161 2449 1227 adestis,
2491 1158 2642 1213 illum
2671 1159 2922 1228 adjuvet;
2956 1159 3059 1214 mei
3092 1158 3295 1229 potius,
3326 1157 3383 1212 id

1802 1262 1885 1307 est
1930 1253 2046 1317 Dei,
2090 1250 2423 1307 elﬁciamini.
2484 1249 2600 1304 Non
2656 1250 2946 1321 loquimini
2990 1248 3176 1306 Iesum
3222 1248 3385 1307 Chri—

1801 1355 1968 1412 stum,
2026 1345 2291 1399 mundum
2350 1346 2821 1416 concupiscentcs.
2872 1344 3079 1400 Invidia
3131 1346 3185 1399 in
3228 1345 3384 1401 vobis

1802 1453 1869 1490 ne
1914 1436 2139 1491 habitet.
2191 1435 2398 1506 Neque,
2448 1436 2495 1490 si
2536 1451 2642 1507 ego
2691 1452 2935 1507 praesens
2988 1452 3088 1492 vos
3137 1451 3383 1504 orarem,

1803 1529 2042 1586 credatis
2090 1530 2257 1597 mihi;
2304 1530 2391 1584 his
2429 1529 2630 1599 potius,
2664 1546 2786 1600 qtue
2820 1531 2975 1586 vobis
3018 1530 3222 1595 scribo,
3263 1545 3385 1586 cre-

1802 1622 1964 1677 datis.
1998 1622 2197 1677 \'ivens
2241 1621 2384 1676 enim
2435 1621 2619 1677 scribo
2651 1623 2827 1688 vobis,
2871 1622 3009 1678 mori
3043 1622 3382 1679 desiderans.

1801 1718 1972 1771 Amor
2019 1732 2177 1772 meus
2224 1715 2522 1772 cruciﬁxus
2566 1725 2671 1782 est,
2723 1731 2823 1770 nec
2872 1725 2956 1770 est
3004 1715 3057 1769 in
3105 1730 3191 1769 me
3242 1714 3385 1784 ignis

1802 1806 2044 1861 materiae
2076 1823 2305 1871 amans;
2339 1807 2430 1861 sed
2459 1807 2646 1862 vivens
2684 1816 2735 1861 et
2770 1806 3002 1875 loquens
3039 1821 3181 1876 aqua
3213 1806 3266 1859 in
3299 1820 3386 1860 me

1800 1906 1914 1962 cst,
1962 1897 2095 1951 mihi
2151 1897 2382 1953 interius
2429 1898 2618 1953 dicens
2654 1916 2666 1953 :
2704 1898 2834 1952 Veni
2876 1899 2940 1952 ad
2970 1896 3211 1953 Patrem.
3260 1895 3381 1953 Non

1800 1987 2045 2043 delector
2092 1988 2354 2044 alimento
2392 1989 2759 2060 corruptibili,
2809 2005 2986 2060 neque
3011 1988 3384 2059 voluptatibus

112 2070 270 2140 τροφῇ
326 2070 573 2142 φθορᾶς,
653 2070 773 2125 οὐδὲ
844 2070 1058 2142 ἡδοναῖς
1134 2068 1228 2123 τοῦ
1292 2069 1403 2141 βίου
1479 2069 1691 2124 τούτου.
1731 2068 1769 2123 Β

1855 2079 1971 2150 ,Ijus
2018 2080 2231 2135 mundi.
2282 2079 2484 2136 Panem
2532 2080 2626 2135 Dei
2673 2082 2817 2145 volo,
2850 2095 3045 2150 panem
3080 2080 3381 2143 cmlestcm,

112 2159 212 2232 (81)
232 2163 439 2235 Ἀρτον
455 2161 593 2217 Θεοῦ
612 2163 770 2228 θέλω,
789 2163 954 2236 ἄρτον
970 2162 1241 2235 οὐράνιον,
1261 2164 1424 2236 ἄρτον
1452 2164 1617 2235 ζωῆς,
1634 2165 1693 2229 ὃς

1855 2184 1997 2224 mem
2042 2169 2185 2235 vitze,
2232 2170 2325 2240 qui
2366 2179 2449 2225 est
2499 2186 2628 2226 caro
2675 2168 2805 2225 Jesu
2849 2170 3074 2235 Christi,
3111 2170 3234 2224 Filii
3265 2169 3385 2236 Dei,

110 2252 243 2308 ἔστιν
260 2254 403 2327 σὰρξ
418 2255 599 2326 Ἰησοῦ
614 2255 872 2328 Χριστοῦ,
889 2256 982 2310 τοῦ
996 2256 1125 2310 Υῐοῦ
1144 2256 1238 2311 τοῦ
1254 2256 1411 2324 Θεοῦ,
1431 2255 1524 2309 τοῦ
1542 2274 1695 2326 γενο-

1855 2260 1893 2315 ιί
1920 2262 2209 2330 posteriori
2239 2273 2482 2333 tempore
2510 2278 2575 2317 ex
2607 2263 2815 2319 semine
2837 2262 3006 2318 David
3029 2272 3083 2319 et
3106 2262 3382 2318 Abraham

113 2345 258 2416 μένου
292 2349 352 2401 ὲν
375 2346 598 2419 ὑστέρῳ
632 2349 700 2401 ἐκ
734 2348 1047 2420 σπέρματος
1078 2347 1243 2407 Δαόὶδ
1275 2349 1367 2402 καὶ
1410 2348 1692 2421 Ἀϐραάμ·

109 2439 191 2491 καὶ
222 2441 376 2513 πόμα
412 2440 531 2512 (82)
562 2440 700 2495 Θεοῦ
734 2442 893 2507 θέλω,
942 2444 1003 2498 τὸ
1054 2438 1193 2515 αἷμα
1243 2442 1434 2509 αὑτοῦ,
1487 2445 1515 2499 ὅ
1547 2445 1695 2499 ἐστιν

107 2530 280 2603 ἀγάπη
313 2532 626 2605 ἄφθαρτος,
662 2534 757 2587 καὶ
787 2532 1015 2599 ἀένναος
1040 2533 1173 2603 ζωή.

1802 2352 1984 2409 Iactus
2016 2364 2132 2420 est;
2175 2362 2229 2410 et
2273 2364 2462 2425 potum
2493 2354 2587 2410 Dei
2621 2356 2766 2424 volo,
2813 2356 3138 2425 sanguinem
3186 2354 3382 2426 ipsius,

1802 2445 1894 2517 qui
1925 2456 2010 2503 est
2037 2446 2280 2502 Charitas
2317 2447 2753 2519 incorruptibilis
2791 2458 2847 2505 et
2891 2449 3002 2504 vita
3030 2450 3307 2520 perennis.

1441 2650 1577 2706 VIII.
1611 2650 1861 2706 Faveatis
1890 2652 2040 2706 mihi.

168 2741 273 2812 (85)
306 2741 516 2797 Οὐκέτι
550 2742 691 2797 θέλω
712 2743 824 2815 (84)
856 2744 997 2797 κατὰ
1022 2743 1342 2815 ἀνθρώπους
1365 2746 1485 2818 ζῇν.
1524 2745 1695 2800 Τοῦτο

1872 2744 2013 2801 Nolo
2042 2746 2279 2816 amplius
2320 2747 2620 2803 secundum
2657 2748 2909 2805 homines
2940 2747 3143 2804 vivere.
3194 2745 3250 2803 Id
3282 2761 3378 2803 auo

1451 2890 1635 2951 Vetus
1687 2892 2024 2968 interpres.

109 3020 259 3076 stum,
299 3029 471 3083 quam
488 3028 737 3087 regnare
758 3029 926 3084 super
950 3015 1214 3087 terminos
1246 3029 1423 3087 terrae.
1450 3016 1603 3070 Illum
1628 3032 1816 3087 quaero
1846 3016 1939 3087 qui
1965 3030 2064 3085 pro
2091 3015 2251 3070 nobis
2280 3025 2531 3070 mortuus
2558 3024 2680 3082 est;
2710 3014 2865 3071 illum
2894 3016 3023 3073 volo
3048 3019 3137 3084 qui
3161 3022 3384 3087 propter

110 3097 193 3136 nos
217 3084 549 3158 resurrexit.
580 3085 674 3138 llle
701 3083 915 3140 lucrum
948 3086 1081 3140 mihi
1109 3088 1339 3155 adjacet.
1376 3083 1660 3158 Ignoscite
1675 3087 1831 3153 mihi,
1858 3083 2056 3142 fratres
2080 3100 2230 3141 :-non
2261 3087 2570 3158 impediatis
2604 3102 2694 3142 me
2721 3087 2925 3158 vivere,
2960 3083 3272 3158 non’velitis
3296 3098 3384 3138 me

110 3153 251 3208 mori.
287 3155 387 3208 Dei
423 3155 703 3209 volentem
729 3170 872 3218 esse,
895 3171 999 3226 (per
1035 3153 1301 3211 mundum
1356 3153 1467 3211 non
1516 3158 1783 3226 separetis
1825 3172 1935 3220 me,
1986 3171 2165 3226 neque
2212 3172 2309 3226 per
2338 3153 2630 3211 materiam
2668 3157 2967 3212 sedueatis.
3000 3154 3266 3226 Dimittjte
3295 3168 3383 3226 me

108 3226 513 3297 purumlumen
548 3226 830 3297 accipere;
853 3223 981 3297 illuc
1012 3227 1337 3289 adveniens,
1365 3227 1532 3282 homo
1562 3223 1679 3283 ero.
1717 3228 1895 3281 Sinite
1925 3242 2013 3281 me
2061 3223 2390 3281 imitatorem
2426 3242 2549 3283 esse
2578 3227 2855 3297 passionis
2880 3226 2974 3282 Dei
3006 3225 3135 3281 mei.
3172 3223 3231 3280 Si
3255 3224 3380 3295 quis

108 3301 268 3364 ipsum
300 3296 357 3351 in
389 3295 580 3366 seipse
607 3295 793 3365 habet,
819 3296 1088 3368 intelligat
1113 3298 1259 3368 quod
1287 3297 1447 3364 volo;
1483 3307 1538 3353 et
1567 3299 1937 3369 compatiatur
1955 3296 2112 3363 mihi,
2136 3297 2315 3353 sciens
2352 3313 2473 3367 qua:
2502 3295 2783 3353 continent
2815 3312 2917 3353 me.

1549 3435 1781 3492 CAPUT
1822 3434 1934 3491 VII.

166 3528 430 3603 Princeps
458 3531 651 3585 smculi
685 3532 848 3602 hujus
872 3548 1064 3603 rapere
1096 3549 1181 3587 me
1203 3533 1337 3598 vult,
1369 3542 1422 3587 et
1450 3548 1570 3586 eam
1603 3549 1726 3603 quae
1756 3532 1809 3587 in
1841 3531 2011 3586 Deum
2048 3546 2233 3603 meum
2251 3530 2577 3603 sententiam
2602 3545 2978 3603 corrumpere.
3000 3527 3193 3603 l_‘iuilus
3214 3528 3382 3603 igitur

110 3599 451 3665 prmsentium
482 3603 553 3674 de
580 3603 739 3658 vobis
758 3599 1026 3673 adjuvet;
1061 3604 1161 3673 ipsi
1192 3614 1374 3658 autem
1407 3604 1582 3674 magis
1610 3599 1716 3657 mei
1752 3604 1914 3674 (latis,
1935 3603 2058 3674 hoc
2096 3610 2180 3657 est
2207 3600 2299 3656 Dei
2340 3603 2466 3674 mei.
2497 3600 2615 3657 Non
2656 3599 2950 3671 loquimini
2995 3599 3185 3674 Jesum
3212 3599 3376 3655 Chri-

108 3678 257 3736 stum,
282 3682 336 3727 et
367 3671 642 3743 mundum
684 3671 1111 3743 concupiscatis.
1140 3674 1349 3729 Invidia
1385 3674 1438 3727 in
1469 3671 1627 3728 vobis
1660 3690 1767 3728 non
1803 3673 2097 3743 inhabitet;
2142 3686 2322 3741 neque
2356 3672 2543 3742 utique
2572 3687 2674 3742 ego
2695 3687 2791 3743 vos
2813 3686 3055 3743 praesens
3087 3672 3377 3743 deprecor,

109 3744 296 3814 credite
328 3742 491 3796 mihi.
520 3740 621 3795 Ilis
652 3753 833 3799 autem
863 3739 1044 3813 magis
1076 3744 1280 3799 credite
1311 3759 1433 3814 qure
1461 3745 1647 3798 scribo
1670 3742 2058 3799 vobis.Vivens
2088 3739 2655 3814 enim‘scribo'vobis,
2675 3739 3000 3814 desiderans
3023 3739 3378 3814 morLMeum

109 3811 429 3885 desiderium
466 3814 805 3885 cruciﬁxum
834 3825 937 3880 est;
964 3810 1150 3885 etnon
1177 3824 1260 3869 est
1304 3810 1358 3868 in
1398 3830 1486 3868 me
1540 3815 1685 3885 ignis
1731 3829 1921 3868 amans
1948 3815 2187 3885 aliquam
2237 3827 2474 3885 aquam;
2507 3813 2599 3867 sed
2627 3812 2826 3885 ivivens
2856 3812 3284 3885 etloquensest
3316 3810 3373 3865 in

109 3897 209 3953 me;
240 3884 390 3937 intus
426 3899 517 3936 me
550 3883 687 3938 dicit
716 3903 729 3939 :
765 3884 899 3938 Veni
928 3886 993 3939 ad
1026 3884 1267 3939 Patrem.
1304 3885 1420 3940 Non
1455 3881 1697 3940 delector
1728 3885 1853 3939 cibo
1908 3884 2303 3952 corruptionis,
2349 3899 2527 3953 neque
2554 3883 3010 3938 delectationibus
3034 3883 3158 3937 vita:
3190 3881 3377 3950 hujus.

109 3950 292 4026 Panem
330 3955 425 4026 Dei
452 3952 622 4016 volo;
659 3957 805 4024 quod
841 3964 925 4010 est
952 3971 1081 4009 caro
1111 3954 1239 4011 Jesu
1266 3955 1494 4018 Christi,
1527 3956 1649 4025 ejus
1676 3955 1771 4026 qui
1793 3970 1860 4009 ex
1891 3950 2093 4026 genere
2115 3953 2282 4007 David
2314 3962 2403 4008 :et
2434 3950 2623 4023 potum
2649 3955 2775 4009 volo
2807 3954 3133 4024 sanguinem
3166 3953 3377 4023 ipsius;

1545 4095 1780 4151 CAPUT
1822 4096 1932 4149 VIII

169 4186 279 4244 Non
312 4190 563 4261 amplius
597 4190 720 4243 volo
758 4192 1059 4244 secundum
1096 4191 1348 4246 homines
1377 4190 1589 4256 vivere;
1640 4189 1745 4244 hoc
1782 4198 1974 4244 autem
2004 4190 2130 4257 erit,
2162 4190 2208 4245 si
2282 4207 2376 4246 vos
2418 4191 2615 4246 velitis.
2664 4188 2834 4245 Velite
2856 4200 3061 4256 autem,
3090 4198 3149 4244 ut
3186 4200 3240 4245 et
3283 4205 3380 4245 vos

110 4023 237 4090 quod
260 4035 342 4079 est
370 4025 627 4079 Charitas
659 4023 1111 4095 incorruptibilis.

111 4308 279 4361 teriam
325 4309 631 4363 seducatis.
707 4306 830 4362 Ilaec
876 4310 932 4365 in
986 4310 1174 4365 codice
1215 4310 1405 4365 Graeco
1449 4310 1681 4375 desunt;

110 4378 186 4449 sed
211 4378 536 4449 legebantur
563 4379 694 4432 olim
730 4395 761 4449 a
785 4378 1073 4435 Timotheo
1102 4380 1497 4445 Alexandrino,
1533 4390 1591 4435 ut
1618 4396 1685 4434 ex

113 4444 402 4521 frangnto
433 4449 688 4521 ejusdem
718 4448 976 4521 (Citretpn
997 4450 1034 4504 ι.
1053 4444 1505 4521 ε.)ίι)ρι“ερὶοἰιιιιέ.

169 4515 756 4587 (Ἱέγεπιτρέψατεη
778 4516 927 4572 Θεοῦ
938 4536 1081 4588 μου.
1104 4515 1229 4577 Hinc
1264 4515 1369 4576 non
1409 4523 1586 4578 solum
1630 4523 1684 4577 in

110 4582 870 4664 (ragrnentojtmothci,sed
920 4582 1083 4646 etiam
1122 4593 1191 4664 _in
1222 4591 1464 4664 Syriacis
1497 4594 1687 4647 Severi

107 4654 418 4783 ἓὲιιὶρὸιιιζῧ
477 4658 807 4728 fragmentis
837 4671 1069 4717 exstant.
1108 4654 1376 4728 Cureton,
1420 4663 1458 4716 ι.
1491 4680 1563 4730 c.,
1592 4680 1683 4733 pp.

171 4767 183 4785 .
213 4750 301 4795 ιιυ,
340 4750 437 4783 ου.

168 4798 272 4866 (75)
305 4799 647 4872 Majorpars
676 4802 871 4872 capitis
902 4801 1087 4870 hujus,
1125 4804 1433 4872 praesertim
1466 4803 1686 4857 initium

108 4880 264 4935 usque
316 4872 385 4945 ad
433 4870 463 4922 ὁ
502 4869 810 4945 έμοίέρως
856 4888 995 4945 κητ.
1032 4872 1105 4945 λ.,
1129 4869 1285 4945 apud
1323 4874 1546 4945 Syrum_
1575 4888 1685 4927 non

108 4948 289 5011 exstat.
317 4939 553 5011 Phrasis
576 4942 605 4993 ὁ
637 4939 820 5011 ἄρχων
852 4942 945 4994 τοῦ
972 4942 1165 4998 αἰῶνος
1185 4939 1388 4997 τοῦτοῦ
1422 4960 1487 4999 ex
1509 4942 1687 4997 Evan-

108 5008 238 5082 gelia
263 5010 320 5065 S.
347 5009 513 5082 Joan.
550 5008 757 5082 avni]
796 5013 1078 5082 desumpta
1109 5012 1343 5067 videtur.

164 5081 268 5150 (76)
311 5082 405 5137 Sc.
445 5079 656 5150 βοηθοε.
704 5079 993 5138 Ccsntcus.

168 5148 271 5223 (Z7)
312 5148 570 5223 addend.
598 5159 684 5206 est
708 5151 818 5223 γάρ
842 5168 907 5207 ex
932 5152 1103 5223 veteri
1131 5152 1448 5220 interprete.
1483 5154 1679 5209 Snrru.

168 5217 274 5290 (78)
312 5221 417 5277 Hic
444 5222 612 5295 I_o_cus
647 5217 825 5295 exstat
859 5224 1005 5295 apud
1045 5217 1329 5295 Syrumet
1370 5225 1422 5277 in
1456 5224 1683 5295 Syriaco

109 5285 397 5364 fragmento
444 5291 699 5364 Dionysii
742 5285 1188 5364 Areopagitae'De
1224 5293 1419 5364 divinis
1463 5285 1685 5349 nomini-

111 5355 212 5433 ius,
237 5361 332 5416 lib.
360 5378 448 5427 ιιι,
478 5377 529 5417 c.
556 5355 911 5433 4;Cureton'.
943 5355 988 5418 ΙΪ
1012 5379 1088 5427 c.,
1114 5380 1166 5433 p.
1190 5364 1281 5418 54.
1316 5363 1471 5419 IIunc
1502 5365 1682 5419 locum

109 5425 349 5509 Qr'i‘genes
369 5425 607 5509 quoque
630 5432 838 5509 laudat,
866 5432 1004 5509 Qpp.
1032 5425 1082 5489 t.‘
1100 5425 1190 5500 III,
1215 5450 1267 5503 p.
1294 5434 1385 5509 50,
1409 5434 1679 5509 τότ-βαίη.

109 5498 283 5574 Qiiiin
312 5498 417 5557 hoc
450 5498 580 5558 loco
609 5498 1065 5571 explicando-per
1098 5498 1332 5558 unto—rem
1374 5498 1685 5574 intelligunt

111 5566 396 5642 Christum;
424 5574 520 5627 alii
555 5566 1038 5642 concupiscentiam
1065 5591 1242 5629 rerum
1264 5566 1678 5628 mundanar'um.

170 5640 275 5707 (79)
327 5642 400 5699 Ita
442 5645 611 5699 habet
666 5640 836 5698 cedes
859 5643 1212 5699 Colbertinus
1267 5659 1391 5698 cum
1425 5644 1683 5701 Simeone

110 5702 461 5783 Heta_pbrasta
490 5724 549 5770 et
569 5713 792 5768 Menaeis
821 5714 1042 5769 ercis.
1070 5714 1432 5783 Interpolator
1460 5716 1677 5770 exhibet

112 5778 353 5855 ῖξλοῦντι,
388 5788 479 5840 cui
536 5784 835 5853 respondet
864 5795 1018 5839 vetus
1058 5778 1432 5855 interpretatio
1464 5786 1675 5839 Latina:

115 5846 222 5904 Non
250 5846 413 5911 cst-in
457 5873 540 5911 me
578 5846 717 5924 igius
746 5872 930 5909 amans
965 5846 1426 5926 aliqztant'aqu'rm
1467 5856 1678 5926 (nquam

1795 4317 1975 4365 autem
2013 4310 2246 4379 pertinet
2281 4310 2346 4364 ad
2363 4309 2710 4380 sequentia).
2756 4309 2852 4365 llis
2879 4309 3114 4364 ducibus
3144 4308 3380 4364 Pearso-

1795 4396 1921 4443 nus,
1959 4381 2227 4435 Smithius
2266 4391 2320 4434 et
2352 4379 2694 4436 JacObsonus
2742 4381 3030 4448 legendum
3077 4395 3200 4434 esse
3247 4396 3381 4433 sua-

1794 4452 1925 4505 dent
1958 4470 1971 4505 :
2004 4450 2245 4519 φιλοῦντι
2276 4470 2349 4501 =
2376 4450 2571 4522 ἐρῶν-τι
2595 4491 2609 4514 ,
2660 4451 2713 4503 in
2757 4466 2843 4522 me
2881 4458 3093 4503 amante
3156 4465 3257 4522 non
3301 4460 3379 4503 est

1716 4554 1761 4614 ο
1794 4522 2304 4614 ξθηξεηεεάιᾳίμια.
2350 4520 2456 4575 etc.
2503 4520 2674 4614 Syrus
2712 4520 2911 4614 venit,
2962 4537 3055 4614 uec
3093 4520 3265 4614 est/in
3284 4537 3380 4614 {me

1793 4589 1931 4661 ignis
1974 4595 2029 4645 in
2071 4589 2185 4645 alio
2213 4607 2428 4654 amore;
2463 4589 2574 4661 quo
2609 4593 2685 4654 lit,
2732 4598 2791 4644 ut
2818 4589 3128 4645 Curetonus
3174 4589 3250 4659 (p.
3284 4591 3377 4655 99,

1793 4678 1846 4716 ιι.
1876 4663 1966 4731 3i)
2000 4678 2123 4731 eum
2154 4676 2372 4730 quoque
2402 4660 2657 4731 φιλοῦντι
2677 4661 2872 4731 legisse
2898 4670 3064 4731 putet.

1863 4732 1975 4801 (80)
2007 4730 2121 4786 Cfr.
2145 4729 2306 4785 Joan’.
2343 4746 2439 4795 vn,
2470 4730 2558 4785 '58.
2591 4729 2777 4802 ’Ύδωρ
2806 4730 2999 4802 λαλοῦν
3029 4738 3113 4785 est
3140 4729 3381 4799 Spiritus

1790 4811 2036 4873 sanctus,
2078 4802 2316 4873 monitor
2346 4802 2431 4873 ad
2480 4801 2827 4873 martyrium.
2877 4801 3228 4873 Ὕδωρ--τδν
3266 4820 3375 4857 πα·-

1790 4872 1923 4943 τέρα
1950 4872 2102 4943 deest
2130 4872 2183 4925 in
2204 4871 2470 4943 versione
2501 4870 2748 4941 Syriaca.

1862 4942 1975 5011 (8i)
2014 4941 2171 4997 IIunc
2202 4942 2381 4996 locum
2407 4940 2643 4997 Grabius
2677 4952 2728 4996 et
2758 4940 3158 5011 Wocherusrde
3188 4956 3378 4994 sacra-

1789 5009 1975 5066 mento
2000 5012 2349 5067 eucharistiaa
2370 5012 2673 5081 explicant;
2702 5013 2769 5067 de
2803 5013 2973 5081 ipsius
3001 5010 3093 5065 Dei
3122 5009 3377 5081 fruitione

1790 5083 1843 5136 in
1875 5084 2044 5151 ccelo,
2084 5100 2180 5138 seu
2224 5083 2292 5136 de
2336 5080 2539 5137 aeterna
2592 5084 2822 5139 visionis
2864 5080 2958 5134 Dei
3010 5080 3371 5151 beatitudine,

1792 5150 2051 5210 Usserius
2101 5166 2157 5209 ct
2188 5153 2513 5208 Hailoixius.
2547 5152 2662 5208 Jac.
2711 5152 2825 5206 Cfr.
2854 5151 3014 5204 Joan.
3044 5150 3362 5219 vi,32$eqq.

1788 5225 1879 5278 51.
1929 5223 2120 5297 Syrius
2149 5226 2283 5297 legit
2320 5239 2335 5275 :
2379 5225 2579 5297 ξΑρτον
2610 5223 2744 5297 Θεοῦ
2758 5223 2943 5297 -θέλω,
2961 5222 3031 5297 ς’ἓς
3057 5221 3203 5297 ἐστιν
3230 5222 3373 5297 Δσᾷιρξ

1788 5288 2060 5367 Χριστοῦ,
2103 5288 2301 5349 καὶντὺ
2343 5288 2481 5367 αἷμα
2522 5292 2914 5367 αῦτοῦη-Πόμα
2957 5290 3113 5352 θέλω,
3153 5290 3181 5342 ὃ
3226 5288 3372 5367 scisti:

1788 5361 1978 5438 ᾁῨάπη
2020 5366 2317 5438 ἄφθαρτος.
2352 5361 2486 5417 Aliis
2520 5364 2685 5432 igitur
2712 5361 3048 5438 Syrusuusus
3079 5369 3164 5438 est
3200 5361 3371 5438 signis

1788 5430 2265 5506 interpunc'tiouis,
2316 5450 2424 5506 nec
2465 5430 2819 5506 _no'u_omis_it
2873 5430 3037 5501 ἄρτον
3090 5430 3368 5501 οὐράνιον,

1786 5501 1950 5577 ἄρτον
1980 5504 2144 5577 ζωῆς,
2174 5514 2229 5557 et
2250 5503 2341 5556 τοῦ
2374 5501 2843 5577 ιιὶοῦ--Ἄϐραέιμἶ

1859 5576 1970 5645 (82)
2011 5569 2145 5649 Θεοῦ
2177 5583 2296 5649 p35t
2342 5573 2522 5641 πόμα,
2558 5581 2609 5649 et
2644 5569 2805 5640 paulo
2824 5569 2975 5649 infra
3006 5570 3113 5649 _xal
3147 5572 3370 5649 ἀέννοεος

1789 5641 1903 5718 ζωή
1958 5660 2057 5700 nec
2104 5641 2376 5712 in'Syro,
2422 5658 2519 5695 nec
2569 5643 2623 5695 in
2670 5642 2836 5695 veteri
2879 5641 3132 5696 versione
3174 5641 3369 5698 Lati'na

1784 5726 1979 5772 exstat.

1879 5788 1967 5849 83)
2000 5786 2175 5853 Caput
2204 5794 2455 5839 octavum
2489 5784 2631 5852 apud
2665 5782 2863 5852 Syrum
2901 5797 3008 5836 non
3038 5783 3255 5853 legitur.

1879 5790 1967 5849 83)
2000 5790 2175 5853 Caput
2204 5794 2455 5839 octavum
2489 5790 2631 5852 apud
2665 5790 2863 5852 Syrum
2901 5797 3008 5836 non
3040 5790 3255 5853 legitur.

1855 5790 1968 5923 (84)
2031 5856 2183 5909 Κατὰ
2239 5854 2595 5927 ἀνθρώπους,
2640 5855 2757 5907 κατ’
2794 5853 3098 5927 ἄνθρωπον,
3144 5857 3367 5924 phrasis
