3754 6206
434 322 541 382 699

1379 314 1628 373 SANCTI
1667 316 1923 373 lGNATll
1970 311 2339 370 EPISTOLE
2369 299 2724 368 GENUINJE.
2786 388 2791 392 ν

3591 304 3674 359 700

1716 439 1806 496 111.
1841 417 2034 511 Fugite
2057 435 2444 492 schismaticos.

511 560 794 616 Abstincte
831 560 900 613 ab
937 558 1119 614 herbis
1159 559 1364 624 noxiis,
1403 575 1543 629 quas
1577 557 1740 614 Jesus
1763 556 2016 612 Christus

2208 551 2508 624 Ἀπὲχεσθε
2565 549 2674 604 τῶν
2708 548 2823 622 [11)
2858 545 3044 602 κακῶν
3080 545 3339 617 βοτανῶν,
3392 544 3594 609 ἅστινας
3622 545 3670 600 οὗ

435 669 543 707 ιιοη
573 653 722 718 colit,
749 652 874 722 quia
902 666 1008 704 non
1034 659 1163 705 sunt
1185 651 1448 720 plantatio
1484 649 1683 704 Patris.
1730 646 1848 702 Non
1877 647 2023 718 quod

2142 651 2364 722 γεωργεῖ
2397 645 2607 718 Ἰησοῦς
2639 644 2896 717 Χριστὸς,
2930 642 3020 698 διὰ
3052 641 3110 695 τὸ
3147 639 3222 712 μὴ
3255 635 3395 692 εἶναι
3415 639 3515 711 (12)
3535 639 3670 704 αὐτὰς

435 745 578 814 apud
631 759 730 799 vos
777 743 1105 798 divisionem
1165 743 1504 807 invenerim,
1556 743 1650 797 sed
1706 741 2019 811 puritatem.

433 837 714 906 Quotquot
730 837 874 890 enim
909 835 1001 889 Dei
1021 844 1076 888 et
1102 832 1229 889 Jesu
1249 834 1455 888 Christi
1476 843 1627 897 sunt,
1655 835 1708 887 hi
1740 841 1868 887 sunt
1895 847 2019 886 cum

431 929 720 999 episcopo;
751 939 805 982 et
831 936 1103 998 quotquot
1137 926 1459 996 poenitentia
1490 926 1635 980 ducti
1667 925 1926 979 redierint
1953 924 2021 978 ad

433 1022 698 1075 unitatem
737 1020 1022 1086 Ecclesim,
1061 1028 1116 1072 et
1163 1019 1216 1072 hi
1265 1017 1359 1070 Dei
1393 1025 1580 1081 erunt,
1618 1026 1676 1071 ut
1715 1018 2016 1085 secundum

431 1111 618 1167 Jrsum
646 1113 927 1167 Christum
956 1113 1159 1166 vivant.
1193 1109 1273 1165 Ne
1317 1110 1538 1176 erretis,
1570 1108 1764 1164 fratres
1794 1111 1917 1164 mei.
1958 1109 2015 1163 Si

431 1206 557 1274 quis
583 1197 824 1261 schisma
867 1205 1155 1260 facientem
1184 1213 1446 1270 sectatur,
1474 1204 1623 1274 regni
1654 1203 1822 1258 divini
1847 1204 2018 1258 haere—

431 1299 654 1353 ditatcm
687 1315 793 1353 non
819 1299 1210 1367 consequitur;
1245 1297 1291 1352 si
1321 1299 1447 1367 quis
1473 1297 1719 1352 ambulat
1745 1298 1799 1351 in
1827 1297 2005 1351 aliena

445 1391 719 1457 doctrina,
751 1391 798 1447 is
821 1406 929 1445 non
958 1391 1258 1446 assentitur
1287 1390 1551 1459 passioni.
1900 1392 1905 1398 '

2129 740 2354 812 φυτείαν
2390 739 2628 810 Πατρός.
2669 736 2782 808 (15)
2819 736 2930 806 Οὐχ
2979 736 3062 789 ὅτι
3097 735 3229 807 παρ’
3265 735 3396 805 ὑμῖν
3446 732 3670 805 μερισμδν

2126 829 2304 906 εὗρον,
2339 831 2455 885 ἀλλ’
2490 830 2602 901 (14)
2637 827 3046 898 ἁποδιῦλισμόν.
3074 828 3230 880 Ὅσοι
3263 826 3373 899 γὰρ
3405 825 3531 879 Θεοῦ
3561 828 3670 878 εἰσιν

2125 925 2220 977 καὶ
2254 922 2429 994 Ἰησοῦ
2451 919 2709 994 Χριστοῦ,
2734 914 2877 973 οὗτοι
2914 919 3053 990 μετὰ
3086 918 3179 971 τοῦ
3215 919 3508 972 ἐπισκόπου
3540 917 3665 970 εἰσίν·

2123 1016 2217 1068 καὶ
2267 1015 2380 1068 ὅσοι
2433 1013 2498 1066 ἂν
2555 1013 2989 1084 μετανοήσαντες
3041 1011 3268 1064 ἔλθωσιν
3321 1011 3431 1082 (15)
3463 1010 3549 1063 ἐπὶ
3592 1011 3669 1080 τὴν

2126 1108 2351 1177 ἑνότητα
2384 1107 2483 1177 τῆς
2513 1105 2864 1176 Ἐκκλησίας,
2883 1105 2976 1158 καὶ
3007 1098 3150 1158 οὗτοι
3183 1102 3318 1156 Θεοῦ
3353 1103 3571 1167 ἔσονται,
3601 1103 3670 1155 ἵνα

2125 1193 2259 1251 ὦσιν
2293 1197 2434 1251 κατὰ
2481 1196 2690 1269 Ἰησοῦν
2723 1196 2959 1268 Χριστὸν
3011 1194 3231 1259 ζῶντες.
3283 1194 3377 1266 Μὴ
3411 1195 3669 1258 πλανᾶσθε,

2124 1289 2345 1359 ἀδελφοί
2401 1306 2535 1360 μου“
2575 1289 2742 1350 εἴτις
2777 1287 3011 1359 σχίζοντι
3064 1284 3382 1351 ἀκολουθεῖ,
3435 1285 3672 1356 βασιλείαν

2123 1383 2258 1436 Θεοῦ
2290 1383 2350 1436 οὐ
2387 1383 2745 1455 κληρονομεῖ·
2786 1381 2840 1443 εἰ
2867 1397 2951 1444 τις
2985 1383 3043 1434 ὲν
3079 1379 3192 1450 (16)
3226 1378 3482 1450 ἀλλοτρίᾳ
3510 1378 3674 1448 γνώμῃ

2125 1479 2436 1550 περιπατεῖ,
2488 1470 2644 1540 οὗτος
2681 1475 2792 1546 (17)
2826 1473 2902 1544 τῷ
2936 1473 3100 1527 πάθει
3132 1473 3194 1526 οὐ
3232 1472 3671 1542 συγκατατίθεται.

1663 1599 1750 1655 iV.
1781 1599 2019 1654 Utamini
2046 1615 2152 1652 una
2183 1596 2524 1653 eucliaristia.

501 1721 776 1778 Stude-alis
801 1722 967 1794 igitur
994 1739 1101 1778 una
1121 1721 1450 1778 cucliaristia
1472 1721 1586 1788 uti;
1614 1738 1721 1776 una
1751 1722 1896 1776 enim
1925 1729 2003 1777 cst
2040 1731 2081 1785 Β

426 1829 560 1871 caro
600 1813 815 1870 Domini
847 1817 1018 1871 nostri
1064 1814 1194 1870 Jesu
1234 1815 1462 1878 Christi,
1505 1825 1558 1870 et
1594 1831 1739 1870 unus
1765 1815 1906 1869 calix
1958 1813 2012 1868 in

430 1908 694 1962 unitatem
737 1908 1024 1979 sanguinis
1053 1907 1246 1977 ipsius,
1274 1923 1445 1961 unum
1477 1907 1668 1973 altare,
1703 1907 1844 1962 sicut
1872 1922 2015 1961 unus

423 1999 732 2070 episcopus,
773 2016 900 2054 cum
946 1999 1290 2070 presbyterio
1315 2008 1370 2054 ct
1395 1999 1642 2055 diaconis
1662 2041 1678 2066 ,
1734 1998 2018 2054 conservis

419 2091 596 2160 meis;
631 2101 710 2157 ut,
746 2093 893 2163 quod
937 2092 1172 2159 faciatis,
1204 2093 1508 2148 secundum
1556 2091 1726 2147 Deum
1776 2090 2011 2147 faciatis.

2181 1719 2290 1789 (l8)
2331 1717 2667 1784 Σπουδάζετε
2684 1713 2776 1773 οὖν
2818 1719 2917 1790 μιᾷ
2953 1718 3418 1793 (19)εὐχαριστίᾳ
3442 1719 3676 1793 χρῆσθαι.

2123 1807 2221 1882 μία
2256 1809 2365 1883 γὰρ
2389 1809 2524 1882 σὰρξ
2563 1807 2657 1863 τοῦ
2688 1808 2892 1880 Κυρίου
2931 1810 3089 1880 ἡμῶν
3135 1808 3311 1881 Ἰησοῦ
3338 1811 3679 1883 Χριστοῦ,καὶ

2121 1899 2179 1954 ἒν
2213 1903 2472 1974 ποτήριον
2501 1903 2580 1965 εἰς
2611 1901 2804 1956 ἕνωσιν
2836 1901 2930 1955 τοῦ
2969 1904 3200 1973 αἵματος
3224 1903 3410 1968 αὐτοῦ,
3443 1903 3498 1957 ἓν
3521 1903 3680 1956 θυσια-

2122 1995 2364 2065 στήριον,
2400 1995 2476 2057 ὡς
2505 1989 2585 2059 εἷς
2607 1995 2924 2060 ἐπίσκοπος,
2963 1997 3076 2066 ἅμα
3104 1995 3183 2068 τῷ
3209 1998 3576 2070 πρεσϐυτερίῳ
3602 1998 3680 2052 καὶ

2120 2085 2411 2152 διακόνοις,
2451 2090 2568 2152 τοῖς
2605 2087 2908 2153 συνδούλοις
2935 2105 3057 2160 μου·
3085 2089 3192 2154 ἶνα,
3220 2089 3249 2142 ὃ
3275 2088 3372 2142 ὲὰν
3401 2090 3677 2162 πράσσητε,

2119 2177 2263 2232 κατὰ
2295 2178 2428 2232 Θεὸν
2459 2179 2764 2252 πράσσητε.

639 2273 709 2330 ν.
751 2276 915 2330 Orate
943 2291 1040 2346 pro
1071 2290 1174 2341 me,
1205 2273 1300 2346 qui
1328 2274 1576 2346 confugio
1607 2277 1680 2328 ad
1710 2273 2059 2346 boangelium
2088 2286 2135 2330 ct
2175 2276 2464 2344 apostolos.
2493 2275 2768 2331 Honorate
2788 2277 2952 2332 etiam
2983 2278 3268 2348 prophetas
3307 2275 3374 2331 V.
3407 2276 3470 2332 T.

490 2394 712 2452 Fratres
737 2397 868 2464 mei,
893 2398 1052 2454 valde
1074 2397 1284 2453 effusus
1305 2414 1428 2454 sum
1455 2399 1508 2453 in
1541 2414 1785 2454 amorem
1813 2400 2002 2467 vestri,

420 2495 478 2542 et
501 2487 660 2542 valde
686 2489 901 2544 Imtatus
935 2489 1140 2543 roboro
1166 2504 1296 2553 vos;
1331 2505 1441 2544 non
1466 2505 1568 2561 ego
1609 2506 1762 2555 vero,
1788 2491 1882 2546 sed
1907 2479 2018 2546 Je-'

421 2593 520 2634 sus
555 2578 834 2645 Christus,
865 2580 1025 2650 cujus
1053 2580 1229 2651 gratia
1263 2582 1481 2637 vinctus
1505 2583 1629 2652 plus
1656 2583 1841 2648 timeo,
1874 2585 2003 2655 quia
2045 2640 2048 2643 .

423 2671 669 2725 nondum
691 2687 813 2726 sum
841 2671 1136 2741 perfectus.
1169 2671 1277 2728 Sed
1320 2675 1498 2729 oratio
1520 2686 1701 2731 vestra
1738 2677 1804 2731 ad
1831 2676 1999 2733 Deum

421 2779 511 2818 me
532 2765 794 2834 perficiet.
828 2775 887 2820 ut
918 2773 1066 2821 sorte
1092 2781 1187 2836 per
1217 2767 1648 2823 misericordiam
1682 2769 1814 2823 mihi
1856 2769 2000 2824 assi-

2193 2399 2435 2470 ’Δδελφοί
2456 2419 2594 2472 μου,
2625 2400 2748 2454 λίαν
2782 2400 3088 2473 ὲκκέχυμαι
3135 2401 3368 2471 ἀγαπῶν
3411 2399 3567 2472 ὑμᾶς,
3599 2397 3681 2452 καὶ

2105 2492 2613 2565 ὑπεραγαλλόμενος
2632 2493 2998 2565 ἀσφαλίζομαι
3029 2494 3193 2564 ὑμᾶς·
3213 2494 3316 2547 οὐκ
3348 2491 3461 2562 ἐγὼ
3473 2492 3547 2555 δὲ,
3575 2489 3683 2546 ἀλλ’

2117 2583 2324 2655 Ἰησοῦς
2365 2586 2625 2657 Χριστὸς,
2675 2587 2734 2638 ἐν
2776 2579 2821 2654 ᾧ
2861 2586 3145 2657 δεδεμένος
3182 2585 3454 2658 φοϐοῦμαι
3482 2584 3682 2658 μᾶλλον,

2107 2675 2184 2740 ὡς
2216 2676 2298 2730 ἔτι
2328 2675 2403 2730 ὢν
2429 2676 2540 2748 (9.0)
2559 2678 2980 2751 ἀναπάρτιστος.
3011 2679 3149 2732 Ἀλλ’
3170 2681 3204 2751 ἡ
3236 2679 3512 2750 προσευχὴ
3545 2676 3683 2747 ὑμῶν

2103 2768 2183 2831 είς
2210 2768 2341 2821 Θεόν
2373 2787 2438 2840 με
2456 2770 2766 2842 ἀπαρτίσει,
2793 2772 2897 2834 ἴνα,
2917 2773 2974 2825 ὲν
3066 2772 3255 2844 κλήρῳ
3281 2772 3538 2844 ἠλεήθην,
3569 2771 3685 2822 ἐπι-

418 2861 581 2924 gnata
610 2855 810 2924 potiar,
837 2854 1161 2925 confugiens
1182 2856 1249 2911 ad
1274 2855 1626 2928 Evangelium
1648 2867 1907 2929 tanquam
1939 2859 2004 2914 ad
2035 2876 2053 2934 (

2142 2861 2257 2933 ῦχω
2279 2862 2411 2933 (21),
2431 2862 2761 2934 προσφυγὼν
2777 2863 2854 2935 τῷ
2868 2864 3187 2936 Εὐαγγελίῳ
3210 2864 3288 2929 ὡς
3313 2866 3476 2938 σαρκὶ
3503 2862 3682 2935 Ἰησοῦ,

1754 2999 1941 3063 Vetus
1989 3001 2332 3082 interpres.

1880 3132 2112 3190 CAPUT
2153 3133 2241 3190 lll.

446 3289 461 3299 ν
488 3218 746 3302 Roeedite
784 3240 813 3279 a
845 3225 1004 3302 malis
1044 3226 1252 3291 herbis,
1283 3243 1424 3302 quas
1456 3243 1566 3302 non
1597 3229 1732 3302 colit
1753 3229 1914 3286 Jesus
1958 3231 2212 3286 Christus
2240 3250 2254 3287 :
2285 3239 2508 3302 propter
2539 3247 2650 3286 non
2681 3247 2806 3288 esse
2851 3231 3002 3302 ipsas
3050 3231 3453 3302 plantationem
3483 3227 3681 3302 Patris.

416 3287 534 3378 Pio}:
561 3295 819 3378 quoniam
861 3299 1005 3366 apud
1033 3314 1130 3353 vos
1171 3287 1521 3369 partitionem
1556 3301 1770 3378 inveni;
1807 3302 1902 3356 sed
1930 3287 2404 3378 _abstraction'em:
2429 3301 2716 3378 Quotquot
2758 3287 2905 3378 enim
2937 3287 3192 3378 Dei-sunt
3229 3312 3285 3378 et
3308 3299 3441 3378 {esu
3463 3299 3684 3378 Christi,

417 3370 506 3416 isti
539 3378 664 3444 cum
701 3370 957 3437 episcopo
999 3381 1155 3436 sunt;
1185 3379 1240 3424 et
1267 3379 1540 3496 quotquot
1580 3371 1768 3441 utique
1799 3372 2128 3441 pmnitentes
2157 3375 2384 3428 veniunt
2429 3374 2483 3426 in
2516 3370 2783 3428 unitatem
2833 3372 3111 3439 Ecclesiae,
3151 3382 3205 3427 et
3247 3373 3337 3428 isti
3385 3371 3475 3425 Dei
3505 3380 3684 3432 erunt;

417 3442 475 3485 ut
521 3444 630 3490 snit
679 3439 980 3493 secundum
1032 3438 1220 3495 Jesum
1315 3441 1549 3495 hristum
1601 3442 1866 3496 viventes.
1927 3441 2047 3496 Non
2106 3444 2333 3496 erretis.
2386 3442 2588 3496 fratres
2655 3443 2782 3496 mei.
2831 3443 2890 3496 Si
2932 3443 3057 3496 ouis
3104 3444 3348 3496 schisma
3403 3441 3684 3496 facientem

413 3442 475 3485 ut
521 3434 630 3490 sint
679 3434 980 3493 secundum
1032 3434 1220 3495 Jesum

1315 3441 1549 3513 hristum
1601 3442 1866 3498 viventes.
1927 3441 2047 3496 Non
2106 3444 2333 3508 erretis,
2386 3442 2588 3500 fratres
2655 3443 2782 3499 mei.
2831 3443 2890 3497 Si
2932 3443 3057 3513 quis
3104 3444 3348 3499 schisma
3403 3441 3686 3513 facientem

415 3505 686 3584 sequitur,
730 3523 960 3579 regnum
1011 3510 1107 3565 Dei
1156 3527 1266 3566 non
1312 3511 1600 3568 hmreditat
1639 3531 1652 3567 :
1697 3513 1745 3568 si
1781 3513 1907 3584 quis
1959 3514 2014 3568 in
2062 3514 2242 3569 aliena
2289 3505 2559 3570 sententia
2604 3505 3096 3581 circumambulat,
3143 3515 3247 3569 iste
3296 3511 3539 3584 passioui
3583 3527 3688 3579 non

413 3576 733 3635 concordat.

1865 3679 2097 3736 CAPUT
2137 3679 2226 3736 IV.

483 3757 712 3848 Studetc
739 3761 906 3846 igitur
935 3781 1043 3847 una
1077 3767 1373 3848 gratiarum
1416 3770 1631 3848 actione
1669 3772 1768 3826 uti.
1803 3771 1922 3827 Una
1949 3773 2094 3848 enim
2128 3789 2259 3828 caro
2300 3772 2514 3828 Domini
2551 3771 2894 3848 nostri‘Jesu
2928 3773 3157 3848 Christi,
3206 3783 3260 3828 et
3291 3773 3612 3848 unuscaliir
3636 3772 3685 3824 in

411 3843 989 3916 unionemnsaiiguiuis
1021 3843 1224 3916 ipsius;
1258 3855 1424 3916 unum
1459 3843 1653 3916 altare,
1684 3854 1737 3898 et
1772 3859 1919 3898 unus
1947 3844 2259 3915 cpiscopus,
2289 3860 2415 3900 cum
2451 3844 2796 3916 presbyterio
2828 3852 2882 3899 et
2910 3843 3163 3900 diaconis
3191 3845 3482 3900 conservis
3512 3844 3644 3898 meis
3670 3860 3684 3895 :

411 3907 473 3952 ut
499 3901 648 3970 quod
682 3901 884 3968 facitis,
915 3901 1219 3961 secundum
1258 3907 1427 3963 Deum
1459 3901 1696 3968 faciatis.

1876 4003 2106 4063 CAPUT
2148 4005 2214 4063 ν.

481 4078 703 4140 Fratres

741 4089 871 4176 mei,
908 4091 1072 4171 _valde
1100 4091 1308 4176 effusus
1338 4112 1459 4176 sum
1507 4099 1740 4176 diligens
1770 4119 1890 4164 vos.
1939 4113 1993 4176 et
2043 4105 2497 4176 superexsultans
2528 4105 2972 4176 corroboroyos
3002 4122 3016 4159 :
3045 4119 3154 4158 non
3195 4119 3300 4175 ego
3344 4114 3547 4170 autem,
3593 4101 3686 4176 sed

408 4149 960 4246 ἐξιξυεηῼὶιξίειυεκίη
991 4177 1103 4246 (μετ)
1137 4165 1353 4246 vinctus
1388 4169 1555 4246 timeo
1587 4149 1785 4242 magis,
1812 4149 1890 4246 ut.
1905 4175 2087 4230 adhuc
2115 4149 2800 4246 Exsisteiisiinperfectus.
2841 4174 2947 4230 Sed
2988 4175 3168 4229 oratio
3194 4149 3378 4246 vgstra
3411 4191 3498 4230 me
3523 4149 3685 4243 perti-

409 4223 536 4298 cict,
576 4235 633 4280 ut
662 4231 714 4281 in
751 4223 1205 4298 qua'lioareditate

1247 4241 1701 4316 propinationem
1736 4244 2001 4316 habuero,
2045 4247 2254 4315 potiar;
2293 4241 2620 4316 confugiens
2665 4245 2958 4316 Evangelio
3007 4253 3068 4299 ut
3100 4245 3253 4316 carni
3285 4244 3438 4310 Jesu,
3466 4241 3684 4313 etapo-

410 4294 568 4351 stolis
595 4305 654 4352 ut
681 4294 1025 4373 presbyterio
1064 4294 1477 4365 Eccles'itc.'Sed
1508 4294 1562 4366 et
1589 4294 2216 4386 ’ﬁépiiéiaE‘iiii'igZhiEg
2230 4294 2254 4384 ξ

479 4447 880 4531 (Ηλδὶιιιὶιίξηι
927 4461 1303 4531 metaphoram
1343 4463 1409 4519 de
1459 4465 1842 4522 haereticorum
1889 4469 1988 4523 do-

405 4524 784 4643 ;ty'iqalhahes
814 4527 866 4580 in
899 4544 985 4599 cp.
1020 4524 1088 4585 ad
1112 4530 1257 4587 Trall
1288 4576 1302 4600 ,
1334 4551 1382 4589 c.
1409 4535 1463 4592 6.
1497 4535 1614 4592 Jac.
1648 4537 1762 4592 Cfr.
1793 4537 1984 4593 Matth.

406 4605 498 4654 xv.
527 4605 546 4643 ι
561 4605 613 4646 ο.

478 4661 591 4799 gl?)
634 4663 736 4718 Ms.
768 4667 984 4732 αὐτούς.

509 4731 592 4798 15)
632 4734 746 4789 Cfr.
784 4740 850 4791 ad
895 4738 984 4793 'l‘r:

509 4731 610 4816 15)_
632 4734 746 4789 Cfr.
784 4740 850 4791 ad
887 4731 1313 4816 Ll‘rall..__c.A8,et
1343 4744 1547 4816 Magn.,
1581 4765 1631 4804 c.
1659 4751 1744 4804 11.
1777 4749 1852 4803 Ex
1883 4750 1987 4806 hoc

404 4799 526 4889 loco
562 4813 616 4856 et
645 4820 677 4889 ε
704 4807 919 4889 capp.__7
943 4799 1401 4889 g_8_\\{liistoiiiis
1426 4799 1682 4887 coniecif
1698 4799 1982 4888 1έῆεῆιῖιῖιὶ

405 4875 584 4960 ipsum
609 4875 929 4960 aliquandiu
951 4879 1342 4960 Philadelplrhc
1364 4875 1766 4944 comm-oratum
1785 4892 1984 4958 fuisse;

405 4943 500 5030 sed
531 4943 1025 5030 verisiuiiliusmest
1049 4943 1263 5030 legatos
1319 4966 1530 5011 tantum
1566 4943 1989 5030 Philadelphen:

403 5017 644 5097 siiiiiiad
676 5017 855 5097 ipsum
883 5017 1095 5097 Troade
1109 5017 1405 5095 {legentem
1435 5031 1673 5085 venisse.
1711 5017 1856 5085 More
1884 5048 1986 5085 suo

403 5083 646 5167 lgnatiiis
669 5083 771 5167 ita
804 5091 1066 5167 loquitur,
1103 5111 1166 5150 ac
1190 5083 1234 5150 si
1275 5097 1328 5150 in
1362 5083 1766 5167 lcgatisﬁtotam
1796 5083 1988 5157 Εὶτέιεζ

400 5157 553 5232 siam
570 5157 1095 5232 _Pl_i_iladelphensem
1123 5157 1522 5232 conspexisset.
1889 5216 1897 5220 .

753 5229 1226 5309 anomaltapéyov.
1402 5255 1490 5309 ep.
1523 5241 1590 5294 ad
1621 5240 1782 5296 Rom.
1812 5243 1983 5299 inscr.

628 5300 745 5378 Cfr.
776 5303 974 5378 Rotlic,
1004 5299 1159 5378 Αἠίη
1188 5323 1242 5378 p.
1261 5308 1386 5364 465.

403 5370 603 5491 γε(
640 5371 922 5446 ’Λλλοτρία
949 5370 1154 5448 γνώμη
1170 5370 1312 5435 idem
1339 5388 1446 5449 cst,
1472 5383 1618 5447 quod
1655 5383 1982 5456 ὲτεροδοξία.

448 5455 603 5496 ευει..

472 5511 588 5586 (17)
627 5511 667 5567 l.
704 5531 754 5568 e.
794 5531 901 5586 non
933 5519 1209 5573 consentit
1250 5523 1380 5577 huic
1420 5524 1659 5586 veritati,
1703 5523 1984 5578 Christum

399 5583 666 5666 ἕψω-υἱοῦ
695 5601 798 5639 suo
834 5585 1098 5666 fundasse
1134 5589 1464 5661 Ecclesiam,
1499 5583 1663 5666 quam
1685 5595 1988 5651 schismate

401 5660 642 5706 evertere
679 5666 936 5710 conatur.
970 5655 1166 5713 Sunii.

475 5721 588 5789 (l8)
627 5721 706 5779 Ita
745 5724 995 5782 Vossius.
1026 5728 1126 5783 Ms.
1159 5732 1519 5789 σπουδάσατε.

477 5789 590 5856 (illi
629 5791 672 5849 1.
704 5808 755 5849 c.
795 5811 943 5851 caena
972 5797 1211 5868 Domini,
1242 5813 1302 5858 ut
1337 5820 1368 5860 e
1405 5805 1765 5877 sequentibus
1803 5809 1986 5866 verbis

2022 4481 2065 4537 D
2096 4469 2234 4544 σᾲρξ
2257 4471 2352 4544 τοῦ
2389 4472 2601 4544 Κυρίου
2625 4481 2680 4526 et
2715 4473 3198 4544 mzﬁptovmlucet.
3231 4471 3407 4544 Etiam
3434 4488 3464 4527 a
3505 4469 3565 4526 S.
3589 4468 3684 4523 Ju—

2093 4541 2238 4614 stiuo
2263 4542 2438 4614 (Apol.
2469 4541 2518 4608 1,
2543 4543 2632 4612 66)
2660 4558 2815 4614 cogita
2835 4541 3064 4614 Domini
3095 4543 3419 4614 εὐχαριστία
3439 4553 3681 4596 vocatur.

2090 4612 2206 4682 Cfr.
2238 4613 2303 4666 ad
2337 4613 2482 4667 hunc
2509 4614 2690 4668 locum
2722 4612 2918 4672 Rothe.
2953 4613 3103 4681 ΑηῙ..
3131 4612 3184 4682 ρ,
3204 4612 3332 4674 4⁷70,
3373 4612 3682 4674 Munsclier,

2089 4680 2366 4736 Lehrbuch
2400 4683 2496 4736 der
2519 4683 2928 4752 Dogmengesch.
2961 4682 3004 4746 l,
3038 4680 3227 4752 49641
3247 4682 3334 4737 Jo.
3364 4682 3425 4737 E.
3449 4683 3683 4746 Pfeiﬂ'er,

2087 4752 2436 4878 ρξδίςιὶαιὶο,
2479 4751 2834 4811 communioni
2883 4753 3102 4824 privata:
3152 4751 3398 4805 adverso.
3458 4753 3681 4822 Erlang.

2161 4894 2282 4966 (20)
2316 4893 2391 4948 Ita
2433 4893 2794 4966 interpolator
2818 4901 2874 4949 et
2895 4902 3005 4949 vet.
3044 4895 3146 4948 int.
3183 4892 3288 4949 Ms.
3331 4894 3688 4966 ἀνάρπαστος

2085 4982 2158 5015 :_:
2181 4964 2444 5018 abductus
2475 4981 2503 5018 e
2526 4964 2817 5030 provincia.

2160 5035 2273 5104 (21)
2314 5033 2379 5088 Η.
2411 5035 2476 5089 Α.
2511 5034 2799 5105 Niemeyer
2828 5035 2882 5088 in
2908 5033 3066 5091 Fries
3093 5047 3149 5093 et
3175 5038 3477 5093 Schroeter
3507 5034 3687 5104 Oppo-

2086 5105 2471 5179 sitionsschrift
2506 5106 2549 5173 l,
2589 5122 2652 5172 ιι,
2684 5121 2738 5174 p.
2772 5105 2860 5179 14,
2889 5106 3038 5179 hunc
3066 5109 3248 5163 locum
3294 5111 3368 5163 ita
3397 5107 3640 5177 explicat
3672 5125 3684 5157 :

2085 5177 2418 5246 Εὐαγγὲλιον
2441 5185 2524 5231 est
2545 5196 2617 5229 ,τ-
2636 5177 2849 5229 summa
2871 5177 2992 5231 vitae
3006 5185 3054 5230 et
3073 5191 3312 5233 actorum
3341 5179 3471 5231 Iesu
3500 5194 3516 5241 ;
3545 5179 3687 5229 ἀπό-

2089 5247 2262 5300 στολοι
2289 5267 2362 5300 ::
2391 5248 2728 5300 narrationes
2771 5248 3137 5317 apostolorum
3169 5251 3234 5304 de
3271 5250 3511 5304 Christo.
3550 5249 3690 5299 Sun-

2088 5333 2222 5372 sus:
2254 5319 2498 5390 adi/immo
2546 5319 2612 5373 iis
2659 5331 2777 5387 qua:
2807 5317 3052 5390 Christus
3093 5320 3408 5390 prmdicavit
3445 5330 3494 5372 et
3533 5319 3686 5386 fecit,

2086 5393 2240 5460 quasi
2267 5389 2441 5442 adhuc
2456 5389 2565 5458 ipse
2583 5390 2724 5443 vivat
2738 5389 3119 5460 mil/laneaque
3132 5390 3537 5445 narrationibus
3557 5405 3690 5456 apo-

2087 5458 2366 5531 s_tolortim,
2391 5462 2546 5530 quasi
2577 5460 2678 5529 ipsi
2706 5459 2878 5531 adhuc
2904 5470 2960 5512 ut
2989 5458 3260 5530 quondam
3293 5461 3686 5531 presbyterium

2088 5528 2346 5602 Ecclesia:
2372 5528 2722 5602 constituant.
2759 5529 2861 5582 Sed
2888 5539 2938 5582 et
2957 5528 3241 5602 prophetas
3277 5531 3339 5586 V.
3371 5532 3432 5586 T.
3455 5528 3688 5595 recipio,

2085 5601 2393 5673 quippeqiy:
2407 5599 2608 5673 Jesunt
2626 5599 3080 5673 annuntiaverint.
3102 5601 3216 5658 Cfr.
3244 5619 3469 5673 quoque
3487 5602 3690 5661 lint‘c,

2087 5670 2241 5739 Anf.,
2260 5669 2311 5739 p.
2330 5670 2453 5724 7⁸52.
2479 5680 2531 5725 et
2549 5671 2810 5731 Gieseler.
2850 5669 3079 5726 Versuch
3105 5675 3236 5726 iiber
3259 5669 3318 5726 il.
3351 5673 3691 5737 Enlstelmng

2087 5740 2182 5793 der
2203 5741 2570 5809 schriftliclien
2600 5739 2944 5813 Evangelien.
2975 5759 3008 5813 p
3061 5743 3191 5808 157,
3233 5745 3332 5813 qui
3369 5754 3504 5799 ante
3561 5741 3692 5813 Nie-

2089 5826 2366 5883 uieycrum
2388 5823 2693 5883 monuerat,
2756 5811 3089 5880 Εὑαγγὲλιον
3121 5811 3301 5871 nostri
3334 5815 3440 5870 loci
3478 5827 3596 5867 nun
3625 5811 3694 5865 de
