3754 6206
65 216 154 271 705

1135 207 1473 264 EPISTULA
1512 206 1601 259 AD
1636 202 2316 259 PHILADELPIIENSES.

3199 203 3305 259 706

66 333 143 385 τοῦ
177 329 395 401 Πατρὸς
436 328 507 382 δι’
532 322 603 400 ἧς
642 326 975 397 εἰσέρχονται
1024 328 1272 399 Ἀϐραάμ
1301 328 1392 381 καὶ
1441 324 1624 380 Ἰσαάκ

1784 342 1889 381 nua
1929 324 2127 390 Patris,
2182 341 2277 395 per
2325 341 2489 395 quam
2529 325 2906 396 ingrediuntur
2948 325 3224 381 Abraham
3254 334 3310 380 et

66 426 143 478 καὶ
180 421 374 476 Ἰακὼὸ
406 420 504 474 καὶ
543 420 594 471 οἱ
628 419 905 489 προφῆται
941 418 1033 471 καὶ
1067 421 1117 470 οἱ
1152 417 1436 471 ἀπόστολοι
1469 416 1563 469 καὶ
1591 416 1625 486 ἡ

76 512 369 583 Ἐκκλησία.
394 511 508 581 (42)
522 510 711 563 Πάντα
735 510 905 563 ταῦτα
925 512 1003 572 εἰς
1025 510 1249 579 ἑνότητα
1278 508 1435 562 Θεοῦ.
1453 506 1631 573 Ἐξαί-

68 605 264 677 ρετονδὲ
284 622 337 657 τι
363 604 479 674 ἔχει
501 602 561 656 τὸ
580 602 923 670 Εὑαγγέλιον,
955 602 1052 672 τὴν
1075 600 1373 672 παρουσίαν
1400 598 1507 669 (45)
1532 596 1626 649 τοῦ

65 694 245 766 Κυρίου
283 693 447 763 ἡμῶν
491 692 668 762 Ἰησοῦ
712 694 967 764 Χριστοῦ,
1017 692 1077 744 τὸ
1118 691 1292 754 πάθος
1330 690 1495 743 αὑτοῦ
1532 689 1627 742 καὶ

64 790 145 857 τὴν
175 787 493 840 ἀνάστασιν.
525 786 587 837 Οί
606 784 715 855 γάρ
741 784 1010 853 ἀγαπητοὶ
1030 784 1306 855 προφῆται
1334 784 1630 854 κατήγγει-

63 879 141 929 λαν
162 880 236 941 είς
260 878 441 929 αὐτόν·
474 878 536 930 τὸ
565 878 621 930 δὲ
642 876 966 947 Εὐαγγέλιον
1000 876 1109 946 (44)
1138 876 1458 947 ἀπάρτισμά
1481 876 1628 928 ἐστιν

61 969 369 1039 ἀφθαρσίας.
390 969 505 1040 (45)
520 969 707 1024 Πάντα
729 966 861 1037 ὁμοῦ
878 966 1013 1020 καλά
1040 968 1205 1031 ἐστιν,
1229 967 1322 1020 ἐὰν
1350 968 1407 1019 ὲν
1438 966 1626 1038 ἀγάπῃ

62 1076 351 1130 πιστευητε.
1020 1074 1023 1079 ‘

1729 418 1876 473 Isaac
1905 426 1959 473 et
1986 417 2176 481 Jacob,
2209 426 2264 471 et
2301 418 2580 487 prophetae
2604 426 2657 471 et
2681 417 2914 486 apostoli
2943 426 2997 471 et
3035 415 3303 477 Ecclesia.

1729 510 1926 565 Omnia
1955 510 2071 565 haec
2115 509 2183 564 ad
2223 510 2479 565 unionem
2510 525 2633 565 cum
2664 508 2793 564 Deo.
2823 508 3095 565 Eximium
3124 518 3306 563 autem

1730 605 2030 676 quidquam
2087 604 2248 658 habet
2289 602 2667 672 Evangelium,
2714 603 2973 657 nimirum
3010 602 3305 657 adventum

1732 692 1951 747 Domini
1983 694 2154 747 nostri
2182 692 2310 747 Jesu
2334 693 2563 757 Christi,
2591 693 2901 762 passionem
2928 692 3102 762 ipsius
3130 709 3195 747 ac
3221 708 3309 748 re-
3402 718 3413 725 α

1735 787 2153 842 surrectionem.
2187 786 2376 842 Dilecti
2415 801 2653 857 namque
2690 786 2970 857 propheta:
3005 786 3302 843 annuntia-

1730 884 1929 929 verunt
1982 890 2138 941 eum;
2182 875 2537 945 Evangelium
2587 892 2715 931 vero
2759 886 2842 931 est
2869 876 3132 946 perfectio
3181 878 3307 935 vitai

1730 975 1965 1020 aeternae.
1992 968 2185 1020 Omnia
2212 967 2371 1021 simul
2401 968 2540 1021 bona
2576 976 2725 1033 sunt,
2786 968 2951 1022 modo
3012 967 3069 1022 in
3122 969 3307 1024 chari-

1730 1064 1839 1113 tate
1857 1058 2110 1114 credatis.

882 1172 951 1228 Χ.
984 1171 1441 1243 Congratulemini
1472 1172 1813 1228 Antiochenis
1840 1175 1904 1229 de
1924 1176 2029 1244 ﬁne
2049 1176 2455 1245 persecutionis.

125 1295 226 1367 (46)
266 1296 495 1367 Ἐπειδὴ
532 1293 682 1349 κατὰ
708 1294 802 1367 τὴν
826 1295 1130 1365 προσευχὴν
1160 1293 1314 1365 ὑμῶν
1354 1293 1447 1346 καὶ
1487 1294 1627 1347 κατά

63 1392 337 1459 σπλάγχνα,
388 1388 426 1443 ἃ
474 1388 631 1459 ἔχετε
682 1391 739 1441 ὲν
799 1385 1017 1457 Χριστῷ
1083 1385 1276 1458 Ἰησοῦ,
1342 1385 1627 1457 ἀπηγγέλη

64 1502 155 1557 μοι,
189 1483 296 1553 (47)
324 1482 638 1553 εἰρηνεύειν
664 1480 762 1551 τὴν
797 1479 1121 1550 Ἐκκλησίαν
1137 1480 1233 1549 τὴν
1258 1481 1316 1531 ἐν
1334 1478 1629 1549 Ἀντιοχείᾳ

58 1576 138 1643 τῆς
157 1575 372 1645 Συρίας·
407 1573 625 1644 πρέπον
668 1574 812 1625 ἐστὶν
844 1574 991 1642 ὑμῖν,
1024 1572 1099 1635 ὠς
1142 1571 1441 1643 Ἐκκλησία
1470 1568 1626 1635 Θεοῦ,

59 1668 408 1741 χειροτονῆσαι
442 1665 698 1718 διάκονον
744 1666 822 1727 εἰς
858 1664 917 1717 τὸ
972 1661 1304 1734 πρεσϐεῦσαι
1336 1664 1451 1714 ἐκεῖ
1489 1660 1622 1732 Θεοῦ

60 1759 344 1829 πρεσϐείαν,
380 1760 467 1821 εἰς
485 1757 549 1809 τὸ
582 1756 913 1826 σδγχαρῆναι
950 1757 1133 1816 αὐτοῖς
1164 1754 1255 1806 ἐπὶ
1295 1752 1353 1806 τὸ
1387 1752 1518 1804 αὐτὸ
1546 1768 1629 1820 γε·

60 1850 295 1920 νομένοις,
327 1851 430 1903 καὶ
461 1848 685 1914 δοξάσαι
715 1847 773 1900 τὸ
812 1847 999 1917 ὄνομα.
1044 1846 1327 1917 Μακάριος
1360 1846 1419 1897 ὲν
1454 1842 1627 1914 Ἰησοῦ

60 1941 269 2011 Χριστῷ,
304 1942 365 2004 ὃς
405 1938 877 2009 καταξιωθήσεται
908 1938 1007 2007 τῆς
1028 1936 1284 2007 τοιαύτης
1319 1934 1651 1995 διακονίας·’

61 2028 304 2099 mitigat;
335 2027 770 2097 δοξασθήσεσθε.
814 2026 1066 2080 Θέλουσιν
1104 2027 1160 2079 δὲ
1191 2028 1317 2096 ὑμῖν
1347 2026 1447 2077 οὐκ
1483 2024 1630 2075 ἔστιν

60 2121 303 2183 ἀδύνατον,
357 2121 509 2191 ὑπὲρ
548 2118 809 2189 ὀνόματος
855 2118 1007 2170 Θεοῦο
1050 2118 1125 2180 ὡς
1164 2118 1255 2169 καὶ
1302 2117 1356 2169 αἱ
1404 2116 1628 2183 ἔγγιστα

67 2212 358 2284 Ἑκκλησίαι
393 2212 653 2283 ἔπεμψαν
681 2211 1027 2274 ἐπισκόπους,
1057 2214 1111 2263 αἱ
1140 2210 1194 2262 δὲ
1228 2208 1630 2280 πρεσϐυτέρους

61 2306 134 2357 καὶ
158 2307 462 2368 διακόνους.

1806 1296 1944 1352 Cum
1972 1299 2108 1353 mihi
2134 1298 2445 1352 nuntiatum
2481 1296 2571 1359 sit,
2604 1312 2701 1367 per
2741 1300 3041 1353 orat’oncm
3070 1309 3306 1355 vestram

1733 1402 1787 1448 et
1812 1392 2366 1457 commiserationem,
2394 1406 2501 1461 qua
2528 1392 2821 1446 movemini
2850 1391 2903 1445 in
2935 1392 3176 1457 Christo,
3205 1392 3307 1447 Ec-

1733 1485 1955 1540 clesiam
1997 1483 2395 1538 Antiochenam
2437 1483 2491 1536 in
2544 1481 2701 1553 Syria
2742 1498 2926 1552 pacem
2956 1484 3304 1548 obtinuisse;

1734 1579 1886 1632 decet
1915 1595 2033 1643 vos,
2061 1585 2121 1631 ut
2155 1577 2246 1631 Dei
2278 1577 2603 1641 Ecclesiam,
2632 1577 2832 1645 eligere
2858 1577 3176 1640 diaconum,
3209 1576 3307 1646 qui

1732 1670 1892 1724 obeat
1929 1670 2002 1723 ibi
2047 1669 2373 1739 legationem
2419 1667 2535 1735 Dei,
2574 1668 2666 1738 qui
2706 1685 2831 1722 cum
2874 1668 3001 1733 illis,
3044 1669 3096 1721 in
3137 1682 3307 1721 unum

1730 1761 2096 1831 congregatis,
2145 1760 2310 1814 simul
2361 1760 2615 1829 gaudeat,
2674 1772 2730 1815 et
2786 1761 3049 1831 gloriﬁcet
3085 1776 3305 1814 nomen.

1730 1850 1929 1905 Beatus
1956 1850 2045 1904 ille
2070 1850 2122 1903 in
2150 1848 2280 1903 Jesu
2306 1849 2550 1915 Christo,
2568 1851 2662 1918 qui
2681 1850 2878 1919 dignus
2904 1850 3120 1904 habitus
3146 1850 3312 1904 fuerit

1730 1946 2001 2015 ejusmodi
2028 1944 2369 2003 ministerio:
2399 1952 2452 1998 et
2476 1960 2575 2000 vos
2598 1960 2818 2015 quoque
2847 1943 3307 2014 gloriﬁcabimini.

1732 2036 2051 2092 Volentibus
2075 2045 2253 2089 autem
2283 2036 2439 2089 vobis
2464 2036 2568 2089 hoc
2588 2051 2694 2089 non
2722 2044 2805 2089 est
2832 2034 3190 2103 impossibile,
3208 2049 3311 2104 pro

1734 2130 1955 2184 nomine
1986 2128 2102 2192 Dei,
2129 2137 2263 2182 utet
2297 2127 2544 2197 quaedam
2582 2127 2846 2197 proximat
2866 2125 3125 2183 Ecclesia:
3147 2127 3312 2181 mise-

1735 2229 1863 2275 runt
1892 2220 2202 2289 episcopos,
2232 2217 2507 2271 nonnulla:
2527 2218 2876 2287 presbyteros
2901 2227 2954 2272 et
2987 2217 3268 2271 diaconos.

188 2421 274 2475 XI.
303 2420 538 2475 Gratias
568 2419 712 2473 vobis
745 2435 863 2489 ago,
900 2418 1037 2488 quod
1070 2418 1283 2471 comites
1310 2434 1447 2471 meos
1471 2410 1707 2469 benevole
1736 2400 2063 2471 suscepistis.
2100 2397 2351 2453 Salutant
2380 2413 2466 2450 vos
2502 2397 2696 2466 fratres
2725 2398 2780 2453 in
2821 2395 3045 2451 Troade.

114 2543 236 2613 Περὶ
275 2543 332 2595 δὲ
378 2542 498 2611 (48)
530 2540 768 2602 Φίλωνος
803 2540 896 2593 τοῦ
932 2540 1179 2593 διακόνου
1209 2539 1324 2593 ἀπὸ
1349 2538 1624 2599 Κιλικίας,
1684 2524 1687 2533 ﬁ

1798 2523 1953 2591 Quod
1984 2530 2165 2575 autem
2194 2517 2475 2571 Philonem
2506 2516 2731 2571 Cilicem
2764 2518 3055 2571 diaconum
3095 2516 3310 2579 attinet,

266 2606 800 2704 μεμαρτυρημένον,
840 2632 898 2694 ὃς
938 2632 1031 2684 καὶ
1070 2630 1163 2684 νῦν
1212 2634 1269 2684 ὲν
1315 2632 1456 2700 λόγῳ
1488 2626 1624 2681 Θεοῦ

1788 2634 1908 2672 rum
1953 2614 2257 2676 laudatum,
2286 2611 2379 2680 qui
2412 2620 2465 2664 et
2492 2625 2638 2663 nunc
2666 2608 2757 2662 Dei
2788 2624 2952 2663 causa
2985 2607 3117 2661 mihi
3151 2606 3315 2659 mini-

61 2728 291 2797 ὑπηρετεῖ
348 2744 447 2797 μοι
512 2725 630 2795 ἅμα
681 2724 791 2794 (49)
859 2723 991 2793 Ῥέῳ
1060 2721 1413 2791 Ἀγαοόποδι,
1472 2718 1626 2790 ἀνδρὶ

61 2818 285 2888 ὲκλεκτῷ,
308 2818 373 2881 ὃς
406 2817 517 2871 ἀπὸ
544 2816 745 2886 Συρίας
780 2833 869 2885 μοι
897 2814 1195 2880 ἀκολουθεῖ,
1215 2812 1627 2883 ἀποταξάμενος

1730 2720 1890 2775 strat,
1920 2724 2028 2762 una
2053 2722 2179 2761 cum
2207 2703 2358 2757 Rheo
2386 2702 2765 2772 AgathOpode,
2792 2701 2912 2754 viro
2932 2700 3127 2762 electo,
3159 2696 3251 2767 qui
3281 2712 3314 2750 a

1731 2803 1891 2876 Syria
1915 2816 2002 2854 me
2044 2798 2358 2857 comitatur,
2386 2794 2509 2848 vitm
2544 2793 2886 2856 renuntiatis,
2924 2790 3129 2861 quique
3156 2788 3315 2842 vobis

60 2910 119 2978 τῷ
152 2878 280 2979 βίῳῖ
324 2878 381 2963 οἳ
432 2909 530 2962 καὶ
579 2878 954 2979 μαρτυροῦσιν
998 2908 1145 2977 ὑμῖν,
1182 2878 1345 2974 κάγὼ
1390 2878 1479 2976 τῷ.
1506 2903 1624 2975 Θεῷ

1781 2908 1934 2949 )ιιιιῐιι
1981 2888 2356 2945 testimonium
2394 2884 2710 2954 perhibent;
2740 2892 2792 2935 et
2824 2897 2924 2952 ego
2961 2880 3068 2933 Deo
3110 2878 3315 2949 gratias

64 3000 331 3070 εὐχαριστῶ
368 3000 518 3071 ὑπὲρ
551 2998 729 3069 ὑμῶν,
768 2998 850 3050 ὅτι
891 2996 1143 3062 ἐδέξασθε
1173 2996 1390 3059 αὐτοὺς,
1431 2995 1506 3058 ὡς
1533 2992 1624 3046 καὶ

1781 3002 1837 3057 go
1863 3000 1963 3055 pro
1988 2982 2166 3048 vobis,
2210 2980 2341 3051 quia
2376 2979 2497 3031 illos
2544 2974 2867 3044 suscepistis
2920 2974 3065 3027 sicut
3115 2980 3169 3024 et
3214 2984 3314 3023 vos

64 3091 217 3160 ἱεμᾶςό
235 3092 468 3164 Κύριος.
500 3092 563 3143 Οἱ
593 3090 650 3143 δὲ
680 3088 1045 3160 ἀτιμάσαντες
1070 3085 1268 3150 αὐτοὺς
1293 3084 1628 3157 λυτρωθείη-

64 3197 139 3233 σειν
180 3185 233 3235 ὲν
278 3187 349 3255 τῇ
397 3183 589 3252 χάριτι
627 3180 723 3233 τοῦ
770 3179 943 3249 Ἰησοῦ
985 3178 1245 3251 Χριστοῦ.
1298 3174 1627 3239 Ἀσπάζεται

64 3273 177 3343 ὑμᾶς
202 3278 233 3345 ἡ
272 3275 471 3344 ἀγάπη
499 3272 611 3325 τῶν
639 3272 882 3340 ἀδελφῶν
908 3272 1015 3324 τῶν
1036 3274 1094 3324 ὲν
1116 3270 1349 3342 Τρωάδι⁸
1381 3268 1504 3321 ὅθεν
1531 3267 1627 3320 κα)⁵

62 3367 223 3435 γράφω
249 3368 383 3437 ὑμῖν
398 3365 493 3420 διὰ
676 3363 938 3434 Βοῦρρου,
980 3362 1323 3433 πεμφθέντος
1352 3361 1468 3431 ἅμα
1500 3359 1623 3430 ἐμοὶ

61 3457 147 3508 ἀπὸ
173 3459 435 3527 Ἐφεσίων
458 3456 559 3509 καὶ
592 3455 913 3526 Σμυρναίων
941 3458 1020 3519 είς
1049 3455 1204 3524 λόγον
1234 3454 1419 3525 τιμῆς.
1450 3452 1625 3523 Τιμή-

66 3565 125 3601 σει
154 3552 343 3613 αὐτοὺς
371 3553 401 3603 ό
438 3548 651 3619 Κύριος
687 3547 892 3618 Ἰησοῦς
918 3546 1171 3619 Χριστὸς,
1206 3547 1287 3610 είς
1306 3546 1366 3599 ὃν
1386 3543 1629 3609 ἐλπίζου-

1738 3080 2024 3135 Dominus.
2052 3075 2122 3131 lis
2156 3089 2286 3130 vero
2340 3071 2433 3143 qui
2477 3072 2599 3125 illos
2648 3068 2945 3138 ignominia
2990 3066 3310 3130 alfeccrunt,

1735 3172 2012 3227 condonet
2053 3169 2229 3237 gratia
2266 3164 2492 3220 Christi.
2531 3162 2747 3217 Salutat
2772 3176 2868 3215 vos
2899 3160 3141 3213 charitas
3193 3157 3310 3233 ira;

1733 3272 1879 3317 trum
1907 3264 1961 3316 in
1992 3259 2227 3323 Troade,
2253 3257 2396 3311 unde
2418 3266 2471 3310 et
2496 3255 2677 3309 scribo
2709 3252 2863 3307 vobis
2899 3268 2991 3321 per
3017 3250 3311 3315 Burrlmm,

1731 3356 1826 3426 qui
1872 3356 2075 3409 missus
2107 3361 2192 3407 est
2218 3364 2433 3404 mecum
2484 3348 2552 3403 ab
2602 3345 2852 3416 Ephesiis
2893 3356 2948 3399 et
2988 3343 3311 3415 Smyrnaais,

1732 3448 1962 3503 honoris
2008 3461 2195 3501 causa.
2229 3444 2471 3499 llonoret
2504 3456 2600 3494 eos
2651 3437 2916 3493 Dominus
2962 3435 3122 3491 Jesus
3148 3435 3312 3488 Chri-

1734 3550 1872 3606 stus,
1905 3540 1959 3593 in
1988 3554 2153 3610 quem
2182 3545 2405 3608 sperant
2432 3549 2619 3599 carne,
2645 3533 2849 3598 anima,
2876 3532 3000 3597 (ide,
3023 3527 3309 3591 charitate,

1448 3690 1629 3751 Vetus
1659 3688 1996 3766 interpres.

64 3817 410 3891 Evangelium,
462 3821 814 3891 praisentiam
846 3819 1147 3875 Salvatoris
1182 3819 1393 3891 Domini
1443 3820 1632 3891 nostri
1663 3817 1790 3874 Jesu
1818 3818 2067 3891 Christi,
2124 3816 2441 3891 passionem
2489 3811 2686 3891 ipsius,
2734 3820 2787 3865 et
2819 3807 3305 3891 resurrectionem.

66 3877 217 3945 bilecii
248 3877 409 3947 enim,
435 3877 719 3961 propheta:
752 3892 1214 3945 annuntiaverunt
1246 3891 1299 3943 in
1341 3890 1558 3959 ipsum:
1594 3888 1949 3958 Evangelium
1994 3877 2179 3942 autem
2218 3885 2485 3956 perfectio
2511 3877 2599 3939 est
2631 3882 3082 3950 iucorruptionis.
3112 3877 3311 3933 Omnia

66 3962 197 4016 simul
228 3965 370 4018 bona
403 3973 565 4028 sunt,
596 3962 643 4015 si
676 3963 729 4015 in
759 3962 1023 4016 charitate
1052 3962 1295 4016 creditis.

1516 4052 1749 4107 CAPUT
1786 4050 1860 4108 X.

117 4148 240 4215 Quia
268 4152 591 4208 secundum
638 4149 943 4205 orationem
973 4159 1233 4211 vestram,
1268 4158 1323 4204 et
1356 4149 1661 4205 secundum
1695 4149 1907 4203 viscera
1948 4145 2344 4219 misericordim
2388 4159 2511 4219 quae
2548 4142 2762 4198 habetis
2810 4142 2863 4195 in
2909 4139 3131 4219 Christo
3158 4136 3310 4219 Jesu,

64 4210 418 4289 annuntiatum
451 4230 543 4277 est
576 4221 734 4283 mihi,
766 4237 950 4289 pacem
984 4221 1186 4276 habere
1219 4210 1671 4289 Ecclesiamquaz
1697 4228 1781 4273 est
1813 4220 1866 4272 in
1896 4218 2187 4273 Antiochia
2215 4210 2428 4287 Syriae?
2456 4217 2658 4289 decens
2686 4223 2769 4289 est
2792 4226 2896 4289 vos
2918 4221 2976 4289 ut
3010 4210 3311 4289 Ecclesiain

65 4284 443 4368 Dei,_ordinare
468 4279 779 4368 diaconum
799 4290 865 4344 ad
898 4291 1351 4368 intercedemlttm
1374 4290 1486 4343 illic
1520 4279 1614 4368 Dei
1640 4290 2128 4368 intercessionem;
2165 4289 2218 4342 in
2233 4279 2595 4368 “congaudens
2628 4286 2759 4353 ipsis
2790 4285 2841 4336 in
2878 4279 3313 4368 idips'uninfactis

66 4366 104 4409 et
138 4350 432 4429 gloriﬁcare
468 4377 697 4415 nomen.
728 4360 928 4415 Beatus
960 4362 1015 4414 in
1064 4359 1193 4415 Jesu
1224 4360 1466 4423 Christo,
1500 4360 1593 4428 qui
1634 4360 2048 4429 dignilicabitur
2072 4350 2134 4429 in
2176 4358 2267 4414 tali
2302 4350 2740 4429 ministratione;
2774 4363 2827 4406 et
2851 4368 2952 4429 vos
2983 4350 3315 4429 glorilicabi-

67 4419 189 4507 mini.
214 4430 546 4507 Valentibus
576 4438 760 4485 autem
791 4431 951 4507 vobis
981 4446 1090 4485 non
1137 4445 1220 4485 εει
1264 4419 1770 4507 impossibile,__pi'o
1817 4432 2041 4485 nomine
2068 4428 2198 4496 Dei;
2245 4436 2306 4483 ut
2348 4437 2402 4483 et
2430 4427 2677 4498 quaedam
2711 4419 3031 4494 propinqua:
3054 4419 3313 4475 Ecclesia!

66 4501 293 4560 miserunt
316 4505 643 4573 episcopos,
667 4501 917 4570 qumdam
946 4512 1129 4558 autem
1160 4502 1510 4570 presbyteros
1536 4508 1589 4555 et
1616 4501 1902 4556 diaconos.
2318 4532 2335 4541 α

1493 4645 1722 4700 CAPUT
1762 4645 1860 4699 XI.

118 4737 181 4795 De
210 4740 445 4799 Philone
479 4749 667 4796 autem
700 4740 956 4804 diacono,
999 4756 1029 4793 a
1057 4740 1270 4804 Cilicia,
1313 4742 1432 4795 viro
1478 4742 1852 4796 testimonium
1902 4742 2159 4804 habente,
2205 4740 2299 4808 qui
2326 4747 2380 4793 et
2423 4753 2569 4792 nunc
2613 4736 2667 4808 in
2700 4732 2866 4787 verbo
2894 4730 2988 4783 Dei
3036 4731 3313 4808 ministrat

67 4810 171 4864 mihi
194 4828 310 4867 cum
354 4812 474 4866 [leo
498 4811 860 4880 Agathopode
888 4801 1005 4863 viro
1041 4812 1233 4871 electo,
1257 4801 1359 4880 qui
1393 4828 1422 4865 a
1455 4810 1614 4881 Syria
1648 4828 1733 4866 me
1758 4812 2029 4892 sequitur,
2057 4801 2455 4864 abrenuntiatis
2484 4805 2712 4869 saeculo;
2782 4809 2835 4856 ui
2864 4812 2916 4856 et
2946 4801 3313 4883 testiticantur

67 4881 208 4941 vobis,
231 4894 283 4938 et
309 4900 414 4941 ego
442 4882 559 4936 Deo
588 4884 794 4941 gratias
822 4896 924 4941 ago
955 4898 1052 4941 pro
1092 4882 1267 4941 vobis,
1297 4882 1563 4941 quoniam
1599 4883 1883 4941 recepistis
1922 4883 2094 4941 ipsos,
2123 4892 2183 4941 ut,
2214 4890 2267 4934 et
2293 4896 2391 4933 vos
2426 4878 2711 4932 Dominus.
2738 4820 2843 4941 ὃιιί
2870 4882 3052 4928 autem
3078 4873 3313 4925 inhono-

67 4881 208 4947 vobis,
231 4894 283 4938 et
309 4900 414 4953 ego
442 4878 569 4936 Deo'
588 4878 794 4950 gratias
822 4896 924 4950 ago
955 4898 1052 4949 pro
1092 4882 1267 4947 vobis,
1287 4878 1563 4950 quoniam
1599 4878 1883 4951 recepistis
1922 4883 2094 4951 ipsos,
2123 4892 2183 4943 ut
2214 4890 2267 4934 et
2293 4896 2391 4933 vos
2426 4878 2711 4932 Dominus.

2791 4874 2843 4927 ui
2870 4882 3052 4928 autem
3078 4873 3313 4925 inhono-

92 4994 522 5069 (42)I.e.Seopus
540 5006 655 5052 tum
672 4998 1083 5067 prophetarum,
1106 5009 1220 5053 tum
1236 5001 1633 5068 apostolorum,
1671 5008 1713 5062 ι)
1739 5018 1861 5057 cum
1896 5001 2094 5057 Vossio
2122 5000 2518 5056 exhibentértsl
2539 4995 2749 5053 BéJAc.

68 5070 311 5139 etc.,idem
332 5082 440 5133 est,
465 5084 665 5137 nempe
696 5069 825 5121 unio
852 5069 1074 5122 humani
1108 5073 1319 5139 generis
1342 5087 1466 5125 cum
1503 5070 1628 5125 Deo.

67 5138 219 5262 hu(IL?)
256 5140 629 5210 lnterpolator
654 5140 805 5192 addit
836 5138 1267 5210 Ewrﬁpo;,quod
1293 5150 1346 5193 et
1374 5143 1627 5211 legitvet.

133 5246 145 5259 .
197 5226 273 5262 sc.

133 5246 145 5259 .
169 5226 273 5263 διο.

72 5342 81 5353 ο
123 5278 218 5353 (44)
259 5280 296 5334 l.
321 5297 372 5336 e.
417 5279 723 5353 Evangelio
763 5282 799 5353 ii
840 5278 1218 5353 βασιλεία-τοῦ
1265 5280 1400 5353 Θεοῦ
1432 5292 1485 5334 et
1516 5282 1624 5335 vita

72 5350 112 5395 in
139 5350 229 5422 hoc
248 5368 415 5422 regno
442 5360 654 5422 acterna
677 5350 923 5422 instituta
952 5361 1053 5403 est.
1089 5350 1257 5403 Aliter
1284 5352 1336 5401 h.
1379 5352 1416 5405 Ι.
1447 5355 1625 5419 expli-

68 5426 136 5493 cat
154 5417 428 5491 Heringius
460 5438 475 5472 :
514 5421 761 5493 Perfecta
780 5421 1049 5493 doctrina,
1074 5436 1193 5493 qua:
1220 5436 1420 5493 semper
1447 5417 1625 5474 mane-

71 5486 146 5549 bit,
166 5503 266 5555 post
294 5486 452 5561 quam
476 5486 871 5561 niihiliantplius
903 5486 1235 5544 revelabitur.
1255 5489 1371 5543 Jac.

131 5561 227 5627 (43)
250 5559 369 5627 il.'e.
409 5560 474 5615 V.
506 5572 563 5615 et
593 5560 655 5612 Ν.
695 5559 758 5613 Τ.

132 5626 224 5699 liti)
246 5626 507 5696 Ἐπειδὴ.
546 5632 621 5685 Ita
645 5633 767 5685 cod.
801 5649 901 5686 ms.
937 5631 1240 5687 Cotclcrins
1272 5640 1323 5683 et
1346 5630 1615 5685 Sntithius

1816 5074 1928 5141 (47)
1971 5074 2046 5126 Ex
2108 5074 2206 5126 hac
2258 5081 2312 5126 et
2348 5087 2434 5139 cp.
2478 5070 2541 5124 ad
2588 5070 2831 5141 Siityru.,
2872 5080 2923 5118 c.
2964 5062 3021 5115 Η
3059 5059 3196 5141 _(cfr.
3242 5058 3308 5111 ad

1738 5136 1950 5212 Polye.,
2000 5160 2049 5197 c.
2098 5144 2150 5211 7)
2190 5136 2960 5212 cognoscimus,ignauum,_
2991 5136 3307 5212 priusquam

1734 5200 1998 5268 minorem
2030 5200 2215 5268 Asiam
2242 5200 2823 5280 rT'liqtiissct,'de'pzice
2840 5203 3095 5280 Ecclesiae
3123 5200 3310 5251 Antio-

1731 5286 1919 5338 chense
1946 5286 2151 5338 reddita
2185 5268 2471 5337 certiorem
2499 5268 2707 5331 tactum
2737 5275 2924 5328 fuisse.
2965 5268 3164 5323 Ussnu.

1802 5354 1914 5423 (48)
1957 5354 2159 5423 Philoe
2182 5353 2371 5406 Cilicia
2392 5349 2678 5423 oriundus,
2708 5359 2834 5399 cum
2863 5341 3069 5411 lgnatio
3095 5339 3310 5393 Troade

1726 5420 2083 5504 fuilt.‘Cir:nad
2110 5422 2357 5504 Stiiyrn.,
2390 5436 2441 5473 c.

1822 5495 1911 5559 49)
1956 5492 2066 5545 Cir.
2105 5494 2169 5545 ad
2198 5487 2441 5559 Smy.rn.,
2471 5487 2603 5559 ibid.

1822 5496 1911 5559 49)
1956 5496 2066 5545 Cir.
2105 5496 2169 5545 ad
2198 5496 2441 5559 Smy.rn.,
2471 5496 2603 5540 ilnd.

1798 5496 1910 5631 (50)
1946 5564 2059 5618 Cir.
2098 5564 2161 5617 ad
2203 5561 2448 5629 Smyrn.,
2480 5574 2530 5612 c.
2564 5556 2674 5619 12.,
2710 5555 2774 5609 ad
2810 5553 3035 5623 Ephes.,
3065 5568 3115 5607 c.
3141 5551 3198 5607 2.
