3754 6206
59 244 155 298 757

889 292 894 297 .
953 248 958 253 ’
1013 245 1370 302 ΕΡΙδΤΟΗΕ
1399 243 1922 301 ιΝτΕιιΡοιΑτΑι.
1960 277 2026 287 -
2051 248 2140 302 AD
2170 246 2519 304 EPﬂESlOS.

3253 244 3358 300 738

62 379 148 416 rat
180 363 608 433 παρηνόμουν
631 365 741 431 ἕως
763 364 1012 435 σφόδρα.
1036 367 1198 435 Λέγει
1218 367 1273 420 δὲ
1296 368 1388 422 καὶ
1419 369 1448 421 ὁ
1477 368 1654 439 Κύριοι

1864 369 1953 438 qui
1995 385 2072 422 me
2115 372 2286 436 audit,
2311 371 2459 423 audit
2505 368 2748 432 Patrem,
2787 370 2878 439 qui
2914 368 3069 422 misit
3109 384 3208 421 me.
3253 370 3358 432 Qui

61 452 194 524 πρὸς
246 455 385 518 τοὺς
431 457 640 527 ἱερεῖς·
691 459 753 510 '0
784 457 947 527 ὑμῶν
977 457 1230 521 ἀκούων,
1263 458 1411 526 ἐμοῦ
1453 460 1672 514 ἀκούειο

58 543 150 594 καὶ
199 545 234 596 ό
290 543 448 612 ἐμοῦ
503 547 772 610 ἀκούων,
817 547 1016 600 ἀκούει
1070 547 1177 600 τοῦ
1226 547 1575 617 πέμψαντός
1603 565 1679 617 με

57 631 314 698 Πατρός-⁵
354 636 389 685 ό
412 632 585 702 ὑμᾶς
606 635 852 699 ἀθετῶν,
874 635 976 704 ἐμὲ
1005 636 1218 689 eam?
1256 641 1288 690 o'
1307 637 1374 690 δὲ
1406 636 1510 706 ἐμὲ
1542 639 1677 690 ἀθε-

58 720 194 783 τῶν,
235 723 452 777 ἀθετεῖ
479 726 596 779 τὸν
616 726 933 795 erepat-arm
959 745 1053 796 με.

128 811 197 864 Ἦ
258 814 420 885 Ὅσῳ
478 812 579 869 οῦν
613 816 837 887 βλέπετε
882 819 1170 873 σιωπῶντα
1222 820 1312 874 τὸν
1357 810 1670 888 ἐπίσκοπον,

59 901 243 954 πλεῖον
261 903 437 956 αὐτὸν
455 905 737 974 φοϐεῖσθε·
765 907 938 960 πάντα
955 908 1061 978 γὰρ
1091 908 1148 962 ὃν
1176 910 1381 979 πέμπει
1397 913 1425 964 6
1449 913 1676 965 olzo'o‘ecr~

59 994 230 1065 πότης
275 997 364 1059 είς
408 996 555 1049 ἰδίαν
590 999 897 1069 οἰκονομίαν
918 1039 932 1063 ,
962 999 1132 1064 οὕτως
1167 1001 1327 1053 αὐτὸν
1355 1001 1434 1054 δεῖ
1455 1003 1600 1073 ἡμᾶς
1631 1003 1675 1033 ’⁵

58 1087 340 1155 δέχεσθαι,
377 1088 460 1152 ὡς
491 1091 661 1143 αὐτὸν
690 1091 782 1144 τὸν
807 1091 1115 1162 πέμψαντα·
1135 1092 1226 1145 τὸν
1242 1090 1332 1146 οῦν
1351 1095 1670 1160 ἐπίσκοπον,

57 1179 211 1248 δῆλον
235 1180 434 1244 ὅτιὼς
469 1183 640 1236 αὑτὸν
685 1183 775 1236 τὸν
800 1184 999 1256 Κύριον
1038 1185 1119 1238 δεῖ
1167 1185 1548 1257 προσϐλέπειν,
1597 1188 1674 1259 τῷ

61 1272 254 1342 Κυρίῳ
304 1273 655 1345 παρεστῶτα
685 1274 818 1346 ('25).
878 1276 1182 1343 Ὀρατικὸν
1228 1275 1285 1328 δὲ
1335 1277 1524 1346 ἄνδρα
1573 1280 1671 1333 καὶ

61 1363 209 1424 ἰξὺν
243 1365 384 1430 τοῖς
418 1365 645 1432 ἔργοις,
676 1365 1007 1429 ,ϐασιλεῦσι
1039 1365 1134 1418 δεῖ
1161 1366 1546 1434 παρεστάναι,
1574 1369 1669 1422 καὶ

55 1454 135 1523 μὴ
171 1455 573 1522 παρεστάναι
606 1456 936 1524 ἀνθρώποις
967 1457 1232 1525 νωθροῒς.
1280 1457 1450 1513 Αὐτὸς
1491 1460 1670 1529 μέντοι

72 1544 377 1617 Ὀνήσιμος
412 1547 776 1618 ὑπερεπαινεί
804 1547 954 1617 ὑμῶν
988 1547 1086 1619 τὴν
1129 1550 1186 1600 ὲν
1228 1547 1348 1618 Θεῷ
1396 1548 1666 1615 εὐταξίαν,

63 1635 138 1687 ὅτι
167 1636 388 1700 πάντες
417 1638 570 1691 κατὰ
599 1636 852 1708 ἀλήθειαν
875 1636 1022 1707 ζῆτε,
1058 1638 1150 1690 καὶ
1177 1639 1258 1690 ὅτι
1287 1641 1343 1690 ὲν
1367 1639 1492 1710 ὑμῖν
1522 1639 1670 1692 οῦδε-

1789 477 1875 513 vos
1911 463 2126 528 spernit,
2164 479 2241 515 me
2276 464 2471 530 spernit
2503 477 2520 514 :
2555 464 2644 532 qui
2673 472 2848 515 autent
2871 479 2950 516 me
2975 464 3358 531 speruit,sper-

1786 554 1862 605 uit
1898 571 2014 606 cum
2049 555 2138 621 qui
2166 555 2310 608 misit
2339 571 2416 608 me
2440 556 2502 608 ’³.

1846 817 1929 871 Vl.
1961 816 2175 884 Quanto
2201 817 2381 886 itaque
2413 817 2818 871 taciturniorem
2850 816 3090 872 videritis
3141 818 3355 886 episco-

1775 926 1926 978 pum,
1962 920 2113 963 tanto
2166 909 2338 977 magis
2384 924 2507 961 cum
2553 909 2929 963 revercamini.
2962 909 3352 978 Quemcunque

1775 1001 1920 1055 enim
1972 1000 2360 1071 paterfamilias
2412 1001 2575 1055 mittit
2617 1001 2683 1055 ad
2717 1002 3124 1072 gubernandam
3189 1002 3349 1056 fami-

1775 1094 1904 1147 liam
1939 1111 2130 1161 suam,
2170 1095 2314 1149 hunc
2354 1093 2429 1147 ita
2472 1094 2717 1163 accipere
2771 1094 3064 1159 debemus,
3105 1104 3163 1148 ut
3195 1096 3348 1148 illum

1776 1187 1953 1255 ipsum
1991 1187 2083 1255 qui
2122 1187 2290 1243 misit.
2323 1185 2652 1256 Episcopum
2690 1185 2855 1251 igitur
2889 1187 3236 1243 manifestum
3264 1197 3352 1243 est

1772 1279 1916 1347 quod
1962 1279 2205 1347 aspicere
2251 1287 2501 1348 oporteat
2547 1286 2604 1332 ut
2647 1278 2825 1347 ipsum
2882 1278 3194 1342 Dominum,
3222 1295 3346 1333 cum

1772 1367 2003 1422 Domino
2035 1353 2300 1423 assistat:
2337 1370 2694 1424 Pervidentem
2723 1379 2902 1424 autem
2940 1372 3110 1424 virum
3147 1382 3196 1425 et
3225 1387 3351 1440 ope-

1773 1460 1914 1512 ribus
1962 1472 2175 1514 acutum
2226 1471 2426 1529 oportet
2462 1463 2666 1531 regibus
2714 1464 3065 1526 assistere,et
3109 1480 3208 1516 non
3258 1481 3350 1517 as-

1769 1551 1953 1604 sistere
1983 1553 2280 1608 hominibus
2308 1555 2705 1611 socordibus”.
2740 1554 2937 1624 Etipse
2961 1556 3180 1624 quidem
3213 1554 3351 1610 Onc-

1772 1643 1944 1698 simus
1962 1660 2123 1714 supra
2150 1646 2370 1700 modum
2392 1647 2576 1700 laudat
2597 1655 2836 1702 vestrum
2863 1647 2915 1700 in
2931 1646 3041 1701 Deo
3060 1648 3346 1716 pulchrum

64 1729 155 1796 μία
187 1729 418 1798 αἵρεσις
450 1731 719 1782 κατοικεῖ·
751 1727 864 1782 ἀλλ’
896 1728 1015 1781 οὐδὲ
1045 1729 1271 1782 ἀκούετέ
1306 1748 1466 1794 τινος,
1504 1731 1536 1802 ἢ
1580 1731 1654 1802 μό

1833 1735 2036 1801 dinem,
2054 1737 2196 1806 quod
2215 1753 2406 1792 omnes
2438 1738 2742 1792 secundum
2769 1739 3047 1792 veritatem
3075 1739 3277 1803 vivitis,
3296 1746 3351 1791 ct

62 1835 145 1871 νου
197 1818 390 1891 Ἰησοῦ
421 1819 690 1891 Χριστοῦ,
715 1819 806 1873 τοῦ
833 1820 1087 1890 ἀληθινοῦ
1124 1823 1378 1892 ποιμένος
1408 1822 1501 1874 καὶ
1529 1823 1672 1874 διδα-

66 1911 268 1964 σκάλου
295 1911 437 1983 (26)’
483 1912 580 1965 καί
609 1915 754 1975 ὲστε,
799 1913 874 1977 ὡς
904 1912 1115 1977 Παῦλος
1150 1915 1279 1985 ὑμῖν
1321 1915 1576 1986 ἔγραφεν,
1602 1915 1672 1968 ἓν

65 2003 254 2072 σῶμα,
296 2004 398 2057 καὶ
435 2003 513 2057 ἐν
545 2005 802 2073 πνεῦμα,
845 2003 933 2058 διὰ
974 2006 1034 2058 τὸ
1071 2006 1164 2060 καὶ
1213 2007 1283 2059 ἐν
1314 2005 1423 2076 μιᾷ
1471 2009 1670 2061 ἐλπίδι

63 2093 406 2160 πεφιλῆσθαι
431 2091 552 2160 τῆς
580 2093 857 2157 πίστεως.
907 2093 1166 2164 Ἐπείπερ
1196 2093 1289 2147 καὶ
1318 2089 1404 2159 εἷς
1435 2095 1668 2161 Κύριος,

65 2185 162 2252 μιά
193 2185 435 2249 πίστις,
492 2183 567 2236 ἓν
600 2181 938 2252 βάπτισμα,
982 2180 1072 2250 εἷς
1125 2184 1269 2250 Θεὸς
1315 2185 1411 2238 καὶ
1464 2185 1670 2254 Πατὴρ

65 2275 326 2338 πάντων,
366 2279 402 2329 ό
443 2275 549 2328 ἐπὶ
584 2275 846 2340 πάντων,
892 2276 989 2330 καὶ
1031 2275 1128 2330 διὰ
1167 2275 1428 2342 πάντων,
1461 2277 1556 2330 καὶ
1603 2277 1672 2329 ἐν

67 2365 273 2420 πᾶσιν.
323 2367 526 2438 Ὑμεῖς
576 2366 675 2437 μὲν
715 2362 806 2420 οῦν
849 2370 973 2421 ὲστε
1015 2367 1263 2432 τοιοῦτοι,
1307 2367 1412 2420 ὑπὸ
1451 2367 1670 2420 τοιῶνδε

69 2458 371 2512 παιδευτῶν
417 2458 881 2529 στοιχειωθὲντες,
920 2459 1130 2513 Παύλου
1165 2459 1260 2512 τοῦ
1292 2458 1667 2530 Χριστοφόρου

70 2551 154 2601 καὶ
170 2550 452 2621 Τιμοθέου
488 2549 586 2603 τοῦ
613 2551 958 2604 πιστοτάτου.

139 2749 248 2804 VII.
288 2751 458 2814 Τινὲς
492 2751 551 2804 δὲ
590 2751 910 2820 φαυλότατοι
946 2752 1168 2808 εἰώθασι
1200 2753 1334 2825 δόλῳ
1359 2755 1580 2828 πονηρῷ
1609 2756 1671 2810 τὸ

73 2840 230 2912 δνομα
247 2843 605 2914 περιφέρειν,
624 2842 761 2894 ἀλλὰ
787 2861 906 2895 τινα
939 2845 1273 2914 πράσσοντες
1304 2845 1497 2910 ἀνάξια
1510 2846 1666 2910 Θεοῦ,

75 2935 157 2986 καὶ
171 2935 511 3005 φρονοῦντες
537 2934 759 2988 ἐναντία
776 2936 873 3006 τῆς
899 2935 993 2988 τοῦ
1032 2937 1267 3007 Χριστοῦ
1300 2938 1667 3002 διδασκαλίας,

1773 1827 1916 1896 quod
1944 1828 2085 1883 inter
2113 1845 2212 1884 vos
2238 1830 2422 1884 nullus
2445 1839 2529 1885 est
2561 1832 2752 1885 haeresi
2783 1832 2970 1895 locus;
3003 1832 3096 1885 sed
3127 1847 3227 1886 nec
3251 1847 3322 1886 au

1774 1919 1902 1974 ditis
1926 1920 2162 1989 aliquem
2182 1963 2196 1987 ,
2230 1921 2336 1976 nisi
2367 1923 2545 1976 solum
2583 1921 2770 1976 Jesum
2810 1923 3092 1976 Christum
3116 1937 3347 1988 ,weruul

1771 2024 2044 2082 pastorem
2075 2023 2130 2066 et
2164 2014 2524 2084 magistrum;
2566 2023 2728 2084 atque
2764 2015 2932 2078 estis,
2966 2025 3025 2068 ut
3055 2014 3258 2070 Paulus
3276 2014 3349 2068 od

1774 2120 1870 2160 vos
1913 2105 2150 2175 scripsit,
2184 2121 2344 2158 unum
2389 2122 2598 2172 corpus,
2657 2115 2704 2160 et
2751 2123 2889 2159 unus
2947 2107 3186 2176 spiritus,
3221 2120 3352 2176 pro-

1771 2205 1953 2266 pterea
1977 2198 2120 2266 quod
2153 2197 2321 2250 vocati
2351 2199 2476 2250 estis
2513 2199 2567 2249 in
2595 2213 2699 2251 una
2727 2214 2815 2267 spe
2833 2198 2974 2266 ﬁdei.
2997 2197 3350 2266 Quandoqui-

1771 2288 1893 2343 dem
1937 2298 1991 2342 et
2039 2305 2173 2342 unus
2215 2289 2492 2350 Dominus,
2535 2307 2641 2342 una
2671 2291 2822 2359 ﬁdes,
2870 2307 3031 2343 unum
3062 2290 3348 2360 l'uptisma,

1771 2396 1906 2432 unus
1939 2379 2074 2434 Deus
2109 2389 2156 2432 et
2187 2380 2348 2434 Pater
2381 2382 2636 2444 omnium,
2667 2382 2756 2452 qui
2779 2391 2854 2434 est
2891 2398 3047 2450 super
3075 2398 3270 2446 omnes,
3301 2392 3351 2438 et

1771 2489 1864 2542 per
1896 2473 2096 2532 omnia.
2128 2482 2176 2526 et
2223 2474 2275 2527 in
2320 2467 2562 2528 omnibus
2593 2475 2659 2526 ’⁸.
2698 2473 2804 2528 Vos
2829 2474 3012 2545 itaque
3043 2475 3173 2528 estis
3199 2474 3351 2543 ejus-

1772 2565 1957 2629 modi,
2002 2581 2033 2618 a
2084 2566 2282 2620 talibus
2343 2565 2770 2622 instructoribus
2819 2567 3056 2630 eruditi,
3112 2581 3142 2620 a
3186 2564 3355 2619 Paulo

1771 2656 2116 2724 Cbristil'ero,
2151 2668 2207 2714 et
2237 2659 2554 2714 lidelissimo
2581 2659 2888 2714 Timotheo.

1849 2747 1956 2802 Vll.
2009 2747 2266 2804 Nonnulli
2312 2759 2493 2804 autem
2541 2751 2935 2820 improhissimi
2989 2751 3167 2814 solent
3212 2751 3356 2804 male

1771 2841 1897 2896 dolo
1928 2857 2125 2895 nomen
2165 2843 2554 2910 circumferre;
2600 2844 2690 2897 sed
2733 2852 2953 2912 patrant
2982 2842 3230 2912 quaedam
3267 2842 3353 2896 in-

1770 2931 1931 3001 digna
1964 2931 2092 2998 Deo,
2151 2942 2206 2988 et
2237 2934 2478 2987 sentiunt
2528 2949 2591 2987 ea
2640 2949 2764 3002 qum
2809 2943 3052 3002 pugnant
3097 2949 3221 2988 cum
3260 2932 3353 2986 Dei

76 3027 151 3078 ἐπ’
172 3026 386 3100 ὀλέθρῳ
414 3028 634 3082 ἑαυτῶν
667 3027 761 3080 καὶ
778 3027 883 3080 τῶν
913 3027 1249 3099 πειθομένων
1265 3030 1467 3093 αὐτοῖς’
1487 3029 1579 3094 οὒς
1592 3031 1654 3084 δε

1832 3025 2045 3089 )ctrina,
2081 3025 2133 3078 in
2164 3026 2390 3079 exitium
2438 3025 2719 3095 proprium
2762 3039 3066 3094 eorumque
3105 3025 3197 3092 qui
3248 3024 3354 3077 illis

79 3118 227 3189 ὑμᾶς,
267 3122 348 3185 ὼς
386 3121 568 3193 θηρία
607 3120 892 3174 ἐκκλίνειν.
941 3121 1177 3187 Δίκαιος
1216 3121 1326 3194 γὰρ
1365 3123 1666 3188 ἐκκλίνας,

78 3213 305 3273 σώζεται
343 3216 444 3279 εὶς
479 3213 588 3266 τὸν
620 3211 822 3266 αἱῶνα-
861 3215 1176 3283 πρόχειρος
1208 3212 1276 3266 δὲ
1317 3213 1542 3281 γίνεται
1573 3213 1672 3266 καί

79 3304 392 3374 ἐπίχαρτος
426 3303 672 3359 ἀσεϐῶν
693 3304 975 3358 ἁπάλιεια.
1003 3305 1138 3359 Εἰσὶ
1162 3305 1270 3377 γὰρ
1293 3305 1474 3370 κύνες
1491 3305 1668 3370 ἑνεοὶ,

81 3397 142 3446 οὐ
175 3394 519 3464 δυνάμενοι
563 3394 868 3459 ὑλακτεῖν,
917 3395 1246 3458 λυσσῶντες,
1294 3393 1668 3467 λαθρόδηκτοι,

81 3485 161 3550 0'3;
181 3486 569 3555 φυλάσσεσθαι
604 3488 729 3559 χρή·
773 3488 968 3542 ἀνίατα
998 3489 1108 3561 γὰρ
1142 3488 1410 3543 νοσοῦσιν.
1468 3489 1672 3562 Ἰατρὸς

82 3577 129 3628 δὲ
154 3581 306 3650 ἡμῶν
342 3582 501 3632 ἐστιν
539 3581 568 3632 6
604 3579 764 3648 μόνος
800 3578 911 3648 (27)
942 3579 1194 3650 ἀληθινὸς
1218 3582 1370 3645 Θεὸς,
1389 3583 1418 3634 ὁ
1439 3583 1672 3654 ἀγέννη-

84 3687 161 3733 τος
187 3672 280 3725 καὶ
301 3671 633 3744 ἀπρόσιτος,
663 3671 692 3722 6
725 3672 830 3724 τῶν
863 3672 1000 3725 ὅλων
1029 3672 1252 3744 Κύριος,
1294 3672 1387 3725 τοῦ
1416 3672 1472 3725 δὲ
1502 3674 1674 3726 Μονο-

85 3764 260 3829 γενοῦς
294 3763 496 3834 Πατὴρ
533 3761 628 3815 καὶ
649 3763 943 3835 γεννήτωρ.
987 3763 1221 3833 Ἔχομεν
1249 3765 1432 3836 ἰατρὺν
1460 3765 1554 3817 καὶ
1583 3762 1673 3817 τὸν

88 3856 276 3929 Κύριον
334 3854 502 3926 ἡμῶν
543 3853 677 3905 Θεὸν
739 3853 946 3923 Ἰησοῦν
987 3854 1078 3906 τὸν
1127 3855 1383 3924 Χριστὸν,
1435 3855 1524 3909 τὸν
1571 3855 1674 3928 πρὸ

87 3946 283 4001 αἰώνων
325 3945 462 3998 Υἱὸν
516 3944 780 4014 μονογενῆ
834 3944 929 3997 καὶ
977 3945 1172 4014 Λόγον,
1222 3943 1449 4018 ὕστερον
1489 3946 1546 3998 δὲ
1582 3947 1676 3998 καὶ

88 4037 360 4110 ἄνθρωπον
392 4041 460 4091 ἐκ
496 4035 713 4107 Μαρίας
751 4036 848 4106 τῆς
888 4036 1183 4110 Παρθένου.
1245 4037 1307 4089 '0
1335 4039 1525 4107 Λόγος
1566 4038 1674 4111 γὰρ

88 4131 230 4199 σὰρξ
253 4132 521 4201 ἐγένετο·
558 4130 586 4180 ὁ
619 4127 905 4198 ἀσώματος
945 4131 1002 4182 ὲν
1036 4127 1268 4198 σώματι,
1309 4131 1338 4180 6
1367 4128 1580 4199 ἀπαθὴς
1621 4132 1677 4182 ὲν

91 4224 304 4294 παθητῷ
329 4223 572 4294 σώματι,
606 4223 635 4274 6
657 4220 920 4284 ἀθάνατος
951 4223 1009 4273 ὲν
1032 4219 1209 4291 θνητῷ
1232 4219 1465 4291 σώματι,
1497 4221 1529 4290 ἡ
1564 4219 1676 4292 ζωὴ

92 4318 140 4368 ὲν
165 4317 360 4388 φθορᾷ,
399 4316 554 4377 ὅπως
577 4313 809 4367 θανάτου
843 4314 938 4366 καὶ
967 4312 1176 4384 φθορᾶς
1215 4311 1556 4385 ἐλευθερώσῃ
1583 4314 1678 4365 καὶ

1772 3119 2035 3186 credunt;
2065 3133 2207 3188 quos
2236 3127 2452 3188 oportet
2482 3133 2597 3183 vos,
2633 3129 2692 3171 ut
2722 3116 2888 3182 l‘eras,
2918 3116 3353 3172 evitareJustes

1770 3210 1914 3264 enim
1947 3211 2242 3274 declinans,
2275 3212 2514 3265 salvatur
2540 3213 2592 3264 in
2621 3210 2875 3264 saxulum
2907 3226 2924 3263 :
2963 3211 3134 3280 facilis
3178 3221 3354 3262 autem

1771 3303 1832 3371 ﬁt
1871 3314 1917 3356 et
1954 3303 2225 3372 jucundus
2272 3305 2556 3373 impiorum
2608 3305 2853 3370 interitus
2904 3304 2969 3358 ’⁷.
3025 3301 3161 3356 Sunt
3203 3303 3353 3356 enim

1761 3409 1928 3446 canes
1978 3395 2132 3459 muti,
2192 3411 2295 3448 non
2353 3395 2581 3448 ualentes
2621 3394 2823 3448 latrare
2867 3393 2934 3459 ’⁸,
2974 3393 3168 3456 rabidi,
3211 3395 3352 3446 clam

1773 3485 2114 3547 mordentes;
2154 3502 2293 3555 quos
2321 3485 2490 3540 vitare
2522 3494 2735 3556 oportet
2773 3503 2787 3540 :
2819 3483 3236 3540 laborantenim
3271 3485 3355 3538 iu-

1774 3578 2002 3646 curabili
2063 3579 2277 3635 morbo.
2322 3579 2564 3634 Medicus
2609 3590 2790 3646 autem
2843 3588 3028 3634 uoster
3080 3586 3164 3632 est
3203 3579 3354 3632 solus

1773 3684 1935 3723 verus
1965 3668 2128 3735 Deus,
2163 3668 2436 3737 ingenitus
2474 3681 2528 3724 et
2568 3671 2920 3736 inaeeessus;
2967 3668 3352 3723 universorum

1777 3757 2062 3821 Dominus,
2095 3758 2360 3830 unigeniti
2391 3769 2574 3814 autem
2615 3759 2778 3814 Pater
2817 3775 2880 3816 ac
2907 3759 3138 3831 genitor.
3177 3757 3354 3813 Habe-

1776 3866 1899 3906 mus
1923 3851 2084 3905 etiam
2126 3851 2399 3908 medicum
2430 3852 2724 3908 Dominum
2769 3868 3019 3909 nosrrum
3057 3851 3225 3906 Deum
3266 3850 3357 3906 Je-

1777 3959 1898 3998 sum
1927 3943 2230 4010 Christum,
2278 3954 2406 4002 ante
2445 3946 2645 4002 saecula
2683 3945 2884 4000 Filium
2924 3946 3262 4010 unigenitum
3302 3956 3359 3999 et

1779 4033 2046 4102 Verbum;
2077 4046 2263 4105 postea
2288 4053 2420 4092 vero
2444 4035 2497 4092 et
2525 4039 2798 4093 hominem
2831 4054 2898 4092 ex
2923 4037 3093 4092 Maria
3113 4036 3353 4108 Virgine.

1790 4127 2012 4181 Verbum
2063 4131 2209 4184 enim
2263 4147 2388 4184 caro
2428 4131 2629 4201 factum
2668 4141 2745 4184 est
2783 4133 2866 4198 ”;
2911 4131 3266 4200 incorporeus
3301 4129 3355 4183 in

1782 4236 2031 4289 corpore,
2060 4223 2418 4294 impassibilis
2461 4225 2514 4277 in
2555 4239 2785 4294 corpore
2826 4224 3092 4293 passibili,
3128 4219 3357 4277 immor—

1780 4316 1905 4369 talis
1938 4315 1990 4368 in
2021 4331 2249 4384 corpore
2277 4317 2516 4380 mortali,
2563 4317 2671 4370 vita
2705 4315 2762 4368 in
2812 4316 3182 4384 corruptione,
3227 4324 3286 4368 ut
3325 4329 3356 4367 a

94 4408 342 4481 ἱατρεύεῃ
371 4407 476 4469 τὰς
515 4405 693 4476 ψυχὰς
719 4404 897 4476 ἡμῶν,
936 4405 1030 4458 καὶ
1065 4405 1279 4474 ἰάσηται
1309 4405 1479 4468 αὑτὰς
1512 4422 1654 4475 νοση-

1832 4418 1959 4461 torte
1993 4417 2046 4462 et
2079 4409 2430 4477 corruptione
2477 4409 2733 4461 liberaret
2781 4414 2835 4459 et
2875 4415 3094 4460 curaret
3143 4405 3357 4458 animas

93 4499 364 4564 ἰευθείσας
403 4501 463 4552 ἐν
501 4496 727 4568 ἀσεϐείᾳ
751 4496 845 4549 καὶ
877 4498 1142 4568 πονηραῖς
1173 4495 1506 4566 ἐπιθυμίαις.

162 4677 288 4733 Vlll.
319 4675 416 4748 Μὴ
458 4671 554 4728 οῦν
592 4693 676 4738 τις
705 4675 851 4745 ὑμᾶς
886 4673 1230 4739 ἐξαπατάτω,
1266 4673 1454 4747 ὥσπερ
1490 4677 1534 4706 ³⁰
1559 4675 1680 4729 οὐδὲ

161 4866 203 4896 ’³
232 4865 371 4919 Luc.
409 4881 465 4928 x,
498 4863 585 4918 16.
658 4864 705 4895 ³⁸
738 4864 812 4916 al.
847 4864 1012 4933 ὑμᾶς.

104 4934 178 4989 l0.
252 4937 297 4968 ”
323 4934 490 4988 Joan.
524 4950 562 4998 ι,
598 4934 684 4988 14.
749 4933 794 4965 ³⁰
826 4950 931 4988 ms.
964 4936 1122 5005 ὅπερ.
1174 5005 1190 5014 ᾗ

183 5123 271 5184 ‘25)
319 5125 435 5179 Τόν
478 5117 594 5176 οὖν
635 5121 992 5185 ἐπίσκοπον,
1041 5121 1237 5190 δῆλον
1266 5121 1354 5175 ὅτι
1388 5125 1468 5190 ὠς
1501 5123 1687 5178 αὐτὸν

102 5192 197 5245 τὸν
248 5197 472 5261 Κύριον
522 5192 621 5246 δεῖ
673 5191 1098 5260 προσϐλέπειν,
1136 5191 1215 5257 τῷ
1255 5195 1449 5262 Κιφίῳ
1511 5210 1689 5262 παρε-

106 5263 306 5318 στῶτα.
331 5259 640 5326 Ἀηιοηίυε,
679 5259 734 5315 in
780 5263 902 5316 loco
937 5263 1125 5326 citato,
1159 5259 1377 5318 brevius
1407 5259 1429 5317 ι’
1457 5263 1559 5314 Τὸν
1591 5259 1686 5317 οὖν

108 5332 491 5405 ἐπίσγρπον,ιῖ›ς
502 5332 671 5405 αὑτὸν
694 5331 784 5405 τὸν
799 5331 1002 5405 Κύριον
1017 5334 1100 5386 δεῖ
1114 5331 1460 5405 προθλέπειν.
1484 5331 1680 5405 Ussen.

169 5403 278 5474 (26)
323 5403 441 5474 Τοῦ
480 5402 773 5474 ἀληθινοῦ
825 5400 1114 5474 ποιμένος⁸
1157 5400 1256 5456 καὶ
1289 5400 1682 5458 διδασκάλου.

109 5471 384 5542 Anglican.
423 5473 724 5543 loquentem
753 5472 808 5543 iu
831 5471 1073 5526 veritate.
1101 5471 1173 5526 In.

175 5541 280 5613 (‘27)
325 5541 553 5610 Ἰατρὸς
581 5541 651 5594 δὲ
677 5541 846 5609 ἡμῶν
865 5543 1038 5613 ἐστιν
1063 5546 1095 5595 ό
1119 5543 1327 5612 μόνος,
1353 5551 1482 5608 etc.,
1509 5558 1684 5611 usque

112 5611 192 5677 ad,
223 5613 513 5681 πονηραῖς
540 5613 898 5679 ἐπιθυμίαις.
940 5612 1048 5667 Pro
1094 5613 1233 5678 istis,
1281 5623 1466 5667 noster
1517 5613 1684 5666 inter-

115 5697 225 5751 pres
260 5694 473 5739 tantum
505 5683 668 5738 habet
704 5701 715 5735 :
759 5701 777 5734 ι
829 5683 980 5740 Unus
1019 5684 1264 5739 medicus
1301 5694 1403 5752 est,
1447 5683 1682 5738 carnalis

1786 4504 2026 4559 nostras,
2054 4507 2108 4551 et
2135 4506 2352 4551 sanaret
2387 4513 2502 4559 cas,
2540 4496 2815 4566 impietate
2851 4495 3120 4564 malisque
3155 4510 3356 4548 concu-

1779 4589 2064 4656 piscentiis
2093 4598 2345 4658 aegrotas.

1863 4669 1990 4731 Vill.
2033 4677 2110 4731 Ne
2141 4678 2265 4747 quis
2291 4679 2454 4747 igitur
2484 4693 2579 4730 vos
2611 4677 2854 4740 seducat,
2897 4677 3040 4731 sicut
3071 4690 3171 4729 nec
3198 4677 3354 4731 sedu-

1091 4865 1134 4895 ²³
1166 4861 1329 4918 Prov.
1364 4881 1498 4928 χχιι,
1534 4865 1624 4919 τ’ὶ9.

1832 4868 1981 4938 phes.
2009 4884 2083 4931 ιν,
2110 4868 2164 4933 .1,
2190 4868 2245 4934 5,
2275 4870 2329 4925 6.
2369 4870 2412 4900 ’⁷
2430 4867 2591 4922 Prov.
2629 4884 2683 4930 ιι,
2709 4866 2814 4932 ‘25;
2843 4881 2918 4931 ιι,
2948 4865 3000 4919 '5.
3043 4866 3087 4895 ’⁸
3112 4862 3212 4917 lsa.
3247 4876 3356 4927 LVI,

1794 5141 1848 5201 et
1889 5127 2208 5201 spiritualis,
2250 5127 2463 5201 genitus
2495 5134 2546 5201 et
2581 5123 2876 5201 ingenitus,
2913 5120 2968 5201 in
2994 5131 3158 5201 carne
3184 5115 3361 5201 factus

1794 5143 1848 5186 et
1889 5143 2208 5201 spmtuans,
2285 5143 2463 5181 emtus
2495 5143 2546 5181 (ει
2581 5143 2633 5179 111
2675 5143 2876 5185 erutus,
2915 5143 2968 5174 Ill
2994 5143 3158 5199 curua
3185 5143 3361 5171 lucum

1793 5200 1958 5272 Deus,
1992 5201 2046 5272 in
2076 5143 2303 5272 mortali
2329 5197 2424 5265 (ita
2455 5198 2600 5272 enim
2640 5143 2954 5272 legendum)
2991 5196 3097 5272 vita
3128 5202 3274 5272 vera,
3308 5197 3361 5242 et

1783 5286 1852 5326 ex
1877 5260 2045 5325 Maria
2075 5279 2130 5324 et
2165 5285 2231 5323 ex
2271 5260 2423 5336 Déot
2452 5267 2627 5334 primo
2671 5260 2946 5330 passibilis
2967 5265 3209 5336 Ἀρι-,ωηο
3258 5260 3359 5309 im-

1782 5341 2082 5410 passibilis,
2107 5338 2371 5410 Dominus
2393 5326 2647 5390 Christus
2671 5326 2892 5410 noster:
2919 5347 2938 5380 ›
2967 5326 3211 5410 Reliquis
3236 5342 3361 5410 ριιιι-

1783 5397 1947 5466 nibus
1994 5397 2414 5478 praetermissis;
2467 5420 2608 5478 qure
2640 5402 2803 5478 etiam
2833 5399 2913 5478 ἐι)
2961 5397 3360 5478 εξριηρξιιινίιιιιε

1783 5465 2156 5550 quibus-olim
2202 5477 2286 5550 us‘i
2315 5465 2553 5550 fuero-nt
2567 5469 2940 5550 _Ath_anasius,
2972 5465 3360 5550 .Theotloretus

1783 5536 1838 5606 ἑι
1869 5544 2441 5612 Gelasius,’abfuisse,
2468 5545 2521 5598 in
2559 5540 2922 5610 Prolegomeu.
2953 5552 3072 5607 cap.
3111 5536 3145 5591 '5
3179 5537 3365 5592 decla~

1782 5621 2044 5677 ravimus.
2085 5617 2161 5672 lo.
