3774 6210
477 306 590 360 779

1267 301 1356 356 AD
1382 300 1766 358 EPISTOLAS
1807 300 1865 356 8.
1898 298 2151 357 ICNATII
2193 298 2544 358 CENUINAS
2577 299 2941 358 APPENDIX.
2993 340 3000 346 -

3621 313 3714 368 τευ

441 425 448 437 ’
476 423 681 488 facitis,
715 432 770 477 ut
797 424 913 479 sine
943 423 1197 494 episcopo
1226 423 1359 476 nihil
1385 424 1576 494 agatis.
1613 422 1718 478 Sed
1751 431 1804 478 et
1837 425 2041 492 presby-

2163 424 2346 487 ἑστιν,
2385 425 2593 498 ὅσαπερ
2631 427 2855 490 ποιεῖτε,
2910 427 3036 481 ἄνευ
3087 427 3178 482 τοῦ
3225 429 3517 484 ἐπισκόπου
3567 434 3714 504 μηδὲν

444 517 616 571 -terio
669 517 896 585 subjecti
949 524 1160 580 estote,
1213 527 1271 570 ut
1331 517 1594 585 apostolis
1637 514 1766 571 Jesn
1822 515 2053 581 Christi,

478 610 594 679 spei
631 618 857 675 nostrae;
892 609 944 662 in
974 623 1088 678 quo
1118 608 1382 670 viventes,
1427 609 1481 662 in
1529 608 1650 678 ipso
1689 609 2050 662 inveniemur.

475 701 699 772 Oportet
734 710 914 755 autem
947 709 1001 755 et
1028 701 1289 755 diaconos
1333 700 1726 770 ministrosque
1770 701 2055 771 mysterio-

477 809 598 848 rum
631 791 760 848 Jesu
799 792 1008 848 Christi
1057 792 1205 846 omni
1247 791 1414 846 modo
1452 792 1697 862 placere;
1742 805 1852 846 non
1906 791 2052 846 enim

476 889 723 944 ciborum
749 897 802 942 et
830 896 1056 958 potuum
1091 885 1325 942 ministri
1355 894 1505 950 sunt,
1535 886 1628 941 sed
1674 884 1928 942 Ecclesia:
1959 885 2052 942 Dei

475 981 734 1036 ministri.
785 979 1012 1054 Oportet
1052 981 1218 1051 igitur
1256 987 1315 1034 ut
1356 978 1459 1034 sibi
1487 989 1716 1034 caveant
1743 994 1773 1033 a
1803 979 2050 1034 crimini-

472 1072 610 1130 bus.
649 1081 911 1142 tanquam
967 1073 1036 1126 ab
1092 1071 1214 1142 igne
1263 1079 1474 1126 urente.
1525 1069 1635 1139 lpsi
1683 1069 1865 1140 itaque
1916 1072 2052 1127 tales

475 1165 608 1219 sint.

549 1339 633 1393 Ill.
665 1341 734 1394 At
779 1355 874 1394 vos
911 1340 1246 1394 'revcremini
1289 1339 1433 1403 illos,
1478 1347 1735 1408 tanquam
1765 1338 2047 1394 Christum

473 1435 682 1498 desum,
731 1434 889 1502 cujus
922 1431 1110 1485 vicarii
1163 1441 1322 1496 sunt;
1372 1437 1431 1483 ut
1479 1440 1532 1484 et
1575 1431 1864 1500 episcopus
1891 1439 2050 1502 typus

2163 515 2425 584 πράττειν
2487 518 2652 587 ὑμᾶς.
2711 517 2845 570 Ἀλλ’
2901 519 3270 572 ὑποτάσσεσθε
3300 521 3344 552 ’⁸
3379 522 3486 592 (24)
3527 525 3617 578 καὶ
3648 526 3714 595 τῷ

2161 605 2560 678 πρεσϐυτερίῳ,
2589 609 2665 670 ὡς
2694 607 3010 672 ἀποστόλοις
3048 611 3220 682 Ἰησοῦ
3252 613 3485 684 Χριστοῦ
3517 616 3608 685 τῆς
3642 617 3714 670 ἐλ-

2159 696 2312 759 πίδος
2338 696 2515 768 ἡμῶν,
2540 698 2598 750 ὲν
2631 692 2676 766 ᾧ
2701 699 3000 768 διάγοντες,
3031 702 3089 754 ὲν
3122 701 3275 772 αὑτῷ
3307 703 3709 778 εὑρεθησόμεθα.

2156 788 2248 839 Δεῖ
2280 787 2336 840 δὲ
2359 788 2607 852 καὶτοὺς
2639 788 2922 854 διακόνους
2953 790 3116 856 ὄντας
3153 795 3466 866 μυστηρίων
3498 797 3711 871 Χριστοῦ

2170 877 2368 948 Ἰησοῦ,
2403 881 2542 936 κατά
2591 882 2772 936 πάντα
2817 883 3019 954 τρόπον
3059 884 3314 957 ἀρέσκειν
3361 886 3490 958 (25)·
3532 890 3589 943 οὑ
3618 892 3711 962 γάρ

2157 967 2383 1040 βρωτῶν
2417 973 2513 1026 καὶ
2543 971 2728 1026 ποτῶν
2763 973 2872 1044 (26)
2913 975 3022 1028 εἱσι
3058 975 3296 1030 διάκονοι
3320 1018 3334 1042 ,
3364 977 3478 1030 ἀλλ’
3511 980 3709 1054 Ἐκκλη-

2157 1063 2280 1127 σίας
2320 1059 2459 1116 Θεοῦ
2503 1061 2798 1134 ὑπηρέται.
2831 1062 2959 1116 Δέον
2994 1059 3088 1118 οῦν
3131 1065 3314 1120 αὐτῶν
3348 1066 3394 1100 ⁸³
3435 1067 3500 1122 τά
3541 1069 3710 1139 ἐγκλή-

2158 1173 2303 1228 ματα
2336 1153 2734 1224 φυλάττεσθαι,
2766 1155 2843 1220 ὡς
2875 1156 2988 1228 πῦρ
3030 1157 3228 1227 φλέγον
3269 1157 3404 1231 (27)⁶
3451 1160 3594 1214 αὑτοὶ
3624 1160 3709 1232 μὲν

2153 1245 2245 1304 οῦν
2279 1249 2523 1302 εστωσαν
2552 1247 2781 1301 τοιοῦτοι
2817 1249 2948 1320 (28).

2227 1342 2320 1394 ΠΙ.
2363 1342 2550 1411 Ὑμεῖς
2575 1340 2632 1393 δὲ
2658 1341 2986 1412 ὲντρέπεσθε
3016 1343 3212 1409 αὑτοὺς
3241 1343 3318 1409 ὡς
3355 1346 3578 1418 Χριστὸν
3611 1345 3704 1420 Ἰη-

2160 1432 2307 1493 σοῦν,
2341 1426 2402 1484 οὗ
2435 1431 2674 1502 φύλακές
2697 1435 2802 1487 εἰσι
2822 1435 2915 1488 τοῦ
2943 1436 3128 1490 τόπουο
3152 1437 3227 1502 ὡς
3251 1437 3346 1491 καὶ
3366 1439 3395 1490 ό
3419 1438 3702 1504 ἐπίσκοπος,

481 1526 570 1580 Dei
606 1525 783 1580 Patris
815 1523 1062 1578 omnium
1093 1532 1213 1584 est;
1247 1522 1545 1593 presbyteri
1575 1538 1723 1586 vero,
1749 1522 1892 1578 sicut
1919 1536 2041 1576 con-

2157 1525 2244 1577 τοῦ
2279 1525 2492 1595 Πατρὸς
2525 1523 2633 1577 τῶν
2659 1524 2796 1579 ὅλων
2817 1527 2987 1593 τύπος
3021 1527 3278 1601 ὑπάρχει·
3314 1531 3363 1584 oi
3401 1532 3455 1585 δὲ
3495 1533 3702 1605 πρεσίῦ-

477 1633 662 1672 scssns
690 1617 804 1682 Dei,
832 1627 885 1670 et
914 1615 1228 1683 coniunctio
1262 1615 1630 1684 apostolorum
1663 1614 1887 1669 Christi.
1921 1611 2041 1668 Sine

2157 1633 2317 1687 τεροι,
2348 1615 2424 1678 ὡς
2468 1615 2741 1688 συνέδριον
2772 1617 2929 1684 Θεοῦ,
2970 1621 3063 1673 καὶ
3095 1620 3390 1692 σύνδεσμος
3421 1624 3700 1678 ἀποστόλων

478 1709 565 1762 his
587 1707 829 1763 Ecclesia
864 1707 1034 1761 electa
1066 1721 1172 1760 non
1205 1714 1308 1769 est,
1346 1721 1452 1759 non
1481 1713 1794 1759 sanctorum
1825 1717 2041 1774 congre-

2157 1708 2412 1780 Χριστοῦ.
2476 1711 2659 1780 Χωρὶς
2732 1711 2937 1765 τούτων
2990 1713 3286 1784 Ἐκκλησία
3346 1715 3566 1787 έκλεκτὴ
3618 1718 3701 1770 οὐκ

475 1802 656 1870 gatio,
691 1816 798 1853 non
833 1808 1147 1854 sanctorum
1196 1797 1462 1852 collectio.
1507 1793 1835 1851 Persuasum
1868 1804 2041 1850 autem

2157 1802 2300 1854 ἐστιν
2335 1802 2468 1870 (29),
2502 1803 2562 1855 οὑ
2601 1803 2970 1875 συνάθροισμα
3014 1807 3187 1874 ἁγίων
3226 1806 3294 1871 ’⁸,
3336 1809 3398 1861 οὑ
3448 1809 3702 1879 συναγωγὴ

477 1895 674 1956 habeo,
721 1902 775 1946 et
822 1907 918 1946 vos
965 1906 1030 1944 eo
1074 1891 1259 1944 animo
1304 1888 1528 1944 aﬂ'ectos
1569 1903 1712 1944 esse.
1761 1887 2041 1958 Exemplar

2157 1893 2329 1948 ὁσίων.
2365 1893 2673 1965 Πέπεισμαι
2701 1895 2759 1948 δὲ
2791 1897 2885 1949 καὶ
2930 1898 3074 1968 ὑμᾶς
3106 1897 3250 1951 οὕτω
3292 1899 3601 1954 διακεῖσθαι.
3641 1901 3702 1953 Τὸ

473 1989 619 2042 enim
651 1984 937 2040 charitatis
971 1994 1164 2038 vestra:
1192 1983 1411 2052 accepi,
1441 1991 1496 2035 et
1525 1995 1736 2035 meeum
1769 1979 1963 2045 habeo,
1995 1982 2041 2034 in

2157 1984 2262 2056 γάρ
2283 1984 2644 2058 ὲξεμπλάριον
2668 1987 2767 2058 τῆς
2791 1987 3009 2058 ἀγάπης
3036 1988 3148 2060 (50)
3171 1989 3215 2020 ⁵⁷
3253 1988 3466 2052 ἔλαϐον,
3492 1992 3579 2044 καὶ
3612 1991 3703 2061 ἔχω

473 2082 730 2148 episcopo
770 2087 986 2141 vestro;
1039 2074 1200 2145 cujus
1251 2076 1365 2145 ipse
1396 2074 1614 2128 habitus
1651 2088 1848 2144 magna
1877 2071 2046 2127 disci-

474 2171 619 2237 plina
641 2176 746 2234 est,
772 2165 1136 2220 mansuetudo
1165 2174 1342 2218 autem
1375 2163 1548 2234 ipsius
1580 2163 1856 2233 potentia;
1887 2178 2047 2233 quem

471 2271 525 2314 et
557 2259 752 2329 impios
782 2258 1017 2312 revereri
1049 2257 1324 2311 existimo.
1357 2252 1491 2322 Quia
1526 2255 1691 2326 diligo
1737 2269 1856 2318 vos,
1889 2269 2052 2324 parco

472 2351 788 2406 contentius
811 2349 965 2403 vobis
1005 2347 1266 2413 scribere,
1301 2362 1369 2401 ne
1413 2347 1686 2416 aliquibus
1715 2345 1900 2400 videar
1929 2361 2052 2401 esse

473 2459 656 2513 asper,
692 2451 788 2497 ant
824 2439 1180 2495 insuﬂiciens.
1215 2437 1444 2495 Vinctus
1499 2455 1620 2496 sum
1651 2439 1870 2508 quidem
1918 2453 2049 2508 pro-

474 2547 592 2606 pter
618 2535 921 2599 Christum,
950 2533 1042 2588 sed
1100 2533 1338 2594 necdum
1379 2531 1601 2587 Christo
1644 2532 1841 2601 dignus
1879 2546 1999 2585 sum
2033 2548 2047 2584 :

475 2633 521 2688 si
553 2644 681 2684 vero
713 2643 1087 2695 consummer,
1127 2627 1372 2682 fortassis
1411 2626 1611 2696 dignus
1641 2624 1815 2681 luero.
1842 2623 1960 2680 Non
1991 2635 2050 2682 ut

474 2719 757 2790 apostolus
791 2718 1063 2787 prmeipio.

546 2836 594 2867 ”
622 2835 694 2890 al.
727 2834 1154 2889 ὑποτάσσεσθαι.
1237 2835 1282 2867 ⁹⁸
1303 2834 1376 2888 al.
1408 2833 1624 2897 αὐτούς.

548 2954 659 3019 (24)
700 2952 1171 3006 ’Υποτιὶσσεσοε.
1219 2953 1296 3007 Ita
1350 2969 1414 3008 ex
1462 2951 1756 3008 Moreliana
1805 2953 2048 3008 editione

473 3025 855 3094 reposuimus,
897 3040 1019 3076 cum
1053 3025 1170 3077 aliae
1204 3025 1456 3088 habeant,
1488 3024 1910 3094 ὑποτάσσεσθαι.
1940 3023 2048 3076 Νι)⁴

476 3093 684 3149 biScum
717 3096 993 3148 consentit
1035 3105 1259 3162 uterque
1302 3105 1458 3148 vetns
1487 3093 1711 3150 Latinus
1754 3096 2044 3162 interpres.

473 3167 777 3220 Antiochus
815 3174 997 3218 tamen
1048 3164 1236 3218 homil.
1271 3164 1393 3231 124,
1434 3164 1600 3233 priori
1645 3165 1807 3219 modo
1853 3164 2048 3232 legisse

472 3236 715 3297 videtur,
747 3237 820 3288 ita
855 3236 1031 3288 locum
1056 3237 1216 3287 istum
1250 3237 1486 3288 recitans
1513 3253 1526 3288 :
1561 3235 1880 3302 Ἀναγκαῖον
1901 3237 2047 3287 ἐστιν

474 3305 871 3387 ὑποτάσσεσθαι
892 3305 1012 3385 ’καὶ
1041 3304 1128 3387 τῷ,
1149 3323 1249 3387 πρὶς
1260 3305 1523 3387 σϐυτερίῳ
1546 3344 1590 3387 ,ν
1611 3304 1686 3367 ὡς
1730 3305 2050 3369 ἀποστόλοις

471 3355 920 3462 "assesasses
1084 3355 1296 3462 sese
1329 3355 1507 3462 ιγμῶνὶ
1546 3355 1739 3462 Ussén.

540 3445 654 3518 (25)
691 3445 789 3500 Δεῖ
817 3445 1014 3518 δὲικᾳὶ
1044 3445 1184 3518 τοὺς
1214 3445 1526 3518 διακόνους
1577 3445 1759 3518 ὄντας
1812 3463 2045 3518 μυστη-

464 3519 612 3588 ρίων
636 3515 912 3588 ’Χριστοῦ
957 3516 1178 3588 Ἰησιῂ
1226 3517 1373 3568 κατὰ
1397 3515 1614 3588 -πάντα
1656 3516 1875 3583 τρόπον
1917 3516 2048 3583 ἀρέ-

469 3585 663 3640 σκειν.
694 3587 975 3656 Anglican.
1008 3585 1259 3641 similiter
1287 3605 1298 3639 :
1332 3606 1348 3635 ι
1388 3585 1614 3651 Oportet
1638 3595 1818 3656 autem
1850 3596 1904 3640 et
1931 3589 2048 3638 dia-

471 3672 662 3723 conos,
690 3654 970 3711 ministros
998 3658 1321 3712 exsistentes
1345 3657 1725 3726 mysteriorum
1745 3654 1872 3709 Jesu
1890 3657 2048 3710 Chri-

472 3730 562 3791 sti,
598 3728 896 3782 secundum
945 3743 1163 3780 omnem
1209 3727 1429 3780 modum
1466 3727 1720 3780 omnibus
1751 3727 1990 3795 placere;
2023 3745 2041 3777 ι

472 3799 661 3852 eodem
692 3798 849 3866 plane
880 3797 1044 3850 modo
1087 3812 1198 3866 quo
1239 3796 1379 3865 apud
1431 3797 1791 3860 Antiochum,
1827 3798 1878 3850 in
1925 3796 2047 3851 loco

473 3868 662 3929 citato,
688 3867 892 3938 legitur,
917 3885 930 3919 :
960 3867 1100 3938 κατά
1118 3867 1292 3919 πάντα
1322 3867 1533 3938 τρόπον(
1555 3867 1720 3938 πᾶσιν
1767 3867 2044 3938 ἀρέσκειν,

474 3952 597 3989 cum
624 3935 779 3991 vetus
807 3937 1058 4004 vulgatus
1089 3935 1379 4004 interpres,
1405 3950 1468 3989 ac
1495 3937 1540 3989 si
1569 3935 1834 3999 διακόνοις
1869 3937 1922 3990 in
1947 3938 2048 3991 da-

475 4007 586 4058 tivo
614 4022 744 4060 casu
774 4007 1012 4076 legisset,
1045 4006 1225 4059 locum
1276 4007 1350 4076 ita
1398 4005 1690 4076 reddiderit
1721 4024 1734 4060 :
1767 4025 1784 4056 ι
1823 4005 2048 4075 Oportet

475 4091 604 4143 ergo
639 4083 692 4129 et
719 4075 990 4146 diaconis,
1018 4076 1111 4144 qui
1140 4085 1266 4146 sunt
1296 4075 1349 4146 in
1381 4075 1738 4146 ministerium
1769 4078 1874 4146 (vel
1901 4096 1918 4127 ι
1946 4077 2049 4130 mi-

480 4146 658 4208 uistri,
693 4164 710 4196 ι
742 4155 804 4200 ιιι
836 4145 996 4199 habet
1019 4160 1122 4198 ms.
1155 4145 1604 4215 Magdalenensis)
1646 4145 1785 4201 .Iesn
1817 4147 2044 4210 Christi,

1715 2833 1762 2865 ⁹⁶
1796 2833 1868 2888 al.
1901 2833 2072 2903 ἀγιον.

2158 2075 2274 2145 μετ’
2296 2074 2556 2145 ἐμαυτοῦ,
2582 2076 2638 2128 ὲν
2671 2074 2747 2146 τῷ
2766 2076 3050 2146 ὲπισκόπῳ
3080 2075 3246 2147 ὑμῶν¹
3283 2070 3346 2130 οῦ
3369 2077 3498 2131 αὑτὸ
3525 2077 3582 2129 τὸ
3615 2094 3698 2130 κα-

2152 2164 2407 2235 τάστημα
2439 2163 2647 2235 μεγάλη
2675 2164 2960 2236 μαθητεία,
2997 2167 3031 2236 ἡ
3062 2165 3119 2220 δὲ
3157 2167 3403 2238 πραότης
3436 2165 3588 2221 αὑτοῦ
3626 2165 3700 2218 δύ-

2155 2275 2318 2328 ναμις
2358 2257 2472 2327 (51)
2517 2257 2575 2310 ὃν
2607 2257 2651 2288 ⁸⁸
2679 2256 2962 2328 λογίζομαι
2995 2257 3110 2329 (52)
3141 2259 3234 2311 καὶ
3274 2259 3401 2323 τοὺς
3429 2259 3606 2322 ἀθέους
3631 2260 3699 2310 ἐνί

2150 2351 2468 2424 τρέπεσθαι.
2527 2349 2781 2419 ’Λγαπῶν
2815 2349 2992 2421 ὑμᾶς,
3037 2349 3290 2420 φείδομαι
3341 2349 3699 2418 συντονώτερον

2151 2443 2470 2505 ἐπιστεῖλαι,
2517 2442 2600 2495 ἵνα
2650 2443 2724 2514 μὴ
2773 2441 2912 2508 δόξω
2959 2441 3100 2494 τισὶν
3147 2436 3287 2494 εἶναι
3332 2438 3698 2513 προσάντης,ῆ

2149 2533 2388 2604 ἐπιδεὴς.
2426 2532 2655 2603 Δέδεμαι
2686 2532 2782 2602 μὲν
2807 2530 2898 2584 διὰ
2930 2530 3184 2601 Χριστὸν,
3223 2529 3338 2584 ἀλλ’
3361 2531 3564 2583 οὐδέπω
3588 2530 3698 2599 Χρι-

2151 2625 2275 2679 στοῦ
2302 2625 2448 2692 ἄξιός
2484 2627 2616 2695 ειμι·
2658 2624 2754 2677 ἐὰν
2793 2623 2849 2678 δὲ
2888 2623 3181 2689 τελειωθῶ,
3224 2613 3367 2694 τάχά
3409 2623 3698 2694 γενήσομαι.

2079 2722 2122 2780 C
2153 2719 2266 2788 Οὐχ
2284 2717 2359 2782 ὡς
2383 2716 2675 2780 ἀπόστολος
2697 2717 3075 2788 διατάσσομαι.

2151 2837 2196 2868 ⁸⁷
2220 2838 2388 2891 inser.
2425 2834 2600 2907 ὑμῶν.
2674 2835 2722 2868 ’⁸
2743 2835 2815 2891 al.
2843 2836 2931 2906 ἦν.

2152 2955 2239 3009 bet
2267 2973 2280 3009 :
2321 2954 2552 3026 Ὁμοίως
2577 2954 2776 3026 πάντες
2809 2953 3257 3026 ἐντρεπέσθωσαν
3290 2953 3420 3026 τοὺς
3451 2951 3698 3026 διακόνους

2148 3025 2224 3097 ὡς
2255 3024 2460 3097 Ἰησοῦν
2482 3025 2748 3097 Χριστὸν,
2782 3025 2876 3097 καὶ
2907 3024 2996 3077 τὸν
3031 3026 3337 3097 ξέπίσκοπον
3371 3025 3470 3097 ὡςΔ
3492 3024 3576 3097 τὸν
3605 3025 3700 3097 Ds-

2149 3095 2300 3167 τέρα,⁹
2320 3094 2449 3167 τοὺς
2475 3094 2966 3167 δέ’πρεσβυτέρους
3012 3095 3089 3158 ὡς
3134 3096 3412 3167 συνέδριον
3444 3094 3590 3157 Θεοῦ,
3620 3094 3700 3147 καὶ

2149 3165 2224 3228 ὡς
2256 3165 2453 3236 δεσμὸν
2503 3165 2851 3236 ἀποστόλων
2898 3174 2950 3219 et
2985 3179 3168 3236 noster
3206 3165 3401 3234 lgn’atii
3437 3168 3696 3236 interpres,

2148 3236 2338 3309 eodem
2359 3235 2485 3309 lere
2514 3236 2677 3309 modo
2706 3253 2718 3288 :
2755 3235 2856 3290 nisi
2894 3235 3041 3309 quod
3071 3237 3378 3309 verbortqn
3390 3237 3593 3309 aliquot
3615 3235 3696 3288 ad-

2143 3306 2379 3375 jeelionc
2405 3305 2561 3359 locus
2589 3305 2836 3358 videatur
2869 3306 3092 3360 vitiatus
3123 3324 3136 3359 :
3171 3326 3188 3356 ι
3223 3305 3499 3361 Similiter
3525 3317 3575 3359 et
3597 3321 3697 3358 om-

2150 3392 2246 3431 nes
2276 3385 2625 3430 revereantnr
2659 3375 2918 3431 diaconos
2960 3386 3018 3429 ut
3045 3377 3362 3430 mandatum
3409 3375 3536 3432 Jesu
3563 3375 3697 3430 Chri-

2148 3446 2247 3511 sti;
2277 3456 2330 3500 et
2353 3447 2668 3514 episcopum
2689 3487 2704 3510 ,
2733 3457 2789 3499 ut
2816 3444 3003 3500 Jesum
3037 3446 3317 3501 Christum
3349 3449 3694 3512 (exsistentcm

2149 3515 2344 3587 Filium
2401 3515 2633 3585 Patris);
2691 3518 3036 3587 presbyteros
3093 3526 3299 3587 autem,
3342 3527 3401 3571 ut
3427 3517 3695 3587 concilium

2152 3585 2242 3640 Dei
2277 3596 2330 3641 et
2366 3587 2809 3650 coniunctionem
2835 3585 2962 3656 (vel,
3004 3595 3062 3638 ιιι
3093 3586 3229 3639 liber
3256 3586 3695 3656 Cantabrigiensis

2150 3656 2331 3719 habet,
2355 3657 2820 3723 communionem)
2859 3657 3265 3726 apostolorum;
3309 3676 3327 3705 ι
3362 3658 3506 3726 quod
3543 3659 3692 3724 ipsum

2147 3727 2214 3780 de
2247 3727 2495 3781 diaconis
2538 3727 2676 3796 idem
2726 3727 2888 3781 etiam
2934 3726 2986 3778 in
3029 3724 3273 3795 Epistola
3313 3724 3393 3779 ad
3424 3725 3692 3796 Smyrnam;

2149 3796 2221 3850 ita
2262 3799 2501 3866 repetit:
2535 3816 2550 3846 ι
2577 3795 2860 3866 Diaconos
2913 3794 3094 3866 autem
3143 3799 3468 3866 reveremini
3519 3794 3574 3848 ut
3617 3794 3689 3846 Dei

2149 3864 2487 3936 mandatum.
2511 3885 2538 3916 ο
2577 3865 2698 3919 Vid.
2743 3864 2904 3936 infra,
2937 3873 2990 3918 et
3028 3865 3086 3936 in
3125 3865 3302 3936 Epist.
3337 3872 3404 3918 ad
3433 3867 3629 3936 Smyrn.
3650 3875 3691 3917 et

2149 3935 2524 4006 Prolegonten.
2555 3951 2673 4003 cap.
2702 3935 2768 3988 18
2799 3945 2851 3988 et
2879 3950 3000 4003 cap.
3030 3935 3118 3989 10.
3143 3934 3220 3988 In.

2219 4005 2328 4076 (29)
2381 4006 2567 4073 Χωρὶς
2615 4007 2841 4058 τούτων
2875 4006 3227 4076 ,Ἐκκλησία
3298 4005 3544 4076 exlex-ch
3600 4005 3689 4057 οὐκ

2146 4073 2334 4155 ξοξτινί.
2364 4077 2664 4132 Antiochus
2684 4093 2708 4155 _:
2744 4075 2928 4155 Χωρὶς
2948 4073 3152 4130 τούτων
3194 4073 3574 4155 Ἐκκλησίαιοὺ
3605 4090 3690 4155 ξα-

2149 4145 2340 4210 λείται,
2388 4156 2442 4200 et
2468 4155 2654 4202 noster
2684 4144 2876 4216 lgnatii
2917 4146 3184 4216 interpres
3217 4164 3232 4200 :
3267 4164 3285 4196 ι
3329 4144 3463 4200 Sine
3503 4146 3580 4216 his
3605 4144 3686 4216 Bcf

477 4217 628 4299 omni
653 4216 783 4299 (vel,
817 4235 834 4264 ι
875 4215 926 4299 inn
975 4216 1144 4280 οιιιιιὶ,
1167 4237 1202 4299 ,ι
1239 4214 1297 4271 ut
1327 4216 1524 4270 habent
1565 4214 1674 4272 duo
1702 4216 2042 4272 Oxonienses
2073 4221 2118 4276 D
2147 4217 2314 4299 clesia
2347 4232 2454 4270 non
2500 4214 2828 4299 νοςειιιιιῖη».
2850 4214 3471 4299 υιηίεβιέβοςιιεὲιίιριιε
3518 4214 3689 4294 illiszt

476 4287 634 4355 mss.)
663 4287 822 4340 modo
851 4287 1081 4355 placere.
1116 4305 1134 4336 ι
1165 4285 1241 4338 ID.

546 4354 658 4428 (26)
705 4354 951 4428 Βρωτῶι⁸
983 4354 1081 4409 καὶ
1102 4356 1318 4409 ποτῶν.
1365 4355 1701 4412 Antiochus:
1735 4356 2042 4428 βρωμάτων

473 4427 589 4498 και
602 4427 878 4498 πομάτων.
912 4425 982 4498 |_D.

545 4493 844 4568 (27)}1éor7
868 4493 982 4551 οὖν
1020 4495 1318 4568 αὑτῶνὲτὰ
1360 4497 1703 4567 ἐγκλήματα
1748 4496 2040 4568 φυλάττε-

469 4565 744 4632 σθαι,ὠς
775 4567 895 4634 πῦρ
926 4567 1172 4636 φλέγων.
1221 4565 1296 4620 Ita
1337 4565 1506 4622 codex
1547 4565 1938 4637 ‘Augnsianus,
1989 4578 2044 4622 et

474 4646 628 4691 vetus
679 4637 934 4707 vulgatus
983 4639 1270 4706 interpres,
1313 4638 1406 4708 qni
1440 4643 1517 4691 sic
1547 4641 1705 4693 vertit
1733 4657 1745 4692 :
1774 4659 1792 4689 ι
1816 4639 2044 4706 Oportet

472 4723 602 4777 ergo
631 4716 896 4776 praecepta
926 4722 1113 4762 eorum
1141 4707 1451 4773 observare,
1476 4708 1619 4762 sicut
1646 4709 1824 4776 ignem
1846 4707 2044 4761 arden-

477 4786 604 4849 tein.
645 4796 663 4827 ι
690 4777 758 4849 At
787 4779 957 4849 codex
985 4777 1432 4849 Nydpruccianus
1464 4792 1560 4849 pro
1612 4778 1812 4849 αὐτῶν,
1839 4778 2043 4832 rectius

475 4847 636 4916 habet
666 4845 863 4911 αὐτούς
899 4866 911 4901 :
949 4845 1118 4916 cujus
1132 4845 1724 4904 sententianﬂoannes
1766 4847 2042 4903 Bruneru‘s

471 4914 667 4982 Latine
719 4921 793 4971 ita
847 4914 1204 4987 expressitzc
1259 4917 1408 4983 Quos
1458 4917 1678 4986 quidem
1731 4918 1867 4972 tales
1921 4932 2044 4972 esse

472 4996 710 5056 oportet,
738 4989 830 5056 qui
859 5003 889 5041 a
919 4989 1339 5055 reprehensione
1363 4987 1465 5042 sibi
1499 4995 1760 5056 tanquam
1789 4987 2044 5042 incendio

472 5069 719 5112 caveant.
754 5077 773 5109 ι
804 5059 886 5112 Ab
912 5058 1181 5114 Antiocho
1211 5073 1338 5112 vero
1369 5057 1547 5110 locum
1579 5059 1792 5112 huncin
1821 5057 2042 5112 modum

513 5129 797 5183 roductum
836 5129 1142 5183 invenimus
1172 5147 1185 5181 :
1210 5128 1338 5180 Δέον
1384 5123 1478 5198 οῦν
1515 5127 1664 5180 ἐστιν
1702 5129 1899 5191 αὑτοὺς
1943 5145 2044 5198 φυ-

513 5144 797 5183 rooucwm
837 5144 1142 5183 invenimus
1172 5147 1185 5181 :
1210 5144 1338 5180 aeov
1384 5144 1478 5179 ουν
1515 5144 1664 5180 εστιν
1702 5144 1899 5191 αυτους
1943 5145 2042 5198 φυ-

469 5144 765 5254 λάσσεσθαι
797 5199 865 5252 τά
897 5198 1218 5269 ἐγκλήματα
1249 5198 1325 5261 ὡς
1358 5197 1500 5269 πῦρ;
1543 5200 1819 5267 quomodo
1842 5209 1895 5252 et
1938 5214 2042 5269 no-

473 5284 647 5341 strum
672 5269 864 5341 lgnAatii
893 5267 1238 5341 interpretem
1267 5267 1462 5338 legisse
1484 5277 1729 5337 apparet,
1761 5283 1886 5324 eum
1914 5267 2041 5324 red-

474 5339 612 5393 didit
638 5359 650 5395 :
689 5337 722 5392 ῐ
745 5337 1128 5410 Opportunum
1160 5337 1465 5410 igitur,gvos
1493 5341 1788 5410 observare
1815 5353 2043 5393 accusa-

477 5411 673 5476 tiones,
722 5407 1048 5480 ut'ignem;
1113 5427 1131 5460 ι
1183 5407 1273 5463 ubi
1314 5408 1637 5480 glossator:
1683 5428 1702 5460 ι
1742 5407 2042 5480 Observare

475 5478 877 5545 accusationes,
908 5497 927 5531 ι
961 5478 1412 5549 interpretatur,_¢
1447 5481 1740 5549 observare
1767 5494 1825 5534 se
1855 5479 1922 5534 ab
1953 5494 2044 5534 ac-

473 5550 868 5674 irgsaltlionibus,
911 5557 971 5604 ut
1000 5550 1068 5604 ab
1099 5547 1242 5621 igne.
1284 5569 1303 5601 ›
1334 5547 1469 5604 Vide
1498 5548 1878 5619 Prolcgomen.
1917 5564 2040 5620 cap.

529 5694 640 5755 (28)
664 5698 983 5774 Αὑτοὶ-μὲν
1007 5698 1120 5774 mir
1134 5701 1420 5774 ἔστωσαν
1453 5704 1728 5769 τοιοῦτοι,
1767 5720 1936 5774 usque
1958 5705 2025 5759 ad

459 5759 816 5818 ἀποστόλων
837 5759 1109 5830 Χριστοῦ.
1134 5771 1234 5828 Pro
1262 5773 1366 5834 his,
1384 5774 1682 5829 Antiochus
1705 5759 1910 5830 tantum
1937 5775 2027 5830 ha-

2149 4285 2521 4359 συνάθροισμα
2568 4285 2716 4359 ἀγών
2765 4287 2868 4359 (sic
2911 4286 3060 4339 enim
3095 4284 3226 4359 legit
3274 4284 3690 4359 Nyilpruccianus

2142 4352 2510 4479 ἓξὲξέ’,¹ἑιὸη
2565 4352 2693 4424 ἆγι,
2739 4352 2799 4410 ιιι
2843 4352 3259 4426 Augustantis),
3307 4352 3374 4408 οὑ
3401 4352 3687 4422 ’συναγωγὴ

2175 4435 2321 4479 σίων.
2369 4435 2423 4473 ID

2215 4497 2326 4567 (50)
2371 4494 2800 4566 Ἐξεμπλάριον
2831 4494 2938 4563 τῆς
2979 4495 3240 4565 ἀγάπης.
3280 4493 3400 4551 Hoc
3437 4494 3685 4567 vocabplo.

2143 4582 2170 4620 a
2207 4565 2690 4637 LatinispCceptt‘),
2722 4582 2854 4620 usus
2886 4577 2970 4637 est
3004 4567 3248 4636 lgnatius
3284 4581 3477 4637 supra,
3509 4567 3558 4637 in
3583 4565 3687 4637 Epi-

2143 4637 2283 4707 alolq
2310 4638 2378 4689 ad
2407 4634 2693 4707 Ephesios;
2729 4646 2788 4690 ut
2811 4647 2864 4690 et
2910 4634 3052 4690 infra
3105 4634 3372 4706 quoque;
3397 4639 3450 4692 in
3485 4634 3686 4707 Epistola

2143 4709 2211 4780 od
2247 4705 2568 4776 Smyrnwos.
2584 4706 2666 4780 ΔΕι
2685 4717 2939 4780 utroque
2956 4723 3086 4780 vero
3112 4705 3413 4780 interprete
3440 4705 3686 4780 legendum

2145 4777 2232 4830 hic
2265 4791 2516 4847 apparet:
2548 4777 2644 4847 τῆς
2673 4776 3095 4847 ἁγάπηςὺμῶν.
3131 4777 3208 4830 lo.

2215 4843 2450 4920 (ξι)Ὀῦ
2483 4843 2628 4920 αὐτὶ)
2657 4843 2730 4920 τό
2763 4843 3116 4920 miseram
3139 4850 3378 4920 μεγάλη
3415 4848 3685 4920 μαθητείαν

2145 4916 2184 4982 ἡ
2226 4915 2298 4968 δὲ
2345 4918 2606 4984 πραότης
2654 4918 2839 4970 αὑτοῦ
2885 4915 3162 4985 δύναμις.
3217 4915 3306 4972 Jo.
3358 4915 3686 4975 Damaseeuus

2147 4985 2405 5056 quallel.
2451 4989 2544 5041 ιιι».
2595 5001 2690 5050 ιιι,
2746 5003 2864 5056 cap.
2906 4985 2977 5038 50
3003 5028 3018 5052 ,
3069 5005 3135 5040 ex
3169 4988 3381 5056 lgnatio
3413 4993 3538 5043 citat
3562 4990 3646 5041 ista
3673 5003 3707 5049 ε,

2151 5075 2168 5106 ι
2204 5054 2429 5112 Juvenis
2461 5066 2780 5111 mansuetus
2814 5054 2984 5110 inulta
3010 5054 3222 5112 sulIert.
3256 5058 3501 5114 Canities
3528 5069 3683 5112 senqu

2143 5127 2430 5181 clementia
2467 5143 2482 5196 ς
2511 5127 2617 5180 vita
2649 5136 2830 5180 autem
2863 5142 3057 5181 eorum
3080 5129 3324 5196 cognitio
3357 5144 3515 5192 vera;
3543 5145 3561 5178 ι
3590 5125 3705 5196 que

2144 5197 2198 5250 in
2225 5198 2427 5252 nostris
2467 5195 2766 5263 lgnatianis
2795 5212 2900 5250 non
2955 5193 3264 5263 invenimus
3297 5214 3311 5250 :
3342 5200 3446 5253 nisi
3473 5193 3703 5254 lorlassis:

2144 5267 2197 5338 in
2231 5267 2335 5322 hoc
2383 5264 2790 5322 Trailianornm
2835 5264 3082 5338 episcopi
3124 5270 3381 5323 encomio
3407 5265 3701 5338 aliquodil-i

2143 5337 2321 5391 lorum
2358 5338 2718 5393 animadverti
2749 5338 2921 5402 possit
2955 5337 3245 5408 chtigium
3268 5379 3284 5402 ,
3319 5341 3409 5394 cui
3443 5337 3684 5394 addendos

2151 5421 2203 5464 et
2230 5411 2380 5487 locus
2402 5413 2530 5487 iste,
2562 5410 2864 5487 Sapientia
2885 5426 2963 5487 iv,
2988 5413 3044 5477 8,
3178 5413 3349 5487 Πολιά
3377 5415 3434 5469 δέ
3463 5418 3564 5470 ἐστι
3589 5413 3686 5487 φῴ

2151 5498 2304 5557 νησις
2325 5481 2656 5557 ἀνθρώποις,
2694 5480 2786 5534 καὶ
2814 5479 3002 5557 ἡλικία
3029 5483 3216 5557 γήρως
3245 5483 3362 5555 βίος
3381 5479 3683 5557 ἀκηλίδωτος.

2156 5569 2177 5602 ι
2208 5552 2448 5607 Canities
2475 5560 2656 5620 autem
2691 5560 2773 5605 est
2815 5552 3113 5620 prudentia
3152 5552 3554 5613 hominibus'et
3579 5567 3686 5611 artas

2151 5622 2464 5686 senectutis,
2501 5623 2608 5676 vita
2633 5619 3003 5676 immaculata.
3038 5641 3057 5673 ι
3093 5621 3170 5677 ln.

2223 5691 2335 5768 (βὲ)
2361 5694 2466 5747 Ἦν
2485 5689 2804 5768 αιογζζομαέ.
2829 5690 3059 5768 βτςιξιιιιε
3082 5695 3252 5749 codex
3280 5693 3691 5768 Nydpruccianus-

2148 5762 2206 5814 ὃν
2239 5760 2383 5832 legit,
2415 5773 2468 5818 et
2498 5761 2726 5818 Latinus
2752 5760 3145 5830 Baliolensis,-i
3183 5760 3368 5835 quem.
3401 5760 3419 5819 ἱ
3447 5768 3516 5823 In.
