3774 6210
453 335 551 393 2⁸51

1244 331 1332 388 Δί)
1361 327 1744 387 EPISTOLAS
1778 328 1840 384 S.
1882 326 2140 384 ICNATII
2161 324 2514 384 CENUINAS
2544 322 2919 404 APPENDIX.

3619 321 3713 378 832

457 457 564 511 lam
596 465 650 510 et
688 454 1043 526 pollutionem
1082 453 1338 523 appellet,
1386 461 1480 507 aut
1518 452 1672 508 cibos
1699 451 1916 522 aliquos
1941 451 2037 507 de-

2172 451 2237 505 ιαὶ
2269 451 2369 521 τὴν
2405 449 2515 503 τῶν
2548 449 2754 502 παίδων
2785 447 3021 518 γένεσιν,
3055 446 3090 518 ἦ
3118 463 3240 500 τινα
3273 445 3382 500 τῶν
3431 443 3712 517 βρωμάτων

457 545 738 600 testandos
772 553 971 616 putet:
1025 545 1150 601 talis
1190 553 1494 614 apostatam
1547 545 1700 599 illum
1743 545 2036 598 draconem

458 638 512 691 in
545 653 603 691 se
629 637 963 691 habitantem
1004 636 1170 691 fovet.
1224 635 1283 691 Si
1313 638 1440 707 quis
1485 636 1702 692 Patrem
1740 645 1798 692 et
1838 635 2038 692 Filium

457 737 512 784 et
565 727 831 798 Spiritum
883 737 1136 784 sanctum
1189 731 1555 796 contiteatur,
1623 738 1678 783 et
1727 737 2038 786 creaturam

459 819 671 882 laudet;
709 821 802 876 sed
852 820 1166 891 opinionem
1210 822 1494 891 solamque
1532 821 1880 890 phantasiam
1918 835 2040 878 esse

459 914 608 966 dicat
664 911 1104 969 incarnationem
1135 951 1150 975 ,
1215 913 1643 982 passionemque
1710 912 2037 969 erubescat:

462 1003 587 1057 talis
628 1003 786 1057 tidem
835 1003 1074 1074 negavit,
1121 1018 1228 1058 non
1270 1004 1456 1058 minus
1496 1021 1662 1074 quam
1708 1003 2042 1061 christiclda:

460 1093 632 1149 Judtci
668 1095 733 1148 ⁸⁷.
765 1094 823 1148 Si
862 1095 987 1164 quis
1019 1098 1133 1150 hare
1171 1095 1390 1165 quidem
1423 1096 1770 1164 conﬁteatur,
1805 1105 1861 1153 et
1892 1097 2041 1168 quod

464 1185 608 1240 Deus
657 1184 899 1240 Verbum
964 1186 1021 1239 in
1085 1187 1330 1240 humano
1385 1201 1618 1256 corpore
1663 1187 2039 1255 habitaverit,

465 1275 703 1331 Verbum
741 1277 1014 1332 exsistens
1062 1277 1118 1331 in
1162 1278 1305 1347 ipso,
1346 1279 1490 1334 sicut
1525 1288 1580 1334 et
1615 1281 1801 1336 anima
1830 1281 1885 1336 in
1915 1296 2044 1338 cor-

463 1382 628 1436 pore;
663 1378 949 1438 propterea
985 1370 1132 1438 quod
1176 1369 1317 1425 Deus
1362 1372 1668 1439 inhabitet,
1715 1390 1821 1428 non
1858 1383 2042 1429 autem

461 1461 645 1513 anima
702 1461 976 1528 humana;
1027 1478 1219 1518 verum
1271 1463 1422 1519 dicat
1474 1464 1790 1534 illegitinns
1838 1481 2044 1522 concu-

463 1549 612 1605 bitus
641 1551 845 1606 bonum
883 1553 1158 1623 quoddam
1203 1567 1346 1622 esse,
1373 1554 1644 1625 ﬁnemque
1690 1555 2044 1613 beatitudinis

463 1643 761 1696 constituat
789 1643 1157 1714 voluptatem;
1199 1655 1258 1702 ut
1297 1646 1347 1702 is
1380 1647 1476 1719 qui
1517 1647 1655 1703 falso
1697 1647 1918 1702 nomine
1947 1647 2044 1704 Ni-

464 1730 662 1785 colaita
689 1733 888 1788 dicitur
911 1735 990 1789 “2
1036 1736 1122 1791 hic
1158 1753 1260 1793 nec
1296 1737 1413 1808 Dei,
1459 1754 1561 1795 nec
1597 1739 1800 1796 Clu-isti
1830 1750 2045 1796 amator

463 1839 585 1880 esse
623 1834 834 1894 potest,
887 1829 980 1884 sed
1029 1832 1262 1899 propria:
1313 1831 1497 1888 carnis
1541 1843 1850 1903 corruptor,
1882 1842 2048 1904 atque

463 1915 536 1970 ob
583 1917 690 1972 hoc
739 1917 946 1988 Spiritu
996 1932 1188 1976 sancto
1235 1937 1465 1990 vacuus,
1515 1933 1570 1978 et
1616 1940 1648 1980 a
1695 1924 1917 1981 Christo
1964 1934 2050 1982 est

463 2007 698 2063 alienus.
749 2009 952 2066 Omnes
1002 2013 1351 2083 hujusmodi,
1401 2015 1674 2070 columnae
1715 2015 2049 2086 sepulcrales

463 2111 518 2155 et
544 2110 885 2156 mortuorum
914 2115 1041 2160 sunt
1062 2118 1439 2173 monumenta,
1467 2109 1672 2178 quibus
1703 2119 2048 2165 mortuorum

467 2191 749 2248 hominum
799 2195 1020 2250 nomina
1055 2197 1324 2252 duntaxat
1368 2200 1628 2270 inscripta
1669 2211 1820 2255 sunt.
1855 2201 2048 2272 Fugite

466 2285 633 2355 igitur
678 2288 852 2343 malas
904 2298 1070 2353 artes,
1121 2300 1176 2346 et
1227 2291 1458 2348 insidias
1510 2294 1731 2362 spiritus
1777 2296 1867 2365 qui
1911 2311 2049 2349 nunc

465 2391 714 2448 operatur
765 2381 820 2434 in
865 2382 996 2451 [iliis
1046 2382 1091 2415 ⁸⁹
1131 2383 1294 2453 hujus
1343 2384 1568 2452 saeculi,
1625 2388 1916 2458 nequando
1965 2387 2050 2444 af-

466 2471 597 2526 ﬂicti
631 2473 684 2525 in
725 2473 990 2528 cluat-itote
1033 2475 1368 2544 langueatis;
1418 2477 1512 2533 sed
1544 2491 1739 2534 omnes
1771 2479 1828 2533 in
1877 2496 2047 2535 unum

468 2563 591 2617 sitis
628 2565 792 2618 corde
836 2564 1130 2633 indivulso,
1172 2577 1226 2622 et
1264 2569 1450 2622 animo
1491 2571 1826 2639 voluntario,
1861 2574 2050 2626 unani-

469 2671 598 2718 mes,
631 2656 860 2725 idtpsum
900 2659 1181 2714 sentientes
1207 2660 1275 2727 ",
1307 2676 1522 2732 semper
1550 2664 1740 2718 eadem
1763 2664 1831 2719 de
1854 2665 2046 2721 iisdem

468 2747 773 2816 opinantes,
816 2749 867 2803 in
907 2750 1122 2820 quiete,
1169 2753 1224 2809 in
1264 2754 1554 2824 periculis,
1598 2758 1653 2811 in
1695 2759 2046 2827 maeroribus,

469 2838 525 2892 in
562 2839 793 2909 gaudiis.
843 2841 1059 2900 Gratias
1087 2861 1189 2916 ago
1232 2845 1343 2902 Deo
1388 2864 1484 2919 per
1527 2848 1715 2905 Jesum
1747 2851 2044 2920 Christum,

468 2932 614 3001 quod
653 2943 900 3002 pacatam
939 2936 1112 2993 habeo
1155 2939 1221 2994 de
1262 2941 1419 2996 vobis
1463 2945 1890 3013 conscientiam,
1949 2964 2049 3004 nec

467 3014 648 3092 potest
679 3026 948 3096 quispiam
979 3029 1225 3099 gloriari.
1261 3033 1344 3088 vel
1381 3044 1616 3102 secreto,
1657 3038 1744 3092 vel
1789 3039 1990 3108 palam,
2016 3058 2047 3096 a

2143 545 2408 617 βδελυκτά
2429 562 2443 576 ο
2501 545 2531 597 6
2561 544 2801 608 τοιοῦτος
2833 544 3039 598 ἐνοικον
3071 542 3185 614 ἔχει
3218 541 3311 596 τὸν
3341 540 3606 614 δράκοντα
3633 547 3710 596 τὸν

2142 637 2478 708 ἀποστάτην.
2546 635 2674 690 Ἐάν
2723 653 2807 699 τις
2852 635 3075 708 Πατέρα
3123 635 3220 689 καὶ
3270 632 3402 687 Υιὸν
3455 632 3548 687 καὶ
3578 633 3710 701 ἅγιον

2141 732 2368 804 Πνεῦμα
2398 730 2655 804 ὁμολογῇ,
2691 729 2786 784 καὶ
2817 728 2916 799 τὴν
2947 726 3124 781 κτίσιν
3159 728 3391 796 ἐπαινῇ,
3425 725 3636 795 δόκησιν
3662 725 3709 779 δὲ

2141 823 2278 898 λέγῃ
2310 822 2410 895 τὴν
2477 821 2885 893 ἐνσωμάτωσιν,
2907 818 3076 873 καὶτὸ
3109 817 3282 880 πάθος
3316 815 3705 886 ἐπαισχύνηταν

2139 919 2170 972 6
2201 915 2443 979 τοιοῦτος
2474 915 2710 986 ἤρνηται
2742 913 2840 986 τὴν
2873 909 3056 966 πίστιν
3075 950 3091 976 ,
3125 910 3225 980 οὐχ
3274 906 3444 981 ἧττον
3475 907 3577 962 τῶν
3606 925 3707 979 χρι-

2144 1009 2418 1078 στοφόνων
2452 1007 2740 1061 Ἰουδαίων.
2795 1005 2924 1058 Ἐάν
2973 1021 3058 1068 τις
3107 1003 3279 1057 ταῦτα
3331 1001 3432 1072 μὲν
3477 999 3706 1071 ὁμολογῇ,

2145 1103 2240 1156 καὶ
2273 1103 2356 1156 ὅτι
2390 1100 2526 1164 Θεὸς
2558 1100 2732 1168 Λόγος
2767 1099 2827 1152 ἐν
2859 1097 3190 1172 ἀνθρωπίνῳ
3224 1094 3444 1166 σώματι
3477 1092 3708 1163 κατῴκει,

2142 1193 2220 1248 ὣν
2252 1196 2310 1247 ἐν
2343 1191 2492 1263 αὐτῷ
2522 1193 2551 1245 6
2583 1191 2775 1261 Λόγος,
2810 1189 2997 1263 ὥσπερ
3047 1189 3142 1244 καὶ
3187 1188 3336 1259 ψυχὴ
3389 1190 3450 1240 ἐν
3502 1184 3706 1256 σώματι,

2142 1285 2230 1340 διά
2262 1283 2322 1337 τὸ
2372 1282 2578 1337 ἔνοικον
2641 1278 2780 1336 εἶναι.
2842 1281 2996 1344 Θεὸν,
3045 1280 3160 1334 ἀλλ’
3215 1279 3338 1348 οὐχὶ
3389 1276 3708 1340 ἀνθρωπείαν

2143 1372 2323 1444 ψυχήν
2350 1372 2581 1442 (84—85)‘
2599 1370 2734 1442 λέγῃ
2756 1370 2813 1423 δέ
2830 1370 2929 1434 τὰς
2947 1368 3300 1443 παρανόμους
3326 1367 3502 1438 μίξεις
3533 1365 3708 1434 ἀγαθόν

2144 1483 2196 1519 τι
2230 1461 2391 1528 εἶναι,
2426 1465 2520 1518 καὶ
2552 1464 2703 1527 τέλος
2736 1463 3082 1535 εὐδαιμονίας
3115 1462 3308 1533 ἡδονὴν
3342 1460 3586 1529 τίθηται·
3617 1453 3707 1522 οἷκ

2143 1561 2174 1612 6
2203 1557 2552 1630 ψευδώνυμος
2585 1557 2915 1628 Νικολαῖτης
2939 1555 3047 1628 (86)
3072 1573 3086 1586 ·
3123 1550 3278 1618 οὗτος
3309 1552 3436 1607 οὔτε
3471 1551 3706 1621 φιλόθεος,

2144 1651 2270 1704 οὔτε
2304 1651 2648 1724 φιλόχριστος
2697 1645 2835 1704 εἶναι
2881 1649 3144 1711 δύναται,
3180 1647 3321 1702 ἀλλά
3364 1646 3594 1720 φθορεὺς
3628 1647 3710 1716 τῆς

2147 1746 2354 1810 οἰκείας
2387 1744 2610 1818 σαρκὸς,
2649 1744 2740 1798 καὶ
2771 1744 2858 1798 διὰ
2890 1743 3048 1797 τοῦτο
3079 1742 3174 1796 τοῦ
3208 1742 3369 1810 ἁγίου
3422 1741 3712 1812 Πνεύματος

2148 1838 2324 1902 κενὸς,
2363 1837 2457 1891 καὶ
2490 1835 2584 1889 τοῦ
2619 1834 2854 1909 Χριστοῦ
2889 1834 3190 1907 ἀλλότριος.
3228 1835 3292 1887 OE
3339 1832 3568 1887 τοιοῦτοι
3596 1832 3714 1885 πάν-

2147 1943 2259 1991 τες,
2291 1925 2482 1997 στῆλαί
2503 1927 2608 1978 εἰσι
2633 1925 2726 1980 καὶ
2754 1924 2914 1993 τάφοι
2944 1923 3153 1996 νεκρῶν
3171 1940 3186 1954 ·
3210 1923 3298 1992 ἐφ’
3316 1917 3402 1987 οἷς
3430 1923 3714 1994 γέγραπται

2151 2022 2312 2092 μόνον
2343 2021 2580 2091 ὀνόματα
2611 2017 2822 2092 νεκρῶν
2853 2016 3156 2089 ἀνθρώπων
3191 2015 3328 2087 (87).
3375 2014 3604 2083 Φεύγετε
3633 2010 3714 2066 οὖν

2147 2115 2247 2178 τὰς
2279 2111 2652 2184 κακοτεχνίας,
2687 2111 2782 2166 καὶ
2811 2110 3030 2183 ἐνέδρας
3056 2109 3150 2164 τοῦ
3183 2108 3500 2179 πνεύματος
3529 2106 3615 2160 τοῦ
3633 2105 3716 2160 νῦν

2148 2205 2496 2275 ἐνεργοῦντος
2517 2205 2574 2257 ὲν
2594 2204 2706 2266 τοῖς
2722 2202 2857 2264 υἱοῖς
2873 2199 2966 2253 τοῦ
2986 2199 3182 2262 αίῶνος
3201 2197 3416 2262 τούτου,
3445 2197 3518 2268 μή
3539 2213 3659 2248 ποτε
3675 2196 3716 2226 ’θ

2147 2299 2196 2350 οἱ
2237 2295 2513 2358 θλιΰέντες
2552 2293 2949 2362 ἐξασθενήσητε
2981 2290 3092 2362 (88)
3130 2293 3188 2343 ἐν
3223 2291 3290 2359 τῇ
3331 2288 3560 2358 ἀγάπῃ·
3594 2285 3716 2340 ἀλλὰ

2151 2386 2350 2450 πάντες
2380 2385 2472 2438 ἐπὶ
2499 2384 2558 2438 τὸ
2590 2382 2721 2436 αὐτὸ
2739 2381 2954 2451 γίνεσθε
2989 2383 3048 2435 ἐν
3075 2380 3362 2453 ἀμερίστῳ
3397 2377 3608 2451 καρδίᾳ,
3634 2375 3715 2429 καὶ

2147 2479 2292 2549 ψυχῇ
2323 2475 2570 2547 θελούσῃ,
2605 2475 2940 2544 σύμψυχοι,
2977 2472 3043 2526 τὸ
3068 2471 3138 2524 ἓν
3165 2470 3561 2540 φρονοῦντες,
3598 2468 3716 2521 πάν-

2147 2589 2268 2624 τοτε
2297 2571 2364 2624 τὰ
2393 2569 2529 2622 αὒτά
2561 2566 2688 2639 περὶ
2718 2565 2828 2620 τῶν
2846 2563 3025 2618 αὐτῶν
3057 2561 3407 2630 δοξάζον-τες,
3444 2562 3501 2614 ἐν
3533 2578 3589 2615 τε
3608 2561 3717 2614 ἀνέ-

2150 2683 2252 2729 σει,
2281 2664 2374 2717 καὶ
2411 2661 2697 2723 κινδύνοις,
2736 2658 2832 2712 καὶ
2869 2659 2927 2710 ἐν
2955 2655 3175 2720 λύπαις,
3203 2656 3298 2708 καὶ
3322 2658 3380 2708 ἐν
3416 2653 3714 2728 χαρμοναῐς.

2148 2754 2468 2829 Εὐχαριστῶ
2493 2753 2571 2824 τῷ
2601 2750 2740 2822 Θεῷ,
2775 2750 2864 2804 διὰ
2899 2748 3076 2820 Ἰησοῦ
3093 2747 3358 2822 Χριστοῦ.
3391 2748 3475 2801 ὅτι
3499 2745 3718 2799 εὐσυνεῦ-

2147 2850 2305 2921 δητός
2338 2851 2453 2919 εἰμι
2491 2849 2548 2900 ἐν
2583 2847 2745 2918 ὑμῖν,
2795 2842 2886 2897 καὶ
2917 2843 3018 2896 οὐκ
3051 2842 3165 2912 ἔχει
3199 2858 3288 2904 τις
3331 2838 3718 2912 καυχήσασθαι,

2147 2942 2271 2996 οὔτε
2304 2941 2499 3013 λάθρα,
2535 2937 2660 2992 οὔτε
2683 2935 2932 3010 φανερῶς
2955 2976 2970 3000 ,
3007 2936 3092 2989 ὅτι
3131 2933 3385 3006 ἐϐάρησά
3417 2951 3570 2997 τινα,
3605 2932 3638 3004 ἢ
3669 2933 3721 2983 ἐν

2153 3033 2372 3106 μικρῷ,
2401 3033 2436 3103 ἦ
2489 3033 2546 3085 ἐν
2593 3028 2834 3100 μεγάλῳ.
2887 3025 2998 3080 Καὶ
3033 3027 3204 3079 πᾶσιν
3249 3028 3310 3079 ἐν
3342 3020 3428 3090 οἷς
3480 3024 3719 3096 ἐλάλησα,

470 3131 557 3170 me
579 3133 910 3190 quemquam
949 3134 1231 3192 gravatum
1263 3141 1386 3182 esse
1427 3129 1510 3183 vel
1545 3129 1597 3182 iu
1629 3145 1820 3200 parvo,
1862 3134 1948 3187 vel
1987 3134 2040 3188 in

2178 3124 2396 3198 ΰχομαι,
2437 3124 2525 3177 ἵνα
2547 3122 2623 3194 μὴ
2656 3123 2736 3185 είς
2772 3118 3076 3192 μαρτυρίαν
3113 3117 3247 3172 αὐτὸ
3278 3119 3613 3189 κτήσωνται.

469 3223 686 3277 magno.
726 3211 792 3265 Et
837 3227 1028 3271 omnes
1071 3216 1213 3272 inter
1245 3234 1383 3288 quos
1414 3219 1628 3277 locutus
1660 3238 1785 3278 sum
1831 3239 1952 3291 oro,
1981 3242 2050 3281 ne

469 3299 600 3354 illud
637 3303 689 3355 in
719 3305 1090 3361 testimonium
1120 3318 1464 3367 conservent.

540 3393 652 3451 Vll.
687 3395 1010 3469 Quanquam
1062 3403 1206 3456 enim
1259 3406 1561 3462 secundum
1605 3425 1828 3465 carnem
1860 3412 2048 3468 volue-

467 3496 597 3541 runt
639 3489 858 3559 quidam
891 3507 978 3547 me
1008 3495 1306 3551 seducere:
1362 3507 1419 3552 at
1472 3501 1700 3570 spiritus
1745 3518 1902 3558 meus
1937 3519 2043 3559 non

468 3581 766 3637 seducitur.
823 3583 868 3636 Α
898 3582 1009 3639 Deo
1034 3602 1268 3657 namque
1296 3588 1448 3645 illum
1489 3595 1696 3664 accepi.
1743 3594 1859 3649 Scit
1897 3597 2047 3650 enim

467 3673 603 3727 unde
634 3676 828 3739 veniat,
873 3689 922 3730 et
960 3695 1063 3748 quo
1111 3681 1272 3734 vadat
1307 3682 1377 3748 θ’,
1417 3693 1472 3738 et
1517 3696 1727 3741 secreta
1777 3688 2046 3758 coarguit.

467 3765 708 3819 Clamavi
739 3783 862 3822 cum
893 3769 1232 3838 interessem,
1257 3773 1474 3831 locutus
1504 3792 1626 3832 sum
1656 3794 1853 3850 magna
1881 3796 2044 3835 voce:

468 3873 576 3911 non
612 3873 766 3914 meus
797 3869 879 3915 est
909 3877 1110 3931 sermo,
1160 3867 1254 3920 sed
1290 3866 1420 3924 Dei:
1462 3867 1725 3941 Episcopo
1765 3873 2042 3940 attendite,

2220 3412 2335 3468 VII.
2372 3415 2436 3468 Εἰ
2469 3413 2575 3488 γὰρ
2611 3414 2751 3468 κατά
2791 3411 2972 3484 σάρκα
3007 3429 3074 3482 με
3116 3411 3397 3482 ἡθέλησάν
3429 3431 3572 3478 τινες
3603 3413 3725 3466 πλα-

2150 3506 2334 3578 νῆσαι,
2368 3505 2504 3560 ἀλλά
2536 3505 2595 3560 τὸ
2630 3504 2848 3576 πνεῦμά
2880 3522 2980 3575 μου
3005 3505 3066 3557 οὐ
3110 3504 3404 3558 πλανᾶται.
3443 3506 3597 3578 Παρά
3628 3507 3722 3577 γὰρ

2149 3599 2286 3652 Θεοῦ
2307 3599 2440 3651 αὐτὸ
2471 3597 2673 3669 εἴληφα
2703 3597 2831 3668 (89).
2857 3591 2981 3649 Οἵδε
3017 3594 3124 3667 γὰρ
3158 3597 3723 3666 πόθωοὲρχεται,κιιί

2149 3690 2268 3744 ποῦ
2303 3689 2554 3759 ὑπάγει,
2609 3690 2702 3743 καὶ
2749 3690 2818 3742 τά
2857 3688 3075 3760 κρυπτά
3109 3688 3343 3760 ἐλέγχει.
3392 3689 3724 3763 Ἐκραύγασα

2147 3782 2255 3854 γάρ
2293 3782 2495 3853 μεταξὺ
2513 3781 2608 3845 ὢν,
2628 3781 2850 3835 ἐλάλουν
2884 3781 2995 3851 (90)
3019 3780 3233 3854 μεγάλῃ
3266 3786 3424 3854 φωνῇ
3447 3801 3460 3813 ·
3489 3785 3586 3837 οὐκ
3605 3783 3723 3853 ἐμὸς

2148 3876 2178 3927 ὁ
2202 3872 2380 3940 λόγος,
2397 3871 2535 3927 ἀλλά
2566 3871 2727 3925 Θεοῦ·
2755 3870 2845 3943 Τῷ
2866 3870 3154 3941 ἐπισκόπῳ
3181 3871 3508 3942 προσέχετε,
3541 3871 3629 3924 καὶ
3657 3867 3724 3939 τῷ

537 4042 646 4132 "nl.
665 4043 848 4098 Const.
878 4062 965 4116 ap.
991 4063 1063 4114 vt,
1089 4049 1179 4114 25,
1211 4052 1302 4107 26.
1379 4052 1477 4108 ⁸⁸1.
1503 4054 1685 4111 Const.
1719 4073 1807 4128 ap.
1831 4075 1909 4128 γι,
1937 4058 1992 4115 8.

2172 4059 2342 4132 iphes.
2372 4076 2431 4128 ιι,
2455 4059 2512 4115 2.
2587 4059 2635 4092 9°
2665 4055 2706 4112 ι.
2731 4064 2907 4112 vacat.
2981 4055 3280 4128 "Philipp.
3301 4055 3440 4126 11,2.
3516 4057 3560 4090 ”
3578 4055 3722 4111 Joan.

469 4128 551 4172 In.
583 4115 641 4168 8.

471 4280 704 4354 trahere.
746 4279 1070 4354 Quanquam
1114 4284 1292 4353 potuit
1336 4284 1650 4354 lgnatianus
1681 4289 1874 4345 oculus
1903 4289 2040 4344 sim-

468 4351 679 4429 pliciter
719 4352 988 4429 respicere
1033 4355 1100 4429 ad
1116 4351 1456 4429 "Apostolum
1493 4360 1514 4410 Ι
1565 4357 1707 4415 Tim.
1747 4376 1823 4424 tv,
1865 4361 1930 4427 l,
1987 4361 2042 4429 '5,

467 4423 558 4476 ubi
591 4423 904 4495 nuptiarum
936 4434 989 4495 et
1015 4423 1264 4479 ciborum
1306 4428 1603 4495 prohibitio
1643 4423 1896 4486 doctrina
1918 4423 2041 4485 dte-3

2149 4290 2372 4357 divino;
2428 4299 2522 4347 aut
2565 4290 2625 4360 in
2675 4307 2904 4363 corpore
2953 4292 3157 4348 Christi
3195 4292 3480 4348 exstitisse
3507 4291 3720 4363 quidem

2146 4363 2409 4446 annnam,
2440 4367 2567 4446 non'
2585 4361 3010 4446 tamen—proprie
3035 4363 3320 4446 habitasse
3342 4363 3451 4446 nisi
3479 4361 3720 4446 Verbum,

2151 4433 2223 4485 ob
2272 4433 2405 4487 illud
2452 4431 2680 4489 Joannis
2732 4431 3008 4503 eloquium
3045 4451 3059 4487 :
3096 4432 3165 4486 Et
3195 4434 3460 4487 habitavit
3487 4435 3719 4498 instabis,

466 4493 776 4574 moniorum
801 4493 1120 4574 appellatur.
1154 4493 1464 4552 Saturnilus
1491 4508 1672 4574 autem
1703 4512 1757 4555 et
1781 4500 2044 4557 Basilides
2075 4501 2120 4557 D
2149 4505 2294 4574 quod
2326 4513 2641 4557 sanctorum
2665 4493 2886 4559 Patrum
2922 4503 3167 4557 nonnulli
3192 4503 3276 4558 sic
3306 4506 3602 4574 explicant,
3630 4493 3722 4558 hoc

464 4564 718 4636 videntur
743 4564 845 4616 sub
871 4563 1010 4636 idem
1042 4575 1254 4636 tempus
1279 4583 1480 4622 venena
1506 4569 1786 4625 haereseon
1821 4587 2045 4625 suarum

465 4633 792 4706 profundere
815 4635 1078 4703 coepisse;
1109 4633 1366 4706 adeoque
1405 4637 1592 4693 forsan
1623 4639 1833 4706 lgnatio
1866 4641 2048 4695 adhuc

463 4704 631 4780 vitam
666 4714 886 4780 agente,
919 4707 1060 4780 ut‘in
1093 4704 1389 4780 Epistulam
1418 4709 1486 4761 ad
1525 4704 1829 4764 Trallianos
1859 4711 2048 4780 dispu-

466 4775 740 4828 tahamus.
775 4775 930 4829 Certe
961 4775 1299 4846 Epiphanius
1340 4781 1392 4831 in
1445 4780 1637 4834 hazresi
1674 4775 2044 4836 Basilitliano-

466 4860 597 4921 rum_
627 4853 869 4921 extrema
895 4849 1120 4921 ,__nescit
1153 4849 1280 4921 quis
1317 4849 1551 4921 duorum
1591 4852 1740 4920 prior
1785 4853 2044 4921 eruperit,

463 4930 528 4969 ac
550 4915 702 4967 alteri
733 4915 1094 4990 suppeditarit
1118 4915 1286 4973 virus.
1314 4920 1446 4984 Quae
1467 4915 1823 4990 objiciuntur,
1851 4915 2047 4990 parum

466 4994 678 5054 urgent.
729 4985 774 5035 Α
821 4983 1158 5042 Tcrtultiano
1201 4983 1352 5042 enim
1392 5006 1500 5043 non
1536 4983 1866 5046 'admodum'
1910 4995 2046 5049 ordo

465 5056 639 5128 gnatis
671 5066 955 5123 servatur,
988 5067 1046 5117 ut
1069 5058 1253 5113 videre
1283 5072 1366 5113 est
1394 5060 1447 5113 in
1478 5058 1724 5123 Nicolao,
1758 5062 2042 5128 Cerintho,

466 5123 694 5202 Ebione,
714 5134 774 5202 _et
801 5137 1046 5202 «postea»
1073 5129 1178 5182 dici
1206 5131 1464 5202 potestde
1488 5136 1675 5184 eodem
1701 5131 1812 5187 fere
1840 5123 2046 5202 tempe;

471 5212 545 5248 re.
574 5194 917 5273 Epiphanius
931 5215 1061 5252 vero
1081 5215 1186 5273 non
1206 5194 1310 5273 sibi
1331 5202 1658 5255 contradicit
1680 5220 1693 5255 :
1719 5204 1918 5273 quippe
1935 5194 2045 5273 quo

465 5275 687 5340 auctore
721 5266 983 5324 Basilides
1010 5285 1038 5322 a
1071 5268 1351 5324 Saturnilo
1375 5279 1697 5340 argumenta
1728 5266 2052 5328 Sic-Iitut'ua-

467 5346 554 5414 tus
579 5339 668 5414 sit2
698 5341 944 5414 utambo
973 5340 1273 5414 nequitiam
1305 5356 1421 5414 asc
1451 5339 1646 5414 mutuo
1675 5346 2043 5414 corrogarint.

468 5406 798 5481 llmt'esi_25._
819 5425 938 5476 cap.
969 5406 1102 5473 ulti;
1131 5411 1323 5464 lneresi
1345 5409 1437 5476 24,
1471 5428 1593 5481 cap.
1625 5413 1672 5466 ι.
1709 5406 1848 5470 Cor.

539 5477 744 5552 (84-85)
789 5479 1092 5548 Ἀλλόὑχὶ
1116 5481 1491 5552 ᾀνθρωπείαν
1517 5477 1747 5552 ψυχήν.
1786 5484 2049 5541 Haeretica

465 5547 632 5613 postis
662 5547 1040 5617 suppostorem
1057 5547 1356 5616 infestavit,
1376 5553 1420 5606 si
1445 5547 1726 5610 Chi-istum
1745 5557 1924 5610 anima
1945 5556 2048 5610 bu-

466 5631 627 5668 mana
669 5620 914 5672 caruisse
954 5621 1188 5675 censuit.
1220 5619 1378 5685 Quod
1431 5625 1476 5679 si
1510 5642 1619 5678 non
1654 5626 1892 5679 Arianus
1927 5624 2048 5679 fue~

2149 4580 2252 4636 est,
2281 4573 2333 4626 in
2366 4588 2529 4627 carne
2564 4586 2751 4628 nostra
2785 4584 2836 4629 et
2871 4575 3130 4628 humana.
3163 4574 3303 4629 Cor.

2223 4643 2336 4716 (86)
2377 4643 2429 4716 Ὁ
2448 4643 2844 4716 ρξευόξῴνυμος
2873 4646 3256 4713 Νικολαῖτης.
3293 4643 3422 4702 V’id.
3467 4660 3626 4716 supra
3673 4644 3718 4697 in

2150 4710 2326 4782 Epist.
2355 4713 2424 4766 ad
2457 4710 2825 4782 Trallianflr.

2222 4784 2335 4870 (ἔζη
2383 4785 2499 4870 Ἐφ’
2522 4780 2614 4870 ρῖς
2637 4786 2962 4870 ,γέγραπῖαι
2985 4785 3176 4870 μένον
3207 4785 3473 4870 ﬁdem";

2147 4853 2491 4926 ἀνθρώπων.
2516 4853 2854 4926 Anglican”:
2867 4856 2920 4908 in
2947 4853 3148 4925 quibus
3168 4853 3374 4926 scrip—ta
3402 4866 3532 4911 sunt
3560 4858 3718 4912 solum

2150 4925 2373 5005 nomina
2416 4923 2721 5006 homirnam.
2747 4945 2765 4977 ι
2818 4923 3020 4981 Eodem
3061 4943 3190 4981 vero
3231 4923 3410 5006 modo
3453 4928 3720 5006 haereticos

2149 4995 2325 5062 cippis
2356 4994 2616 5066 etqtitulis
2646 5005 2990 5050 mortuorum
3019 5005 3308 5066 comparat
3338 4998 3507 5052 etiam
3546 4996 3720 5051 lliero-

2149 5080 2369 5134 nymus,
2420 5064 2517 5119 lib.
2575 5080 2614 5118 ιι
2647 5066 3002 5121 Commentar.
3048 5069 3104 5120 in
3151 5064 3479 5139 0sew,cap.
3524 5085 3577 5134 ς,
3616 5075 3719 5121 uta

2151 5135 2415 5190 Maestraao
2440 5145 2524 5190 est
2550 5135 2640 5190 hic
2671 5145 2940 5189 notatum.
2974 5138 3047 5192 ιι).

2205 5147 2415 5190 ιιξειιοωο
2440 5147 2524 5190 εει
2550 5147 2640 5190 hic
2671 5147 2940 5189 notatum.
2974 5147 3047 5194 ID.
3600 5195 3602 5198 ,

2221 5207 2334 5278 (88)
2380 5205 2636 5278 Μήποτε
2667 5209 2720 5259 οἱ
2763 5207 3065 5273 θλιϐἐντες
3095 5205 3720 5278 ἐξασθενήσητεᾼιιὺ

2150 5277 2334 5332 culum
2363 5281 2416 5330 οὶ
2448 5276 2736 5330 delendum
2765 5285 2917 5331 notat
2945 5278 3220 5333 Vedelius.
3251 5277 3331 5331 lt).

2223 5346 2337 5416 (89)
2399 5348 2473 5418 Τό
2514 5345 2750 5418 πνεῦμὰ
2788 5365 2909 5418 μου
2955 5350 3026 5402 οὑ
3072 5346 3395 5402 πλανᾶται.
3433 5349 3595 5418 Παρὰ
3627 5346 3722 5416 γὰρ

2153 5417 2297 5473 Θεοῦ
2331 5417 2476 5488 αὐτὸ
2507 5415 2746 5488 εἴληφα.
2771 5415 3038 5488 Anglican
3065 5438 3112 5474 ι(
3154 5418 3400 5488 Spiritus
3434 5415 3544 5475 non
3571 5415 3722 5474 sedu-

2150 5489 2312 5552 citur,
2350 5504 2380 5542 a
2417 5487 2525 5541 Deo
2549 5487 2842 5542 exsistens.
2871 5487 2903 5540 “›
2943 5489 3015 5549 In.

2223 5559 2335 5635 (90A)
2353 5557 2724 5635 'Expatimga
2754 5563 2879 5635 Tag
2889 5557 3256 5635 amator,
3282 5559 3573 5635 ἐλάλρυν.
3597 5559 3722 5635 Con-

2146 5627 2360 5702 junctio
2378 5631 2500 5702 Δγέιρ
2528 5630 2584 5681 ιιι
2605 5628 2810 5702 -ϐιιῳοο
2837 5627 3259 5702 Nydprucciano
3286 5643 3345 5685 et
3375 5633 3594 5702 vulgato
3623 5630 3718 5682 La-

470 5687 556 5747 rit,
585 5687 677 5740 scd
710 5687 1045 5769 catholicus,
1075 5691 1253 5743 voluit
1298 5698 1394 5744 aut
1440 5694 1720 5769 Christum
1765 5706 2050 5769 con_s_tasse
2146 5687 2269 5751 tino
2304 5687 2568 5752 habethr:
2604 5699 2658 5752 in
2687 5687 3230 5769 Grmco'Angustano
3261 5712 3318 5754 et
3347 5687 3541 5758 nostro
3573 5703 3721 5769 inter:

465 5767 576 5809 non
605 5770 834 5825 corpore
856 5767 909 5813 et
934 5760 1114 5816 anima
1142 5769 1375 5824 tantum,
1393 5778 1579 5820 verum
1603 5766 1765 5822 ctiam
1799 5774 1850 5822 et
1871 5763 2047 5823 Verbo

2151 5778 2300 5840 prcte
2347 5770 2646 5836 omittitur;
2686 5769 2777 5842 qui
2825 5770 2900 5825 ita
2952 5765 3132 5828 lo'cum
3167 5782 3414 5845 vertens,
3454 5792 3471 5826 ι
3498 5765 3719 5830 (Ἂιυιιινί
