3774 6210
126 245 209 303 8Π
793 236 1157 293 EPISTOLJE
1195 236 1728 295 INTERPOLATE.
1770 268 1837 279 -—
1867 236 1955 291 AD
1993 236 2667 293 PHILADELPIIENSES.

3271 236 3377 292 838

122 362 468 435 χειροτονῆσαι
502 360 795 417 ἐπίσκοπον
831 357 961 429 (l7),
994 361 1074 422 εἰς
1105 359 1164 412 τὸ
1191 360 1528 431 πρεσϐεῦσαι
1572 361 1680 412 ἐκεῖ

1853 358 2131 428 ιίεοοριιηι,
2165 359 2258 429 qui
2285 359 2446 414 obeat
2502 359 2575 413 ibi
2620 357 2948 429 legationem
2981 356 3109 424 Dei;
3140 366 3199 414 ut
3246 373 3378 413 con-

123 464 240 517 Usa-3
282 452 600 521 πρεσόείαν,
651 451 729 511 εἰς
775 448 834 501 τὸ
886 448 1301 519 συγχωρηθῆναι
1358 448 1467 517 (18)
1502 449 1687 512 αὐτοῖς

120 542 198 596 ἐπὶ
223 540 279 593 τὸ
308 539 437 593 αὐτὸ
470 539 778 609 γενομένοις
798 577 812 601 ,
851 539 892 568 ¹⁰
924 538 1016 590 καὶ
1048 537 1268 603 δοξάσαι
1296 538 1357 589 τὸ
1381 537 1553 607 ὄνομα
1592 539 1686 592 τοῦ

119 635 234 688 Θεοῦ
248 634 352 703 (19)
374 635 436 685 ³³.
459 632 742 703 Μακάριος
762 634 819 684 ὲν
838 630 1058 702 Χριςτῷ
1088 630 1281 700 Ἰησοῦ,
1300 631 1358 695 ὃς
1374 630 1684 703 κατηξιώθη

126 727 221 797 (ἳο)
258 725 353 795 τῆς
392 723 652 795 τοιαύτης
690 723 984 786 διακονίας,
1026 724 1116 776 καὶ
1154 724 1310 793 ὑμεῖς
1353 723 1410 775 δὲ
1456 723 1689 777 σπουδά-

123 833 312 879 σαντες,
346 819 403 869 ἐν
442 813 665 887 Χριστῷ
712 814 1126 884 δοξασθήσεσθε.
1170 814 1396 867 Θέλουσι
1438 814 1496 867 δὲ
1536 815 1684 884 ὑμῖν,

114 912 165 961 οὐ
196 909 349 960 πᾶσιν
374 907 637 963 ἀδύνατον
674 907 805 978 (2i),
840 908 979 978 ὑπὲρ
1007 907 1267 977 ὀνόματος
1302 906 1457 970 Θεοῦ,
1491 906 1565 969 ὡς
1595 906 1689 959 καὶ

115 1000 188 1051 ἀεὶ
220 1000 326 1072 (22)
357 1002 412 1053 αἱ
443 1000 671 1069 ἔγγιστα
709 1000 1021 1069 Ἐκκλησίαι
1050 1000 1299 1070 ἔπεμψαν
1330 998 1440 1070 (‘23)
1469 999 1691 1053 ἐπισκό-

116 1107 250 1153 πους,
279 1094 331 1143 αἱ
360 1092 418 1144 δὲ
441 1092 845 1163 πρεσϐυτέρους
880 1091 972 1144 καὶ
1002 1090 1299 1154 διακόνους.

174 1182 259 1235 XI.
284 1182 420 1252 Περὶ
445 1182 503 1234 δὲ
526 1182 757 1244 Φίλωνος
772 1180 865 1234 τοῦ
892 1181 1157 1241 διακόνου,
1179 1180 1370 1251 ἀνδρὸς
1398 1179 1504 1234 ἀπὸ
1534 1180 1688 1233 Κιλι-

115 1272 240 1335 κίας,
266 1275 764 1344 μεμαρτυρημένου
804 1272 915 1342 (24)
938 1311 951 1334 ,
984 1271 1042 1334 ὃς
1080 1272 1172 1324 καί
1216 1271 1312 1323 νῦν
1352 1273 1411 1323 ἐν
1457 1272 1599 1340 λόγῳ
1639 1272 1681 1302 ¹³

115 1367 360 1435 ὑπηρετεῖ
388 1381 499 1434 μοι,
539 1364 656 1433 ἅμα
694 1364 836 1433 Γαΐῳ
868 1363 910 1393 ¹³
940 1362 1033 1415 καὶ
1072 1361 1390 1430 Ἀγαθὸποδι
1428 1362 1559 1431 (25),
1590 1363 1683 1415 ἁν-

111 1458 183 1526 δρὶ
206 1456 466 1526 ἐκλεκτῷ,
505 1456 565 1519 ὃς
600 1454 707 1508 ἀπὸ
740 1454 941 1525 Συρίας
971 1471 1059 1524 μοι
1086 1440 1683 1519 ἁκολουθεϊ,’ἀποταξὰ-

1613 1573 1628 1598 Ι

112 1563 244 1617 μενοι
273 1546 314 1577 ¹δ
337 1545 418 1616 τῷ
462 1544 565 1616 βίῳ
597 1545 728 1617 (26)·
766 1544 815 1597 οἳ
855 1544 948 1598 καὶ
983 1542 1350 1615 μαρτυροῦσιν
1389 1545 1517 1617 ὑμῖν
1546 1546 1677 1616 (27).

1793 451 2019 505 cedatur
2059 450 2167 505 illis
2206 451 2259 504 in
2309 452 2558 506 eumdem
2607 452 2785 505 locum
2817 451 3182 521 congregatis,
3208 451 3375 505 etiam

1792 544 2098 613 gloriﬁcare
2126 558 2324 598 nomen
2358 543 2472 599 Dei.
2516 543 2713 599 Beatus
2753 544 2841 598 ille
2887 544 2940 598 in
2966 543 3187 598 Christo
3222 542 3377 613 Jesu,

1794 634 1886 702 qui
1913 634 2110 705 dignus
2150 635 2369 688 habitus
2396 635 2558 689 fuerit
2595 634 2864 705 ejusmodi
2907 636 3248 702 ministerio;
3280 651 3381 692 vos

1792 740 2011 794 quoque
2041 726 2281 779 studium
2315 727 2655 789 adhibentes,
2690 727 2744 780 iu
2782 726 3004 781 Christo
3048 728 3381 798 gloriﬁcahi-

1795 815 1949 868 mini.
1976 814 2297 870 Veientibus
2338 826 2517 871 autem
2555 817 2710 871 vobis
2741 832 2849 871 non
2880 819 2983 873 erit
3013 834 3240 887 prorsus
3270 820 3379 874 im-

1793 906 2071 975 possibile,
2105 922 2203 975 pro
2236 907 2455 961 nomine
2485 907 2615 973 Dei;
2654 916 2713 962 ut
2754 918 2808 963 et
2849 924 3063 977 semper
3112 912 3381 978 proximae

1794 995 2072 1060 Ecclesize,
2100 997 2218 1051 alia:
2261 998 2530 1051 miserunt
2574 998 2881 1068 episcopos.
2927 1001 3203 1055 nonnullae
3247 1016 3380 1057 vero

1788 1087 2136 1156 presbyteros
2167 1097 2217 1142 et
2257 1088 2538 1144 diaconos.

1858 1176 1952 1231 Xl.
1986 1177 2062 1232 De
2090 1177 2316 1233 Philone
2350 1189 2530 1234 autem
2559 1179 2815 1246 diacono,
2840 1182 2959 1238 viro
2990 1182 3162 1239 Cilice
3192 1185 3386 1241 lauda-

1792 1270 2028 1335 tissimo,
2063 1271 2157 1339 qui
2205 1280 2259 1325 et
2300 1287 2448 1325 nunc
2482 1273 2613 1325 mihi
2656 1273 2709 1326 in
2742 1275 2909 1328 verbo
2950 1275 3043 1330 Dei
3083 1278 3381 1347 ministrat,

1790 1376 1900 1415 una
1951 1377 2075 1417 cum
2119 1362 2255 1416 Caio
2301 1373 2355 1417 et
2402 1363 2779 1435 Agathopode,
2826 1366 2946 1420 viro
2985 1367 3178 1434 electo,
3212 1370 3306 1439 qui
3348 1386 3381 1425 a

1793 1453 1949 1525 Syria
1976 1470 2063 1510 me
2095 1457 2409 1520 comitatur,
2442 1457 2631 1511 relicto
2663 1458 2862 1511 saeculo
2890 1476 2903 1512 :
2934 1461 3026 1527 qui
3051 1470 3102 1513 et
3131 1461 3197 1515 de
3227 1463 3381 1517 vobis

1790 1547 2171 1601 testiﬁcantur.
2203 1546 2268 1602 Et
2292 1563 2393 1618 ego
2430 1547 2539 1603 Deo
2564 1563 2666 1618 ago
2698 1550 2898 1619 gratias
2933 1550 3002 1606 de
3031 1552 3209 1618 vobis,
3231 1553 3382 1624 quod

190 1688 211 1718 ⁸
238 1688 390 1742 deest
417 1687 473 1740 in
510 1684 584 1740 al.
662 1687 701 1717 ¹¹
737 1701 840 1739 ms.
864 1682 1121 1756 Χριστοῦ.
1204 1685 1245 1715 ¹²
1280 1682 1320 1737 f.
1348 1683 1512 1739 inser.
1540 1686 1674 1740 Θεοῦ

1853 1689 1919 1745 al.
1949 1689 2140 1760 Γαυῖα.
2221 1691 2265 1721 ίδ
2298 1688 2336 1743 f.
2362 1689 2794 1761 ἀποταξάμενος.

109 1807 398 1881 ειςΑμικρὰ
458 1808 994 1881 τοῖςν-ΑΧριᾳτιανοῖς.
1043 1803 1369 1881 {Praecepit
1419 1806 1494 1860 illi
1538 1807 1680 1881 idem

1853 1810 2101 1881 opodem,
2145 1828 2163 1861 ι
2196 1810 2249 1863 in
2278 1809 2523 1881 Epistula
2556 1826 2683 1881 vero
2721 1813 2790 1863 ad
2814 1809 3115 1881 Smyrnreos
3149 1832 3167 1863 ι
3205 1811 3379 1867 Reum

107 1874 379 1945 Traianus,
405 1886 467 1932 ut
502 1893 533 1931 a
564 1874 896 1930 Christianis
946 1874 1258 1945 occidendis
1303 1888 1561 1933 cessaret.
1598 1877 1685 1931 Si-

107 1944 288 2004 militer
319 1961 505 2002 autem
559 1956 616 2000 et
659 1946 793 2017 aliis
818 1946 1056 2014 undique
1102 1944 1371 2017 praefectis
1403 1950 1679 2017 praecepit,

107 2033 156 2073 ut
190 2021 239 2071 in
269 2027 555 2087 posterum
589 2032 619 2068 a
650 2016 888 2070 caedibus
926 2030 1116 2087 eorum
1146 2014 1239 2087 qui
1266 2014 1685 2087 Christiani'di-

107 2085 346 2142 cebantur
378 2087 948 2157 abstinerentaAtque
974 2085 1048 2139 ita
1068 2085 1408 2157 indulgentia
1432 2087 1684 2157 aliquan-

107 2159 201 2213 tula
251 2159 584 2212 fruebantur
632 2154 950 2210 Christiani.
990 2174 1025 2225 ι
1067 2154 1212 2209 Idem
1263 2157 1407 2225 apud
1454 2154 1680 2213 Su'idam

105 2245 301 2299 quoque
332 2229 561 2299 legitur,
589 2227 645 2299 [ιι
676 2226 959 2299 Τραϊανός.
987 2224 1182 2299 Ussen.

165 2294 268 2367 (Π)
289 2294 737 2365 Χειροτονῆσαι
749 2296 1103 2349 ἐπίσκοπον.
1123 2294 1410 2367 Anglican.
1435 2298 1636 2354 rectius
1663 2315 1678 2354 :

110 2388 125 2419 ι
160 2364 405 2423 ominare
435 2367 760 2430 diaconum,
798 2388 816 2417 ι
853 2366 905 2419 id
932 2376 1014 2420 est
1043 2364 1328 2435 chigiiare
1362 2368 1677 2432 diaconum,

106 2441 182 2506 qui
222 2439 584 2509 legationem_
616 2438 794 2509 obeat.
827 2437 1359 2509 ΔΧειροτονιεὶνηιτιιιίηι
1408 2436 1679 2509 Hesychio

104 2504 411 2579 generaliter
442 2507 721 2580 significat
749 2504 1028 2578 καθιστᾷν,
1045 2505 1320 2576 ψηφίζειν,
1345 2526 1362 2558 ι
1385 2504 1680 2565 consiitue-

105 2576 171 2640 re.
197 2576 523 2635 decernere:
562 2596 581 2629 ι
610 2576 681 2629 lo.

166 2652 264 2718 (l8)
301 2648 798 2719 Συγχῳρηθῆναι.
852 2646 1133 2718 Anglican.
1191 2668 1209 2699 ι
1254 2648 1618 2719 congaudere,
1654 2670 1674 2704 ι

107 2717 563 2792 συγχαρῆνα-ιηιο.

162 2787 277 2860 (i9)
312 2787 589 2854 Δοξάσαι
640 2787 707 2841 τὸ
763 2788 948 2857 ὄνομα
1006 2789 1112 2842 τοῦ
1166 2789 1334 2842 Θεοῦ.
1392 2789 1676 2860 Anglican.

104 2880 122 2911 4
152 2861 449 2930 gloriﬁcare
482 2874 719 2930 nomen;
742 2878 778 2930 _g
801 2860 1068 2923 absolute,
1095 2861 1555 2930 quemadmodum
1586 2878 1680 2915 su-

102 2927 277 2999 pra,iu
322 2928 583 3001 Epistula
623 2927 689 2980 ad
734 2927 1015 3001 Ephesios,
1062 2927 1124 3001 τδ
1160 2929 1331 3000 ὄνομα
1366 2931 1678 3001 περιφέρειν

103 3003 294 3055 dixerat
317 3000 578 3071 lgnatius
603 3016 618 3062 ;
651 2999 795 3071 quod
820 2999 1070 3069 vulgatus
1100 2999 1369 3071 interpres
1399 2999 1674 3055 reddidit:

108 3090 124 3120 ι
150 3087 334 3127 nomen
352 3070 584 3125 Christi
615 3070 1095 3138 circumportare.»
1123 3070 1324 3125 Eodem
1350 3071 1511 3125 modo
1541 3087 1675 3124 ino-

102 3142 273 3229 iLniniSi
312 3157 451 3229 voce
484 3141 661 3194 utitur
686 3141 849 3220 etiam
868 3139 1231 3229 JCyp‘rianp‘s:
1266 3142 1524 3210 mapud
1574 3140 1678 3196 He-
1706 3171 1747 3229 ε
1782 3139 2013 3221 allirmat
2039 3150 2154 3229 ᾗπερ.
2201 3141 2268 3194 ad

104 3208 255 3265 brzeos
290 3231 307 3264 ι
348 3212 531 3265 Deum
573 3228 590 3258 ι
632 3211 833 3277 passim
861 3208 1099 3264 denotat.
1134 3211 1209 3263 In.

161 3282 261 3351 (20)
291 3278 673 3351 Κατηξιώθη.
794 3279 1137 3351 Καταξιωθῇ.
1165 3280 1301 3335 Cor.

159 3349 259 3417 (2|)
295 3355 379 3406 Οὐ
419 3350 621 3403 πᾶσιν
664 3349 979 3403 ἀδύνατον.
1033 3349 1165 3404 Illud
1211 3353 1377 3404 πᾶσιν
1435 3353 1683 3417 agnoscit

100 3420 538 3491 vetus'vulgatus
584 3420 888 3489 interpres;
921 3421 1012 3474 sed
1061 3436 1167 3474 non
1206 3420 1545 3491 Anglicanus
1585 3440 1683 3478 no-

102 3500 209 3544 ster.
259 3490 420 3558 Quod
480 3491 561 3560 si_
584 3493 899 3553 retineatur,
941 3492 993 3543 in
1046 3490 1391 3543 παντάπασιν
1435 3494 1679 3560 omnino,

99 3577 205 3639 cum
238 3562 496 3686 1ῐέιιιιήιςῑο
532 3557 698 3613 Junio
729 3570 936 3627 nostro,
970 3563 1290 3615 mutandum
1334 3557 1681 3617 existimaveé

100 3645 207 3683 rtm.
290 3648 445 3686 sses.

100 3645 207 3683 l'llll.
244 3645 418 3687 USSER
430 3672 445 3683 .

158 3702 259 3771 (22)
290 3704 422 3756 Ἀεί.
474 3698 663 3773 Neque
713 3700 814 3773 hoc
861 3710 1048 3773 noster
1085 3703 1331 3770 agnoscit
1362 3703 1627 3773 interpres
1662 3723 1676 3760 :

99 3785 182 3839 pro
208 3789 271 3827 eo
312 3793 331 3823 ι
368 3771 634 3841 quaedam
676 3791 694 3820 ι
727 3771 1083 3825 substituens.
1119 3773 1196 3826 in.

158 3842 260 3912 (23)
295 3843 648 3910 Ἔπεμψαν.
704 3841 779 3895 lta
809 3852 890 3912 _et_
931 3850 1115 3896 noster
1164 3844 1332 3912 legit;
1387 3842 1477 3897 ubi
1526 3853 1681 3899 vetus

98 3910 324 3980 vulgatus
360 3931 379 3962 ι
412 3915 728 3983 ιιιιιιθιέηι
750 3910 986 3983 πέμψαι,
1024 3913 1170 3981 quod
1212 3910 1484 3967 Vairlenio
1508 3916 1682 3983 magis

99 3984 296 4049 placuit.
333 3984 451 4035 Aut
483 3982 536 4035 id
586 3980 755 4045 verbi,
791 3982 987 4050 inquit,
1013 3980 1444 4038 subaudiendum
1480 3986 1581 4038 erit
1604 3980 1680 4039 ’ἰιι

97 4053 243 4119 priori
268 4052 552 4107 orationis
585 4061 753 4119 parte,
787 4059 847 4104 ut
877 4053 965 4106 hic
991 4052 1059 4106 sit
1083 4068 1277 4108 sensus
1311 4071 1324 4106 :
1354 4073 1371 4104 ι
1400 4053 1563 4109 Vobis
1596 4070 1682 4108 vo-

97 4124 312 4177 lentibus
367 4138 486 4176 non
539 4122 645 4173 erit
694 4135 947 4190 prorsum
999 4122 1369 4194 impossibile,
1408 4143 1425 4174 ι
1468 4126 1678 4194 supple,

98 4194 292 4272 mittere
335 4193 675 4313 epislcopos,
706 4210 724 4241 ‹
763 4200 823 4244 ιιι
868 4193 1132 4260 proximae
1172 4192 1429 4249 Ecclesiae
1468 4192 1682 4266 semper

98 4272 364 4313 tmserunt.
398 4284 418 4313 ι
480 4269 535 4313 υ.

98 4263 364 4317 miserunt.
398 4284 418 4314 ι
456 4263 535 4315 Iv.

155 4334 255 4401 (24)
283 4333 430 4401 Περὶ
459 4331 531 4384 δὲ
554 4330 827 4401 Φίλωνος
846 4331 951 4385 τοῦ
979 4331 1278 4398 διακόνου,
1311 4333 1529 4401 ἀνδρὸς
1561 4334 1680 4387 ἀπὸ

96 4399 374 4476 naming;
397 4399 1153 4476 yeyaptvpnpe‘rovﬁodex
1186 4399 1636 4476 Nydpruccianus
1663 4423 1676 4457 :

94 4472 210 4544 Περὶ
232 4475 325 4526 καὶ
349 4474 619 4545 Φίλωνος,
645 4480 773 4535 etc.,
798 4471 905 4524 ἀπὸ
932 4472 1134 4545 κοιλίας
1161 4471 1482 4545 μεμαρτυρη
1493 4474 1675 4543 μένου,

93 4540 219 4609 quod
244 4545 499 4598 Joannes
532 4540 849 4595 Brunnerus
881 4544 1109 4597 reddidit
1135 4540 1191 4596 ι’(

95 4622 184 4665 teni
214 4616 479 4677 diacono,
508 4612 630 4664 viro
663 4611 732 4663 ab
767 4612 987 4666 ineunte
1020 4623 1178 4668 aetate
1214 4615 1607 4668 laudatissima.
1648 4633 1666 4663 ι

94 4684 184 4755 δυο
205 4680 910 4755 Augustanus,_et_antiqui
941 4685 1102 4755 ambo
1125 4682 1302 4738 Latini
1330 4686 1670 4755 interpretes,

92 4750 324 4818 Κιλικίας
358 4752 576 4807 rectius
606 4750 804 4823 habent
824 4769 845 4823 7:
873 4767 970 4821 pro
991 4754 1189 4822 quibus
1214 4763 1268 4808 et
1296 4754 1424 4807 illud
1454 4750 1508 4806 in
1542 4752 1672 4823 Epi-

91 4824 212 4895 stola
259 4826 329 4878 ad
387 4823 715 4895 ΊίινξεξηδιεδΔ
732 4821 900 4895 facit:
939 4823 1263 4895 Ἀσπᾲζεται
1314 4825 1457 4895 ὑμᾶς
1499 4821 1671 4875 Φίλων

89 4893 371 4958 ὁδιάκονος
412 4891 599 4963 ὑμίοζι.
633 4911 649 4941 ι
684 4889 895 4946 Salutat
934 4907 1031 4963 vos
1072 4892 1230 4947 Philo
1274 4889 1538 4950 diaconus
1579 4908 1671 4947 ve-

90 4973 216 5035 ster;
260 4984 279 5015 ι
308 4981 430 5035 quo
457 4960 842 5035 '«Tarsensem
890 4962 955 5035 in,
968 4962 1158 5035 Cilicia
1186 4983 1205 5015 ι
1227 4963 1519 5021 diaconum
1543 4979 1668 5019 eum

89 5032 259 5100 fuisse,
290 5032 498 5089 auctor
538 5032 849 5099 signiﬁcare
877 5033 1064 5086 voluit.
1091 5032 1160 5085 In.

148 5105 253 5177 (25)
287 5108 445 5175 Ἅμα
477 5103 645 5177 fuitp
672 5102 769 5177 καὶ
803 5103 1170 5177 Ἀγαθόποδι.
1200 5103 1273 5177 Ita
1309 5104 1485 5177 codex
1524 5102 1669 5176 Nyd-

87 5172 439 5239 prucc'ianus,
482 5173 659 5241 Γαυῖᾳ
702 5172 1051 5241 Augustands
1103 5175 1192 5228 hic
1234 5174 1427 5240 habet;
1470 5172 1587 5230 sed'
1614 5177 1669 5228 in

86 5242 311 5309 Epistola
351 5246 425 5299 ad
460 5243 788 5311 Smyrnaeos,
819 5243 976 5295 Γαῖον
1007 5244 1100 5295 καί
1134 5244 1500 5313 Ἀγαθόποδα;
1533 5260 1671 5314 quo-

87 5318 232 5383 niodo
276 5327 444 5371 vetus
494 5316 750 5383 vulgatus
794 5315 958 5367 etiam
999 5315 1084 5368 hic
1129 5315 1257 5383 legit
1295 5333 1307 5367 :
1340 5333 1357 5365 ι
1397 5332 1499 5368 una
1544 5330 1669 5369 cum

86 5382 206 5457 Caio
226 5398 276 5440 et
306 5382 613 5457 Agathopo
642 5398 669 5457 εΔ
699 5402 716 5433 ι
752 5384 911 5457 sicuti
960 5399 1024 5437 ex
1069 5382 1222 5457 libris
1263 5387 1516 5457 editisoet
1562 5401 1667 5457 nis.

85 5450 481 5524 Magdalenénsi
511 5450 935 5523 iinprimendum
977 5455 1308 5520 curavimus,
1336 5464 1391 5509 et
1412 5455 1538 5508 licet
1569 5454 1672 5507 Ba-

87 5523 318 5581 liolensis
348 5543 460 5581 ius.
489 5527 598 5579 hoc
624 5525 676 5595 in
708 5525 827 5577 loco
859 5543 877 5574 ι
910 5524 1079 5595 Gavia
1111 5526 1417 5595 Agathopo,
1454 5543 1472 5575 ι
1508 5524 1670 5579 Peta-

85 5595 265 5653 vianus
293 5616 313 5649 ι
346 5597 494 5652 Gaio
532 5604 586 5647 et
612 5594 859 5662 Chatopo
889 5614 907 5647 ι
945 5594 1179 5649 habeat:
1225 5605 1453 5663 uterque
1492 5604 1670 5648 tamen

86 5662 129 5715 in
161 5666 409 5735 Epistula
442 5667 516 5719 ad
553 5664 878 5733 Smyrnaea,
909 5685 928 5716 ι
967 5667 1156 5720 Caium
1191 5676 1244 5720 et
1272 5662 1613 5735 Agathopum
1648 5683 1666 5715 ι

85 5736 305 5793 exhibet.
343 5737 551 5793 Noster
592 5738 880 5804 interpres,
914 5737 999 5792 hic
1033 5738 1251 5807 quidem
1283 5756 1301 5789 ι
1332 5735 1501 5793 Reum
1526 5736 1673 5807 Aga.

1271 4523 1556 4598 ὲτιίιίἰιόἧὲ
1574 4523 1676 4597 si:
1713 4523 1755 4577 D

1786 1888 1840 1952 et
1891 1879 2235 1952 Agathopum
2300 1899 2318 1931 ι
2380 1880 2559 1952 habet.
2610 1879 2939 1952 Franciscus
2990 1881 3243 1937 Bivarius
3288 1885 3377 1952 (in

1786 1949 1969 2003 Dextri
1993 1950 2327 2016 Chronieon,
2346 1965 2473 2004 ann.
2502 1949 2704 2005 Christi
2729 1950 2813 2015 70,
2842 1962 3198 2006 eommentar.
3220 1949 3373 2007 num.

1784 2019 1837 2085 ὅ)
1864 2020 2156 2093 utrobique
2192 2040 2209 2070 ι
2245 2019 2515 2093 (3310,αυὶ
2559 2031 2611 2075 et
2649 2021 3025 2093 _Agatlioppio,
3058 2041 3077 2073 ι
3106 2024 3322 2093 reponit
3355 2040 3371 2077 :

1784 2089 1877 2144 sed
1924 2089 2252 2159 quihusdam
2296 2090 2581 2144 codicibus
2630 2089 2820 2145 deesse
2870 2089 3021 2145 addit
3076 2089 3369 2146 relativum

1791 2177 1809 2210 ι
1834 2160 1926 2229 qui
1946 2177 1994 2224 ;ι
2026 2160 2169 2228 quod
2188 2160 2254 2231 in
2285 2161 2449 2213 nullis
2477 2169 2655 2215 tamen
2680 2160 2960 2215 codicibus
2983 2177 3081 2231 ego
3094 2163 3273 2231 adhuc
3292 2178 3374 2216 re-

1782 2231 1918 2299 peri,
1944 2245 2121 2299 neque
2149 2230 2313 2283 alium
2345 2240 2685 2298 reperturum
2716 2245 2835 2285 esse
2859 2231 3131 2286 existimo.
3160 2230 3371 2285 Simili-

1786 2307 1973 2369 terque
2024 2300 2077 2354 in
2125 2299 2379 2369 Epistolis
2428 2301 2630 2369 lgnatio
2674 2300 2896 2356 tributis
2940 2302 3009 2353 ad
3048 2301 3370 2367 Tarsenses,

1780 2370 2135 2441 Antiochenos
2194 2380 2249 2424 et
2293 2369 2697 2441 Pliilippensrs;
2752 2386 2849 2439 pro
2880 2439 2885 2441 Α
2913 2389 2931 2421 ι
2973 2370 3306 2441 Agatliopus,
3348 2392 3367 2424 ι

1782 2451 1971 2494 contra
2014 2440 2263 2495 codicum
2312 2439 2494 2503 ﬁdem,
2529 2439 2961 2510 «‘Agathoppius
2989 2439 3324 2496 {substituit
3355 2462 3370 2497 :

1782 2510 1926 2580 quod
1959 2511 2391 2566 animadvertere
2415 2512 2529 2564 vult
2553 2525 2646 2565 eos
2666 2511 2760 2580 qui
2784 2511 3047 2565 hactenus
3074 2512 3128 2564 in
3154 2510 3374 2580 Episto-

1780 2578 1850 2633 lis
1906 2578 1962 2634 S.
2019 2581 2211 2651 lgnatii
2257 2600 2275 2632 ι
2323 2578 2726 2651 Agathoppiunt
2777 2598 2796 2632 ι
2840 2578 3214 2651 crediderunt
3250 2598 3374 2638 esse

1782 2665 1980 2705 nomen
2022 2650 2253 2720 simplex
2282 2650 2564 2720 cujdsdam
2610 2650 2743 2705 socii
2794 2650 2978 2713 illius;
3015 2668 3139 2706 eum
3187 2661 3371 2707 tamen

1783 2721 2145 2789 compositum
2167 2722 2257 2786 sit,
2284 2734 2335 2776 et
2356 2722 2494 2775 idem
2525 2731 2687 2790 atque
2709 2721 2912 2775 «bonus
2936 2720 3141 2791 Oppius
3160 2739 3173 2787 ;
3190 2740 3207 2772 ι
3244 2738 3371 2776 nam

1787 2791 2168 2861 «agatliosi(ut
2186 2792 2276 2846 ille
2287 2806 2380 2862 eos
2399 2791 2792 2862 docet)ib0nu_s
2806 2809 2824 2841 ι
2851 2791 3371 2862 sonat.thuoniam

1788 2878 1807 2911 ‹
1844 2862 2165 2982 Agatholppii
2198 2881 2217 2914 ι
2248 2862 2332 2916 sui
2364 2861 2662 2915 luminibus
2696 2860 2910 2915 ollicere
2938 2860 3149 2916 videbat
3183 2880 3201 2913 ι
3237 2878 3371 2916 san-

1788 2938 1992 2982 ctorum
2092 2930 2290 2982 hilonis
2340 2940 2392 2982 et
2440 2930 2810 2982 Asathooodis
2865 2930 3222 2982 diaconorum
3257 2951 3275 2982 ι
3315 2934 3370 2982 in

1779 2938 1992 3000 ciorum
2045 2930 2290 2985 Philonis
2340 2940 2392 2985 et
2440 2930 2810 3000 Agathopodis
2865 2930 3222 2986 diaconorum
3257 2951 3275 2983 ι
3314 2934 3370 2986 in

1780 2946 1992 2984 etorum
2045 2946 2290 2985 ruuoms
2340 2946 2392 2985 et
2440 2946 2650 3000 ngatno
2693 2946 2810 2985 OtllS
2865 2946 3222 2986 unaconorum
3257 2951 3275 2983 ι
3314 2948 3370 2986 ιιι

1780 2998 2167 3071 Martyrologio
2198 3000 2469 3065 Romano,
2502 3001 2571 3054 ad
2599 2946 2842 3071 25pdiem
2874 3000 3096 3071 Aprilis,
3125 3002 3373 3056 celebra-

1780 3078 1889 3123 tam
1924 3069 2239 3125 memoriam
2264 3089 2275 3124 :
2304 3089 2321 3120 ι
2347 3086 2374 3123 a
2396 3071 2569 3125 sciolo
2600 3069 2784 3139 aliquo
2810 3089 2829 3120 ι
2850 3071 3030 3124 addita
3063 3070 3230 3125 fuisse
3267 3072 3369 3127 ista

2316 3140 2717 3211 Agathoppium
2771 3150 3046 3211 spectare,
3092 3157 3214 3211 qua:
3266 3143 3371 3196 sub

1782 3156 2053 3206 autrmat;
2088 3156 2142 3194 et
2201 3156 2268 3194 au
2316 3156 2717 3262 Agatnoppium
2771 3156 3046 3209 speetare,
3092 3157 3214 3211 qua:
3266 3156 3370 3196 sub

1782 3210 2002 3264 nomine
2040 3210 2186 3274 Caii,
2235 3210 2302 3265 ad
2395 3209 2424 3260 7
2475 3211 2619 3264 diem
2667 3208 3037 3278 Septembris,
3083 3211 3136 3264 in
3179 3212 3370 3265 eodem

1779 3290 1964 3348 postea
2011 3289 2138 3334 sunt
2171 3280 2439 3350 ascripta.
2476 3298 2495 3330 ι
2532 3279 2820 3333 Mediolani
2867 3279 3079 3350 S._Caiir
3103 3281 3367 3350 episcopi,

1779 3350 2032 3418 discipuli
2071 3350 2132 3403 Β.
2166 3348 2426 3403 Barnast
2475 3350 2744 3418 apostoli;
2791 3350 2882 3418 qui
2917 3348 3016 3403 SS.
3044 3348 3366 3405 Gei‘vasium

1779 3428 1835 3489 et
1880 3418 2189 3474 Protasium
2232 3420 2545 3488 baptizavit,
2575 3428 2630 3474 et
2660 3420 2828 3473 multa
2883 3420 2935 3489 in
2988 3423 3371 3489 persecutione

1780 3487 2011 3545 Neronis
2046 3505 2263 3558 passus,
2294 3492 2346 3542 in
2390 3505 2521 3557 pace
2550 3489 2777 3558 quievit.
2813 3508 2831 3539 ι
2865 3487 3002 3553 Quai
3034 3491 3216 3543 omnia
3257 3505 3367 3546 non

1780 3560 1890 3613 alio
1920 3560 2153 3614 subnixa
2179 3568 2306 3613 sunt
2329 3558 2707 3624 fundamento,
2732 3574 2897 3628 quam
2927 3558 3368 3615 Pseudo-Dextri

1780 3630 2052 3684 somniis:
2085 3630 2177 3699 qui
2214 3629 2281 3683 ad
2305 3645 2434 3683 ann.
2467 3629 2673 3683 Christi
2701 3629 2770 3682 54
2808 3631 3181 3684 centurionem
3208 3630 3364 3685 illum

1780 3700 1874 3768 qui
1910 3718 1929 3750 ι
1966 3700 2186 3753 Christo
2229 3700 2482 3768 morienti
2532 3702 2586 3753 in
2633 3714 2797 3753 cruce
2845 3717 2865 3751 ι
2899 3700 3171 3768 egregium
3212 3701 3368 3754 testi-

1780 3715 1874 3768 qui
1910 3718 1929 3750 ι
1966 3715 2186 3753 ιιιινιειο
2229 3715 2482 3753 morienti
2532 3715 2586 3753 in
2633 3715 2797 3753 cruce
2845 3717 2865 3751 ι
2899 3715 2928 3754 e
2968 3715 3023 3751 re
3061 3715 3171 3752 tum
3212 3715 3368 3754 testi-

1780 3770 2024 3840 tnonium
2080 3769 2390 3840 perhibuit,
2436 3767 2626 3823 Matth.
2681 3785 2852 3834 xxvtt,
2897 3715 2985 3834 5g,
3130 3769 3373 3840 Oppium.

1782 3837 2092 3908 Hispanum
2116 3839 2288 3894 fuisse
2318 3839 2622 3904 fabulatus;
2650 3840 2718 3892 ad
2742 3856 2944 3908 annum
2971 3839 3037 3892 70
3065 3837 3363 3906 inter'alia,

1779 3909 1848 3963 de
1885 3907 2075 3980 eodem
2113 3909 2300 3980 adjicit
2327 3926 2346 3980 ς
2379 3927 2396 3960 ι
2427 3910 2732 3980 Comitatur
2763 3907 3028 3964 Joannem
3054 3919 3107 3964 et
3135 3908 3365 3965 Romam

1782 3978 2282 4060 usque-lgnatium.
2320 3979 2449 4060 inde
2477 3981 2625 4060 venit
2671 3979 3061 4060 Mediolanum,
3093 3990 3146 4033 et
3180 3980 3364 4060 ponti-

1780 4050 1868 4104 fex
1906 4051 1996 4120 ibi
2020 4049 2195 4106 factus
2229 4052 2297 4119 ,ιιι
2349 4050 2583 4104 Domino
2632 4050 2886 4105 moritur.
2920 4070 2937 4101 ι
2974 4049 3159 4120 Neque
3183 4049 3367 4120 ejus-

1782 4121 1926 4174 modi
1966 4119 2157 4174 Caium
2188 4121 2502 4189 episcopum
2550 4120 2690 4174 inter
2740 4136 2868 4175 suos
2904 4119 3210 4188 agnoscunt
3243 4119 3366 4175 Me-

1780 4191 2144 4245 diolanenses.
2194 4191 2364 4244 Suum
2395 4192 2539 4245 enim
2582 4191 2777 4244 Caium
2816 4192 2990 4259 patria
3031 4189 3364 4257 Romanum,

1780 4270 2144 4331 cognomento
2197 4260 2558 4331 Sergium,et
2592 4260 2863 4331 ⁸ῌιιιηιιιιιιιι
2908 4261 3140 4331 apostoli
3187 4262 3366 4315 alum-

1786 4329 1917 4383 nuin
1944 4331 2115 4385 fuisse
2144 4329 2350 4394 dicunt,
2382 4341 2441 4385 ut
2488 4330 2543 4383 in
2580 4329 2941 4383 Historiarum
2971 4330 3223 4384 Ecclesia:
3253 4331 3367 4385 Me-

1781 4400 2105 4522 ἱιίοιαιιεηδὶδ
2153 4402 2292 4455 libro
2343 4416 2359 4453 ι
2416 4400 2581 4454 refert
2629 4399 2900 4469 Josephus
2944 4398 3361 4470 .Bipamontius.

1810 4485 1861 4522 ι).

1810 4485 1861 4522 D.

1853 4540 1959 4610 (26)
1999 4540 2182 4608 Ἀνδρὶ
2212 4539 2491 4610 suam,
2516 4540 2583 4604 ὃς
2602 4538 2718 4610 dxi)
2743 4540 2961 4605 Σηρίας
2980 4556 3083 4607 μοι
3107 4539 3364 4610 ἀκολου-

1780 4608 1886 4673 θεῖ,
1910 4608 2345 4678 ἀποταξάμενοι
2388 4608 2468 4674 τῷ
2498 4612 2635 4673 βίῳ.
2680 4608 2894 4662 Plurale
2926 4610 3055 4663 illud
3097 4608 3366 4676 ἀποταξά-

1781 4698 1930 4750 μενοι
1960 4696 2084 4735 cum
2121 4680 2550 4749 praecedentibus
2583 4694 2689 4732 non
2722 4679 2999 4745 cohzeret;
3032 4688 3086 4733 et
3113 4680 3357 4749 singula-

1778 4753 1908 4805 riter
1941 4751 2066 4816 legit
2098 4759 2282 4803 uoster
2326 4750 2591 4819 interpres
2614 4788 2628 4812 ,
2672 4764 2795 4803 cum
2842 4750 3113 4805 reddidit:
3146 4768 3164 4801 ι
3198 4751 3361 4805 abre-

1778 4822 2036 4874 nuntians
2060 4820 2280 4873 saeculo.
2319 4837 2337 4871 ι
2374 4816 2540 4873 Vetus
2568 4834 2699 4873 vero
2730 4819 3002 4889 vulgatus,
3028 4822 3225 4890 plurali
3257 4837 3363 4874 nu-

1776 4906 1927 4944 mero
1961 4899 2190 4960 retento.
2216 4898 2437 4944 coactus
2467 4890 2569 4943 fuit
2599 4890 3034 4960 supplementum
3068 4892 3172 4945 hoc
3198 4893 3362 4945 inter-

1777 4975 1977 5029 ponere
2020 4978 2034 5013 :
2082 4978 2121 5031 ι
2148 4958 2433 5014 Testilicor
2480 4961 2635 5016 vobis
2652 4958 2682 5024 ,’
2708 4958 2851 5031 quia
2906 4963 3361 5031 renuntiaverunt

1776 5032 1996 5095 saeculo,
2034 5050 2052 5082 ι
2083 5030 2202 5085 sine
2222 5045 2339 5101 qua
2371 5041 2548 5085 tamen
2581 5031 3011 5101 interpositione,
3041 5031 3115 5084 ita
3144 5030 3360 5101 facilius

1776 5102 2051 5155 emendari
2084 5098 2346 5171 potuisset
2375 5112 2616 5172 textus:
2662 5098 2943 5172 Ἀνδράᾳιν
2976 5101 3285 5172 ἐκλεκτοῖς,
3307 5098 3357 5152 οἳ

1775 5171 1883 5224 ἀπὸ
1927 5169 2123 5243 Συρίας
2156 5189 2243 5243 μοι
2271 5170 2670 5237 ἀκολουθοῦσιν,
2684 5169 3080 5243 ἀποταξάμενοι
3114 5169 3193 5240 τῷ
3234 5170 3355 5241 βίῳ,

1775 5241 2217 5311 quandoquidem
2274 5257 2382 5295 non
2430 5241 2767 5310 Agathopodi
2818 5244 2945 5311 soli,
2990 5243 3081 5294 sed
3139 5242 3357 5311 duobus

1776 5309 1938 5365 etiam
1965 5309 2210 5383 reliquis,
2235 5311 2447 5367 Philoni
2472 5309 2526 5365 et
2548 5312 2703 5383 Gaio,
2730 5312 2781 5383 in
2806 5309 3049 5383 Epistola
3075 5315 3142 5362 ad
3170 5309 3353 5383 Satyr:

1779 5398 1919 5436 nwos
1952 5380 2262 5436 communis
2290 5383 2403 5436 haec
2448 5384 2567 5435 laus
2615 5381 2887 5451 tribuitun
2913 5382 2981 5434 ab
3016 5380 3223 5451 lgnatio
3248 5398 3262 5434 :
3291 5381 3355 5435 Οἳ

1778 5452 2220 5523 ἐπηκολούθησάν
2256 5469 2343 5521 μοι
2382 5454 2461 5513 εἰς
2493 5452 2647 5523 λογον
2684 5448 2839 5523 θεοῦ.
2873 5448 2949 5523 ID:

1849 5518 1959 5593 (27)
2014 5518 2219 5576 Oi'xat
2258 5518 2671 5591 μαρτυροῦσιν
2716 5518 2875 5593 ὑμῖν.
2926 5518 3092 5575 Vetus
3148 5522 3353 5593 vulgat.

1785 5614 1803 5645 ι
1835 5591 1887 5647 et
1943 5591 2302 5662 inartyriutn_
2327 5606 2730 5662 consummare
2764 5591 3077 5662 elegerunt.
3107 5611 3125 5643 ι
3162 5591 3356 5648 Noster

1781 5679 1907 5718 vero
1949 5660 2234 5731 interpres,
2266 5660 2451 5715 Graeco
2509 5660 2918 5718 convenientiUS
2948 5680 2961 5716 :
2994 5680 3011 5713 t
3049 5661 3153 5731 Qui
3194 5673 3247 5719 et
3274 5675 3355 5720 te-

1781 5736 2082 5791 Stilicantur
2106 5734 2280 5790 vobis.
2313 5751 2330 5783 ι
2359 5731 2433 5787 Ιιι,
2494 5785 2505 5794 ,
