3774 6210
430 259 529 315 δι’]

1199 252 1290 309 AD
1329 252 1711 308 EPISTOLAS
1753 254 1811 307 S.
1846 251 2102 309 lCNATll
2141 252 2492 311 GENUINAS
2526 250 2888 317 APPENDIX.

3569 252 3660 307 τις

426 375 631 441 laudet,
649 373 935 429 Dominum
959 386 1087 427 vero
1105 385 1286 425 meum
1309 370 1645 439 blasphemet
1661 410 1676 434 ,
1705 384 1810 423 non
1838 370 1957 425 cont

2109 386 2212 433 τις,
2246 370 2337 425 τὸν
2367 370 2424 424 δὲ
2462 369 2667 442 Κύριόν
2696 386 2798 439 μου
2832 368 3163 439 βλασφημεῖ,
3190 367 3266 439 μὴ
3296 365 3567 438 ὁμολογῶν
3584 372 3662 423 a6-

425 479 549 525 tens
573 468 748 537 ipsum
764 465 933 520 Deum
955 478 1076 519 esse
1097 461 1463 517 carnilerum?
1484 460 1586 527 Qui
1614 471 1793 515 autem
1822 462 1872 514 id
1894 475 1957 515 ne

2105 462 2195 514 τὸν
2239 461 2574 532 σαρκοφόρον
2612 460 2780 524 Θεόνς
2824 459 2881 511 ὐ
2927 458 2984 512 δὲ
3037 457 3195 511 τοῦτο
3238 458 3314 529 μὴ
3350 457 3553 527 λέγων,
3593 476 3662 512 τε·

425 561 580 626 dicit,
610 573 835 629 prorsus
870 558 1047 626 ipsum
1077 554 1314 624 negavit,
1338 564 1392 609 et
1412 555 1644 609 cadaver
1670 562 1861 623 gestat.
1897 552 2004 607 No-

2102 552 2259 615 λείως
2302 552 2464 605 αὑτὸν
2507 550 2839 619 ἁπήρνηται,
2881 546 2960 600 ὣν
2986 548 3315 619 νεκροφόρος
3339 546 3473 617 (75).
3515 547 3585 600 Τὰ
3611 548 3661 601 ἃ

424 653 574 709 mina
597 666 725 707 vero
752 664 1107 713 eorum,cuin
1144 648 1254 701 sint
1292 647 1549 711 inﬁdelia,
1577 661 1682 699 non
1710 646 1885 700 visum
1918 660 1957 698 ει

2101 644 2336 715 ὀνόματα
2365 644 2568 707 αὐτῶν,
2603 644 2735 699 ὅντα
2768 643 2994 704 ἄπιστα,
3034 640 3129 693 νῦν
3160 639 3261 691 οὐκ
3286 639 3437 703 ἐδοξέ
3470 656 3551 708 μοι
3579 640 3658 706 ἐγ-

423 742 555 797 mihi
596 741 832 796 scribere
863 756 876 791 :
912 747 965 792 et
992 752 1117 792 vero
1148 737 1289 791 absit
1330 752 1359 790 a
1414 751 1501 790 me
1534 745 1594 790 ut
1618 750 1807 790 eorum
1848 750 1957 790 mer

2100 737 2325 807 γράψαν
2364 737 2496 807 μηδὲ
2524 737 2731 804 γένοιτό
2758 753 2825 807 με
2844 734 3024 789 αὐτῶν
3059 730 3422 804 μνημονεύειν
3441 772 3456 795 ,
3489 732 3657 803 μέχρις

421 836 622 889 tionem
656 831 873 894 faciam,
905 829 1080 884 donec
1109 829 1419 898 ptenitentia
1450 829 1741 883 ducantur.

492 922 579 978 Vl.
612 922 782 977 Nemo
814 931 958 977 erret
990 939 1003 975 :
1042 922 1146 975 nisi
1179 922 1468 975 crediderit
1495 921 1772 975 Christum
1808 919 1993 975 Jesum

418 1017 472 1071 in
503 1031 668 1073 carne
710 1031 833 1071 esse
871 1025 1251 1071 conversatum
1274 1054 1289 1079 ,
1333 1022 1388 1067 et
1427 1029 1644 1069 crucem
1682 1014 1828 1067 illius
1857 1029 1993 1067 con~

416 1106 595 1164 l‘essns
626 1107 809 1172 fuerit,
834 1120 888 1163 et
930 1109 1261 1178 passionem,
1292 1116 1454 1175 atque
1486 1106 1804 1175 sanguinem
1828 1120 1990 1174 quem

415 1198 604 1253 cfl‘udit
633 1214 734 1268 pro
781 1199 968 1253 mundi
1019 1199 1226 1263 salute;
1266 1213 1372 1251 non
1416 1207 1785 1266 consequetur
1822 1197 1988 1251 vitam

415 1300 698 1355 azternam,
754 1291 871 1347 sive
911 1306 1004 1345 rex
1050 1289 1232 1354 fuerit,
1261 1290 1372 1343 sive
1397 1289 1674 1355 sacerdos,
1700 1289 1815 1342 sive
1841 1289 1991 1357 prin~

414 1398 563 1452 ceps,
597 1384 711 1438 sive
734 1384 980 1453 privatus
1011 1383 1199 1447 homo,
1229 1382 1344 1436 sive
1366 1380 1622 1434 dominus
1651 1388 1745 1434 aut
1772 1395 1985 1447 servus,

414 1474 530 1528 sive
559 1475 644 1528 vir
680 1484 775 1529 aut
809 1473 1033 1529 femina.
1075 1473 1179 1539 Qui
1223 1474 1384 1542 capit,
1424 1473 1641 1541 capiat:
1672 1473 1762 1541 qui
1811 1471 1982 1535 audit,

412 1568 601 1621 audiat
632 1568 696 1621 ⁸⁸.
750 1567 948 1632 Locus,
999 1567 1257 1639 dignitas,
1306 1566 1507 1621 divitiae
1539 1567 1809 1621 neminem
1855 1565 1985 1621 elle-

412 1669 565 1724 rant;
614 1658 925 1730 ignobilitas
968 1668 1022 1712 et
1064 1666 1356 1727 paupertas
1388 1656 1659 1711 neminem
1698 1655 1977 1726 dejiciant.

2097 822 2158 880 οὗ
2196 829 2428 899 μετανοή
2437 845 2601 881 σωσιν
2622 828 2754 898 (76).

2168 920 2258 976 Vl.
2292 922 2500 992 Μηδεὶς
2529 923 2819 978 πλανάσθω
2840 941 2854 955 ο
2890 925 2991 978 ἐὰν
3023 925 3096 995 μὴ
3137 923 3410 996 πιστεύσῃ
3444 923 3655 994 Χριστὸν

2108 1014 2312 1085 Ἰησοῦν
2326 1016 2383 1067 ἐν
2399 1015 2561 1085 σαρκὶ
2576 1015 2990 1069 πεπολιτεῦσθαι
3006 1016 3136 1087 (77),
3151 1018 3245 1069 καὶ
3256 1016 3564 1088 ὁμολογήσῃ
3578 1017 3654 1070 τὸν

2096 1106 2324 1177 σταυρὸν
2365 1105 2531 1159 αὑτοῦ
2550 1145 2564 1169 ,
2592 1107 2686 1161 καὶ
2711 1106 2772 1159 τὸ
2804 1107 2994 1171 πάθος,
3027 1108 3121 1161 καὶ
3147 1108 3207 1161 τὸ
3228 1103 3371 1177 αἷμα
3398 1108 3429 1160 ὃ
3464 1108 3651 1179 ἐξέχεεν

2092 1198 2230 1269 ὑπὲρ
2254 1197 2354 1267 τῆς
2378 1197 2471 1251 τοῦ
2501 1199 2705 1270 κόσμου
2728 1200 3001 1271 σωτηρίας
3026 1200 3157 1269 (78),
3184 1200 3245 1253 οὐ
3267 1199 3368 1269 τῆς
3395 1200 3506 1270 (79)
3527 1200 3649 1270 ζωῆς

2089 1289 2303 1341 αἰωνίου
2346 1288 2623 1355 τεύξεται,
2653 1290 2754 1345 κᾶν
2789 1290 3039 1360 βασιλεὺς
3133 1331 3147 1356 ,
3190 1291 3293 1345 κᾶν
3330 1292 3532 1363 ἱερεὺς,
3562 1292 3650 1346 κᾶν

2088 1378 2289 1448 ἅρχων,
2306 1379 2408 1432 κᾶν
2423 1379 2654 1450 ἰδιώτης,
2671 1382 2773 1434 κᾶν
2795 1382 3108 1454 δεσπότηςῆ
3140 1383 3423 1448 δοῦλος,’⁵⁷⁶
3447 1386 3540 1456 “ﬂ
3578 1403 3651 1454 (ν-

2086 1472 2149 1541 νή
2184 1471 2314 1540 (80).
2357 1472 2418 1524 Ὀ
2450 1472 2656 1541 χωρῶν
2687 1475 2963 1542 χιιφείτω,
3016 1478 3048 1529 ό
3094 1476 3337 1530 ἀκούων
3380 1478 3645 1532 ἀκουέτω.

2085 1562 2280 1625 Τόπος,
2326 1562 2421 1637 καί
2463 1563 2699 1635 ἀξίωμα,
2742 1566 2835 1619 καὶ
2884 1566 3145 1631 πλοῦτος,
3194 1568 3403 1637 μηδένα
3443 1569 3646 1638 φυσιού-

2084 1669 2160 1704 τω
2194 1652 2326 1721 (8l)'
2358 1653 2562 1717 ἀδοξία,
2588 1654 2683 1708 καὶ
2716 1655 2912 1720 πενία,
2958 1656 3162 1727 μηδένα
3194 1658 3553 1711 ταπεινούτω.
3586 1658 3647 1712 Τὸ

302 1782 307 1789 -
411 1748 609 1803 Totum
642 1728 878 1819 namque
905 1757 1007 1814 est,
1036 1749 1168 1803 lides
1193 1749 1246 1802 in
1271 1747 1461 1811 Deum,
1490 1756 1540 1801 et
1574 1762 1698 1817 spes
1735 1746 1789 1801 in
1821 1745 1957 1801 Chri

2092 1743 2190 1814 γὰρ
2217 1743 2338 1797 ὅλον
2370 1746 2507 1809 ἐστὶ,
2540 1746 2724 1809 πίστις
2747 1748 2780 1816 ή
2814 1748 2891 1810 είς
2932 1747 3082 1812 Θεὸν,
3121 1750 3217 1803 καὶ
3248 1751 3282 1821 ἡ
3317 1752 3399 1813 είς
3433 1752 3645 1821 Χριστὸν

411 1852 590 1906 stum,
630 1839 816 1896 fruitio
852 1856 1038 1895 eorum
1085 1856 1207 1910 quae
1245 1848 1627 1909 exspectamus
1664 1839 1935 1892 bonorum
1963 1878 1977 1901 ,

408 1944 574 2003 atque
612 1932 854 1987 charitas
894 1933 949 1986 in
990 1931 1157 1986 Deum
1196 1941 1522 1986 etnostrnm
1549 1944 1740 2001 genus.
1782 1928 1979 1999 Diliges

406 2026 552 2079 enim
603 2023 891 2077 Dominum
946 2023 1112 2077 Deum
1157 2034 1305 2076 tuum
1341 2038 1406 2076 ea;
1448 2031 1557 2076 toto
1589 2022 1743 2075 corde
1774 2030 1895 2083 tuo;
1930 2030 1980 2074 et

404 2115 707 2185 proximum
753 2124 900 2167 tuum
942 2116 1077 2167 sicut
1113 2116 1332 2184 teipsum
1360 2114 1425 2165 '°.
1472 2111 1539 2167 Et
1579 2111 1845 2166 Dominus
1892 2111 1978 2165 in-

403 2206 561 2276 quit:
590 2204 719 2260 ch
751 2214 826 2259 est
868 2204 978 2258 vita
1006 2214 1225 2268 wterna,
1256 2219 1560 2273 cognoscere
1588 2202 1758 2255 solum
1803 2218 1978 2255 verum

403 2298 595 2361 Deum,
615 2307 664 2351 et
695 2314 849 2365 quem
882 2297 1025 2350 misit
1050 2295 1231 2350 Iesum
1254 2296 1603 2351 Christum“.
1634 2293 1980 2348 Ideszan-

403 2388 587 2441 (latum
614 2403 797 2440 novum
829 2387 896 2439 do
923 2386 1087 2454 vobis,
1113 2397 1168 2440 ut
1191 2387 1429 2457 diligatis
1457 2386 1674 2439 invicem
1697 2387 1763 2437 ⁸³.
1799 2384 1863 2438 In
1896 2386 1977 2439 his

403 2479 608 2533 duobus
643 2477 912 2532 mandatis
937 2479 1179 2531 universa
1206 2477 1290 2531 lex
1319 2477 1507 2544 pendet
1532 2485 1583 2529 et
1610 2476 1877 2545 propheta
1907 2475 1975 2529 ⁸³.

403 2568 759 2624 Considerate
788 2568 955 2639 igitur
975 2582 1070 2623 eos
1093 2568 1184 2638 qui
1220 2566 1396 2622 aliena
1439 2575 1719 2622 sectantur
1751 2565 1978 2636 dogma-

402 2668 481 2724 ta,
513 2674 624 2729 quo
663 2659 825 2713 modo
851 2666 1099 2714 statuunt
1130 2660 1374 2729 ignotum
1410 2674 1530 2714 esse
1564 2656 1779 2712 Patrem
1818 2650 1978 2711 Chri-

403 2753 516 2808 sti:
548 2769 659 2823 quo
701 2753 864 2807 modo
906 2754 1129 2807 inﬁdam
1180 2753 1510 2808 simultatem
1548 2752 1687 2806 inter
1735 2768 1793 2807 se
1822 2767 1977 2807 exer-

401 2845 609 2900 cent".
642 2846 935 2901 Charitatis
967 2861 1075 2900 non
1110 2846 1309 2899 habent
1335 2860 1559 2911 curam;
1589 2844 1771 2899 futura
1802 2844 1975 2915 negli-

400 2942 555 3005 gunt,
579 2936 863 3006 praesentia
893 2947 1153 3005 tanquam
1185 2933 1403 2989 stabilia
1446 2944 1732 3004 reputant;
1775 2951 1978 3006 praece-

2081 1834 2255 1898 ἐλπὶς,
2313 1837 2349 1905 ἡ
2406 1836 2512 1889 τῶν
2554 1837 3017 1909 προσδοκωμένων
3074 1840 3297 1908 ἀγαθῶν
3346 1842 3642 1906 ἀπόλαυσις,

2080 1927 2270 1997 ἀγάπη
2299 1928 2409 2000 (82)
2440 1946 2497 1983 τε
2522 1930 2651 1999 περὶ
2684 1929 2775 1983 τὸν
2800 1929 2931 1983 Θεὸν
2965 1931 3061 1984 κα).
3084 1931 3142 1985 τὸ
3165 1932 3461 2001 ὁμόφυλον.
3495 1934 3643 2003 Ἀττα-

2080 2017 2298 2085 mia-etc
2351 2020 2461 2091 γὰρ
2498 2022 2716 2089 Κύριον
2766 2020 2874 2075 τὸν
2918 2023 3065 2075 Θεόν
3104 2040 3223 2077 σου
3254 2024 3327 2089 ἐξ
3376 2025 3525 2092 ὅλης
3550 2026 3646 2093 τῆς

2080 2113 2327 2179 καρδίας
2357 2128 2473 2167 σου
2492 2152 2506 2176 ,
2552 2115 2648 2168 καί
2682 2114 2790 2169 τὸν
2819 2118 3087 2183 πλησίον
3116 2133 3234 2171 σου
3263 2118 3348 2184 ὡς
3379 2120 3643 2173 σεαυτόν.

2080 2204 2190 2256 Καὶ
2221 2206 2250 2256 ὁ
2283 2203 2485 2275 Κύριός
2523 2223 2688 2276 φησιν
2719 2222 2733 2235 ο
2771 2207 2932 2274 Αὕτη
2964 2208 3138 2262 ἐστίν
3171 2210 3210 2277 ἠ
3243 2209 3485 2278 αἰώνιος
3526 2208 3644 2277 ζωὴ,

2079 2294 2145 2347 τὸ
2176 2294 2494 2364 γινώσκειν
2523 2295 2629 2349 τὸν
2651 2299 2845 2366 μόνον
2873 2299 3166 2365 ἀληθινὸν
3220 2300 3403 2366 Θεὸν,
3450 2302 3546 2355 καὶ
3586 2304 3648 2355 ὃν

2078 2384 2437 2439 ἀπέστειλεν
2504 2385 2746 2454 Ἰησοῦν
2815 2390 3095 2455 Χριστόν.
3156 2392 3305 2445 Καί·
3369 2393 3649 2460 Ἑντολὴν

2080 2474 2297 2543 καινὴν
2321 2476 2535 2546 ,δίδωμι
2563 2478 2727 2548 ὑμῖν,
2762 2480 2861 2532 ἵνα
2887 2479 3155 2549 ἀγαπᾶτε
3183 2484 3531 2553 ἀλλήλους.
3558 2486 3649 2539 Ἐν

2077 2568 2318 2630 ταύταις
2362 2569 2492 2636 ταῖς
2535 2569 2718 2624 δυσὶν
2751 2572 3044 2641 ἐντολαῖς,
3076 2576 3220 2642 ὅλος
3253 2581 3287 2631 ό
3323 2581 3529 2649 νόμος,
3559 2582 3645 2635 καί

2076 2662 2130 2711 οὶ
2164 2658 2458 2728 προφῆται
2492 2660 2826 2730 κρέμανται.
2855 2666 3219 2737 Καταμάθετε
3255 2665 3351 2724 οὖν
3392 2674 3517 2735 τοὺς
3547 2675 3648 2726 ἑτε-

2078 2746 2429 2818 ροδοξοῦντας
2464 2750 2596 2819 (85),
2633 2750 2750 2815 πῶς
2786 2753 3164 2823 νομοθετοῦσιν
3206 2757 3491 2826 ἄγνωστον
3522 2756 3647 2815 εἶναι

2077 2841 2167 2893 τὸν
2200 2841 2420 2915 Πατέρα
2454 2842 2547 2896 τοῦ
2589 2845 2824 2915 Χριστοῦ
2869 2846 2976 2917 (84)
3004 2865 3017 2878 ·
3054 2848 3172 2912 πῶς
3198 2850 3432 2906 ἄπιστον
3464 2854 3647 2927 ἔχθραν

2078 2935 2197 3004 μετ’
2229 2933 2475 3004 ἀλλήλων
2521 2935 2750 3005 ἔχουσιν.
2786 2938 3027 3011 Ἀγάπης
3053 2941 3236 3006 αὐτοῖς
3263 2944 3328 2996 οὐ
3361 2945 3531 3014 μέλει·
3550 2946 3645 2999 τῶν

400 3036 492 3093 pta
513 3034 903 3093 contemnunt;
948 3026 1167 3080 viduam
1200 3035 1253 3079 et
1290 3026 1596 3096 orphanuni
1644 3028 1957 3097 despiciunt

2092 3023 2544 3095 προσδοκωμένων
2575 3025 2849 3095 ἀλογοῦσι,
2881 3028 2948 3081 τὰ
2981 3030 3228 3100 παρόντα
3253 3031 3333 3095 ὡς
3368 3034 3578 3087 ἑστῶτα
3604 3033 3647 3064 ⁸⁸

396 3134 718 3190 oppressum
757 3120 1050 3189 despuunt,
1080 3120 1319 3174 vinctum
1346 3120 1539 3175 rident.

468 3416 590 3452 "'“
613 3418 781 3474 inser.
812 3417 916 3471 κᾶν
943 3418 1101 3488 ἀνήρ.

396 3486 443 3519 ⁸³
473 3488 661 3543 Matth.
698 3506 828 3552 uti,
858 3488 946 3542 40.

397 3606 731 3660 Salvatorem
780 3607 833 3659 in
879 3623 1003 3661 vera
1040 3622 1204 3662 carne
1240 3606 1504 3660 veraciter
1544 3621 1765 3675 passum
1817 3624 1960 3664 esse.

394 3675 496 3742 Qui
526 3678 1009 3746 enim_sanctilicat
1046 3687 1100 3731 et
1147 3676 1240 3746 qui
1288 3676 1716 3739 sanctilicantur,
1750 3693 1815 3730 ex
1850 3694 1963 3733 uno

394 3762 607 3800 omnes.
643 3744 797 3799 Unde
819 3747 863 3799 si
894 3748 1009 3812 ipse
1039 3746 1091 3799 in
1122 3744 1245 3801 vera
1272 3760 1437 3799 carne
1471 3760 1595 3799 vere
1628 3760 1823 3814 passus
1854 3765 1960 3802 non

393 3824 512 3877 est.
544 3816 639 3869 sed
679 3817 1018 3883 phantastica
1058 3816 1401 3883 phantastice
1430 3832 1443 3868 :
1487 3830 1663 3937 neque
1693 3827 1962 3888 martyres

395 3885 451 3937 in
483 3900 610 3937 vera
653 3900 816 3937 carne
863 3886 1126 3937 veraciter
1154 3887 1455 3937 patiuntur.
1502 3900 1559 3937 se
1628 3884 1681 3937 in
1729 3887 1941 3937 phanta.

395 3885 451 3938 in
483 3900 610 3937 vera
653 3900 816 3938 carne
863 3886 1126 3953 veraciter
1154 3887 1455 3952 patiuntur,
1502 3884 1594 3938 sed
1628 3884 1681 3937 in
1728 3884 1941 3953 phaiita~

393 3954 531 4008 alica
564 3955 919 4021 phantastice.
950 3952 1174 4021 Propter
1211 3956 1388 4022 quod,
1420 3968 1515 4022 per
1551 3952 1737 4007 veram
1764 3972 1960 4013 conse-

394 4025 694 4091 quentiam,
722 4023 861 4076 idem
891 4023 1110 4092 sapiunt
1138 4023 1453 4093 huiusmodi
1484 4024 1720 4077 haeretici
1740 4028 1805 4079 de
1823 4043 1963 4081 mar-

394 4093 607 4163 tyribus
636 4103 690 4146 et
719 4097 785 4146 de
821 4093 1071 4147 Domino.
1104 4112 1122 4145 ι
1163 4092 1358 4163 Πεδεκ.

394 4161 584 4286 I'D(75)
622 4164 728 4216 Ὧν
762 4163 1140 4230 νεκροφόρος.
1173 4163 1294 4218 Vid.
1339 4161 1715 4233 Prolegomen.
1754 4182 1870 4236 cap.
1904 4166 1959 4222 4.

464 4301 579 4372 (76)
609 4301 829 4372 Μέχρις
860 4297 932 4357 οὗ
959 4301 1435 4371 μετανοήσωσιν.
1472 4305 1637 4359 Addit
1666 4316 1850 4361 noster
1873 4307 1959 4361 in-

392 4380 602 4443 terpres
635 4390 647 4426 :
691 4392 709 4424 ‹
741 4376 795 4426 in
822 4375 1132 4449 passionem
1158 4390 1304 4449 quae,
1340 4394 1358 4425 ι
1382 4376 1485 4442 vel,
1514 4395 1532 4427 ι
1558 4376 1612 4430 in
1641 4392 1833 4445 panem
1859 4379 1953 4449 qui

391 4452 475 4497 est
498 4451 682 4497 nostra
719 4444 1069 4497 resurrectio.
1105 4463 1122 4494 ι
1157 4445 1232 4498 lo.

461 4513 574 4634 (77)
614 4513 752 4565 Ἐὰν
798 4510 919 4593 μὴ-
948 4515 1245 4581 πιστεύσῃ
1273 4515 1563 4593 ,Χριστὸν
1613 4516 1853 4583 Ἰησοῦν
1889 4519 1958 4573 ὲν

461 4599 546 4634 vox
601 4585 1082 4634 πεπολίτευσθαι.
1129 4584 1413 4634 Anglican.
1465 4606 1483 4634 ι
1529 4585 1593 4634 Et
1628 4589 1956 4634 sttnm'cmle-

390 4582 569 4655 σαρκὶ
601 4582 1082 4655 πεποβιτεῦσθαι.
1129 4584 1413 4654 Anglican.
1465 4606 1483 4638 ι
1529 4585 1593 4638 Et
1628 4582 1956 4655 snperetele-

391 4652 801 4725 _stiag,_et_gloria
842 4654 1156 4725 angelorum
1178 4652 1289 4725 ,ἐι
1324 4657 1597 4725 principes
1632 4652 1870 4712 visibiles
1902 4666 1956 4711 et

392 4720 716 4795 invisibiles,
746 4721 792 4775 si
818 4720 1174 4795 non’credant
1199 4724 1253 4776 in
1278 4720 1601 4795 sanguinem
1638 4724 1877 4794 Christi;
1906 4736 1958 4781 et

390 4789 499 4845 illis
533 4790 798 4858 judicium
831 4800 933 4843 est.
979 4810 997 4842 ι
1030 4791 1106 4847 Ιυ.

462 4860 575 4931 (78)
598 4858 719 4931 Kal
731 4859 1075 4931 ὁμολογήσῃ
1107 4862 1215 4914 τὸν
1243 4864 1509 4931 σταυρὸν
1531 4867 1737 4930 αὐτοῦ,
1765 4865 1862 4919 καί
1889 4866 1952 4918 τὸ

386 4924 594 4995 πάθος,
628 4924 821 5003 καὶ-τὸ
852 4924 993 5003 α-ῑμα
1016 4924 1317 5001 δ”ἐξέχεεν
1346 4924 1496 5003 ὺὶτέρ
1528 4936 1635 5003 τῆς
1667 4924 1770 4988 τοῦ
1816 4936 1957 4989 κόσ-

380 5016 499 5068 μου
531 4999 844 5066 σωτηρίας.
882 4997 1084 5054 llorum
1118 4997 1254 5055 nihil
1276 5005 1419 5057 aliud
1448 4997 1501 5057 in
1534 4997 1719 5059 noStro
1745 5005 1955 5058 inveni-

385 5069 840 5142 turginterprete,
888 5071 994 5124 nisi
1039 5074 1184 5140 quod
1230 5073 1282 5126 in
1326 5084 1452 5128 nota
1492 5076 1828 5142 praecedente
1871 5083 1955 5129 est

422 5139 625 5194 ositum
652 5156 665 5192 :
706 5159 724 5191 ι
764 5141 809 5193 si
842 5156 952 5195 non
984 5139 1208 5197 credant
1244 5144 1299 5196 in
1328 5139 1647 5215 sanguinem
1676 5144 1902 5200 Christi.
1929 5163 1950 5196 ι

412 5217 457 5257 υ.

458 5280 570 5353 (79)
603 5282 685 5333 Οὐ
722 5279 852 5348 τῆς.
890 5279 967 5335 Ex
1013 5281 1230 5349 vulgato
1262 5281 1575 5353 interprete
1612 5284 1686 5338 ita
1718 5283 1955 5338 restituit

384 5346 684 5404 Morelius:
721 5346 846 5405 cum
897 5354 949 5405 in
994 5346 1221 5419 utroque
1249 5346 1442 5407 Graeco
1483 5355 1702 5419 codice,
1746 5362 1799 5407 et
1835 5356 1952 5407 Au-

386 5432 616 5492 gustano
634 5426 691 5475 ‘et
710 5420 1146 5492 Nydprucciano,
1171 5422 1252 5473 ὅτι
1275 5423 1562 5491 legeretur.
1595 5424 1666 5475 Ιυ.

460 5491 569 5562 (80)
601 5494 675 5545 Ἦ
698 5490 875 5562 Tur-.1.
911 5490 1020 5543 \‘et.
1064 5490 1449 5562 vtilgat.,(seu
1495 5494 1623 5561 (vel,
1668 5494 1803 5561 sive)
1848 5493 1948 5559 vir,

386 5559 501 5613 sive
534 5559 747 5614 mulier.
788 5580 806 5609 ι
839 5560 990 5613 Unde
1018 5559 1180 5613 etiam
1205 5561 1461 5618 Morclius
1489 5559 1542 5617 in
1575 5563 1762 5617 Graeco
1787 5559 1947 5617 textu

386 5631 659 5700 reposuit;
696 5630 794 5681 κᾶν
823 5628 959 5700 ἀνὴρ
989 5629 1020 5698 ἢ
1047 5634 1209 5700 γυνή.
1238 5631 1314 5683 lo.

459 5697 571 5769 (81)
616 5700 832 5764 Τόπος,
865 5698 961 5751 καί
991 5697 1236 5767 ἀξίωμα,
1271 5701 1368 5753 καί
1400 5703 1690 5768 πλοῦτος,
1720 5703 1953 5773 μηδένα

1180 3417 1223 3448 ⁸³
1248 3414 1436 3469 Matth.
1468 3430 1583 3481 11x,
1613 3416 1682 3469 12
1711 3425 1761 3471 et
1789 3431 1910 3474 xm.
1936 3417 2036 3475 45.

1022 3485 1067 3519 ⁸⁸
1105 3488 1139 3541 1.
1178 3485 1361 3542 Const.
1392 3502 1479 3555 ap.
1519 3502 1595 3552 vt,
1628 3486 1714 3540 10.
1790 3487 1837 3518 ⁵⁸
1866 3489 1937 3543 al.
1969 3488 2257 3543 ἐνεστῶτα.

2030 3106 2043 3124 ⁸
2073 3114 2375 3183 λογίζονται
2412 3116 2542 3187 (85)
2580 3116 2678 3180 τὰς
2723 3117 2943 3181 ἐντολὰς
2988 3119 3271 3193 παρορῶσι
3298 3140 3310 3151 ’
3353 3124 3531 3195 χήραν
3560 3124 3646 3178 καὶ

2067 3207 2301 3277 ὀρφανὸν
2334 3207 2650 3281 περιορῶσι,
2702 3209 3016 3280 θλιϐόμενον
3060 3212 3419 3281 διαπτύουσι,
3452 3217 3646 3289 δεδεμέ-

2066 3315 2155 3351 νον
2181 3296 2380 3366 γελῶσι
2406 3298 2537 3369 (86).
2568 3378 2573 3381 _

2127 3418 2171 3489 ⁵9
2200 3418 2331 3475 Luc.
2369 3436 2425 3486 ι,
2454 3418 2544 3472 27.
2616 3418 2660 3451 ³¹
2686 3417 2844 3475 Joan.
2877 3435 3012 3487 xvn,
3033 3419 3087 3475 5.
3176 3418 3535 3489 “Joan.xm,
3560 3422 3641 3477 54.

2066 3610 2390 3735 {pl-potoria».
2449 3610 2767 3680 Anglican.,
2788 3628 2806 3660 ι
2870 3609 3106 3680 qualiter
3139 3609 3327 3665 nullus
3362 3609 3637 3667 inﬂetur.»

2096 3690 2145 3728 ι).

2138 3750 2251 3821 (82)
2298 3750 2541 3821 Ἀγαπη.
2571 3749 2678 3804 Pro
2714 3750 3066 3821 sequentibus
3099 3749 3151 3803 in
3184 3748 3496 3821 Angiicano
3530 3761 3639 3807 tan-

2066 3830 2179 3875 tum
2205 3821 2436 3874 habetur
2467 3839 2480 3874 :
2519 3840 2536 3870 (
2573 3821 2771 3889 quibus
2803 3820 2937 3873 nihil
2968 3820 3327 3889 prwpositum
3358 3832 3493 3875 est.)
3515 3821 3583 3875 lo.

2135 3891 2244 3961 (85)
2272 3886 2644 3961 Καταμάθετε
2666 3886 2781 3945 οὖν
2808 3890 2951 3956 τοὺς
2968 3886 3506 3957 ἓτεροδοξοῦντας.
3525 3891 3634 3947 Vel.

2064 3960 2269 4040 vulgat.
2294 3981 2312 4011 ι
2350 3960 2552 4040 Discite
2583 3962 2679 4030 (ita
2704 3961 2848 4040 enim
2876 3975 3113 4040 exumss.
3134 3962 3506 4040 restituimur»,
3527 3979 3633 4040 pro,

2073 4050 2090 4082 ι
2129 4030 2381 4101 υἱοίιθ.»)
2425 4047 2554 4101 ergo
2597 4030 2827 4101 eosqui
2875 4031 3053 4085 taliter
3094 4030 3257 4099 (fort.
3299 4032 3498 4099 aliter)
3547 4033 3630 4085 do.

2067 4109 2209 4155 cent.
2247 4120 2265 4151 ι
2309 4100 2593 4171 Anglican.
2642 4120 2659 4151 ι
2689 4100 3051 4171 Considerate
3099 4108 3285 4154 autem
3336 4103 3499 4155 aliter
3526 4103 3634 4171 opi-

2066 4181 2259 4251 nantes
2306 4170 2358 4292 ip
2408 4168 2634 4240 gratiam
2680 4168 2807 4224 Jesu
2848 4170 3087 4234 Christi,
3130 4186 3253 4225 eam
3297 4186 3423 4242 quae
3454 4173 3505 4225 in
3541 4168 3636 4226 nos

2066 4252 2229 4292 venit.
2270 4260 2288 4291 ι
2351 4250 2400 4289 D.

2064 4242 2229 4295 venit.
2270 4260 2288 4291 ι
2327 4242 2400 4292 lD.

2136 4310 2242 4381 (84)
2273 4310 2406 4375 Πῶς
2434 4312 2860 4381 νομοθετοῦσιν
2881 4309 3197 4378 ἄγνωστον
3224 4306 3384 4365 εἶναι
3409 4312 3514 4365 τὸν
3532 4315 3634 4365 Πα-

2061 4379 2200 4448 τέρα
2227 4379 2336 4435 τοῦ
2372 4381 2647 4450 Χριστοῦ.
2693 4380 2975 4449 Anglican.
3023 4399 3041 4431 ε
3077 4381 3316 4450 qualiter
3352 4385 3633 4437 contrariae

2064 4461 2189 4506 sunt
2221 4452 2505 4505 sententia:
2529 4449 2640 4504 Dei.
2677 4470 2694 4502 ι
2730 4450 2800 4509 Ιι),

2129 4520 2237 4589 (85)
2276 4520 2351 4572 Τὰ
2399 4521 2666 4591 παρόντα
2712 4522 2791 4586 ὡς
2842 4517 3069 4573 ἑστῶτα
3116 4518 3481 4591 γᾷογίζονται.
3516 4522 3629 4577 Lth.

2058 4585 2362 4663 Nydprncc.
2399 4585 2497 4663 pro
2525 4590 2735 4663 ἑστῶτα
2770 4585 2909 4661 legit
2943 4585 3237 4646 ἐνεστῶτα.
3275 4590 3397 4646 Vet.
3435 4594 3627 4663 vulgat.

2064 4679 2082 4709 ι
2110 4661 2389 4731 praesentia
2425 4660 2786 4731 dissimulant,
2816 4660 3185 4731 quieveritura
3227 4672 3363 4718 sunt
3381 4660 3627 4731 tanquam

2056 4730 2343 4800 praesentia
2378 4730 2517 4797 (vel,
2554 4740 2609 4782 ut
2643 4732 2694 4784 in
2742 4747 2873 4784 mss.
2919 4729 3220 4800 Magdalen.
3260 4742 3315 4785 et
3340 4729 3629 4788 Petaviano

2060 4799 2319 4862 habetur,
2356 4817 2373 4848 ι
2421 4815 2566 4853 nunc
2614 4801 2872 4854 instantia
2915 4820 2933 4849 ι
2972 4803 2987 4869 )
3021 4799 3141 4854 esse
3176 4810 3395 4870 putant,
3428 4813 3483 4857 et
3516 4812 3629 4857 tan-

2057 4882 2220 4939 quam
2246 4869 2517 4939 somnium
2553 4879 2603 4922 et
2650 4871 2991 4938 phantasiam
3029 4869 3389 4939 existimant;
3433 4892 3451 4923 »
3496 4888 3556 4927 ac
3583 4873 3625 4925 si

2056 4936 2276 5011 legissgt
2308 4956 2320 4991 :
2349 4938 2429 5011 Τὰ
2457 4936 2701 5011 παρόντα
2733 4941 3132 5011 ὑποκρίνονται,
3167 4940 3237 4993 τὰ
3269 4936 3531 5010 μέλλοντα
3557 4941 3627 5002 ὡς

2056 5006 2678 5084 ἐνεστῶταλογίζονται,
2708 5011 2801 5062 καὶ
2819 5006 3019 5084 ’ὥσπερ
3052 5009 3185 5082 ὄναρ
3206 5006 3304 5065 καὶ
3334 5012 3625 5084 φαντασίαν

2058 5074 2253 5149 [ταρτα
2278 5078 2478 5149 πάντα]
2508 5078 2783 5149 ἡγοῦνται.
2817 5079 2892 5132 ln.

2129 5144 2239 5269 (8(3)
2279 5144 2638 5217 Θλιὸόλιενον
2668 5149 3026 5205 διαπτύουσι
3045 5192 3060 5217 ,
3092 5149 3423 5222 δεδεμένον
3449 5148 3621 5223 τελῶ-

2129 5261 2136 5269 .
2188 5234 2192 5243 '
2235 5227 2305 5269 et.
2351 5220 2553 5269 vulgat.
2599 5238 2617 5269 ι
2666 5221 2982 5269 tribulatnm
3039 5233 3341 5269 resnnnns._
3387 5226 3617 5269 vinicium

2054 5220 2305 5290 q'r.f_\’et.
2351 5220 2553 5290 vulgat.
2599 5238 2617 5269 ι
2666 5221 2982 5275 tribulatum
3039 5220 3342 5290 respuunt,
3387 5220 3617 5277 vinctum

2053 5287 2319 5361 derident.
2354 5307 2371 5339 ι
2402 5287 2467 5361 In:
2482 5291 2661 5361 priore
2693 5291 2936 5344 membro
2970 5287 3146 5361 (quod
3176 5310 3206 5345 a
3254 5287 3470 5349 Latinis
3512 5292 3619 5343 vul-

2088 5357 2191 5433 atis
2211 5359 2391 5433 abest)
2422 5358 2854 5433 Magdalenensis
2872 5357 3043 5415 codex
3070 5362 3232 5416 habet
3261 5384 3279 5415 ι
3307 5370 3614 5433 respuunt.»

2097 5427 2376 5483 alinlensis
2403 5438 2456 5482 et
2483 5427 2833 5503 Petavianus,
2863 5449 2885 5503 ε
2913 5433 3244 5501 despiciunt,
3288 5453 3306 5485 θ
3343 5427 3440 5503 ριῖο
3471 5454 3489 5484 ι
3536 5435 3617 5503 de-

2053 5508 2278 5565 spuunt,
2318 5518 2335 5548 ι
2369 5503 2726 5568 respondente
2750 5502 2823 5554 illi
2849 5500 3037 5556 Graeco
3068 5500 3411 5558 διαπτύουσι.
3438 5502 3616 5572 Angli-

2052 5582 2173 5620 can.
2217 5587 2235 5643 ι
2274 5572 2476 5643 nonde
2508 5572 2797 5643 tribulato,
2841 5587 2947 5624 non
2996 5574 3063 5626 de
3106 5576 3273 5643 ligato
3299 5578 3383 5630 vel
3425 5576 3612 5633 soluto,

2054 5652 2160 5715 non
2198 5641 2264 5691 de
2293 5641 2682 5715 esurientesel
2720 5642 2956 5694 sitiente.
3000 5641 3276 5715 [Dei—mle
3320 5653 3611 5715 sequuntur

2053 5706 2142 5760 illa
2165 5749 2177 5773 ,
2211 5724 2331 5776 «tuac
2373 5711 2426 5763 in
2466 5709 2839 5781 Prolegomen.
2872 5728 2992 5781 cap.
3024 5713 3076 5774 5.
3110 5730 3140 5768 a
3179 5706 3518 5772 Theudor-ctu
3548 5726 3606 5764 ex
