3774 6210
138 263 225 320 853
929 256 1285 313 EPISTOLE
1329 255 1856 312 INTERPOIA'I‘.E.
1896 284 1963 295 --
2006 254 2095 306 AD
2136 249 2544 308 SMYRN/EOS.

3244 225 3353 277 856

134 380 315 436 αὑτοῦ.
361 379 505 447 Τίμα
541 377 675 461 (10),
712 379 893 448 φησὶν,
928 378 1037 441 υἱὲ,
1074 379 1179 431 τὸν
1206 380 1354 432 Θεὸν
1388 380 1481 431 καὶ
1504 379 1675 441 ,ϐασι-

1823 376 1931 429 ‘lias
1959 376 2024 430 τ’.
2058 373 2295 438 Honora,
2332 373 2528 439 inquit,
2563 372 2664 438 ﬁli,
2700 370 2861 423 Deun.
2892 377 2939 422 et
2970 386 3136 437 regem
3159 370 3223 425 ⁷³.
3253 372 3361 441 Ego

132 475 245 525 λέα.
274 469 411 538 Ἐγὼ
442 470 499 522 δέ
522 486 683 539 φημι·
704 470 846 539 Τίμα
868 470 962 539 μὲν
988 469 1077 522 τὸν
1101 470 1253 533 Θεὸν,
1281 469 1355 532 ὡς
1384 469 1554 522 αἴτιον
1579 470 1685 520 τῶν

131 562 249 615 ὅλων
279 560 371 612 καὶ
412 559 640 627 Κύριον·
677 559 969 611 ἐπίσκοπον
1008 558 1086 620 δὲ,
1119 559 1195 621 ὡς
1233 558 1515 629 ἀρχιερέα,
1550 558 1684 610 Θεοῦ

131 653 291 706 εἰκόνα
322 650 614 722 φοροῦντα·
642 650 781 704 κατά
808 652 904 720 μὲν
936 650 994 703 τὸ
1026 652 1234 721 ἄρχειν,
1266 650 1422 714 Θεοῦ,
1459 649 1600 703 κατά
1629 649 1686 701 δὲ

129 742 179 796 1:6
202 740 514 813 ἱερατεύειν,
551 739 785 811 Χριστοῦ
809 740 941 811 (il).
976 741 1085 793 Καὶ
1112 740 1247 811 μετὰ
1279 739 1487 805 τοῦτον,
1521 740 1685 809 τιμᾷν

128 834 217 904 χρὴ
260 832 352 884 καὶ
400 830 630 901 βασιλέα
679 830 811 899 (12).
852 830 990 883 Οὔτε
1034 830 1144 902 γὰρ
1181 830 1316 883 Θεοῦ
1362 849 1444 893 τις
1498 831 1683 900 κρείτ-

126 941 217 978 των
244 924 370 993 (15),
404 924 438 993 ἦ
477 924 857 994 παραπλήσιος
890 926 946 977 ὲν
978 925 1112 976 πᾶσι
1144 926 1253 987 τοῖς
1276 920 1443 977 οὖσιν·
1480 923 1603 976 οὔτε
1628 923 1684 976 δὲ

126 1018 173 1067 ὲν
214 1013 507 1084 Ἐκκλησία
559 1015 854 1067 ἐπισκόπου
907 1032 959 1067 τι
998 1015 1200 1085 μεῖζον,
1239 1015 1534 1085 ἱερωμένου
1566 1012 1685 1083 Θεῴ

124 1108 245 1177 ὑπὲρ
276 1106 373 1176 τῆς
410 1106 507 1158 τοῦ
556 1106 763 1177 κόσμου
808 1107 1009 1169 παντὸς
1044 1107 1335 1176 σωτηρίας·
1370 1105 1492 1159 οὔτε
1528 1107 1681 1176 βασι-

122 1198 240 1261 λέως
269 1216 351 1261 τις
382 1199 765 1269 παραπλήσιος
796 1202 852 1252 ἑν
902 1197 1177 1269 ἄρχουσιν,
1210 1199 1431 1270 εἰρήνην
1470 1200 1562 1251 καὶ
1599 1200 1685 1251 εῦ-

121 1290 293 1360 νομίαν
339 1294 456 1353 τοῖς
514 1292 839 1361 ἀρχομένοις
898 1292 1344 1361 πρυτανεύοντος.
1409 1293 1467 1344 '0
1512 1292 1684 1362 τιμῶν

119 1384 397 1436 ἐπίσκοπον
432 1380 572 1451 (Η),
612 1382 712 1434 ὑπὸ
744 1381 877 1434 Θεοῦ
922 1382 1318 1453 τιμηθήσεται·
1358 1382 1548 1453 ὧσπερ
1592 1381 1684 1435 οὖν

119 1476 142 1526 6
168 1473 439 1544 ἀτιμάζων
465 1475 653 1539 αὑτὸν,
688 1474 790 1526 ὑπὸ
814 1473 947 1527 Θεοῦ
974 1473 1388 1545 κολασθήσεται.
1424 1476 1486 1528 Εἰ
1517 1478 1624 1545 γὰρ
1657 1476 1685 1526 6

121 1565 409 1634 βασιλεῦσιν
433 1566 691 1636 ἐπεγειρό
698 1582 853 1635 μενος
872 1565 1003 1636 (15),
1021 1565 1292 1629 κολάσεως
1306 1566 1452 1630 ἄξιος
1462 1567 1683 1631 δικαίως

118 1659 404 1728 γενήσεται,
454 1657 533 1721 ὥς
576 1675 639 1725 γε
686 1657 975 1728 παραλύων
1020 1658 1117 1728 τὴν
1166 1658 1349 1730 κοινὴν
1395 1660 1678 1730 εὐνομίαν·

118 1751 252 1819 πόσῳ
279 1750 489 1803 δοκεῖτε
516 1751 761 1819 χείρονος
792 1748 1155 1819 ἀξιωθήσεται
1180 1750 1465 1820 τιμωρίας,
1499 1753 1527 1804 6
1558 1753 1684 1805 ἄνευ

119 1842 397 1894 ἐπισκόπου
424 1860 477 1893 τι
511 1843 683 1893 ποιεῖν
709 1840 1158 1910 προαιρούμενος,
1190 1841 1284 1893 καὶ
1308 1840 1404 1910 τὴν
1436 1842 1686 1911 ὁμόνοιαν

117 1934 360 1999 διασπῶν,
392 1935 489 1986 καὶ
525 1934 621 2003 τὴν
654 1932 903 1997 εὐταξίαν
931 1933 1174 2001 συγχέων
1210 1932 1355 2001 (16);
1398 1932 1683 2004 ’ἱερωσύνη

119 2026 209 2095 γάρ
240 2027 373 2088 ἐστι,
408 2025 469 2076 τὸ
503 2025 721 2076 πάντων
752 2022 973 2090 ἀγαθῶν
999 2026 1055 2076 ὲν
1081 2022 1388 2092 ἀνθρώποις
1419 2024 1687 2096 ἀναϐεϐη-

119 2119 216 2179 κὸς·
242 2111 306 2187 ἧς
329 2118 357 2169 ὁ
389 2117 755 2186 καταμανεὶς,
788 2118 889 2168 οὐκ
922 2114 1206 2187 ἄνθρωπον
1233 2118 1507 2187 ἀτιμάζει,
1550 2118 1686 2171 ἀλλά

117 2210 249 2270 Θεὸν,
275 2210 367 2262 καὶ
389 2209 632 2279 Χριστὸν
666 2208 893 2278 Ἰησοῦν,
913 2209 1003 2261 τὸν
1021 2208 1387 2278 πρωτότοκον,
1414 2210 1508 2262 καὶ
1527 2211 1686 2280 μόνον

119 2306 172 2371 τῇ
196 2302 349 2370 φύσει
379 2301 479 2355 τοῦ
516 2302 730 2371 Πατρὸς
754 2302 1017 2373 ἀρχιερέα
1050 2301 1183 2371 (i7).
1217 2302 1402 2354 Πάντα
1432 2297 1522 2355 οὖν
1558 2304 1684 2373 ύμῖν

122 2396 223 2461 μετ’
247 2394 502 2459 εὐταξίας
541 2392 897 2447 ὲπιτελείσθω
946 2396 1002 2446 ὲν
1040 2393 1261 2463 Χριστῷ
1308 2394 1439 2464 (18).
1477 2396 1540 2446 Οἱ
1572 2396 1685 2447 λαῖ-

120 2482 329 2551 κοὶ(19),
349 2487 464 2546 τοῖς
488 2484 759 2547 διακόνοις
792 2484 1300 2537 ὑποτασσέσθωσαν.
1336 2487 1396 2537 Οἱ
1428 2484 1682 2545 διάκονοι,

118 2577 213 2638 τοῖς
229 2576 640 2648 πρεσϐυτέροις·
660 2579 707 2628 οἱ
726 2576 1101 2648 πρεσϐύτεροι,
1115 2576 1191 2646 τῷ
1209 2578 1400 2630 ἐπισκό
1410 2596 1508 2648 πῳ·
1527 2579 1555 2629 ὁ
1572 2579 1686 2631 επί-

120 2683 318 2730 σκοπος,
344 2668 423 2739 τῷ
449 2668 788 2739 Χριστῷ,ὡς
815 2668 976 2732 αὐτὸς
998 2667 1074 2738 τῷ
1104 2669 1297 2739 Πατρί.
1326 2669 1476 2722 Καθό
1505 2671 1549 2701 ⁷⁸
1572 2669 1681 2739 (20)

121 2774 175 2826 με
223 2758 597 2821 ἀνεπαύσατε,
644 2756 885 2824 ἀδελφοὶ,
918 2758 1008 2809 καὶ
1056 2758 1202 2826 ὑμᾶς
1248 2757 1454 2827 Ἰησοῦς
1484 2760 1513 2811 6
1558 2761 1684 2830 Χρι-

118 2849 241 2910 στάς.
278 2849 515 2902 Ἀπόντα
538 2866 604 2917 με
638 2849 731 2900 καὶ
763 2849 1001 2916 παρόντα
1022 2850 1365 2919 ὴγαπήσατε·
1394 2850 1681 2919 ἀμείψεται

120 2939 244 3008 ὑμᾶς
272 2942 298 2993 6
328 2939 488 3002 Θεὸς,
523 2939 593 2991 δι’
622 2938 680 2990 ὃν
711 2937 883 2991 ταῦτα
912 2940 991 3001 εἰς
1023 2938 1113 2991 τὸν
1137 2938 1357 3009 δέσμιον
1390 2939 1551 2992 αὐτοῦ
1607 2942 1685 2993 ἐνο

114 3034 354 3103 εδείξεσθε
378 3031 519 3101 (‘21).
570 3031 632 3082 Εἰ
678 3030 786 3099 γὰρ
828 3031 921 3081 καὶ
960 3032 1033 3100 μή
1074 3032 1187 3099 εἰμι
1228 3031 1432 3095 ἱκανὸς,
1465 3032 1598 3085 ἀλλά
1624 3034 1680 3086 τὸ

1788 484 1917 523 vero
1942 468 2065 521 dico
2102 487 2114 521 :
2148 468 2360 521 ilonora
2386 467 2603 536 quidem
2624 464 2818 530 Deum,
2836 464 3155 517 utomnium
3175 472 3361 518 aucto-

1790 579 1901 617 rem
1928 572 1983 617 et
2018 560 2305 614 Dominum
2327 560 2672 629 :episcopum
2709 573 2860 618 vero,
2883 556 3253 625 utprincipem
3268 571 3360 611 sa-

1787 652 2091 715 cerdotum,
2115 648 2519 718 quiimaginem
2550 644 2642 699 Dei
2680 644 2812 709 fert;
2843 643 2935 696 Dei
2962 642 3210 712 quidem,
3230 655 3359 711 pro-

1789 755 1904 814 pter
1922 741 2308 812 principatum;
2332 739 2535 794 Christi
2554 753 2703 800 vero,
2727 745 2947 805 propter
2970 733 3357 789 sacerdotium.

1790 835 1853 889 Et
1870 843 1991 905 post
2007 834 2153 887 hunc
2165 832 2435 887 honorare
2451 838 2664 900 oportet
2679 830 2842 882 etiam
2861 843 3061 897 regem.
3077 825 3187 881 Nec
3211 827 3356 881 enim

1788 928 1898 981 Deo
1930 926 2223 996 quisquam
2253 924 2596 992 praestantior
2621 930 2722 985 est,
2754 929 2846 974 aut
2884 920 3080 974 similis
3112 920 3164 972 in
3198 918 3359 972 rebus

1788 1018 2079 1083 omnibus;
2136 1032 2235 1070 nec
2283 1016 2561 1084 episcopo,
2609 1014 2699 1082 qui
2740 1012 2849 1066 Deo
2884 1018 3240 1065 consecratus
3276 1017 3360 1061 cst

1788 1126 1885 1180 pro
1903 1110 2070 1164 totius
2089 1108 2275 1162 mundi
2295 1108 2490 1171 salute,
2504 1107 2800 1175 quidquam
2825 1103 3000 1171 majus
3023 1104 3075 1155 in
3094 1101 3356 1167 Ecclesia;

1789 1203 2047 1257 necinter
2080 1200 2355 1271 principes
2385 1199 2657 1267 quispiam
2691 1196 2887 1250 similis
2922 1195 3257 1263 regi,pacem
3297 1210 3361 1247 ac

1788 1295 1889 1350 sub
1917 1295 2089 1363 aequis
2145 1292 2354 1361 legibus
2387 1290 2832 1359 tranquillitatem
2868 1288 3129 1355 subjectis
3161 1302 3359 1355 procu—

1790 1388 1949 1441 ranti.
1993 1385 2096 1452 Qui
2124 1386 2356 1439 honorat
2384 1384 2726 1452 episcopum,
2765 1395 2794 1434 a
2828 1378 2939 1433 Deo
2967 1380 3358 1443 honorabitur;

1788 1480 1932 1535 sicut
1955 1479 2047 1549 qui
2086 1478 2381 1547 ignominia
2417 1476 2579 1531 adicit
2610 1476 2786 1539 illum,
2815 1490 2845 1527 a
2879 1473 2983 1527 Deo
3011 1475 3263 1542 punietur
3291 1472 3358 1527 ⁷⁸.

1790 1571 1847 1625 Si
1875 1572 2023 1626 enim
2046 1570 2172 1640 jure
2197 1570 2301 1624 erit
2341 1585 2501 1638 paena
2528 1570 2750 1639 dignus,
2777 1571 2868 1637 qui
2904 1569 3168 1622 adversus
3210 1582 3364 1637 rcges

1788 1664 2040 1733 insurgit,
2059 1673 2116 1717 ut
2134 1664 2226 1732 qui
2248 1663 2484 1717 resolvat
2508 1677 2854 1716 communem
2868 1660 3103 1731 quietem
3128 1670 3365 1729 ;quanto

1720 1740 1758 1793 Β
1790 1756 1992 1824 putatis
2014 1755 2233 1824 gravius
2262 1754 2561 1807 merchitur
2588 1754 2940 1823 supplicium,
2983 1753 3076 1821 qui
3110 1752 3228 1806 sine
3251 1751 3365 1820 epi-

1789 1864 1955 1917 scopo
1999 1848 2127 1918 quid
2164 1848 2308 1900 volet
2355 1861 2537 1915 agere,
2590 1846 2937 1901 concordiam
2985 1859 3263 1914 rumpens,
3312 1850 3365 1898 et

1790 1940 1992 1992 bonum
2024 1938 2270 1991 ordinem
2294 1936 2669 1991 confundens?
2698 1935 3079 1990 Sacerdotium
3106 1936 3251 1989 enim
3283 1945 3365 1989 est

1786 2032 2031 2085 omnium
2079 2031 2371 2093 bonorum,
2400 2044 2521 2097 quae
2553 2029 2608 2081 in
2642 2028 2957 2082 hominibus
3004 2038 3150 2090 sunt,
3203 2042 3360 2098 apex,

1787 2124 2047 2177 adversus
2085 2122 2229 2191 quod
2266 2122 2360 2190 qui
2403 2120 2552 2183 furit,
2602 2138 2708 2174 non
2752 2122 3028 2175 homian
3062 2121 3360 2190 ignominia

1787 2213 1967 2280 aiiicit,
2005 2214 2099 2269 sed
2138 2213 2331 2279 Deum,
2367 2225 2420 2268 et
2454 2215 2733 2269 Christum
2767 2212 2974 2283 Jesum,
3024 2213 3362 2281 primogeni-

1788 2314 1923 2371 tum,
1963 2306 2166 2375 quique
2206 2307 2356 2362 solus
2399 2315 2481 2360 est
2537 2316 2727 2360 natura
2794 2305 3032 2378 pontifex
3083 2304 3262 2358 Patris
3291 2304 3355 2357 ⁷⁸.

1786 2399 1979 2453 Omnia
2004 2400 2167 2469 igitur
2190 2401 2346 2454 vobis
2414 2400 2626 2455 decenti
2674 2399 2865 2453 ordine
2907 2399 3260 2467 perﬁciantur
3308 2398 3358 2449 in

1786 2492 2025 2548 Christo.
2077 2492 2223 2547 Laici
2255 2493 2503 2548 diaconis
2534 2493 2896 2561 subjiciantur
2923 2510 2937 2556 ;
2978 2492 3215 2553 diaconi,
3239 2506 3362 2559 pre-

1787 2584 2051 2655 sbyteris;
2076 2584 2397 2655 presbyteri,
2426 2587 2715 2653 episcopo;
2747 2584 3058 2652 episcOpus.
3100 2584 3317 2635 Christo
3343 2623 3357 2645 ,

1788 2686 1848 2730 ut
1874 2677 1992 2744 ipse
2040 2676 2209 2732 Patri.
2256 2677 2727 2744 Quemadmodum
2764 2692 2851 2731 me
2896 2678 3207 2739 recreastis,
3251 2676 3359 2729 l'ra-

1789 2776 1918 2831 tres,
1966 2776 2021 2823 et
2076 2783 2171 2822 vos
2214 2777 2418 2822 recreet
2452 2766 2611 2820 Jesus
2639 2766 2912 2819 Christus.
2948 2765 3240 2818 Absentem
3274 2780 3361 2816 me

1787 2874 1849 2911 ac
1873 2868 2193 2927 prresentem
2226 2860 2528 2924 dilexistis;
2564 2858 2828 2911 retribuet
2854 2858 3009 2911 vobis
3037 2857 3196 2920 Deus,
3233 2872 3359 2923 pro-

1788 2960 1907 3017 pter
1937 2965 2099 3018 quem
2135 2950 2250 3004 lucc
2296 2950 2348 3003 in
2385 2951 2626 3003 vinctum
2663 2949 2812 3002 illius
2844 2948 3171 3002 contulistis.
3220 2945 3356 3000 Nam

1786 3042 1887 3095 etsi
1915 3057 2021 3095 non
2059 3058 2177 3095 sum
2203 3043 2421 3109 dignus,
2456 3052 2510 3095 at
2535 3057 2726 3109 magna
2751 3050 2829 3094 est
2854 3040 3018 3093 animi
3051 3041 3211 3092 vestri
3233 3055 3362 3108 pro-

116 3124 200 3193 τῇς
228 3125 543 3197 προθυμίας
576 3123 730 3193 ὑμῶν
767 3122 921 3192 μέγα.
965 3123 1017 3173 Ὁ
1042 3122 1223 3190 τιμῶν
1238 3123 1345 3193 γὰρ
1373 3124 1675 3191 προφήτην

1823 3132 1997 3186 ensio.
2026 3133 2130 3197 Qui
2156 3134 2299 3186 enim
2326 3133 2547 3185 honorat
2576 3132 2883 3201 prophetam
2914 3133 2966 3183 in
2994 3132 3200 3183 nomine
3230 3148 3355 3199 pro-

116 3218 191 3282 είς
226 3217 410 3287 ὄνομα
445 3214 783 3285 προφήτου,
817 3217 1038 3283 μισθὸν
1062 3214 1370 3284 προφήτου
1401 3215 1676 3284 λήψεται.

169 3358 209 3389 ⁷²
242 3360 342 3413 lsa.
377 3375 522 3422 an,
576 3358 676 3419 il;
715 3358 896 3412 Const.
926 3375 1012 3426 ap.
1055 3374 1113 3421 Il,
1162 3358 1248 3413 M.

111 3426 150 3457 "
177 3428 243 3483 al.
274 3431 437 3485 καθά.
552 3430 591 3461 ⁷⁷
634 3428 821 3482 Matth.
851 3445 879 3481 χ
904 3469 917 3493 ,
946 3430 1032 3482 lii.

168 3546 280 3619 (l0)_
316 3550 481 3617 Τίμα.
508 3548 736 3619 Adcum
762 3548 939 3605 locum
960 3550 1118 3602 Prov.
1154 3565 1300 3614 xxuv,
1326 3551 1385 3605 2|
1409 3588 1423 3607 .
1452 3551 1541 3617 qui
1572 3566 1671 3619 pu-

112 3616 407 3688 taturBeda
443 3635 455 3668 ε
495 3638 515 3668 ι
554 3616 739 3684 Neque
776 3622 975 3688 aliquid
1010 3621 1212 3682 obstat,
1254 3621 1307 3672 in
1354 3616 1585 3674 Domino
1616 3630 1669 3674 et

110 3703 234 3760 rege,
258 3687 475 3742 Patrem
516 3699 570 3742 et
588 3688 785 3760 Filium
817 3687 1087 3760 intelligas
1112 3690 1406 3759 designari,
1435 3691 1527 3758 qui
1561 3708 1669 3760 tino

108 3758 389 3827 eodemque
428 3769 566 3814 sunt
604 3758 906 3815 divinitatis
948 3758 1156 3815 honore
1208 3758 1459 3822 culendi;
1502 3781 1519 3809 ι
1560 3758 1668 3814 hoc

106 3828 229 3881 enim
260 3830 425 3883 modo
462 3844 669 3883 censeo
692 3829 999 3896 legendum,
1032 3831 1123 3883 ubi
1157 3838 1306 3883 tonio
1340 3829 1456 3883 Vill
1481 3829 1673 3885 Hiero-

111 3900 238 3968 nymi
264 3915 541 3954 excusum
570 3899 821 3963 habetur,
862 3919 880 3951 ι
913 3911 971 3954 ut
1004 3916 1208 3968 regem.
1248 3920 1265 3949 ι
1292 3898 1428 3954 Cor.

168 3967 384 4022 Ibidem.
428 3971 599 4037 Τίμα,
630 3970 838 4037 φησιν,
880 3971 991 4034 υἱὲ,
1026 3967 1134 4022 τὸν
1170 3969 1337 4031 Geor,
1388 3970 1483 4023 καὶ
1503 3970 1677 4033 βασι-

103 4037 214 4090 .léa-
248 4039 361 4108 ἐγὼ
382 4039 454 4092 δέ
480 4057 653 4109 φημι.
689 4038 1038 4095 Salomonem
1078 4040 1146 4092 ab
1174 4040 1280 4092 isto
1306 4042 1506 4109 corrigi
1528 4041 1676 4095 hisce

105 4110 264 4163 verbis
284 4119 461 4174 notat,
481 4111 537 4163 in
578 4108 906 4163 Problemata
937 4125 1061 4168 suo,
1087 4109 1408 4164 Perkinsius
1445 4108 1626 4164 noster
1658 4130 1670 4163 :

105 4180 245 4246 quasi
280 4181 465 4249 major
492 4179 785 4233 Salomone
814 4190 959 4235 esset
982 4181 1089 4233 hic.
1120 4180 1318 4234 Usssa.

162 4249 264 4317 (Η)
308 4251 461 4304 Θεοῦ
490 4250 697 4301 εἰκόνα
712 4250 1030 4317 φοροῦντα·
1058 4250 1206 4302 κατὰ
1222 4249 1331 4315 μὲν
1347 4252 1410 4303 τὸ
1440 4250 1667 4319 ἄρχειν,

109 4320 258 4381 Θεοῦ,
282 4321 433 4373 κατὰ
464 4319 537 4371 δὲ
568 4319 633 4371 τὸ
662 4321 1002 4386 ἱερατεύειν,
1022 4320 1302 4386 Χριστοῦ.
1324 4321 1666 4375 Manifestam

101 4403 208 4443 esse
250 4391 338 4443 hic
382 4388 796 4445 aﬂ‘ectationem
828 4391 1147 4444 subtilitatis
1191 4390 1564 4459 ineptissimee,
1612 4392 1665 4444 in

1330 3359 1375 3390 ⁷³
1405 3357 1561 3413 Prov.
1593 3376 1739 3426 xxrv,
1798 3363 1883 3416 21.

1784 3221 1982 3289 plretre,
2041 3223 2323 3275 mercedem
2360 3222 2623 3290 prop/tela:
2664 3222 2882 3289 accipiet
2908 3220 2972 3273 7?.
3009 3218 3354 3273 Manifestum

1962 3365 2007 3396 7”
2042 3362 2223 3419 Const.
2251 3381 2335 3434 ap.
2381 3381 2454 3429 vi,
2495 3364 2547 3416 2.
2626 3365 2670 3395 ⁷⁵
2704 3365 2736 3417 ι.
2767 3364 2947 3419 Const.
2981 3380 3067 3431 ap.
3109 3379 3227 3429 vm,
3260 3364 3349 3422 46.

1781 3552 2074 3606 indicatum
2103 3560 2204 3603 est.
2236 3548 2307 3601 lo.

1848 3622 1958 3691 (iii)
1996 3624 2064 3674 Ei
2092 3621 2198 3688 γὰρ
2230 3623 2261 3672 ό
2293 3619 2664 3682 ,βασιίεῦσιν
2699 3618 3173 3691 -ἐ·.τε)ν·είρόμει·ος.
3214 3617 3350 3691 Vide

1778 3688 2181 3761 Prelegomett.,
2213 3706 2331 3761 cap,
2370 3691 2434 3741 lt)
2464 3700 2517 3741 et
2544 3705 2668 3761 cap.
2696 3688 2779 3761 i8,
2818 3697 2878 3761 et
2909 3697 3033 3739 nota
3064 3689 3349 3761 verbailla

1778 3758 1963 3816 Graeci—
1993 3761 2198 3815 codicis
2232 3776 2245 3811 :
2282 3759 2356 3821 ὦς
2408 3776 2469 3827 γε
2506 3758 2797 3829 παραλύων
2834 3758 2928 3827 τὴν
2975 3758 3158 3829 κοινὴν
3204 3760 3352 3810 εὐνο-

1781 3832 1928 3902 μίαν,
1958 3832 2012 3884 in
2043 3840 2223 3902 vetere
2253 3845 2472 3900 quoque
2497 3827 2712 3898 vulgata
2743 3827 2934 3880 Latina
2967 3827 3217 3882 versione
3240 3845 3351 3882 non

1783 3899 2120 3969 comparere.
2149 3899 2225 3951 In.

1850 3967 1960 4041 (16)
2000 3971 2108 4024 Καὶ
2142 3988 2255 4037 την
2277 3970 2565 4092 1(ἐμιόνοιαν
2579 3967 2871 4029 διασπῶν,
2905 3968 3000 4019 καὶ
3038 3968 3149 4034 τὴν
3183 3969 3353 4020 εὐτα-

1850 4060 1919 4092 αν
1952 4041 2247 4092 συνγέων.
2326 4055 2463 4092 euue
2500 4041 2600 4092 ista
2638 4038 2799 4092 etiam
2847 4054 2875 4091 a
2910 4039 3127 4092 vulgato
3156 4037 3353 4091 Latino

1779 4037 1919 4106 ξίαν
1944 4037 2247 4110 συγχέων.
2277 4037 2463 4107 Neque
2500 4041 2600 4093 ista
2638 4038 2799 4092 etiam
2847 4054 2875 4091 a
2910 4039 3127 4107 vulgato
3156 4037 3353 4091 Latino

1782 4113 2077 4180 interprete
2100 4120 2496 4180 agnoscuntur.
2532 4110 2605 4160 In.

1847 4178 1959 4252 (l7)
2000 4182 2105 4235 Kal
2132 4178 2323 4248 μόνον
2351 4178 2421 4246 τῇ
2445 4178 2755 4252 φύσει-τοῦ
2792 4179 3025 4247 Πατρὸς
3052 4178 3346 4247 ἀρχιερέα.

1780 4248 1897 4306 Viti.
1934 4248 2340 4320 Prolegomerp,
2365 4266 2486 4320 cap.
2519 4248 2607 4301 75.
2638 4249 2713 4302 lo.

1846 4321 1955 4391 (18)
1996 4315 2197 4391 mirga
2229 4315 2342 4391 οὖν
2362 4315 2502 4387 ὑμῖν
2524 4320 2649 4391 μετξ
2666 4319 2944 4391 εὐταξίας
2969 4319 3352 4391 ἐπιτελείρνθω

1772 4386 2120 4459 ἐπί-Χριστῷ.
2148 4390 2254 4443 Pro
2288 4386 2407 4449 his.
2428 4398 2612 4442 noster
2635 4389 2901 4459 interpres
2932 4389 3125 4459 habet:
3166 4408 3185 4439 ι
3220 4386 3351 4442 Om-

103 4459 202 4530 suis
232 4460 296 4513 ad
312 4462 496 4530 jtunc
541 4460 722 4530 locum
766 4461 911 4530 notis
944 4460 1151 4530 criticis
1191 4451 1452 4530 observat
1494 4451 1667 4515 Véde-
1699 4451 1742 4505 D
1774 4463 1861 4516 nia
1894 4451 2232 4530 igitur-vobis
2263 4460 2316 4511 in
2341 4459 2512 4528 gratia
2539 4451 3175 4527 superabundent;digni
3203 4459 3347 4512 enim

103 4527 218 4606 lius.
255 4548 273 4580 ι
308 4529 549 4606 Trib_t_1it_
583 4528 729 4583 enim
765 4528 1001 4606 (inquit)
1040 4529 1149 4583 Deo
1187 4529 1335 4606 Patri
1374 4530 1433 4583 τὸ
1480 4532 1666 4601 ἄρχειν

104 4599 374 4667 imperare,
413 4599 645 4656 Christo
676 4599 954 4653 autem-:6
990 4599 1328 4723 ἱερατεύειν;
1363 4599 1665 4654 secundum

106 4670 272 4723 brius.
315 4671 453 4723 dicit
505 4669 821 4723 eniscooum
886 4670 995 4723 Deo
1080 4672 1179 4722 atri
1227 4672 1459 4723 similem
1506 4686 1665 4723 esse:

106 4670 272 4735 prius,
315 4671 453 4725 dicit
505 4669 821 4739 episcopum
886 4670 995 4725 Deo
1036 4669 1179 4723 Patri
1227 4672 1459 4724 similem
1506 4686 1665 4734 esse;

102 4742 387 4794 secundum
429 4739 732 4809 posterius,
766 4740 903 4792 Filio
944 4740 1057 4794 Dei.
1090 4739 1256 4805 Quasi
1290 4756 1417 4793 vero
1450 4740 1669 4793 Christo

100 4822 202 4881 non
216 4818 560 4880 competeret
589 4820 647 4881 ιιι
667 4810 726 4862 τὸ
750 4810 1069 4881 ἱερατεύειν,
1089 4814 1168 4864 sic
1190 4811 1353 4863 etiam
1376 4811 1435 4863 τὸ
1460 4810 1665 4880 ἄρχειν.

104 4877 369 4949 Scriptura
402 4888 561 4936 certe
582 4877 1016 4934 Christo'tribuit
1050 4889 1480 4947 utrumque.tum
1501 4877 1667 4945 alias,

101 4956 199 5001 tum
230 4952 455 5017 quando
488 4950 667 5021 ipsum
700 4952 962 5021 ἀρχιερέα
984 4958 1172 5004 vocat:
1196 4951 1285 5003 ubi
1313 4951 1531 5021 nomine
1554 4951 1671 5019 ipso

101 5027 379 5090 utrumque
404 5020 690 5090 exprimit,
721 5019 864 5090 quod
887 5024 990 5074 hoc
1013 5021 1133 5076 loco
1160 5031 1449 5089 corruptor
1478 5019 1670 5090 lguatii

100 5087 320 5160 divertit,
356 5110 375 5141 ι
414 5087 501 5145 vel
536 5108 557 5141 ι
593 5087 802 5144 divellit
835 5111 852 5142 ι
891 5092 1093 5160 potius.
1121 5090 1195 5143 lo.

161 5159 284 5284 (le>
303 5162 414 5216 Kal
447 5160 605 5231 μετὰ
632 5161 868 5218 τοῦτον.
911 5159 1086 5284 urar
1114 5161 1227 5229 χρὴ
1257 5161 1352 5213 καὶ
1382 5159 1665 5224 βασιλέα.

162 5231 221 5283 de
291 5233 636 5284 roleszomen.
679 5246 798 5284 can.
838 5230 925 5284 10.
979 5249 1031 5284 υ.

104 5180 284 5284 vuzp)
303 5180 414 5216 ιιαι
447 5180 605 5231 μετα
632 5180 868 5218 τουτον.
911 5180 1031 5284 urg

145 5231 221 5301 ide
291 5233 636 5301 rolegomen.
679 5246 798 5300 cap.
838 5230 925 5284 10.
978 5249 1031 5286 υ.

164 5299 269 5369 (15)
311 5299 469 5355 Οὔτε
507 5300 621 5371 γὰρ
664 5299 811 5355 Θεοῦ
855 5318 945 5367 τις
981 5302 1280 5368 κρείττων.
1314 5321 1332 5351 ι
1375 5301 1483 5355 Nec
1524 5304 1669 5355 enim

104 5382 214 5440 tege
233 5374 531 5440 quisquam
561 5372 898 5438 praestantior
923 5390 941 5422 ι
972 5374 1026 5424 in
1050 5373 1296 5426 versione
1322 5388 1419 5426 sua
1438 5371 1671 5425 reddidit

104 5434 444 5510 Vairlenius;
486 5434 632 5510 regis
676 5442 917 5507 nomine,
964 5456 1064 5510 pro
1108 5442 1225 5504 Dei,
1271 5457 1363 5510 per
1398 5442 1665 5495 incuriam

105 5508 407 5565 substituto.
444 5511 521 5564 lo.
555 5508 571 5510 ⁷
772 5520 779 5527 ’

162 5578 267 5650 (Μ)
312 5583 365 5633 '0
397 5578 585 5650 τιμῶν
606 5580 963 5650 ἐπίσκοπον.
990 5580 1072 5633 Ab
1088 5580 1375 5642 Antiocho,
1401 5581 1453 5634 in
1480 5581 1665 5635 homil.

102 5647 194 5701 194
244 5647 297 5725 et
320 5647 682 5725 Dam'aseeno,
711 5652 762 5703 in
798 5649 1061 5725 Parallel.
1094 5653 1186 5725 lib.
1224 5668 1281 5714 ιι,
1316 5668 1436 5725 cap.
1467 5650 1557 5717 95,
1592 5655 1670 5725 ci-

100 5724 230 5775 tatus
261 5721 493 5778 habetur
522 5720 609 5776 hic
633 5720 781 5776 locus
802 5738 816 5786 ;
840 5728 892 5774 ut
915 5722 971 5776 in
1004 5719 1407 5793 Prolcgomcn.)
1430 5738 1547 5793 cap.
1586 5724 1667 5779 18.

1778 4542 1975 4673 esilisé).
2001 4529 2077 4673 iii
2097 4600 2313 4673 μίαὶζκοίΓ
2343 4596 2827 4673 Hanc_voeem_(ab
2854 4597 3262 4673 interpolatorc,
3294 4608 3351 4653 et

1780 4666 1870 4727 hic
1905 4666 1960 4724 et
2000 4670 2055 4723 in
2102 4668 2343 4734 Epistola
2382 4668 2451 4719 ad
2494 4666 2864 4738 Magnesianos
2897 4669 3235 4738 usurpatam)
3284 4686 3350 4725 ne

1782 4741 1971 4811 lgnatii
2008 4740 2210 4811 saeculo
2229 4737 2468 4811 ignotam
2499 4736 2667 4811 fuisse
2683 4738 3012 4811 egistimem,
3047 4739 3176 4811 facit
3199 4736 3350 4811 locus

1781 4806 1870 4866 ille
1902 4810 2198 4865 Clementis
2228 4809 2277 4879 in
2317 4807 2557 4879 Epistola
2605 4807 2668 4879 ad
2704 4806 3021 4879 Corinthios
3073 4809 3351 4879 (editionis

1779 4880 2049 4944 Junianaz,
2080 4895 2203 4948 pag.
2226 4878 2321 4949 55)
2351 4897 2364 4931 ;
2412 4877 2477 4949 ’Οᾷ
2495 4876 2681 4940 λαῐκὸς
2698 4876 2981 4949 ἄνθρωπος
3010 4876 3122 4943 τοῖς
3143 4878 3350 4945 λαῖκοίς

1780 4947 2433 5022 προστάγμασιδέδεταια
2462 4947 2856 5022 Laicushonio
2882 4952 3163 5019 praeceptis
3194 4949 3349 5022 laieis

1779 5018 2225 5089 censtringiturn
2258 5018 2325 5074 Ut
2349 5022 2412 5072 ad
2450 5020 2774 5087 Apostolicos
2815 5036 3037 5071 canones
3060 5018 3113 5073 et
3141 5018 3347 5089 Διατάέ

1781 5092 1901 5157 ξεις
1931 5092 2017 5161 (ιιι
2048 5090 2248 5160 quibus
2266 5090 2565 5159 saepissime
2593 5091 2912 5161 voeabulnm
2953 5092 3053 5161 hoc
3085 5088 3347 5161 occurrit)

1782 5163 1869 5217 hic
1893 5159 2185 5232 cenfugere
2202 5161 2335 5232 nihil
2366 5161 2695 5232 sitnecesse.
2728 5159 2781 5232 In
2811 5159 3143 5232 Tertulliano
3174 5160 3346 5219 enim,

1782 5234 2029 5300 proximo
2055 5229 2177 5301 post
2216 5229 2484 5300 lgnatium
2511 5231 2735 5295 sarculo,
2767 5229 3032 5301 laicorttm
3057 5243 3348 5282 occurrere

1780 5297 2134 5366 inentionein,
2172 5297 2331 5355 nemo
2353 5310 2437 5355 est
2470 5301 2564 5369 qui
2595 5301 2826 5366 ignoret.
2862 5297 2932 5349 lo.

1851 5372 1964 5441 (20)
2002 5372 2179 5426 Καθό.
2216 5371 2295 5424 ita
2329 5368 2499 5425 codex
2524 5368 3007 5441 Nydpruccianus:
3042 5368 3342 5441 alii_._xa0ci.

1786 5437 2045 5510 vulgatus
2097 5442 2384 5508 interpres,
2423 5459 2457 5510 «_
2483 5437 2781 5493 secundum
2827 5439 2987 5505 quod.
3060 5460 3078 5490 ι
3127 5437 3343 5505 Noster,

1786 5534 1801 5562 ι
1825 5508 2123 5567 secundum
2159 5511 2363 5563 omnia.
2405 5529 2421 5557 ι
2445 5508 2513 5559 In.

1850 5582 1961 5651 (21)
2002 5583 2080 5633 Δι’
2109 5579 2184 5651 ἤν
2225 5581 2409 5651 ταῦτα
2440 5585 2526 5643 εἰς
2566 5580 2669 5631 τὸν
2710 5577 2956 5646 δέσμιον
2994 5580 3178 5632 αὑτοῦ
3216 5581 3346 5633 ἑνεσι
3424 5594 3429 5611 ι

1780 5648 2073 5716 δείξασθε.
2108 5648 2299 5721 Noster
2331 5650 2593 5721 interpres
2626 5668 2713 5721 τι
2733 5663 2947 5721 propter
2972 5666 3132 5721 quem
3164 5656 3343 5707 omnia

1783 5725 2131 5788 sustinentes,
2160 5720 2334 5791 ipsum
2360 5720 2751 5791 adipisccmini.
2790 5738 2807 5771 ι
2850 5718 2924 5771 lo.
