3774 6210
450 275 551 333 891
662 316 676 326 .

1183 273 1278 332 ΑΙ)
1304 256 1682 331 ΕειετοιΑε
1720 274 1783 330 S.
1810 272 2073 332 [GNATII
2104 272 2457 334 GENUINAS
2481 272 2845 346 APPENDIX.

3586 274 3687 331 893

449 392 681 449 muliere
712 409 725 445 :
753 407 817 449 ac
844 407 1032 448 revera
1073 394 1373 451 cruciﬁxus
1406 403 1511 449 est.
1556 393 1690 449 Mihi
1718 394 1898 462 enim,
1938 395 1993 451 in

2134 395 2192 450 ix
2232 395 2517 466 γυναικός·
2562 394 2657 449 καὶ
2691 392 2918 465 ἀληθείᾳ
2959 392 3299 465 ἐσταυρώθη.
3344 393 3506 463 Ἐμοὶ
3546 393 3687 464 γὰρ,

448 485 590 555 quit,
623 485 759 547 absit
782 485 1025 557 gloriari,
1057 487 1159 542 nisi
1182 488 1238 541 in
1262 502 1415 541 cruce
1452 487 1668 542 Domini
1700 486 1829 543 Jesu
1853 489 1923 543 ".
1959 487 2024 544 Et

387 635 401 652 θ
448 591 578 632 vere
611 592 806 646 passus
844 585 949 641 est,
989 586 1044 633 et
1077 587 1329 634 mortuus
1356 588 1473 647 est,
1516 595 1583 634 ac
1609 580 1929 636 resurrexit.
1964 579 2026 636 Si

448 668 717 739 passibilis
744 669 910 731 enim,
945 669 1142 739 inquit,
1167 670 1443 737 Christus,
1469 672 1517 725 si
1546 672 1750 740 primus
1783 688 1849 727 ex
1877 688 2025 726 mor-

452 766 662 813 tuorum
695 763 1075 817 resurrectione
1095 764 1161 815 τ’.
1192 762 1296 818 Et:
1326 761 1477 828 Quod
1508 774 1743 817 mortuus
1776 774 1879 830 est,
1907 781 2027 835 pec-

449 860 569 905 cato
625 862 863 905 mortuus
907 862 985 907 est
1035 854 1228 919 semel;
1275 855 1417 925 quod
1471 866 1649 910 autem
1694 857 1848 920 vivit,
1897 859 2024 912 vivit

448 940 648 996 Deo".
695 941 828 1008 Quae
870 958 1105 1015 namque
1144 944 1486 999 vinculorum
1538 946 1764 1013 utilitas,
1806 947 2023 1003 Christo

450 1050 558 1091 non
598 1035 860 1089 mortuo?
887 1051 1011 1105 qua:
1044 1036 1253 1091 utilitas
1289 1037 1631 1091 tolerantiae?
1657 1054 1779 1108 quae
1822 1040 2025 1096 utilitas

451 1127 789 1197 ﬂagrorum?
834 1126 945 1182 Cur
972 1128 1210 1193 tandem,
1246 1127 1440 1183 Petrus
1480 1129 1698 1199 quidem
1729 1131 2025 1187 cruciﬁxus

449 1228 564 1280 est;
585 1216 785 1275 Paulus
802 1235 930 1274 vero
945 1232 997 1273 et
1023 1220 1261 1275 lacubus
1288 1222 1468 1292 gladio
1500 1224 1727 1276 truncati
1745 1224 1830 1276 '°?
1858 1222 2026 1277 Joan-

452 1328 551 1367 nes
582 1321 765 1366 autem
820 1302 872 1366 in
926 1312 1118 1367 Patmo
1169 1314 1462 1383 relegatuS'
1488 1324 1572 1369 est
1598 1314 1682 1381 1";
1718 1315 2026 1386 Stephanus

452 1412 634 1457 autem
669 1405 940 1474 lapidibus
968 1405 1328 1474 interemptus
1360 1406 1462 1460 fuit
1487 1423 1516 1459 a
1550 1406 1772 1472 Judzeis,
1803 1408 1895 1477 qui
1920 1407 2026 1462 Do-

455 1492 664 1546 minum
716 1494 1102 1548 trucidarunt?
1159 1494 1360 1550 Verum
1407 1497 1541 1550 nihil
1590 1498 1783 1551 horum
1824 1508 2027 1554 temere

453 1582 659 1639 factum
691 1586 757 1641 ⁸³.
789 1585 997 1641 Revera
1028 1588 1173 1641 enim
1200 1589 1270 1642 ab
1294 1589 1475 1658 impiis
1499 1589 1792 1645 cruciﬁxus
1816 1600 1899 1645 est
1926 1590 2027 1646 Do-

455 1691 659 1730 minus.

2125 487 2278 558 φησι,
2302 486 2391 557 μὴ
2411 486 2639 557 γένοιτο
2662 484 3018 555 καυχᾶσθαι,
3041 486 3093 538 εὶ
3112 482 3200 555 μὴ
3240 484 3310 537 ὲν
3336 483 3416 549 τῷ
3460 484 3687 553 σταυρῷ

2124 578 2231 632 τοῦ
2266 579 2489 647 Κυρίου
2537 578 2643 633 τοῦ
2687 576 2909 645 Ἰησοῦ.
2962 577 3073 630 Καὶ
3116 574 3347 647 ἀληθείᾳ
3380 575 3565 641 ἔπαθε,
3600 575 3687 630 καὶ

2126 668 2384 735 ἀπέθανε,
2434 670 2531 724 καὶ
2577 668 2799 739 ἀνέστη.
2848 670 2919 722 Et
2961 668 3224 736 παθητὸς
3264 668 3394 740 γὰρ,
3438 669 3627 737 φησιν,
3656 670 3686 722 d

2124 762 2400 832 Χριστὸς,
2429 764 2483 816 εί
2508 760 2738 830 πρῶτος
2772 760 2842 825 ἐξ
2869 758 3261 826 ἀναστάσεως
3286 758 3533 827 νεκρῶν.
3555 757 3683 812 Καί·

2129 858 2191 909 Ὃ
2218 856 2497 919 ἀπέθανε,
2544 853 2619 923 τῇ
2648 853 2901 923 ἁμαρτίᾳ
2928 853 3226 906 ἀπέθανεν
3262 849 3503 920 ἐφάπαξ
3518 869 3531 881 ·
3570 850 3601 903 ὃ
3626 848 3685 903 δὲ

2121 947 2209 1017 ζῆ,
2242 948 2323 1015 τῷ
2352 947 2473 1015 Θεῷ
2495 946 2581 1016 ζῇ.
2601 948 2756 1000 Ἐπεὶ
2784 946 2868 1010 τίς
2901 946 3060 1017 χρεία
3081 945 3295 1016 δεσμῶν
3337 943 3433 1016 (7),
3462 936 3684 1016 Χριστοῦ

2125 1041 2201 1113 μὴ
2247 1040 2593 1104 ὲπιθανόντος
2619 1038 2698 1105 ";
2759 1038 2842 1103 τίς
2885 1036 3043 1110 χρεία
3070 1037 3378 1109 ὑπομονῆς;
3419 1035 3501 1099 τίς
3542 1035 3687 1106 χρεία

2128 1131 2440 1204 μαστίγωνς
2468 1130 2533 1183 Τί
2569 1130 2791 1201 δήποτε,
2822 1128 3029 1201 Πέτρος
3059 1128 3157 1199 μὲν
3184 1126 3531 1200 ὲσταυροῦτο·
3556 1125 3687 1179 Παῦ-

2122 1222 2213 1287 λος
2255 1222 2311 1276 δὲ
2335 1223 2428 1276 καὶ
2460 1222 2716 1284 ’ῐάκωὸος
2748 1220 2991 1292 μαχαίρᾳ
3022 1220 3327 1290 ὲτέμνοντο·
3363 1218 3609 1287 Ἰωάννης
3638 1217 3686 1269 δὲ

2124 1313 2487 1384 ἐφυγαδεύετο
2532 1314 2591 1366 ὲν
2643 1312 2872 1383 Πάτμῳ·
2906 1311 3173 1380 Στέφανος
3202 1311 3258 1364 δὲ
3295 1311 3355 1363 ὲν
3385 1309 3549 1372 λίθοις
3578 1310 3687 1377 ἀνῃ-

2128 1408 2271 1477 ρεῖτο
2303 1406 2455 1479 παρὰ
2480 1407 2536 1457 ’δ
2574 1403 2682 1457 τῶν
2714 1404 3079 1476 κυριοκτόνων
3112 1402 3389 1455 Ἰουδαίων
3435 1401 3545 1469 (8);
3582 1399 3686 1453 ἀλλ’

2123 1476 2277 1553 οὐδὲν
2325 1476 2531 1551 τοὺτων
2576 1496 2699 1567 είκῆ
2742 1495 2838 1565 (9).
2873 1493 3126 1567 Ἀληθείᾳ
3164 1493 3274 1566 γὰρ
3322 1491 3687 1565 ἐσταυρώθηὸ

2123 1591 2329 1665 Κύριος
2350 1590 2455 1644 ὑπὸ
2473 1588 2580 1643 τῶν
2608 1586 2903 1641 δυσσεδῶν.

528 1766 614 1821 ιν.
660 1767 725 1823 Ει
760 1771 903 1837 quod
952 1770 1042 1826 hic
1083 1772 1198 1841 ipse
1232 1772 1323 1839 qui
1364 1788 1430 1826 ex
1460 1773 1689 1827 muliere
1717 1782 1877 1827 natus
1904 1780 1989 1827 est

2195 1765 2286 1822 IV.
2314 1766 2425 1821 Kal.
2461 1767 2543 1820 ὅτι
2566 1758 2718 1828 οὗτος
2730 1765 2758 1818 6
2770 1762 3051 1833 γεννηθεὶς
3068 1762 3178 1835 (10)
3198 1763 3262 1815 ὲκ
3277 1761 3554 1831 γυναικὸς,
3572 1759 3687 1826 Υίός

450 1859 623 1917 Filius
650 1871 736 1916 est
778 1862 867 1916 Dei
899 1882 912 1917 :
943 1874 996 1917 et
1026 1864 1118 1933 qui
1151 1866 1450 1919 cruciﬁxus
1481 1874 1565 1920 est
1586 1908 1601 1932 ,
1629 1865 2023 1936 primogenitus

450 1963 535 2008 est
569 1954 752 2009 omnis
784 1964 1049 2010 creaturae
1070 1998 1083 2021 ,
1113 1972 1177 2011 ac
1221 1956 1361 2012 Deus
1393 1957 1630 2011 Verbum
1664 1977 1677 2013 :
1703 1967 1757 2011 et
1785 1958 1900 2027 ipse
1940 1956 2023 2013 ie-

450 2046 525 2099 cit
546 2047 751 2100 omnia.
781 2046 918 2102 Dicit
943 2049 1087 2102 enim
1118 2050 1414 2119 Apostolus
1439 2069 1452 2106 :
1491 2050 1638 2105 Unus
1673 2050 1811 2105 Deus
1839 2050 2021 2117 Pater,

448 2151 513 2189 ea:
540 2152 642 2206 quo
675 2139 888 2199 omnia;
923 2155 1056 2191 unus
1104 2138 1361 2193 Dominus
1402 2140 1558 2194 Iesus
1600 2141 1843 2195 Christus
1869 2180 1883 2202 .
1933 2156 2024 2209 per

448 2244 598 2297 quem
632 2230 809 2282 omnia
836 2229 901 2284 ⁸⁸.
931 2212 997 2283 Εἰ
1023 2221 1259 2286 iterum:
1292 2232 1438 2286 Unus
1468 2235 1607 2286 enim
1639 2234 1860 2297 Deus,et
1885 2250 2020 2288 unus

450 2323 713 2375 mediator
762 2320 858 2374 Dei
902 2332 952 2375 et
980 2323 1272 2389 hominum,
1306 2325 1457 2377 homo
1482 2324 1638 2379 Iesus
1662 2324 1907 2379 Christus
1932 2327 1977 2358 ⁸⁸
2005 2345 2017 2380 :

446 2422 498 2465 et
527 2414 580 2466 in
618 2414 732 2482 ipso
768 2414 981 2467 condita
1010 2425 1130 2467 sunt
1157 2414 1397 2468 universa
1432 2416 1483 2468 in
1519 2416 1647 2469 caelo
1683 2426 1731 2469 et
1772 2417 1826 2469 in
1856 2426 2019 2483 terra,

449 2505 681 2559 visibilia
707 2516 757 2559 et
787 2505 1075 2559 invisibilia
1094 2520 1115 2559 :
1140 2515 1190 2560 et
1216 2507 1327 2577 ipse
1354 2516 1432 2561 est
1456 2517 1577 2562 ante
1610 2524 1805 2573 omnes,
1836 2517 1885 2562 et
1909 2525 2022 2561 om-

449 2598 541 2652 nia
570 2598 628 2652 in
654 2597 765 2660 ipso
790 2606 1033 2652 constant
1059 2598 1127 2652 ³⁸.

521 2764 580 2819 V.
620 2763 686 2819 Et
715 2767 861 2837 quod
908 2768 1023 2838 ipse
1071 2786 1181 2826 non
1226 2780 1310 2827 est
1350 2786 1516 2843 super
1560 2775 1745 2830 omnia
1789 2776 1933 2833 Deus
1961 2786 2017 2835 et

443 2855 622 2925 Pater,
649 2860 742 2914 sed
780 2859 950 2915 Filius
982 2862 1174 2931 ipsius,
1202 2864 1371 2921 dicit:
1404 2866 1642 2922 Ascendo
1681 2869 1751 2923 ad
1799 2868 2013 2927 Patrem

445 2966 613 3006 meum
637 2964 684 3006 et
718 2952 930 3008 Patrem
956 2966 1217 3023 vestrum;
1250 2958 1413 3012 Deum
1440 2976 1613 3015 meum
1649 2973 1697 3016 et
1728 2962 1891 3017 Deum
1925 2981 2011 3018 ve-

439 3054 613 3100 strum
642 3046 709 3099 ⁸⁷.
756 3045 887 3102 Item
928 3066 941 3102 :
977 3048 1108 3103 Cum
1157 3051 1391 3120 subjecta
1439 3052 1637 3120 fuerint
1686 3054 1772 3108 illi
1812 3058 2009 3122 omnia,

443 3145 567 3191 tunc
589 3150 640 3191 et
670 3140 780 3209 ipse
805 3140 1069 3209 subjectus
1093 3144 1193 3196 erit
1215 3146 1287 3206 ei,
1314 3145 1402 3215 qui
1439 3145 1658 3214 subjecit
1707 3148 1754 3201 ei
1804 3149 2009 3214 omnia;

441 3242 497 3280 ut
523 3229 592 3281 sit
628 3229 764 3284 Deus
794 3234 972 3286 omnia
1017 3234 1071 3285 in
1102 3234 1343 3288 omnibus
1364 3236 1430 3290 ὀ.
1473 3235 1613 3309 Ergo
1640 3239 1774 3291 alter
1807 3248 1889 3292 est
1916 3239 2006 3307 qui

440 3320 691 3390 subjecit,
740 3330 794 3376 et
848 3323 939 3393 qui
992 3332 1075 3378 est
1116 3327 1300 3381 omnia
1350 3327 1403 3380 in
1451 3329 1737 3396 omnibus;
1777 3339 1830 3384 et
1875 3330 2013 3386 alter

439 3414 528 3468 cui
566 3415 809 3486 subjecta
840 3425 990 3483 sunt,
1015 3418 1107 3487 qui
1141 3419 1305 3472 etiam
1334 3434 1458 3473 cum
1490 3421 1751 3476 omnibus
1778 3422 2009 3491 subjici-

438 3514 493 3559 ιιι
502 3521 545 3560 t'.

530 3596 615 3653 VI.
650 3596 753 3652 Sed
794 3614 966 3669 neque
996 3598 1162 3652 homo
1191 3614 1375 3652 merus
1405 3607 1509 3664 est,
1550 3606 1596 3661 is
1630 3613 1723 3665 Per
1745 3613 1939 3667 quem,
1968 3606 2024 3653 et

451 3689 505 3744 in
539 3707 648 3760 quo
677 3692 817 3744 facta
852 3700 976 3744 sunt
1008 3695 1212 3744 omnia.
1239 3689 1429 3744 Omnia
1455 3689 1599 3745 enim
1625 3706 1714 3758 per
1740 3691 1910 3757 ipsum
1937 3691 2023 3759 fa-

449 3792 536 3835 cta
566 3794 687 3835 sunt
717 3784 782 3837 ”.
822 3781 1047 3847 Quando
1084 3782 1311 3851 faciebat
1340 3782 1548 3847 calum,
1578 3780 1797 3832 aderant
1830 3780 1942 3846 illi;
1969 3791 2019 3835 et

1796 3876 1859 3891 ηρ,

520 3916 567 3946 ⁷⁸
598 3915 717 3972 Gal.
747 3932 824 3983 Vl,
851 3918 938 3971 14.
1010 3919 1056 3949 τ’
1091 3917 1212 3973 Act.
1245 3933 1393 3983 xxvr,
1416 3918 1508 3971 23.
1609 3917 1659 3948 ⁷⁸
1688 3916 1847 3970 Rom.
1884 3934 1960 3979 γι,

2176 3922 2222 3952 τ’
2252 3922 2320 3974 al.
2358 3888 2763 3983 ἀποθανόντος..
2812 3920 2857 3951 ⁸⁸
2881 3920 3002 3976 Act.
3026 3934 3126 3983 ιιι,
3154 3917 3210 3973 2.
3285 3918 3334 3951 ⁸¹
3365 3920 3413 3973 A

2127 1861 2244 1913 ἔστι
2274 1857 2368 1913 τοῦ
2398 1857 2555 1913 Θεοῦ·
2584 1857 2680 1913 καὶ
2702 1858 2730 1909 6
2762 1855 3115 1927 σταυρωθεὶς,
3148 1856 3497 1928 πρωτότοκος
3523 1855 3689 1924 πάσης

2125 1952 2374 2015 κτίσεως,
2409 1951 2505 2005 καὶ
2534 1950 2665 2013 Θεὸς
2688 1950 2877 2018 Λόγος·
2914 1948 3011 2001 καὶ
3037 1947 3200 2010 αὐτὸς
3233 1945 3461 2017 ἐποίησε
3492 1947 3555 2000 τὰ
3577 1946 3689 2000 πάν-

2122 2061 2190 2098 τα
2224 2043 2354 2114 (Η).
2390 2042 2549 2111 Λέγει
2592 2045 2699 2114 γὰρ
2727 2042 2759 2096 6
2797 2039 3138 2102 ’Δπόστολοςο
3180 2034 3289 2104 Εἷς
3323 2038 3467 2104 Θεὸς
3508 2042 3540 2092 ό
3581 2041 3680 2092 Πα·

2122 2136 2255 2204 τὴρ,
2285 2135 2354 2199 ἐξ
2382 2130 2453 2190 οὗ
2483 2137 2555 2187 τὰ
2582 2132 2795 2188 πάντα
2823 2132 2919 2186 καὶ
2958 2127 3045 2198 εἷς
3065 2133 3283 2200 Κύριος
3315 2131 3555 2199 Ἰησοῦς
3576 2134 3689 2200 Χριν

2121 2229 2270 2293 στὸς
2297 2226 2444 2298 (1‘2),
2484 2224 2558 2279 δι’
2588 2220 2660 2281 οὗ
2688 2224 2762 2278 τὰ
2802 2222 3016 2277 πάντα.
3061 2224 3173 2277 Καὶ
3213 2223 3413 2277 πάλιν·
3451 2217 3554 2289 Εἷς
3593 2224 3690 2291 γὰρ

2124 2320 2289 2385 Θεὸς,
2338 2316 2436 2371 καὶ
2482 2312 2569 2383 εἷς
2602 2316 2856 2385 μεσίτης
2899 2314 3046 2368 Θεοῦ
3076 2313 3173 2367 καὶ
3201 2312 3551 2382 ἀνθρώπων,
3596 2313 3690 2367 ἇν-

2122 2414 2351 2479 θρωπος
2369 2408 2599 2477 Ἰησοῦς
2636 2406 2905 2475 Χριστός·
2936 2405 3035 2459 καὶ
3060 2405 3130 2458 ἐν
3157 2405 3320 2471 αὑτῷ
3351 2406 3597 2473 ἐκτίσθη
3629 2403 3693 2458 τὰ

2121 2501 2317 2556 πάντα
2346 2502 2417 2555 ἐν
2443 2498 2677 2569 οὐρανῷ
2705 2499 2802 2553 καὶ
2828 2498 2925 2552 ἐπὶ
2958 2497 3088 2569 γῆς,
3119 2498 3305 2567 ὁρατὰ
3332 2499 3431 2552 καὶ
3460 2499 3689 2567 ἀόρατα*

2121 2593 2218 2647 καὶ
2246 2593 2427 2658 αὑτός
2453 2592 2585 2646 ἐστι
2607 2592 2719 2659 πρὸ
2750 2590 3013 2653 πάντων,
3043 2589 3141 2644 καὶ
3173 2590 3247 2644 τὰ
3274 2589 3476 2645 πάντα
3500 2592 3568 2645 ἐν
3594 2593 3690 2645 αὑ-

2118 2685 2201 2752 τῷ
2237 2684 2598 2751 συνέστηκε.

2192 2778 2256 2833 ν.
2287 2778 2398 2832 Καὶ
2429 2778 2510 2831 ὅτι
2538 2775 2637 2830 οὐκ
2674 2775 3003 2846 αὑτόςζὲστιν
3024 2777 3051 2829 6
3078 2775 3171 2829 ἐπὶ
3201 2776 3424 2830 πάντων
3448 2776 3580 2841 Θεὸς
3608 2776 3693 2831 καὶ

2120 2869 2307 2942 Πατὴρ
2359 2868 2469 2938 (15)
2494 2907 2508 2931 ,
2553 2866 2667 2921 ἀλλ’
2704 2866 2831 2931 Υἱὸς
2873 2867 3103 2931 ἐκείνου,
3143 2866 3329 2936 λέγει·
3379 2869 3693 2923 Ἀναϐαίνω

2118 2961 2267 3029 πρὸς
2294 2960 2400 3014 τὸν
2429 2957 2660 3027 Πατέρα
2679 2976 2798 3027 μου
2827 2958 2921 3012 καὶ
2952 2958 3183 3027 Πατέρα
3212 2958 3405 3027 ὑμῶν,
3429 2960 3525 3013 καί
3556 2960 3695 3014 Θεόν

2112 3071 2232 3123 μου
2270 3052 2368 3106 καὶ
2409 3050 2556 3105 Θεὸν
2574 3050 2759 3121 ὑμῶν.
2780 3051 2908 3104 Καί’
2934 3052 3118 3104 Ὅταν
3144 3049 3424 3119 ὑποταγῇ
3452 3050 3612 3117 αὑτῷ
3630 3050 3695 3103 τὰ

2117 3144 2333 3211 πάντα,
2372 3146 2504 3198 τότε
2534 3144 2632 3197 καὶ
2659 3144 2705 3175 ⁸³⁵
2741 3141 2922 3208 αὐτὸς
2946 3143 2990 3175 ⁸⁹
3020 3142 3469 3213 ὑποταγήσεται
3490 3142 3535 3215 (Ι
3547 3145 3601 3214 ιι)
3622 3141 3697 3207 τῷ

2122 3237 2483 3303 ὑποτάξαντι
2544 3233 2703 3300 αὐτῷ
2753 3234 2826 3287 τὰ
2871 3233 3084 3298 πάντα,
3144 3236 3246 3307 ἶνα
3290 3230 3337 3306 ᾖ
3373 3239 3407 3289 ὁ
3452 3236 3598 3302 Θεὸς
3629 3237 3696 3289 τὰ

2119 3328 2315 3382 πάντα
2350 3328 2419 3381 ἐν
2446 3324 2657 3382 πᾶσιν.
2701 3323 2911 3378 Οὐκοῦν
2956 3323 3144 3397 ἕτερός
3165 3326 3315 3379 ἐστιν
3343 3326 3373 3378 6
3404 3327 3695 3393 ὑποτάξας,

2119 3420 2215 3474 καὶ
2258 3419 2333 3473 ὢν
2373 3419 2441 3472 τὰ
2474 3418 2653 3472 πάντα
2702 3418 2761 3469 ὲν
2794 3418 2947 3469 πᾶσι*
2994 3416 3088 3469 καὶ
3116 3416 3326 3486 ἕτερος,
3430 3418 3695 3489 ὑπετάγη,

2122 3502 2181 3575 6;
2216 3510 2261 3541 “
2296 3509 2390 3563 καὶ
2411 3507 2547 3579 μετὰ
2571 3508 2786 3561 πάντων
2819 3506 3181 3560 ὑποτάσσεται
3204 3505 3340 3577 (15).

2195 3598 2418 3672 “ﬁliai.
2449 3598 2571 3652 οὔτε
2603 3598 2755 3668 ψιλὸς
2790 3597 3093 3669 ἄνθρωπος,
3117 3599 3145 3651 6
3170 3597 3238 3651 δι’
3262 3590 3324 3651 οὗ
3350 3597 3489 3670 (16),
3517 3599 3614 3653 καὶ
3639 3598 3697 3651 ὲν

2116 3685 2162 3761 ᾧ
2190 3694 2379 3762 γέγονε
2403 3692 2471 3746 τὰ
2508 3691 2704 3745 πάντα.
2744 3689 2948 3744 Πάντα
2978 3690 3089 3762 γὰρ
3113 3688 3189 3742 δι’
3217 3690 3412 3745 αὑτοῦ
3440 3690 3693 3760 ἐγένετο.

2130 3783 2338 3840 Ἠνίκα
2365 3782 2551 3838 ἐποίει
2582 3782 2691 3856 (17)
2714 3780 2824 3837 τὸν
2843 3781 3126 3851 οὐρανὸν,
3154 3780 3575 3853 συμπαρήμην
3603 3783 3699 3835 αὑ-

3417 3936 3537 3991 poc.
3574 3937 3613 3986 ι,
3645 3922 3696 3976 9.

448 3984 496 4060 ξξ
527 3986 598 4060 al.
632 3988 800 4060 [πρός.
835 3988 880 4017 ⁸³
910 3988 1179 4060 Ιησοηει.
1200 4005 1285 4060 ap.
1314 4004 1431 4045 vm.
1454 3988 1543 4042 46.
1608 3986 1858 4060 λιιι-μον.
1884 4004 1975 4041 vui

2172 3992 2218 4022 ⁸⁵
2248 3991 2425 4060 lTi_m.
2461 3989 2599 4060 ".5.
2675 3989 2916 4057 “COLI,
2940 3989 3028 4057 16,
3066 3990 3153 4046 17.
3230 3987 3280 4022 ⁸⁷
3303 3984 3695 4060 ιῐοιιὶωχίη.

448 4054 496 4087 ⁸⁸
527 4056 598 4109 al.
631 4054 716 4110 ἴνα
745 4058 888 4111 τότε.
960 4059 1004 4090 ⁸⁸
1027 4059 1097 4112 al.
1124 4054 1284 4121 αὐτὸς
1316 4067 1344 4119 ὁ
1370 4060 1512 4126 Υιός.

522 4191 601 4267 (7_)
626 4194 728 4267 Τίς
756 4193 1208 4267 χρεία-ῥεσιιῶν.
1242 4192 1475 4250 [nutatio
1502 4205 1586 4251 est
1619 4195 1722 4251 loci
1762 4197 2017 4267 Epistolas

448 4261 540 4316 ad.
560 4261 882 4318 Trallianos.
920 4262 1115 4319 Usssn.

520 4354 597 4425 (8)
622 4356 780 4424 Πρὸς
809 4356 928 4410 τῶν
958 4357 1357 4425 κυριοκτόνων
1384 4358 1707 4413 Ἰουδαίων.
1741 4357 1860 4416 Vid.
1890 4358 2017 4416 Pro-

408 4432 411 4435 ’
449 4426 718 4497 legumen.
751 4444 800 4482 c.
834 4427 919 4482 M.
953 4427 1022 4481 1ο.

520 4520 798 4592 (9)7Ἀλ.1’
831 4520 1013 4575 οὐδὲν
1051 4521 1277 4592 eodth
1319 4520 1472 4588 εἰκῆ.
1522 4521 1829 4592 A_nglican.:
1852 4544 1870 4575 ι
1904 4523 2011 4579 Sed

444 4588 580 4644 nihil
613 4591 805 4645 horum
840 4608 996 4645 vane.
1034 4610 1052 4641 ι
1088 4589 1205 4644 V'et.
1244 4592 1498 4649 vulgatu:
1550 4588 1653 4647 Sed
1685 4609 1784 4646 nec
1822 4595 1874 4647 in
1912 4596 2012 4649 hoc

443 4659 661 4732 quidem
687 4672 782 4732 est
817 4661 1045 4732 yietoria
1067 4702 1083 4729 ,
1127 4680 1145 4713 ι
1181 4677 1245 4716 ac
1273 4662 1318 4717 si
1350 4659 1569 4732 legisset
1602 4681 1617 4718 :
1650 4664 1787 4717 Ἀλλ’
1818 4665 1923 4719 οὐδ’
1954 4666 2013 4721 ὲν

442 4729 618 4800 τούτῳ
645 4730 788 4803 νίκη.
815 4730 888 4783 lD.

514 4821 627 4891 (10)
660 4822 769 4876 Καὶ
806 4821 895 4897 ὅτι
932 4818 1109 4897 οὗτος
1139 4826 1173 4878 ό
1198 4824 1525 4897 γεννηθείς.
1556 4824 1866 4897 Anglican;
1898 4846 1917 4881 t
1945 4827 2013 4884 Et

441 4889 533 4963 sic:
548 4902 738 4963 natus.
764 4911 782 4943 ›
818 4891 989 4963 οὕτως
1016 4889 1219 4963 legens;
1252 4911 1349 4963 pro
1368 4889 1552 4958 οὗτος.
1579 4889 1649 4956 lo.

516 4961 625 5033 (il)
664 4966 741 5017 Τὰ
771 4961 984 5016 πάντα.
1010 4961 1133 5017 Post
1163 4961 1380 5033 haece):
1424 4965 1661 5021 Mediceo
1691 4966 1877 5022 codice
1914 4969 2011 5022 ad-

438 5031 682 5107 dendum
731 5044 815 5089 est
853 5052 893 5107 :_
910 5034 1019 5087 Καὶ
1050 5033 1231 5087 πάλιν.
1274 5031 1469 5089 Noster
1490 5050 1707 5107 quoque
1745 5038 2010 5107 interpres

441 5102 603 5157 habet
632 5104 721 5226 hi|c
751 5123 764 5159 :
801 5123 819 5155 ι
852 5103 919 5158 Ει
953 5119 1169 5169 rursus,
1206 5123 1226 5154 ι
1267 5114 1425 5159 vetus
1450 5102 1702 5175 vulgatus
1734 5125 1747 5161 :
1780 5126 1798 5158 ι
1825 5102 2013 5163 Ειίιε-

441 5187 581 5226 rum.
621 5192 639 5225 ι
699 5186 751 5226 n.

437 5187 581 5227 rum.
621 5192 639 5225 I
678 5186 751 5227 ID.

507 5244 618 5314 (l2)
643 5246 916 5317 Χριστός.
962 5245 1194 5317 Additur
1244 5244 1297 5317 in
1337 5253 1520 5317 retere
1565 5246 1783 5317 vulgato
1837 5247 2007 5303 inter-

434 5323 608 5385 prete,
637 5329 703 5369 ex
730 5315 944 5370 Coloss.
984 5331 1021 5379 ι,
1059 5316 1156 5370 15:
1197 5333 1215 5365 ι
1259 5314 1364 5381 Qui
1395 5324 1481 5370 est
1509 5314 1688 5385 imago
1731 5317 1824 5372 Dei
1865 5319 2008 5373 invi-

434 5382 631 5473 sibilis,
652 5385 1055 5473 primogenitus
1092 5386 1362 5473 utiixersze
1384 5382 1665 5473 creaturie'.
1709 5388 1849 5473 ιἸι)ἔ

505 5454 614 5524 (15)
652 5454 715 5507 '0
754 5454 863 5509 ἐπῑ
902 5454 1142 5509 πάντων
1184 5454 1329 5522 Θεὸς
1357 5457 1452 5510 καὶ
1482 5457 1702 5525 Πατήρ.
1735 5456 1792 5512 In
1815 5459 2005 5524 Angli-

434 5536 573 5577 cano
604 5525 899 5591 interprete
931 5525 1045 5586 καί.
1081 5526 1135 5579 in
1184 5525 1375 5581 Graeco
1430 5526 1669 5583 Mediceo
1705 5536 1760 5582 et
1812 5527 2007 5584 Latino

406 5601 617 5663 ,retere
654 5595 886 5670 vulgato
910 5597 1003 5649 καὶ
1031 5596 1225 5668 Πατήρ
1267 5597 1555 5653 omittitur.
1592 5597 1709 5653 Vid.
1748 5597 2008 5670 Prolego-

405 5675 582 5733 :men.
607 5680 728 5733 cap.
758 5668 844 5718 12.
868 5668 944 5719 lu.

359 5705 415 5819 ξ
436 5705 1127 5805 Ἷϊὶῑῖὸὶὲἦῑωτὸς
1166 5741 1199 5791 ἀ
1236 5738 1365 5808 Υἱὸς
1405 5738 1865 5811 ὑποταγιίάεταιέ
1897 5738 2006 5809 κε’

1600 4058 1643 4092 έο
1673 4056 1838 4111 lCor.
1874 4059 2078 4123 ".28.
2150 4064 2192 4096 ⁹¹
2221 4062 2292 4117 al.
2327 4054 2391 4129 ᾧ.
2464 4061 2507 4093 ’⁸
2535 4059 2693 4117 Joan.
2722 4076 2760 4126 I,
2793 4060 2846 4115 5.

2119 4198 2307 4253 dicens
2341 4216 2353 4250 :
2392 4197 2479 4251 ἴνα
2510 4197 2630 4250 τότε
2676 4195 2771 4266 κα).
2807 4195 2971 4259 αὐτὸς
3009 4195 3455 4266 ὑποταγήσεται,
3485 4197 3577 4252 ubi
3614 4198 3697 4251 tv:

2122 4268 2455 4338 superﬂuum
2481 4276 2561 4320 est
2584 4285 2597 4320 :
2625 4268 2653 4319 ὁ
2679 4265 2810 4338 Υἱός
2831 4281 2983 4338 vero,
3010 4266 3078 4320 ab
3102 4276 3341 4337 utroque
3377 4278 3558 4324 vetere
3589 4267 3705 4323 [οδε

2121 4334 2239 4392 tilio
2271 4334 2563 4406 interprete
2588 4351 2741 4406 aeque
2766 4337 2937 4406 abest.
2959 4337 3033 4388 In.

2190 4409 2279 4476 (15
2345 4404 2448 4473 Ὃς
2497 4407 2593 4460 καὶ
2635 4404 2786 4477 μετὰ
2839 4404 3081 4459 πάντων
3128 4406 3564 4463 ὑποτάσσεται.
3619 4411 3694 4463 lla

2047 4443 2091 4499 Ι)
2118 4477 2253 4532 Cod.
2282 4410 2586 4532 i‘lvdmucc.
2626 4486 2681 4531 et
2712 4475 3022 4529 Mediceus:
3055 4490 3162 4529 non
3186 4470 3232 4532 ὧ
3257 4478 3379 4532 καί.
3419 4490 3479 4532 ιιι
3506 4480 3559 4532 in
3586 4481 3694 4532 Au-

2166 4470 2253 4531 od.
2282 4470 2586 4548 Nydprucc.
2626 4470 2984 4548 étMediceus
3008 4492 3022 4526 :
3055 4490 3162 4548 non
3186 4470 3232 4544 ᾧ
3257 4478 3379 4543 καί,
3419 4490 3479 4534 ιιι
3506 4480 3559 4533 in
3586 4481 3696 4533 Au-

2115 4546 2349 4617 gustauo
2379 4562 2660 4617 perperam
2690 4546 2903 4617 legitur.
2932 4547 3253 4616 Anglicum:
3294 4568 3312 4598 ι
3353 4550 3448 4617 qui
3486 4560 3539 4603 et
3569 4566 3691 4605 cum

2113 4613 2701 4685 omnilnts'subjicitur.
2735 4613 2763 4666 »⁷
2787 4613 2905 4687 Yet.
2934 4613 3180 4686 vulgatur
3209 4618 3307 4687 qui
3344 4613 3541 4687 etpost
3584 4621 3693 4673 haec

2114 4689 2297 4743 omnia
2334 4688 2615 4758 subjectus
2657 4688 2763 4741 erit
2799 4685 2876 4739 illi
2917 4687 3011 4756 qui
3040 4685 3089 4741 ei
3135 4685 3385 4742 subdidit
3424 4685 3637 4744 omnia.
3672 4708 3689 4739 ι

2113 4761 2294 4896 10(ιϐ)
2329 4827 2390 4879 '0
2406 4820 2590 4881 διὀὗ.
2626 4826 2706 4889 'U,
2744 4825 2797 4879 in
2828 4826 3149 4896 Auguslano
3186 4828 3386 4883 codice
3429 4827 3691 4890 omissus.

2112 4897 2167 4952 in
2192 4896 2452 4962 Mediceo,
2488 4896 2802 4952 Florentino
2838 4905 2892 4951 et
2922 4896 3347 4965 Nydprucciano
3377 4909 3525 4953 recte
3554 4899 3688 4968 legi-

2243 4968 2552 5119 ᾇῗῖἩνίκα·
2580 5035 3188 5119 euolstai’rtemittitur
3217 5038 3348 5119 huic
3376 5037 3695 5119 testimonio

2110 5108 2164 5180 i_n
2193 5106 2436 5180 editione
2466 5106 2903 5180 vulgataLatina
2932 5126 3004 5180 ιη(
3048 5109 3191 5180 sicut
3231 5108 3330 5180 (ita
3356 5110 3502 5164 enim
3531 5110 3696 5163 habet

2110 5126 2164 5162 Ill
2199 5126 2436 5162 editione
2466 5126 2553 5163 \‘lll
2594 5126 2678 5162 aia
2710 5126 2903 5160 Latina
2932 5126 2947 5163 :
2986 5129 3004 5159 ι
3048 5126 3191 5163 sicut
3231 5126 3330 5180 tua
3356 5126 3502 5164 enim
3531 5126 3695 5163 naues

2110 5177 2434 5259 Baliolensis
2459 5126 2591 5249 ms};
2612 5178 2741 5259 etin
2773 5178 2915 5232 libro
2933 5179 3238 5259 Sapientia:
3268 5179 3486 5259 ipse‘de

2110 5248 2297 5311 refert,
2335 5249 2545 5304 dicens.
2573 5246 2596 5301 ⁷»
2632 5246 2731 5303 Ubi
2756 5259 2906 5309 nota.
2933 5246 3110 5303 locum
3144 5264 3210 5302 ex
3239 5246 3334 5303 vin
3370 5246 3696 5303 Proverbia-

2110 5335 2230 5373 rum
2255 5320 2429 5388 capite
2453 5320 2799 5389 productum,
2832 5320 2885 5374 in
2913 5320 3053 5374 libro
3088 5318 3390 5387 Sapientia:
3416 5331 3691 5390 repertum

2110 5389 2199 5443 hic
2237 5391 2342 5444 dici
2375 5409 2388 5444 :
2420 5392 2497 5443 uti
2528 5390 2691 5444 etiam
2742 5390 2885 5445 apud
2930 5390 3317 5445 Athanasium.
3362 5389 3419 5445 in
3462 5389 3694 5443 decretis

2113 5406 2199 5443 tne
2237 5406 2342 5444 uici
2375 5409 2388 5444 :
2420 5406 2497 5443 ιιιι
2528 5406 2691 5444 etiam
2742 5406 2885 5458 apuu
2930 5406 3317 5455 Athanasmm,
3362 5406 3419 5445 In
3462 5406 3690 5443 uecreus

2110 5461 2301 5542 synodi
2339 5459 2587 5542 Nicaeum:
2621 5460 2712 5542 Snio
2737 5469 2788 5542 et
2811 5459 3690 5542 in'Constitutionri‘b.apostolicis.

2109 5528 2204 5585 li'b.
2235 5548 2272 5594 ι,
2300 5547 2421 5599 cap.
2454 5531 2484 5582 7
2510 5530 2601 5594 (al.
2638 5530 2713 5600 8),
2737 5530 2979 5599 loquitur
3009 5528 3544 5599 pseudo—Clemens:
3576 5530 3695 5584 Mi-

2109 5600 2311 5681 pru-zv,
2339 5604 2488 5681 ἐνητῇ
2507 5600 2684 5681 ,Σοφίᾳ
2715 5599 2767 5653 τί
2792 5600 2943 5681 λέγει
2970 5601 2998 5653 ὁ
3018 5599 3409 5681 γᾶγιος-λόγος.
3447 5620 3465 5651 ι
3500 5598 3695 5681 Discit:

2112 5670 2255 5736 mus,
2294 5673 2347 5725 in
2393 5670 2671 5740 Sapientia
2712 5670 2844 5740 quid
2888 5671 3035 5740 dicat
3056 5679 3287 5740 sanctus
3328 5686 3536 5727 sermo.
3573 5671 3699 5740 [Et

2113 5742 2169 5797 in
2202 5740 2319 5821 ipso
2355 5738 2558 5801 Miséali
2605 5738 2851 5797 Romano
2903 5738 3101 5813 (mens.
3129 5738 3266 5816 Jul.)
3313 5751 3552 5821 esstatu
3595 5739 3698 5797 Le-
