3774 6210
418 271 524 329 09.3

1220 277 1308 332 AD
1348 275 1731 332 EPISTOLAS
1769 279 1827 333 S.
1866 276 2123 334 lGNATll
2158 262 2509 336 GENL'INAS
2546 278 2906 335 APPENDIX.

3575 287 3671 343 394

499 391 585 447 Ill.
627 392 779 449 Unus
819 395 985 463 enim,
1024 406 1108 451 est
1143 396 1307 452 homo
1349 397 1558 463 factus;
1605 414 1780 469 neque
1822 401 1990 464 Pater,

2179 398 2266 453 Ill.
2289 393 2381 462 Εἷς
2392 401 2500 471 γὰρ
2515 402 2544 453 ό
2560 396 2718 453 ὲνανθ
2727 400 2986 470 ρωπήσας
3002 396 3135 471 (69),
3153 396 3277 453 οὔτε
3291 400 3321 453 ό
3334 398 3546 472 Πατὴρ,
3561 400 3675 456 οὔτε

428 499 605 554 neque
637 486 977 553 Paracletus;
1018 487 1111 542 sed
1152 488 1301 543 solus
1336 487 1542 555 Filius;
1579 504 1688 543 non
1725 491 2001 559 opinione,

428 589 537 629 non
576 576 889 645 phantasia;
939 579 1032 632 sed
1081 595 1289 633 revera.
1333 579 1554 633 Verbum
1590 581 1735 635 enim
1769 598 1892 635 caro
1921 582 2005 650 fa-

426 667 754 720 rtum-cst”.
782 665 1057 736 Sapientia
1085 667 1231 722 enim
1263 669 1548 737 wdiﬁcavit
1572 670 1669 724 sibi
1695 671 1908 725 domum
1934 674 2000 725 ".

424 754 475 787 ⁸⁷
501 756 565 809 Et
586 766 746 813 natus
767 769 848 814 est
866 768 925 814 ut
946 762 1131 825 homo,
1151 760 1294 816 Deus
1319 760 1581 829 Verbum,
1610 779 1731 817 cum
1753 778 2001 833 corpore,

426 862 492 901 ex
526 846 763 919 Virgine,
808 852 926 906 sine
954 852 1054 905 viri
1084 854 1432 908 commercio.
1481 852 1640 924 Virgo
1673 870 1909 925 namque
1947 857 2002 910 in

426 948 573 991 utero
603 942 878 1010 concipiet,
902 954 951 995 et
983 944 1154 1011 pariet
1180 944 1351 1013 ﬁlium
1382 946 1448 1000 ⁸⁸.
1488 944 1624 1000 Vere
1660 947 1823 1017 igitur
1849 949 2001 1019 geni-

424 1040 513 1084 tus
542 1040 645 1098 est,
679 1049 802 1087 vere
831 1035 1019 1101 crevit,
1053 1051 1178 1091 vere
1205 1038 1440 1093 comedit
1466 1050 1519 1094 et
1543 1039 1699 1107 bibit,
1728 1057 1851 1096 vere
1878 1057 2004 1097 cru-

420 1124 618 1180 ciﬁxus
652 1134 707 1179 et
739 1136 990 1182 mortuus
1018 1139 1122 1194 est,
1154 1143 1217 1183 ac
1251 1132 1571 1185 resurrexit.
1598 1130 1702 1197 Qui
1732 1133 1847 1188 lucc
1880 1149 1999 1188 cre-

421 1215 521 1278 dit,
553 1226 612 1270 ιιι
641 1232 726 1272 res
766 1218 946 1285 habet,
984 1230 1148 1289 prout
1184 1221 1386 1276 factum
1415 1231 1518 1289 est,
1549 1224 1738 1279 beatus
1768 1232 1869 1279 est.
1897 1225 2000 1292 Qui

420 1321 533 1361 non
567 1309 739 1364 credit
776 1310 911 1375 haec,
957 1312 1219 1368 scelestus
1247 1323 1349 1380 est,
1380 1332 1488 1370 non
1529 1316 1711 1372 minus
1750 1333 1814 1372 ac
1845 1318 1879 1371 ii
1909 1318 2000 1388 qui

422 1397 712 1453 Dominum
737 1402 1148 1458 crucifixerant.
1168 1403 1429 1475 Princeps
1451 1407 1599 1461 enim
1627 1406 1816 1462 mundi
1834 1408 2001 1478 hujus

422 1493 640 1561 gaudet,
668 1510 791 1548 cum
820 1497 945 1565 quis
981 1512 1197 1553 crucem
1230 1499 1459 1570 negarit.
1494 1499 1790 1571 Cognoscit
1831 1504 2003 1573 siqui-

420 1583 543 1637 dem
582 1586 763 1640 crucis
813 1586 1214 1643 confessionem
1267 1606 1427 1644 suum
1481 1606 1602 1646 esse
1651 1592 1907 1659 exitium;
1946 1594 1999 1648 id

418 1675 619 1745 quippe
652 1678 951 1745 troplueum
971 1689 1051 1734 est
1081 1688 1270 1735 contra
1304 1683 1478 1752 ipsius
1502 1684 1798 1753 potentiam
1818 1703 1832 1752 ;
1852 1686 1996 1756 quod

418 1766 512 1819 ubi
554 1768 771 1835 viderit,
810 1770 1017 1835 horret,
1050 1782 1101 1827 et
1137 1774 1365 1830 audiens
1399 1776 1572 1831 timet.

487 1947 575 2002 IV.
610 1949 675 2003 Et
701 1966 829 2005 vero
868 1960 1158 2023 antequam
1190 1955 1473 2011 cruciﬁxio
1508 1956 1646 2011 facta
1678 1967 1843 2024 esset,
1878 1968 1998 2015 stu-

414 2038 574 2092 debat
602 2049 661 2093 ut
695 2040 843 2095 tieret
878 2060 892 2095 :
917 2052 971 2096 et
996 2046 1316 2113 operabatur
1345 2047 1398 2099 in
1422 2048 1549 2115 filiis
1597 2048 1892 2116 iii/ﬁdentia:
1914 2052 1995 2119 “;

414 2131 743 2200 operabatur
775 2132 826 2186 in
854 2132 1016 2199 Juda,
1052 2135 1106 2188 in
1136 2134 1449 2203 Pharisaais,
1484 2138 1537 2192 in
1565 2138 1898 2202 Sadducaeis.
1938 2142 1993 2197 in

414 2221 659 2291 senibus,
684 2224 737 2279 in
764 2224 1089 2295 juvenibus,
1119 2228 1174 2282 in
1214 2230 1611 2286 sacerdotibus.
1642 2230 1780 2286 Cum
1812 2242 1992 2288 autem

417 2317 530 2386 jam
552 2317 737 2373 futura
760 2330 927 2384 esset,
955 2321 1227 2387 turbatur,
1260 2330 1316 2376 et
1345 2322 1721 2392 paenitentiam
1754 2323 1997 2379 immittit

413 2410 701 2478 proditori,
746 2422 800 2466 et
855 2412 1109 2481 laqueum
1158 2413 1233 2467 illi
1288 2422 1718 2477 commonstrat,
1771 2430 1996 2485 suspen-

2108 491 2136 542 ό
2169 489 2542 561 Παράκλητος,
2576 491 2713 544 ἀλλὰ
2768 490 2927 562 μόνος
2959 490 3070 559 (70)
3103 492 3133 543 ό
3165 491 3313 555 Υἱός·
3354 492 3416 544 οὐ
3447 493 3675 564 δοκήσει,

2105 584 2166 636 οὐ
2201 583 2489 654 φαντασίᾳ,
2524 584 2640 637 ἀλλ’
2672 582 2920 655 ἀληθείᾳ.
2971 584 3023 636 Ὀ
3040 586 3231 655 Λόγος
3257 585 3367 656 γὰρ
3383 585 3541 653 σὰρξ
3565 588 3674 657 ἐγύο

2104 690 2241 727 vero
2288 673 2420 744 (71).
2454 675 2519 728 'H
2552 674 2662 745 γὰρ
2709 675 2897 743 Σοφία
2928 675 3037 742 (η)
3071 675 3461 745 ᾠκοδόμησεν
3505 675 3675 745 ἑαυτῇ

2103 761 2291 818 οἷκον.
2334 764 2446 817 Καὶ
2487 762 2749 834 ἐγεννήθη
2797 764 2872 828 ὡς
2921 763 3223 835 ἄνθρωπος,
3257 765 3286 817 ό
3316 765 3453 829 Θεὸς
3497 766 3675 833 Λόγος,

2108 854 2246 925 μετὰ
2291 852 2561 924 σώματος,
2609 856 2673 906 ὲκ
2710 854 2811 924 τῆς
2842 854 3139 925 Παρθένου,
3186 856 3314 910 ἄνευ
3347 856 3567 927 ὁμιλίας
3595 860 3668 911 ἁν-

2102 949 2226 1021 δρός
2259 948 2395 1017 (75).
2427 948 2801 1017 ἨΠαρθένος
2816 948 2926 1021 γὰρ
2950 948 3151 1018 (74)ὲν
3180 949 3392 1019 γαστρὶ
3409 948 3675 1018 λήψεται,

2102 1042 2199 1093 καί
2233 1040 2459 1104 τέξεται
2475 1042 2629 1095 υἱόν.
2665 1040 2904 1111 Ἀληθῶς
2935 1037 3029 1095 οὖν
3059 1041 3348 1113 ἐγεννήθη,
3384 1042 3430 1073 ⁸⁸
3476 1041 3675 1111 ἀληθῶς

2099 1129 2308 1201 ηὐξήθη
2345 1130 2477 1200 (75),
2512 1129 2724 1201 ἀληθῶς
2747 1130 2916 1200 ἔφαγε
2932 1131 3029 1185 καὶ
3044 1130 3216 1197 ἐπιεν,
3249 1130 3470 1202 ἀληθῶς
3500 1134 3673 1187 ἐσταυ-

2105 1220 2251 1294 ρώθη
2284 1221 2380 1275 καὶ
2411 1221 2648 1276 ἀπέθανε
2680 1223 2777 1276 καὶ
2807 1222 3027 1294 ἀνέστη.
3074 1223 3131 1276 '0
3161 1223 3336 1277 ταῦτα
3370 1224 3673 1289 πιστεύσας,

2102 1312 2177 1377 ὡς
2209 1312 2347 1383 ἔχει,
2379 1313 2455 1377 ὡς
2486 1313 2777 1383 γεγένηται
2797 1313 2931 1382 (76),
2970 1312 3262 1385 μακάριος.
3311 1313 3370 1367 Ὀ
3401 1313 3572 1367 ταῦτα
3611 1314 3672 1385 μὲ

2101 1405 2371 1459 πιστεύων
2428 1404 2494 1470 ⁸⁸,
2555 1404 2773 1475 ἐναγὴς,
2831 1405 2931 1476 οὐχ
2974 1401 3136 1477 ἦττον
3192 1405 3304 1459 τῶν
3348 1406 3441 1458 τὸν
3487 1405 3666 1478 Κύριος

2101 1498 2551 1569 παυρωσάντων.
2613 1498 2670 1551 '0
2702 1497 2810 1570 γὰρ
2856 1497 3041 1569 ἄρχων
3086 1497 3180 1551 τοῦ
3224 1498 3432 1568 κόσμου
3478 1499 3674 1563 τούτου,

2098 1591 2281 1663 χαίρει
2312 1593 2440 1645 ὅταν
2470 1608 2555 1655 τις
2597 1591 2830 1663 ἀρνῆται
2874 1592 2966 1644 τὸν
3000 1590 3251 1662 σταυρόν.
3291 1590 3553 1661 Ὀλεθρον
3580 1592 3673 1662 γὰγ

2099 1683 2292 1738 ἑαυτοῦ
2346 1683 2456 1754 (77)
2501 1682 2759 1752 γινώσκει
2804 1682 2900 1754 τὴν
2940 1682 3231 1753 ὁμολογίαν
3276 1681 3371 1735 τοῦ
3418 1681 3667 1752 σταυροῦι

2028 1748 2071 1808 Β
2100 1775 2257 1829 τοῦτο
2299 1748 2406 1847 γαρ
2439 1748 2567 1827 ⁷ἐστι
2612 1775 2672 1828 τὸ
2716 1748 2987 1845 τρόπαιον.
3020 1748 3163 1827 κατὰ
3193 1774 3293 1843 τῆς
3340 1773 3509 1826 αὑτοῦ
3540 1748 3666 1827 δυνά

2103 1884 2274 1937 μεως·
2310 1868 2447 1939 ὅπερ
2478 1865 2620 1937 ὁρῶν
2651 1866 2882 1937 φρίττει,
2917 1865 3012 1919 καὶ
3042 1865 3259 1919 ἀκούων
3300 1864 3568 1934 φοϐεῖται.

2164 1955 2255 2011 1V.
2272 1956 2382 2009 Καὶ
2415 1956 2543 2027 πρὶν
2578 1956 2676 2026 μὲν
2702 1956 2969 2027 γένηταιό
2990 1955 3243 2027 σταυρὸς,
3277 1955 3510 2009 ἔσπευδε
3541 1956 3657 2023 γενέ

2102 2048 2228 2102 σθαι
2259 2047 2445 2100 τοῦτον
2475 2049 2518 2082 ⁶¹
2537 2064 2551 2077 ’
2588 2047 2700 2117 (78)
2734 2047 2831 2100 καὶ
2859 2046 3095 2117 ἐνήργει
3138 2047 3251 2117 (79)
3280 2047 3352 2099 ὲν
3383 2047 3509 2113 τοῖς
3542 2047 3674 2113 viai;

2100 2140 2211 2210 τῆς
2235 2140 2563 2205 ἀπειθείας·
2592 2140 2812 2210 ὲνήργει
2844 2138 2903 2191 ὲν
2943 2136 3135 2208 Ἰούδᾳ,
3170 2138 3228 2191 ὲν
3259 2138 3596 2209 Φαρισαίοις,
3626 2140 3677 2191 ὲν

2100 2231 2498 2296 Σαδδουκαίοις,
2531 2232 2591 2285 ἐν
2639 2229 2993 2301 πρεσϐύταις,
3040 2230 3099 2282 ὲν
3148 2229 3322 2293 νέοις,
3356 2230 3417 2283 ὲν
3463 2228 3659 2301 ἱερεῦσι

2098 2325 2397 2389 Μέλλοντος
2439 2324 2496 2377 δὲ
2538 2321 2805 2392 γίνεσθαι,
2846 2320 3179 2392 θορυϐεῖται,
3236 2319 3334 2374 καὶ
3386 2320 3675 2394 μετάμελον

2097 2419 2212 2489 (80)
2245 2417 2502 2490 ἐμϐάλλει
2534 2414 2610 2487 τῷ
2640 2414 2896 2487 προδότῃ,
2934 2414 3031 2467 κα).
3064 2413 3260 2484 βρόχον
3293 2413 3447 2483 αὐτῷ
3478 2413 3671 2467 δείκνυ.

413 2501 674 2571 diumque
708 2503 929 2570 edocet;
965 2513 1131 2559 terret
1157 2520 1379 2575 quoque
1421 2506 1833 2577 mulierculam,
1870 2522 1990 2563 eam

2144 2550 2169 2575 .,
2200 2510 2297 2565 καὶ
2340 2509 2579 2581 ἀγχόνην
2623 2509 2895 2563 διδάσκει’
2942 2507 3099 2575 φοϐεῖ
3136 2506 3194 2559 δὲ
3224 2506 3323 2559 καὶ
3352 2506 3413 2559 τὺ
3445 2505 3676 2574 γύναιον,

412 2594 468 2648 in
497 2595 725 2649 somniis
754 2596 1102 2664 perturbans,
1132 2606 1294 2667 atque
1322 2605 1381 2651 ut
1419 2613 1450 2652 a
1483 2597 1848 2669 cruciﬁgendo
1873 2614 1993 2655 ces-

411 2696 626 2741 saretur
668 2697 859 2754 tentat,
911 2688 1004 2759 qui
1046 2705 1262 2744 omnem
1303 2690 1585 2745 rudentem
1624 2700 1888 2758 moverat,
1933 2702 1995 2747 ut

411 2779 599 2834 eadem
630 2795 761 2833 crux
788 2789 1072 2850 pararetur
1100 2782 1146 2813 “
1173 2799 1187 2835 :
1224 2797 1331 2835 non
1362 2781 1507 2851 quod
1534 2781 1851 2850 poenitentia
1885 2783 1989 2836 du-

410 2881 627 2927 ceretur
652 2873 723 2927 ob
748 2882 956 2927 tantum
982 2874 1211 2941 malum,
1244 2874 1324 2929 sic
1350 2874 1495 2929 enim
1520 2889 1625 2928 non
1644 2874 1819 2930 malus
1847 2885 1991 2931 esset

494 2996 538 3028 ⁸³
558 2994 718 3081 Joan.
747 2995 983 3081 πρό-⁸⁸
1006 2996 1169 3076 Prov.
1205 3012 1280 3081 ιε,

409 3084 705 3131 πιστευσας

1466 2997 1510 3027 ⁵⁷
1534 2996 1571 3049 l.
1594 2997 1948 3070 ln_terp_ql._ad
1978 2999 2192 3070 Smyru.
2230 3018 2289 3057 .I.

803 3066 847 3098 “
876 3067 946 3121 al.
981 3066 1158 3122 τοῦτο.
1234 3066 1276 3097 ⁶¹
1309 3065 1509 3135 Ephes.
1549 3082 1609 3133 ll,
1640 3066 1693 3121 2.
1745 3061 1816 3099 ’⁸³
1848 3068 1990 3123 Mattl

2145 3086 2239 3127 vlt.
2316 3071 2361 3103 “
2387 3070 2456 3125 al.
2483 3070 2559 3123 τό.
2636 3069 2681 3099 “
2698 3061 2778 3122 al.
2811 3065 2991 3120 καλῶν
3022 3082 3084 3119 τε
3119 3064 3233 3121 καί.
3312 3064 3377 3135 ⁸⁸,
3398 3061 3475 3116 ai.
3507 3064 3578 3116 εί.

2093 2605 2152 2657 ὲν
2202 2603 2433 2675 ὀνείροις
2481 2603 2612 2657 αὐτὸ
2659 2600 3088 2672 καταταράττων
3141 2599 3279 2671 (81),
3338 2599 3438 2653 καὶ
3496 2597 3676 2651 παύειι

2095 2696 2352 2766 πειρᾶται
2393 2694 2461 2748 τὰ
2493 2694 2539 2726 ⁸⁸
2570 2692 2685 2763 (82)
2722 2692 2859 2763 μετὰ
2891 2692 2981 2744 τὸν
3014 2690 3271 2762 σταυρὸν,
3304 2693 3335 2743 ὁ
3368 2690 3547 2744 πάντα
3588 2689 3669 2743 κάν

2092 2785 2200 2839 λων
2232 2787 2277 2819 ⁸⁸
2322 2785 2487 2840 κινῶν
2534 2786 2646 2856 (85)
2679 2787 2758 2847 είς
2790 2783 2887 2855 τήν
2930 2782 3095 2837 αὐτοῦ
3143 2784 3494 2852 κατασκευήν
3544 2781 3671 2852 (84).

2098 2879 2159 2933 οὐ
2208 2876 2633 2949 μεταγινώσκων
2684 2877 2777 2929 ἐπὶ
2822 2875 2900 2947 τῷ
2940 2874 3179 2945 τοσούτῳ
3222 2873 3396 2945 κακῷ·
3435 2867 3549 2948 ﬁ“
3580 2874 3671 2941 τὰ(

2402 3000 2447 3031 ⁸⁸
2478 3000 2563 3053 lsa
2610 3014 2709 3062 vu,
2736 2997 2823 3051 H.
2931 2996 2975 3027 "
3004 2994 3160 3049 deest
3190 2994 3247 3048 in
3285 3008 3391 3049 ms.
3500 2993 3546 3023 ‘°
3580 3005 3659 3046 ms

2931 2996 2975 3027 "
3004 2994 3160 3049 deest
3190 2994 3247 3048 in
3285 3008 3391 3049 ms.

412 3233 611 3287 mirum
643 3232 857 3299 Patres,
890 3240 984 3287 aut
1016 3242 1129 3286 tres
1158 3230 1353 3297 Filios,
1388 3241 1483 3286 aut
1513 3243 1625 3287 tres
1657 3231 1991 3287 Paracletos.
2023 3237 2065 3293 Ο
2100 3231 2225 3296 viri,
2267 3249 2285 3282 ι
2321 3228 2467 3299 quod
2500 3227 2701 3299 rectius
2727 3226 2796 3281 ab
2827 3226 2950 3281 aliis
2983 3234 3067 3282 est
3109 3240 3477 3295 expressum:
3513 3246 3531 3278 ι
3570 3228 3671 3283 εἰη(

410 3301 579 3358 Vetus
602 3304 781 3359 versio
804 3295 874 3358 ob
890 3302 1310 3373 geminationem
1336 3295 1656 3373 vocularum
1695 3322 1713 3354 ι
1755 3304 1808 3356 in
1834 3312 1945 3356 tres
1970 3324 1988 3355 ι
2100 3295 2586 3373 νίνίᾃευιήῐιιετεῇο.
2622 3295 2802 3373 [1811).

409 3375 479 3428 ab
493 3372 922 3443 exscriptoribus
940 3387 1131 3428 manca
1148 3372 1334 3429 eﬂ'ecta
1348 3382 1449 3428 εει.
1474 3372 1646 3427 Porro
1664 3374 1883 3427 credere
1898 3373 1997 3427 ἕνα

407 3442 732 3516 τριώνυμον,
771 3444 899 3516 μίαν
944 3444 1241 3497 ὑπόστασιν
1272 3444 1653 3516 τριπρόσωπον
1701 3444 1797 3498 καὶ
1832 3442 1995 3516 τριῴτ

406 3512 595 3586 νυμον,
618 3512 687 3569 ἓν
719 3512 1025 3586 τριὼνυμον
1058 3512 1369 3586 πρόσωπον,
1396 3512 1724 3586 trionymam
1763 3512 1994 3586 solitarii

408 3582 504 3639 Dei
555 3582 837 3650 unionem,
890 3582 1239 3639 trinominem
1288 3583 1481 3649 Deum,
1532 3582 1704 3639 solam
1755 3582 1993 3638 nominis

407 3653 735 3709 Trinitatem
765 3656 884 3709 sine
918 3655 1272 3709 subsistentia
1301 3670 1681 3723 personarum,
1710 3654 1993 3707 incurrere

406 3733 492 3780 est
536 3726 588 3777 in
638 3725 886 3795 haeresim
935 3724 1176 3779 Simonis
1228 3726 1392 3795 magi,
1441 3732 1491 3778 et
1536 3724 1989 3795 Sabellii;quam

407 3796 689 3848 catholicis
708 3794 979 3865 malitiose
1012 3794 1381 3865 impingebant
1397 3794 1605 3855 Ariani,
1626 3794 1989 3865 orthodoxam

409 3866 568 3918 tidem
595 3864 929 3934 appeﬂantes
954 3863 1281 3934 trionvmam
1318 3874 1546 3929 sectam,
1571 3864 1735 3934 trium
1760 3863 1988 3934 deorum

412 3931 689 3995 haeresim,
731 3931 1017 3987 Trinitatis
1050 3931 1448 3996 inﬁdelitatem,
1481 3944 1540 3988 ut
1576 3942 1631 3987 et
1662 3933 1990 3987 tribulorum

409 4019 504 4058 seu
546 4002 829 4057 Trinitatis
858 4004 1230 4071 professorum
1274 4003 1581 4072 perlidiam,
1617 4012 1781 4071 atque
1814 4003 1991 4072 trian-

406 4075 589 4139 gulam
615 4070 973 4140 impietatem.
999 4072 1075 4125 Ita
1099 4075 1243 4126 enim
1275 4070 1613 4127 deblaterant
1636 4070 1993 4140 pseudo-Ori-

409 4158 575 4210 genes
611 4150 663 4195 et
680 4141 1364 4212 pseudo-Chrysostomus,
1394 4143 1481 4196 ille
1507 4143 1571 4196 ad
1599 4142 1702 4197 Job
1728 4160 1765 4208 ι,
1791 4142 1877 4205 17,
1903 4143 1991 4198 hic

410 4213 465 4265 in
498 4212 691 4266 Matth.
726 4227 824 4275 vu,
859 4212 947 4266 16.
977 4212 1307 4267 Omittebam
1341 4228 1565 4267 mouere
1600 4229 1789 4268 vocem
1821 4213 1993 4267 inter—

407 4282 577 4352 pretis
613 4301 632 4353 ι
674 4281 990 4336 trinomium
1039 4302 1057 4333 ι
1108 4284 1332 4352 reperiri
1367 4283 1422 4336 in
1467 4284 1692 4353 antiqua
1737 4283 1992 4339 versione

406 4351 569 4408 edicti
608 4351 957 4417 Justinianei,
995 4351 1296 4423 adicalcem
1328 4354 1362 4423 5
1396 4351 1619 4423 synodi;
1661 4363 1718 4409 ut
1756 4373 1775 4406 ι
1828 4353 1991 4407 bino-

409 4426 555 4477 tuius
590 4443 608 4473 ι
650 4423 843 4493 legitur
870 4424 1011 4493 apud
1046 4422 1288 4479 Festum.
1321 4422 1459 4478 Cor.

477 4494 589 4567 (69)
630 4490 735 4559 εις
769 4490 949 4567 rape
990 4493 1497 4567 ἐνανθρωπιξσας,
1543 4504 1669 4567 etc.,
1701 4508 1873 4567 usque
1923 4493 1989 4547 ad

402 4564 717 4628 καὶέπιεν,
765 4563 1010 4618 continet
1044 4566 1186 4619 idem
1240 4566 1429 4619 codex.
1469 4563 1992 4620 Proferunt'autem

404 4630 731 4689 Theodorus
764 4634 1002 4704 Graptus
1042 4636 1096 4688 in
1136 4652 1298 4704 opere
1331 4635 1538 4690 iuedito
1586 4636 1838 4690 adversus
1872 4632 1997 4686 Ico-

401 4704 712 4773 uomachos,
748 4714 803 4757 et
832 4703 1184 4773 Nicephorus
1205 4704 1311 4761 ΟΡ.
1336 4707 1390 4759 in
1422 4705 1796 4760 Antirrheticis
1817 4705 1995 4758 ἀνεκ-

399 4771 599 4837 ϐότοις
617 4774 820 4840 pariter
850 4771 1038 4828 contra
1072 4777 1357 4832 haereticos
1388 4775 1635 4830 eosdem.
1670 4776 1801 4832 lem.

473 4842 829 4917 (ZQ)1l(drog.
857 4844 991 4898 Cod.
1025 4844 1331 4917 Nydprucc.
1368 4848 1548 4917 μόνον.
1591 4846 1789 4902 υεεειι.

400 4979 413 4991 .
474 4913 586 4980 (71)
634 4913 686 4965 '0
1071 4913 1229 4993 σάρξ
1269 4913 1581 4993 ἐγένετοκξ
1618 4917 1688 4993 Et
1729 4919 1995 4993 habitavit

400 4984 454 5033 in
487 4999 581 5044 ea;
615 5001 635 5034 ι
672 4984 880 5036 addidit
907 4984 995 5038 hic
1023 4995 1177 5041 vetus
1201 4984 1503 5054 interpres;
1536 4987 1838 5044 Vairlenius
1866 5007 1995 5047 vero

400 5059 866 5133 (eumquesecuti
896 5054 1195 5133 Maestraeus
1222 5070 1276 5133 et
1302 5056 1587 5133 Vedelius;
1627 5078 1645 5110 ι
1678 5068 1734 5113 ει
1778 5060 1993 5133 hab_ita-

400 5124 477 5175 \it
509 5123 563 5177 in
599 5124 794 5191 nobis;
836 5144 854 5176 I
887 5142 953 5180 ex
987 5127 1149 5182 Joan.
1182 5145 1222 5192 ι,
1256 5130 1344 5183 14.
1383 5130 1437 5183 In
1474 5123 1665 5183 Graeco
1698 5143 1828 5183 vero
1869 5130 1994 5185 Flo—

398 5196 643 5269 rentino,
669 5197 785 5269 γάρ
815 5197 902 5251 hic
933 5214 1041 5252 non
1076 5200 1295 5269 legitur.
1328 5200 1455 5254 Isin.

612 5264 692 5349 1f
727 5264 839 5349 γὰρ
857 5264 1278 5349 Σοφίαλίῖῃοι,
1304 5269 1483 5349 ἰιιλέρ.
1511 5271 1579 5349 ad
1604 5271 1816 5349 Smyrn.
1855 5269 1987 5327 lam.

470 5335 583 5408 (75)
612 5335 784 5408 Ἄνευ
807 5335 1046 5407 ὁμιλίας
1081 5339 1324 5408 ἀνδρός.
1357 5335 1477 5396 Vet.
1512 5335 1745 5395 Latinfc
1788 5357 1895 5395 non
1925 5359 1989 5398 ex

398 5404 767 5481 collocatione
800 5404 1033 5481 scilicet,
1057 5422 1154 5465 aut
1176 5404 1384 5464 semine
1417 5412 1543 5473 viri,
1584 5431 1602 5462 ι
1641 5413 1920 5481 quomodo
1942 5422 1995 5467 et

399 5490 565 5554 supra
604 5477 659 5530 in
696 5477 818 5554 loco
851 5479 957 5554 illo
978 5481 1390 5548 interpolatoris
1424 5477 1683 5551 Epistolti’
1720 5482 1797 5554 ad
1842 5481 1995 5554 Tral-

398 5547 594 5607 tianos,
627 5547 817 5600 eadem
850 5551 1011 5603 verba
1056 5547 1329 5604 verterat:
1369 5569 1387 5600 ι
1428 5547 1547 5605 sine
1597 5552 1805 5607 semine
1842 5553 1993 5606 scili-

398 5623 505 5676 cet,
539 5624 595 5669 et
636 5616 1005 5673 collocutione
1035 5620 1164 5684 viri,
1203 5640 1221 5671 ι
1276 5622 1401 5674 licet
1434 5622 1488 5674 in
1521 5622 1687 5675 simili
1746 5620 1869 5675 loco
1916 5622 1995 5675 in.

404 5688 687 5760 tf'rpolato
729 5684 982 5760 Epistolas
1036 5688 1555 5760 adﬂMagnesianos,
1608 5691 1731 5760 δίχα
1776 5691 1993 5759 ὁμιλίας

405 5751 600 5822 ἀνδρός
647 5751 966 5825 simpliciter
1005 5751 1341 5815 reddiderit:
1397 5778 1415 5811 ι
1469 5751 1586 5815 sine
1630 5751 1994 5818 collocittione

2170 3368 2449 3441 (74)Γὰρ.
2489 3366 2754 3441 «inquis,»
2787 3363 3325 3441 velfutcod_._l_’etav._
3348 3365 3539 3441 habet)
3574 3372 3671 3425 cin-

2094 3435 2213 3512 quit
2244 3435 2528 3512 propheta)
2567 3435 2610 3490 ί
2635 3437 2709 3512 ἰ-ημ
2737 3446 2847 3512 vet.
2885 3435 3005 3512 Lat.
3035 3436 3273 3512 additur.
3313 3436 3448 3512 Intu.

2173 3457 2213 3495 Ιῐ
2280 3457 2528 3508 ropneta,
2567 3457 2586 3490 ι
2635 3457 2689 3490 Ill
2740 3457 2847 3491 νει.
2886 3457 3005 3491 bal.
3035 3457 3273 3490 IIUUIIIII'.
3313 3457 3448 3491 ΙΒΙΙ).

2165 3457 2278 3579 (751)
2312 3507 2565 3575 Ἀληθῶς
2593 3506 2865 3579 ηὐξήθη.-
2888 3505 3044 3561 Deest
3086 3506 3146 3579 i_n_
3177 3505 3519 3579 Florentino.
3556 3502 3677 3579 lum.

2167 3575 2280 3650 (76)
2326 3579 2423 3650 Ὠς
2444 3579 2603 3647 ἔχει,
2630 3578 2711 3643 ὠς
2734 3575 3062 3650 ’γε-γένηται.
3103 3576 3289 3650 Morel.
3327 3594 3361 3650 _c
3404 3586 3466 3631 ut
3503 3591 3561 3631 se
3592 3576 3675 3628 ha-

2095 3647 2335 3715 bent,'ut
2364 3649 2504 3703 facta
2524 3656 2674 3702 sunt.
2711 3666 2729 3698 ι
2767 3647 2963 3700 Maestr.
3000 3665 3015 3696 ι
3054 3657 3112 3698 ut
3139 3661 3228 3699 res
3250 3647 3437 3711 habet,
3456 3656 3511 3701 et
3531 3654 3675 3715 prout

2097 3721 2299 3775 factum
2342 3727 2445 3773 est.
2487 3737 2505 3769 ι
2548 3716 2667 3773 Vet.
2697 3718 2924 3784 interpr.
2969 3734 2986 3767 ι
3021 3716 3375 3779 sicuthabet,
3410 3716 3676 3785 quomodo

2095 3800 2257 3845 natus
2298 3800 2401 3853 est,
2439 3807 2457 3839 ι
2493 3804 2593 3857 pro
2637 3803 2747 3857 quo
2788 3786 2966 3857 Faber
3001 3786 3199 3840 edidit:
3238 3804 3261 3857 ι
3308 3795 3370 3840 ιιι
3412 3802 3539 3840 vera
3570 3786 3677 3857 ejus

2096 3861 2339 3916 continet
2369 3855 2694 3922 nativitasﬁ
2729 3855 3006 3927 quomodo
3033 3866 3087 3910 et
3124 3856 3291 3926 paulo
3316 3866 3465 3926 post,
3500 3876 3518 3907 ι
3554 3855 3676 3927 nihii

2096 3931 2296 3996 diﬂ'ert,
2337 3949 2355 3981 ι
2399 3927 2688 3997 supposuit
2723 3926 2843 3996 pro,
2893 3946 2910 3974 ι
2960 3942 3087 3997 non,
3121 3926 3308 3997 minus
3342 3936 3448 3982 est.
3493 3946 3510 3978 ι
3556 3926 3675 3979 lam.

2173 4000 2285 4071 (77)
2329 3996 2606 4071 'Eavtétr.
2636 3998 2701 4071 rln
2741 4003 2927 4071 nostra
2959 4006 3022 4071 et
3045 3996 3334 4071 Vossiana,
3384 4012 3509 4071 qua:
3533 4012 3595 4050 ex
3622 4012 3675 4048 ea

2098 4066 2355 4140 expressa
2382 4077 2486 4133 est,
2520 4070 2757 4122 editione
2788 4066 2982 4120 vitiose
3012 4067 3244 4121 habetur
3275 4066 3520 4136 positum
3540 4107 3554 4131 ,
3591 4080 3674 4135 pro

2098 4140 2314 4196 ἑαυτοῦ.
2344 4142 2477 4192 Isin.

2171 4211 2283 4282 (78)
2338 4208 2576 4282 Τοῦτον)
2631 4206 2764 4282 Cod.
2807 4203 3128 4282 _Nydprucc.
3186 4214 3242 4262 et
3300 4207 3676 4271 Florentinus,

2098 4274 2276 4343 τοῦτο,
2303 4289 2356 4334 ει
2386 4276 2504 4332 Vet.
2540 4277 2718 4332 Latin.
2752 4295 2772 4328 ι
2807 4274 2930 4331 hoc.
2958 4295 2976 4328 ι
3017 4274 3151 4332 lum.

2165 4352 2277 4420 (79)
2302 4347 2587 4418 Ἐνήργει.
2623 4346 2742 4402 Vet.
2770 4346 2890 4400 Lat.
2925 4366 2943 4398 ι
2977 4348 3246 4417 operavit,
3280 4369 3298 4401 ι
3339 4350 3415 4404 al.
3450 4369 3471 4401 ι
3502 4365 3663 4419 opera-

2103 4425 2168 4477 ri.
2211 4442 2226 4473 ι
2267 4424 2399 4475 lam.

2171 4492 2285 4562 (80)
2320 4491 2690 4562 Μετιὶμελον.
2716 4487 2836 4562 Vet.
2874 4487 3053 4542 Latin.
3081 4508 3112 4562 »ι
3153 4492 3621 4559 desperationem,
3652 4506 3668 4537 ι

2096 4575 2156 4619 ut
2179 4558 2425 4619 ‘Jacobus
2468 4558 2641 4615 Faber
2681 4558 2884 4622 edidit;
2916 4574 3040 4613 nam
3078 4560 3131 4613 in
3166 4558 3302 4617 mss.
3340 4576 3465 4615 eam
3502 4573 3673 4615 vocem

2096 4651 2202 4691 non
2236 4630 2583 4703 reperi.lmn.

2170 4699 2473 4774 (81ὶλὺτρ-
2485 4699 2954 4774 κατᾳτᾳράττῳν.
2978 4702 3113 4755 Cod.
3142 4700 3461 4774 Nydprucc.
3486 4703 3672 4755 ἀποκαο

2095 4770 2395 4847 ταράττων.
2434 4771 2553 4827 Vet.
2589 4770 2766 4824 Latin.
2800 4790 2817 4822 ι
2861 4772 2975 4841 ipse
3006 4770 3212 4841 (αὑτός)
3250 4770 3606 4826 Conturbaus.
3650 4787 3668 4819 ι

2096 4846 2230 4901 lein.

2167 4916 2281 4986 (82)
2311 4914 2408 4986 Τά.
2443 4912 2746 4986 Florentii}.
2778 4914 2860 4967 τό.
2898 4911 3030 4986 lein.

2165 4981 2279 5053 (85)
2325 4984 2378 5036 Ὀ
2412 4983 2612 5037 πάντα
2642 4983 2843 5038 κάλων
2881 4983 3084 5038 κινῶν.
3125 4984 3262 5038 Cod.
3314 4981 3673 5053 Nydprucc.6

2097 5060 2276 5112 πάντα
2321 5054 2505 5108 καλῶν
2549 5072 2609 5106 τε
2654 5054 2749 5108 καὶ
2790 5054 2975 5108 κινῶν.
3020 5056 3085 5109 Et
3125 5072 3192 5109 ex
3230 5070 3297 5108 eo
3336 5053 3670 5107 Brunncrus:

2102 5146 2122 5180 ι
2146 5128 2350 5198 quique
2366 5125 2549 5198 omnia
2569 5127 2774 5179 auxilia
2791 5137 3165 5198 commoverat
3169 5134 3630 5198 evocaveratque,
3653 5139 3668 5169 ι

2096 5194 2351 5254 ει”νειυε
2382 5197 2651 5265 interpres
2679 5194 3079 5271 consimiliter;
3109 5215 3126 5246 ι
3169 5194 3292 5271 Ipse
3331 5194 3518 5271 omnia
3556 5208 3671 5271 evo-

2096 5284 2229 5324 cans
2274 5278 2329 5323 et
2376 5264 2623 5330 movens,
2663 5285 2681 5317 ›
2721 5274 2781 5321 ut
2820 5266 2984 5320 habet
3026 5267 3164 5321 liber
3198 5264 3669 5335 Magdalﬁenensis;

2095 5342 2201 5406 vel,
2238 5348 2297 5393 ut
2321 5338 2412 5392 alii
2436 5355 2448 5391 :
2472 5357 2490 5389 ι
2516 5337 2631 5404 Ipse
2648 5338 2832 5391 omnia
2863 5350 3120 5400 evocans,
3141 5331 3347 5391 movei.
3376 5354 3404 5406 »ν
3420 5334 3524 5387 Sed
3556 5331 3672 5406 τεάν-

2096 5428 2163 5464 τα
2191 5401 2376 5463 κάλων
2408 5401 2598 5469 κινεῖν,
2634 5406 2972 5476 proverbiale
3012 5415 3127 5471 est,
3178 5416 3237 5461 ut
3285 5415 3341 5476 ει
3386 5401 3664 5476 ἁνασείειν·

2097 5483 2241 5549 apud
2304 5473 2721 5549 Philonemfiu
2770 5476 2907 5549 libro
2979 5476 3051 5531 De
3107 5474 3468 5546 agricultura,
3514 5473 3667 5525 nam

2097 5547 2277 5604 κάλων
2321 5547 2605 5619 εὐσεϐείας
2652 5547 3058 5619 ἀνασείσαντες.
3095 5550 3251 5619 lum;
3362 5616 3381 5619 _
3466 5616 3475 5619 _
3622 5611 3630 5619 .

2166 5620 2279 5691 (84)
2304 5622 2407 5684 Είς
2436 5617 2549 5684 τὴν
2566 5617 2753 5691 αὐτοῦ
2775 5618 3181 5682 κατασκευήν.
3212 5615 3329 5670 Vet.
3362 5616 3534 5691 Latin.
3567 5631 3583 5661 ι
3622 5615 3665 5661 in

2098 5685 2270 5745 ειιέιιιί
2297 5688 2785 5760 praeparationem;
2835 5706 2853 5739 ι
2902 5704 2999 5757 pro
3043 5704 3175 5758 qua,
3230 5706 3249 5740 ι
3299 5685 3605 5756 perniciem,
3646 5696 3663 5728 ι

2101 5760 2273 5816 Faber
2299 5756 2615 5815 Substituit.
2640 5756 2769 5812 lmn.
