3774 6210
93 298 181 354 925

844 287 1204 346 msrous:
1246 268 1777 345 surros‘fmw.
1813 317 1882 328 —
1907 287 1998 341 AD
2021 285 2534 343 PHILIPPENSES.

3238 288 3345 347 ‘36

90 419 147 467 ἐν
168 413 295 481 (85),
347 410 413 465 οὐ
446 410 629 466 πάντα
672 406 739 482 ἦν
775 410 1036 482 πονηρός·
1085 409 1200 464 ἀλλ’
1233 408 1501 481 ὲπῄσθετο
1545 410 1642 480 τῆς

1802 409 2000 475 mnino;
2050 410 2145 465 sed
2179 408 2448 463 sentiebat
2488 423 2645 464 suam
2680 407 2856 478 ipsius
2885 408 3208 477 perniciem.
3236 412 3340 465 lni-

92 503 264 557 ἑαυτοῦ
291 503 600 567 ἀπωλείας.
635 501 801 573 Ἀρχὴ
832 502 940 573 γὰρ
971 500 1119 572 αὐτῷ
1149 501 1465 573 καταδίκης,
1499 501 1528 553 ό
1558 500 1652 554 τοῦ

92 594 304 668 Χριστοῦ
358 596 615 667 σταυρὸς,
665 593 805 665 ἁρχὴ
853 592 1102 658 θανάτου,
1156 592 1303 664 ἀρχὴ
1353 590 1649 656 ἀπωλείας.

91 689 168 740 Διὸ
192 687 280 739 καὶ
311 685 369 739 ἐν
414 703 560 740 τισιν
608 686 821 755 ἐνεργεῖ
848 682 1128 754 ἀρνεῖσθαι
1164 682 1255 735 τὸν
1305 681 1557 753 σταυρὸν,
1594 681 1654 734 τὸ

92 780 242 843 πάθος
288 776 735 848 ἐπαισχύνεσθαι,
770 776 859 830 τὸν
904 774 1130 829 θάνατον
1176 775 1396 845 δόκησιν
1443 772 1649 838 καλεῖν,

90 872 173 942 τὴν
213 872 274 923 ὲκ
308 868 589 940 Παρθένου
632 868 884 940 γέννησιν
927 866 1298 940 περικόπτειν,
1346 866 1445 936 τὴν
1493 864 1653 933 φύσιν

90 959 239 1030 αὐτὴν
263 958 575 1013 διαὸάλλειν
608 957 719 1027 (86)
739 956 815 1022 ὡς
838 957 1107 1029 μυσαράν.
1125 955 1399 1017 Ἰουδαίοις
1433 971 1654 1024 συμμα-

91 1055 164 1121 χεῖ
192 1051 297 1121 (87)
328 1053 410 1113 είς
441 1051 673 1121 ἄρνησιν
694 1049 785 1104 τοῦ
816 1048 1073 1121 σταυροῦ,
1103 1048 1358 1118 Ἕλλησιν
1390 1049 1469 1110 είς
1494 1064 1653 1100 συκο-

92 1143 298 1213 φαντίαν
360 1142 601 1213 μαγείας
650 1142 784 1212 (88),
836 1144 1133 1214 αἱρετικοίς
1183 1142 1264 1204 είς
1326 1140 1648 1210 φαντασίαν.

92 1234 314 1297 Ποικίλος
352 1233 466 1305 γάρ
499 1235 647 1287 ἐστιν
677 1235 705 1286 ό
735 1234 835 1304 τῆς
866 1233 1065 1297 κακίας
1112 1233 1433 1305 στρατηγὸς,
1466 1232 1653 1301 κλεψί-

92 1342 213 1388 νους,
241 1325 494 1387 ἀστατος,
544 1324 721 1395 ἐαυτῷ
752 1325 1020 1388 ἐναντίος·
1071 1325 1169 1379 καὶ
1212 1324 1347 1379 ἄλλα
1396 1326 1493 1396 μὲν
1526 1341 1654 1395 προ-

92 1418 397 1487 ϐαλλόμενος
434 1417 571 1487 (89),
622 1417 781 1488 ἕτερα
811 1415 867 1469 δὲ
908 1416 1140 1480 δεικνύς.
1179 1417 1346 1485 Σοφὸς
1391 1418 1499 1486 γάρ
1531 1419 1649 1487 ὲστι

91 1508 301 1577 (90)τοῦ
345 1510 735 1579 κακοποιῆσαι,
788 1508 845 1560 τὸ
875 1509 931 1561 δὲ
972 1509 1135 1561 καλὸν
1179 1510 1207 1563 ὃ
1240 1509 1292 1563 τί
1342 1510 1469 1563 ποτέ
1503 1511 1651 1562 ἐστιν

90 1603 269 1667 ἀγνοεῖ.
302 1600 552 1670 Ἀγνοεας
584 1601 690 1671 γὰρ
739 1601 852 1670 (91)
897 1601 1271 1672 πεπλήρωται,
1304 1602 1369 1655 δι’
1405 1602 1650 1656 ἑκούσιον

90 1693 393 1763 παράνοιαν·
431 1692 552 1754 πῶς
584 1692 693 1762 γὰρ
724 1691 822 1743 οὐκ
852 1691 966 1743 ἐστι
998 1692 1253 1757 τοιοῦτος,
1286 1693 1344 1756 ὃς
1379 1693 1511 1764 μηδὲ
1545 1694 1652 1764 πρὸ

90 1782 241 1834 ποδῶν
271 1782 378 1835 τῶν
407 1781 608 1835 ἑαυτοῦ
641 1781 797 1848 λόγον
830 1781 1020 1851 βλέπει
1053 1784 1201 1853 (92);

149 1870 282 1925 V.Ei
315 1873 426 1943 γὰρ
456 1872 613 1941 ψιλὸς
646 1870 930 1942 ἄνθρωπος
965 1873 1231 1944 ὁΚύριος,
1265 1874 1328 1925 ὲκ
1348 1872 1527 1943 ψυχῆς
1559 1873 1655 1926 καὶ

90 1962 312 2034 σώματος
330 1964 515 2033 μόνον,
550 1964 601 2017 τί
623 1963 977 2034 περικόπτεις
1008 1964 1105 2035 τὴν
1135 1964 1386 2035 γέννησιν
1418 1965 1516 2035 τῆς
1538 1981 1656 2017 κοι-

87 2055 168 2123 νῆς
196 2054 295 2108 τῶν
326 2055 637 2127 ἀνθρώπων
681 2054 933 2124 φύσεωςς
986 2054 1049 2108 Τί
1098 2056 1173 2120 δὲ,
1222 2055 1297 2119 ὡς
1348 2054 1656 2127 παράδοξόν

86 2163 128 2199 τι
154 2148 230 2199 ἐπ’
261 2146 551 2219 ἀνθρώπου
600 2148 913 2218 γενόμενον,
963 2147 1023 2199 τὸ
1065 2145 1254 2210 πάθος,
1303 2146 1526 2217 δόκησιν
1557 2163 1659 2199 κα-

87 2237 208 2302 12k;
233 2239 429 2293 καὶτὸν
451 2238 682 2292 θάνατον
704 2238 796 2292 τοῦ
817 2237 1037 2309 θνητοῦ,
1059 2236 1214 2301 δόξαν
1236 2236 1476 2307 νομίζεις
1495 2236 1606 2306 (95)
1629 2253 1644 2299 ;

87 2328 138 2380 Ei
175 2328 225 2382 δὲ
265 2329 397 2393 Θεὸς
437 2330 539 2383 καὶ
570 2329 853 2402 ἄνθρωπος
887 2328 1026 2396 (94),
1076 2328 1129 2381 τί
1176 2329 1487 2399 παράνομον
1531 2327 1646 2397 (95)

87 2420 243 2483 καλεῖς
262 2420 366 2474 τὸν
378 2420 493 2489 τῆς
508 2421 693 2488 δόξης
710 2423 951 2489 Κύριον,
971 2421 1061 2473 τὸν
1079 2422 1143 2491 τῇ
1170 2419 1327 2489 φύσει
1348 2418 1613 2491 ἄτρεπτον
1630 2435 1645 2479 ;

87 2512 127 2562 τί
154 2512 453 2583 παράνομον
486 2512 667 2582 λέγεις
696 2514 786 2566 τὸν
817 2510 1139 2583 νομοθέτην,
1181 2510 1271 2563 τὸν
1302 2509 1649 2581 ἀνθρωπείαν

88 2603 237 2675 ψυχὴν
284 2606 478 2676 ἔχοντα
523 2604 677 2674 (96);
724 2606 775 2657 Ὀ
812 2605 1003 2673 Λόγος
1044 2602 1202 2672 σὰρξ
1248 2602 1505 2671 ἐγένετο,
1554 2603 1650 2655 καὶ

89 2697 259 2763 τέλειος
288 2698 598 2773 ἄνθρωπος,
632 2700 730 2753 οὐκ
760 2700 818 2752 ὲν
848 2696 1120 2769 ἀνθρώπῳ
1150 2698 1502 2769 κατοικήσας.
1524 2698 1649 2761 Πῶς

1754 502 1891 556 tium
1920 502 2121 572 quippe
2159 502 2529 557 damnationis
2557 502 2605 557 ei
2637 502 2760 567 fuit,
2794 518 2932 557 crux
2958 503 3195 571 Christi;
3236 506 3339 559 ini-

1754 592 1890 646 tium
1916 592 2134 655 mortis,
2167 592 2384 646 initium
2419 594 2761 662 perditionis.
2787 592 2917 647 Ideo
2949 604 3006 649 et
3038 596 3093 649 in
3116 597 3339 665 quibus-

1752 684 1877 738 dam
1900 682 2083 750 eliicit,
2113 692 2173 736 ut
2200 698 2420 738 crucem
2448 693 2667 755 negent,
2702 694 2760 739 ut
2784 685 3061 754 passionis
3084 687 3207 741 illos
3240 702 3340 756 pu-

1752 773 1899 837 deat,
1931 783 1990 828 ut
2021 783 2251 828 mortem
2280 774 2595 842 opinionem
2619 784 2837 840 vocent,
2859 785 3073 844 partum
3104 775 3340 847 Virginis

1752 864 2171 937 circumcidant,
2212 874 2463 918 naturam
2511 864 2683 934 ipsam
2725 866 3129 921 calumnientur
3178 869 3339 937 quasi

1752 954 2170 1009 detestandam..
2189 953 2392 1010 Iudaeis
2414 957 2712 1011 auxiliatur
2733 956 2800 1011 ad
2829 962 3177 1028 negationem
3213 975 3343 1014 eruo

1752 1045 1854 1110 cis,
1898 1046 2153 1116 gentibus
2194 1047 2262 1101 ad
2313 1049 2508 1118 magiae
2558 1049 2912 1117 calumniam,
2967 1051 3239 1106 hmreticis
3273 1052 3339 1106 ad

1752 1137 2058 1208 phantasia:
2083 1139 2544 1207 praedicationem.
2580 1139 2779 1197 Varius
2813 1142 2957 1197 enim
2989 1151 3043 1197 et
3065 1143 3340 1198 multifor-

1754 1230 1860 1285 mis
1884 1239 1968 1286 est
1995 1231 2107 1285 dux
2130 1232 2219 1286 ille
2250 1233 2492 1297 malitiae,
2514 1234 2678 1288 animi
2700 1235 2973 1299 seductor,
2992 1234 3337 1300 inconstans,

1754 1322 1858 1377 sibi
1896 1322 2011 1392 ipse
2046 1324 2390 1391 contrarius;
2422 1336 2475 1380 et
2514 1325 2621 1379 alia
2654 1326 2874 1396 quidem
2908 1326 3196 1395 objiciens,
3232 1328 3340 1382 alia

1753 1428 1883 1468 vero
1918 1412 2149 1469 faciens.
2176 1412 2407 1484 Sapiens
2435 1416 2582 1470 enim
2626 1424 2708 1471 est
2745 1416 2811 1471 ad
2846 1416 3335 1483 malefaciendum;

1753 1505 1954 1560 bonum
1988 1521 2120 1560 vero
2144 1508 2273 1576 quid
2307 1508 2378 1562 sit
2412 1508 2625 1578 ignorat
2651 1509 2716 1563 ⁵⁷.
2758 1507 3067 1579 Ignorantia
3102 1525 3339 1579 namque

1752 1595 2000 1664 oppletus
2028 1606 2133 1662 est,
2170 1604 2392 1666 propter
2418 1598 2785 1652 voluntariam
2828 1599 3191 1677 dementiam;
3227 1614 3339 1668 quo

1751 1687 1896 1739 enim
1932 1687 2094 1741 modo
2135 1703 2242 1741 non
2276 1696 2359 1743 est
2402 1688 2697 1757 ejusmodi,
2746 1689 2840 1758 qui
2872 1704 2973 1745 nec
3006 1698 3134 1745 ante
3174 1690 3339 1759 pedes

1686 1780 1727 1835 B
1757 1792 1888 1832 suos
1913 1778 2148 1847 positam
2180 1780 2449 1834 rationem
2482 1780 2624 1835 videt
2653 1780 2736 1834 ⁸⁸2

1827 1865 1892 1919 V.
1926 1865 1982 1921 Si
2016 1868 2160 1921 enim
2202 1870 2383 1924 nudus
2428 1870 2591 1926 homo
2620 1880 2703 1925 est
2741 1871 3028 1932 Dominus.
3057 1888 3122 1927 ex
3155 1872 3338 1927 anima

1757 1969 1810 2012 ct
1834 1972 2061 2030 corpore
2086 1960 2263 2015 solum
2288 1979 2302 2027 ;
2327 1961 2457 2031 quid
2491 1962 2840 2018 circumcidis
2868 1973 2923 2018 et
2946 1965 3168 2018 mutilas
3191 1966 3338 2020 nati-

1758 2052 1979 2105 vitatem
2012 2052 2323 2107 communis
2361 2053 2646 2108 hominum
2679 2056 2932 2109 naturai?
2970 2054 3109 2121 Quid
3153 2064 3336 2111 autem

1758 2150 2020 2213 tanquam
2047 2145 2290 2199 insolens
2315 2144 2521 2215 aliquid
2543 2145 2596 2199 in
2620 2146 2838 2200 homine
2865 2146 3091 2212 factum,
3127 2147 3338 2216 passio-

1758 2252 1880 2290 nem
1914 2237 2155 2307 appellas
2187 2236 2565 2307 phantasiam?
2595 2250 2647 2292 et
2673 2248 2900 2292 mortem
2933 2238 3171 2293 hominis
3192 2254 3337 2293 mor-

1755 2329 1900 2395 talis,
1925 2345 2117 2384 censes
2140 2329 2451 2398 Opinionem
2488 2345 2610 2385 esse
2640 2330 2853 2385 solam?
2876 2329 2934 2384 Si
2962 2346 3089 2386 vero
3121 2330 3267 2386 Deus
3282 2340 3337 2386 et

1754 2421 1943 2487 homo,
1979 2437 2078 2477 cur
2110 2422 2361 2491 iniquum
2393 2438 2559 2479 vocas
2600 2422 2879 2476 Dominum
2908 2422 3094 2493 gloria:
3130 2424 3199 2485 ⁶⁹.
3240 2424 3335 2493 qni

1753 2523 1949 2567 natura
1990 2514 2349 2570 immutabilis
2387 2516 2510 2570 est?
2556 2532 2654 2570 cur
2688 2515 2940 2586 iniquum
2986 2514 3226 2585 appellas
3259 2518 3336 2571 le-

1755 2606 2095 2675 gislatorem,
2121 2608 2215 2676 qui
2248 2607 2490 2661 animam
2530 2607 2694 2661 habet
2739 2607 3070 2672 humanam;
3114 2605 3337 2662 Verbum

1757 2716 1881 2755 caro
1904 2703 2107 2772 factum
2132 2712 2211 2758 est
2240 2703 2310 2772 ⁷⁸,
2330 2712 2383 2758 et
2399 2703 2676 2774 perfectus
2700 2703 2887 2768 homo,
2912 2719 3020 2757 non
3043 2704 3136 2774 qui
3159 2705 3213 2759 in
3242 2706 3336 2761 ho-

145 2884 401 2959 ‘_'_Jerem.
430 2904 487 2943 ιν
510 2930 526 2957 ,
560 2887 652 2942 2‘2.
726 2888 843 2959 "_l.
872 2888 1055 2945 Const.
1083 2906 1170 2959 ap.
1206 2906 1278 2957 vr,
1308 2890 1341 2945 6
1376 2899 1431 2945 et
1458 2906 1586 2956 vm,
1615 2889 1643 2942 Ξ

1802 2887 1931 2959 )rig.
1968 2888 2116 2943 hom.
2170 2889 2233 2942 15
2258 2889 2313 2942 in
2356 2886 2522 2942 Num.
2600 2886 2646 2919 ⁸⁸
2678 2890 2699 2941 Ι
2728 2887 2853 2943 Cor.
2885 2904 2947 2953 ιι,
2970 2888 3022 2942 8.
3101 2887 3147 2919 "°
3174 2887 3333 2943 Joan.

92 2968 121 3016 ι,
150 2954 222 3009 li.

145 3132 245 3201 (85)
273 3134 354 3209 ἶῷ
376 3126 1433 3209 τοσούτῳ-κακῷοῇτὴρᾶνἘιοτθῐιιὶιι.
1466 3132 1643 3189 τοσού-

1810 3140 1897 3185 tur
1935 3148 1954 3181 ι
1994 3128 2324 3209 immortalis
2357 3129 2410 3209 ἰ)
2445 3147 2463 3180 ‹
2502 3128 2728 3209 gloriam
2760 3129 3085 3209 existimas?
3132 3149 3148 3182 ι
3183 3130 3329 3200 quod

89 3215 148 3271 τῳ
173 3204 347 3274 κακῷ’
379 3209 429 3259 εί
461 3208 595 3277 γάρ.
634 3205 833 3262 υεεειι.

138 3294 234 3364 (86)
272 3297 381 3367 Τὸν
402 3298 672 3353 θάνατον
698 3298 954 3365 δόκησιν
986 3299 1215 3365 καλεῖν,
1253 3298 1369 3367 τὴν
1395 3298 1463 3352 ἐκ
1496 3303 1587 3367 Hor

138 3317 234 3364 ιω)
273 3317 381 3350 ιον
402 3317 672 3353 σανατον
698 3317 954 3365 οοκησιν
986 3317 1215 3365 metr,
1253 3317 1369 3367 την
1395 3317 1463 3352 εκ
1496 3317 1587 3353 ua

90 3363 236 3439 θένοη
278 3366 576 3435 γέννησιν
620 3370 1021 3439 περικόπτειν,
1061 3370 1177 3438 τὴν
1219 3371 1407 3439 φύσιν
1453 3317 1650 3438 aeni);

89 3430 420 3507 6m6d._1_.'lerr.
446 3430 579 3494 'Vet.
616 3430 799 3493 Latin.
849 3458 868 3491 ι
907 3430 1017 3507 qui
1041 3430 1271 3493 mortem
1318 3448 1512 3507 putant
1552 3430 1650 3495 vo-

90 3519 189 3579 care
238 3504 477 3579 Virginis
522 3504 938 3579 generationem
964 3529 982 3561 ι
1026 3510 1197 3579 (quod
1228 3504 1403 3563 Faber
1426 3510 1642 3565 edidit:

90 3574 163 3640 qui
190 3584 243 3649 ut
276 3574 560 3649 funestum
591 3588 785 3645 putant
807 3580 988 3633 vocari
1013 3574 1081 3634 de
1105 3580 1319 3649 Virgine
1343 3580 1647 3648 generatio-

89 3646 234 3717 nem),
271 3648 703 3704 «circumcidere
722 3650 894 3717 ipsam
928 3646 1272 3714 naturamfet
1299 3646 1637 3706 diii‘amare.»

93 3709 198 3777 Ubi,
218 3709 788 3789 adxqo-wtlegendum
826 3720 981 3787 (non,
1012 3727 1071 3774 ut
1095 3709 1291 3789 legisse
1322 3721 1535 3775 videtur
1562 3722 1647 3773 in-

95 3736 192 3777 UDI,
218 3736 305 3768 οοκ
348 3736 456 3782 σιν,
494 3736 788 3787 tegendum
826 3736 981 3787 (non,
1012 3736 1071 3774 ut
1095 3736 1291 3789 legisse
1322 3736 1535 3775 Vluellll'
1562 3737 1646 3773 tn-

91 3736 604 3862 ιοΙ-βωλᾌοκοῦσιν)
661 3798 716 3843 et
738 3790 981 3862 Averbum
1040 3790 1392 3862 περικόπτειν
1439 3790 1504 3843 ad
1546 3790 1646 3862 τὴν

89 3852 305 3933 γέννησιν
334 3874 462 3913 esse
500 3852 848 3933 referendum
872 3876 986 3933 ,_ex
1020 3852 1369 3933 refutatione,
1400 3875 1522 3929 qua:
1554 3852 1644 3933 se-

89 3929 263 4001 quitur,
310 3929 671 4001 apparetaTi
718 3930 1207 4001 περικόπτειςγτὴν
1251 3931 1505 4001 γέννησιν
1545 3930 1645 4001 τῆς

89 3948 263 4005 quitur,
309 3948 562 4009 apparet.
616 3948 670 3981 ιι
718 3948 1069 4000 περικοπτεις
1110 3948 1207 4031 την
1251 3948 1502 4001 γεννησιν
1545 3948 1643 4053 της

269 4015 391 4083 τιον,
406 3998 719 4083 ἀνθρώπιον
753 4000 967 4083 φύσειιις
987 4000 1099 4083 ςητί
1130 4000 1305 4083 δεῃὼς
1337 4000 1579 4083 παράδος
1615 4020 1643 4054 ν

88 4078 127 4113 τι
141 4064 213 4141 ἐπ’
224 4064 823 4141 ᾁνθριῦπουγενόμενον
862 4071 921 4123 τὸ
951 4069 1139 4133 πάθος,
1173 4071 1394 4141 δόκησιν
1422 4064 1640 4135 itala-:12;

94 4152 107 4181 ι
147 4132 271 4198 Quid
313 4132 677 4195 circumcidis
716 4141 1050 4194 nativitatem
1090 4132 1400 4196 coimnunis
1434 4132 1643 4196 natur-ie

93 4203 345 4281 humanae?
379 4208 527 4275 Quid
576 4226 707 4265 vero
742 4214 999 4279 tanquam
1045 4211 1286 4268 insolens
1330 4212 1535 4281 aliquid
1584 4212 1639 4265 in

88 4270 275 4392 {nomine
304 4270 538 4347 factum,
574 4270 884 4350 passionem
925 4282 1166 4350 appellas
1193 4270 1575 4351 phantasiam?
1615 4300 1634 4333 ι

106 4358 194 4392 ΒΙῘ).

106 4358 194 4397 ιιιι).

120 4436 241 4512 __(_87)
270 4441 603 4510 Συμμαχεῐ.
634 4460 652 4493 ι
696 4440 928 4498 Satanas
961 4464 978 4495 ι
1018 4458 1095 4497 sc.
1127 4454 1231 4497 vet.
1268 4442 1443 4497 Latin.
1484 4460 1504 4495 ‹
1542 4459 1639 4498 au-

89 4505 274 4564 xiliator
304 4505 443 4577 es,»
483 4505 571 4566 νει
606 4530 625 4563 ι
664 4522 765 4577 est,
802 4533 820 4565 ι
859 4523 917 4567 ιιι
946 4512 1119 4567 Faber
1141 4514 1328 4568 edidit.
1368 4514 1495 4568 lBlD.

144 4599 242 4669 (88)
272 4607 559 4676 Μαγείας.
597 4623 616 4656 ι
656 4604 841 4660 Maria:
878 4625 896 4657 ι
931 4622 1050 4675 pro,
1089 4625 1108 4658 ε
1162 4607 1373 4676 magian,
1415 4625 1432 4657 ι
1458 4604 1642 4676 Faber

89 4682 335 4746 Perperam
369 4675 458 4746 hic
491 4678 806 4746 supposuit,
848 4678 993 4744 quod
1037 4686 1089 4731 et
1118 4675 1351 4746 sequens
1386 4675 1641 4746 refutatio

90 4742 401 4816 manifestum
436 4740 579 4801 facit
593 4740 619 4797 τ’
638 4745 763 4808 Πῶς
792 4740 975 4799 δὲκαὶ
1010 4740 1401 4816 μάγοςόὗτοςς
1439 4765 1457 4797 ι
1494 4745 1641 4810 Quo-

88 4812 221 4867 modo
241 4824 292 4869 et
324 4832 527 4887 magus
557 4826 641 4870 est
662 4818 775 4875 hic?
823 4835 842 4867 ι
878 4819 1008 4871 law.

142 4900 240 4972 (89)
271 4907 793 4977 Προϐαλλόμενος.
820 4905 939 4963 Vet.
973 4906 1152 4961 Latin.
1196 4927 1215 4960 ι
1252 4908 1579 4977 immittens;
1614 4929 1633 4963 ι

89 4981 167 5033 Ρτο
186 4988 285 5041 quo
308 4976 481 5031 Faber
520 4995 539 5028 ι
574 4992 892 5047 suggerens,
930 4996 948 5028 ι
976 4979 1278 5033 substituit.
1313 4977 1447 5033 lmn.

89 5062 243 5183 18(D90)
272 5066 465 5137 Σοφός
494 5068 611 5139 γάρ
634 5070 788 5126 ἐστι.
821 5070 940 5125 Vid.
977 5071 1354 5131 Proleaomen.
1389 5088 1508 5144 cap.
1550 5075 1635 5129 12.

144 5226 543 5305 (91)]Αγνοίας
584 5232 717 5301 γάρ.
748 5233 859 5305 Γάρ
898 5251 965 5288 ex
1003 5234 1419 5305 Nydprucciano
1454 5238 1641 5293 codice

90 5304 154 5345 est
175 5300 424 5367 additum,
455 5311 513 5355 et
541 5300 722 5356 vetere
745 5300 1036 5375 interprete
1053 5300 1266 5362 Latino.
1293 5308 1419 5363 lum.

144 5387 243 5456 (92)
258 5392 418 5469 ῌηδὲ
440 5393 559 5469 πρὸ
593 5393 938 5469 ποδῶν-(ῶν
963 5399 1179 5469 ἑαυτοῦ
1204 5402 1389 5469 λόγον
1397 5400 1637 5464 βλέπει.

91 5450 353 5585 amitti.
397 5450 540 5536 μήτε
574 5465 682 5536 πρὸ
727 5467 902 5521 ποδῶν

147 5620 542 5701 (93)__Kai_tdr
574 5628 836 5682 θάνατον
865 5630 969 5685 τοῦ
995 5632 1214 5699 θνητοῦ
1248 5631 1435 5697 δόξαν
1473 5635 1635 5701 νομί-

91 5684 201 5754 ἀιζκ
242 5693 352 5750 Vet.
395 5696 581 5752 Latin.
621 5719 638 5749 ι
673 5709 727 5752 et
756 5711 984 5754 mortem
1016 5684 1265 5757 mortalis
1293 5684 1444 5761 ijlita
1486 5684 1629 5756 enim

94 5773 144 5812 ex
171 5761 557 5827 liagdalcncnsi
591 5769 776 5824 codice
807 5771 1164 5831 restituimus.
1197 5774 1285 5828 ubi
1314 5773 1367 5827 in
1402 5773 1524 5829 aliis
1553 5775 1629 5828 le-

1750 3216 1781 3254 a
1815 3200 2211 3255 recentioribus
2259 3200 2428 3253 multo
2471 3200 2675 3253 rectius
2724 3208 2808 3254 est
2854 3200 3164 3254 redditum:
3209 3222 3227 3253 c
3277 3211 3331 3256 et

1748 3278 1979 3391 mqrtet’n
2031 3269 2275 3391 graminis
2322 3270 2573 3326 mortalis
2619 3284 2811 3325 censes
2852 3271 3165 3340 opinionem
3208 3287 3331 3326 esse

1748 3358 1809 3391 SO
1832 3357 1947 3391 am.
1982 3360 1999 3391 I
2052 3356 2159 3391 BID.

1748 3342 1954 3396 solam?
1982 3360 1999 3393 ι
2031 3342 2159 3393 lam.

1819 3411 1930 3473 (94)
1954 3413 2024 3465 El
2049 3409 2117 3463 δὲ
2143 3410 2286 3476 Θεὸς
2320 3410 2416 3463 καὶ
2440 3409 2766 3479 ἄνθρωπος.
2804 3410 2893 3465 Sic
2922 3418 2975 3463 et
3002 3419 3107 3464 vet.
3147 3410 3326 3466 Latin,

1753 3500 1772 3532 ι
1809 3480 1866 3535 Si
1895 3480 2038 3535 Deus
2062 3489 2116 3535 et
2148 3482 2335 3542 homo.
2390 3500 2409 3532 ι
2446 3481 2537 3534 ubi
2585 3480 3054 3548 conjunctionem,
3100 3480 3152 3533 in
3203 3482 3327 3534 aliis

1746 3551 2342 3674 librisldesideratam,
2386 3566 2453 3607 ex
2496 3549 2898 3621 Magdalenensi
2939 3566 3042 3605 ms.
3082 3552 3329 3620 reposui-

1745 3637 1888 3677 mus.
1943 3637 2051 3677 BID.

1818 3713 1930 3781 (95)
1962 3712 2337 3782 Παράνομον.
2378 3710 2498 3766 Vet.
2545 3711 2722 3767 Latin.
2765 3732 2782 3763 ι
2835 3713 3117 3783 iniquum;
3163 3732 3181 3765 ι
3218 3729 3326 3769 non

1751 3801 1769 3834 ‹
1811 3784 2055 3848 unicum,
2096 3803 2113 3834 ι
2148 3794 2205 3837 ιιι
2246 3783 2544 3837 habebatur
2580 3784 2630 3836 in
2663 3784 2844 3837 editis.
2880 3786 3011 3837 Inin.

1814 3874 1926 3945 (96)
1960 3874 2071 3928 Τὸν
2109 3876 2481 3943 ἀνθρωπείαν
2514 3874 2727 3944 ψυχὴν
2774 3876 3016 3944 ἔχοντας
3056 3887 3160 3930 etc.
3208 3875 3325 3931 Non

1743 3954 1893 3999 tanta
1942 3960 2063 3999 esse
2125 3946 2283 3999 debet
2341 3946 2549 4015 antiqui
2611 3946 2917 4015 interpretis
2979 3948 3319 4011 auctoritas,

1744 4023 1803 4068 ut
1855 4016 1945 4070 hic
2000 4015 2473 4083 interpolationem
2523 4015 2722 4071 factam
2780 4015 2951 4071 fuisse
3004 4017 3324 4073 aﬂirmetur.

1742 4085 2214 4157 hnocontrarium
2240 4086 2465 4157 mihitlt
2488 4086 2645 4156 longe
2676 4087 3012 4142 credibilius.
3041 4086 3145 4140 Sed
3164 4089 3323 4157 quid-

1741 4155 1871 4225 quid
1902 4157 1994 4218 sit,
2025 4156 2162 4209 mira
2192 4164 2275 4209 est
2299 4156 2400 4209 viri
2437 4155 2954 4218 docti’observatio,
2994 4160 3047 4211 in
3092 4155 3324 4224 vulgatis

1740 4225 1951 4280 Latinis
1975 4241 2042 4280 ne
2064 4226 2321 4280 lectorem
2354 4242 2575 4281 crassus
2599 4243 2753 4282 error
2777 4227 3093 4290 oilenderet,
3122 4248 3140 4278 ι
3166 4227 3319 4282 Chri-

1742 4305 1886 4366 stum
1921 4296 2214 4355 humanam
2252 4296 2490 4350 animam
2526 4314 2633 4351 non
2658 4298 2935 4363 habuisse,
2970 4317 2987 4349 ι
3024 4298 3323 4366 repositum

1741 4363 1912 4420 fuisse
1950 4385 1967 4417 ι
2009 4376 2259 4420 naturam
2302 4385 2319 4417 ι
2359 4382 2456 4435 pro
2486 4386 2504 4418 ι
2544 4368 2749 4422 anima.
2793 4386 2810 4418 ι
2848 4367 3014 4433 Quasi
3043 4363 3148 4421 non
3175 4383 3322 4423 cras-

1744 4437 1860 4493 sius
1890 4444 1945 4491 et
1973 4437 2216 4505 apertius
2249 4452 2432 4490 errare
2479 4438 2569 4502 sit,
2597 4437 2777 4493 dicere
2814 4439 3093 4492 Christum
3125 4438 3323 4491 huma-

1675 4487 1718 4546 D
1745 4487 1871 4560 nam
1898 4487 2151 4560 Raab-inii
2197 4521 2304 4559 non
2348 4487 2624 4571 habuisse,
2656 4521 2820 4576 quam
2861 4507 3041 4561 dicere
3069 4510 3321 4561 eumdem

1747 4578 1991 4646 caruisse
2020 4578 2201 4630 anima
2249 4576 2507 4642 humana,
2542 4577 2840 4646 prtesertim
2871 4592 2994 4630 cum
3036 4585 3321 4645 sequatur,

1752 4665 1772 4698 ι
1813 4645 2049 4700 Verbum
2086 4646 2270 4701 homo.
2304 4665 2321 4697 ι
2367 4647 2502 4701 Cor.
2545 4645 2617 4685 ὲ-
2664 4645 2776 4715 Τὸν
2805 4646 3178 4715 ambiuntur
3207 4649 3315 4715 ψυ-

1742 4716 1865 4786 χὴν
1887 4716 2143 4785 exorta;
2183 4719 2216 4769 ό
2266 4716 2454 4785 Λόγος
2480 4716 2636 4786 σὰρξ
2669 4714 2927 4785 ἐγένετο,
2967 4717 3064 4770 καὶ
3096 4716 3322 4786 τέλειος

1743 4785 2069 4854 ἅνθρωπος,
2092 4789 2203 4840 οὐκ
2223 4786 2291 4839 ὲν
2310 4785 2596 4854 ἀνθρώπῳ
2625 4792 3009 4853 κατοικήσας.
3053 4788 3172 4842 Vid.
3196 4785 3321 4843 Pro-

1743 4858 2014 4927 legomen.
2067 4872 2186 4926 cap.
2224 4857 2289 4910 12
2330 4867 2384 4914 et
2429 4858 2518 4922 15,
2559 4859 2647 4910 ubi
2686 4857 3078 4925 Apollinariani
3119 4859 3323 4914 erroris

1742 4932 2054 4996 su'spectum
2092 4928 2236 4981 hunc
2258 4939 2537 4985 auctorem
2575 4927 2940 4983 reddidimus:
2971 4929 3043 4982 ita
3074 4927 3321 4982 videlicet

1742 4997 2021 5052 Christum
2050 4996 2542 5073 diihv‘dvepwmv
2586 5014 2708 5073 esse
2752 4998 3105 5073 inliciantem,
3134 5007 3223 5073 _ut
3266 4998 3320 5050 in

1742 5082 1972 5139 corpore
2010 5084 2073 5122 ex
2108 5068 2277 5122 Maria
2320 5067 2625 5139 assumpto,
2659 5069 2778 5123 loco
2814 5069 3031 5134 animae,
3064 5067 3320 5139 deitatem

1742 5138 2078 5193 inhabitasse
2112 5140 2405 5209 crederet,
2448 5137 2726 5209 quomodo
2771 5148 2825 5192 et
2858 5139 2959 5209 illa
2994 5145 3210 5209 sonant,
3247 5137 3321 5209 ⁸ιιι

1740 5209 2072 5279 assumentis
2103 5207 2358 5278 Epistola:
2389 5206 2799 5279 ad'Trallianos
2835 5224 2853 5260 :
2887 5206 3319 5279 Ἀληθῶς-ἐγεν-

1739 5295 1868 5358 νησε
1901 5278 2089 5358 Μαρία
2130 5275 2311 5358 σῶμα,
2333 5281 2487 5358 θεὸν
2532 5281 2733 5358 ἐμνοικον
2778 5277 2952 5358 Ξᾉον·Δ
2970 5275 3064 5358 καὶ
3105 5275 3319 5358 άληθῶς

1740 5346 2012 5420 ἐγεννήθη
2052 5350 2080 5400 ὁ
2128 5346 2260 5413 Θεὸς
2317 5353 2490 5419 Λόγος
2547 5354 2611 5404 ἐκ
2662 5346 3104 5420 τῆς-Παρθένου,
3149 5346 3321 5420 σῶμα

1737 5416 2059 5493 ὁμοιοπαθὲς
2092 5416 2650 5493 ήμῐνλὴμφιεσμένος.
2692 5416 2739 5493 ι’Δ
2763 5416 2907 5474 Vere
2934 5421 3119 5489 genuit
3148 5416 3318 5473 Maria

1738 5506 1959 5559 corpus,
1991 5490 2382 5559 habensrilrse
2420 5490 2588 5545 Deum
2623 5490 2954 5545 habitantem
2991 5507 3003 5542 :
3035 5499 3091 5543 et
3128 5505 3317 5543 revera

1738 5558 1902 5615 natus
1933 5568 2013 5613 est
2038 5559 2178 5615 Deus
2204 5558 2445 5618 Verbum
2474 5578 2539 5615 ex
2562 5560 2804 5629 Virgine,
2842 5560 3070 5614 vestitus
3092 5575 3320 5628 corpore

1736 5629 1976 5685 obnoxio
2001 5629 2193 5685 iisdem
2229 5633 2580 5700 passionibus
2606 5631 2916 5695 nobiscum,
2960 5649 2978 5681 ι
3010 5631 3172 5700 nullo
3194 5645 3317 5683 om-

1738 5702 1869 5822 ῧίιιο
1919 5701 2113 5755 auium:
2171 5698 2266 5759 aut
2320 5706 2443 5778 ejus
2482 5700 2770 5759 affectuum
2822 5701 3098 5757 mentione
3151 5698 3316 5757 facta.

1786 5783 1931 5822 ssen.

1786 5783 1931 5823 SSEH.
