3802 6210
446 324 548 382 951

1226 324 1315 378 AD
1341 322 1721 380 EPISTULAS
1760 324 1819 381 S.
1853 324 2109 381 IGNATII
2145 323 2492 382 GENUINAS
2521 325 2883 381 APPENDIX.
3581 327 3668 382 952

444 452 692 515 Patrem,
743 456 797 502 et
847 446 1247 518 presbyterium
1298 456 1359 502 ut
1398 448 1711 518 apostolos;
1765 448 2012 503 diaconos

2129 448 2251 511 στὸς
2283 446 2360 518 τῷ
2384 447 2594 519 Πατρὶ,
2627 447 2723 500 καὶ
2768 446 2845 517 τῷ
2884 443 3261 519 πρεσϐυτερίῳ
3300 442 3375 507 ὡς
3418 446 3523 509 τοῖς
3561 448 3670 500 ἀπο-

448 554 629 599 auteni
667 551 727 595 ut
750 540 845 594 Dei
884 541 1223 593 mandatum.
1271 538 1441 593 Nemo
1473 540 1590 593 sine
1627 540 1882 610 episcopo
1921 540 2019 593 ali-

446 637 579 709 quid
617 645 739 705 agat
785 649 976 688 eorum
1016 649 1139 703 quae
1180 634 1247 687 ad
1278 632 1575 688 Ecclesiam
1624 643 1886 703 spectant.
1926 635 2018 690 llla

446 726 777 781 cucbaristia
821 724 975 777 tirma
1020 732 1327 789 censeatur,
1374 739 1495 793 qua:
1544 724 1611 779 ab
1645 725 1900 794 episcopo
1936 726 2015 791 tit,

445 827 542 873 aut
576 818 663 870 cui
702 817 819 885 ipse
848 816 1179 885 permiserit.
1215 814 1316 871 Ubi
1349 817 1661 885 apparuerit
1706 817 2014 887 episcopus,

447 910 557 964 illic
603 908 897 962 multitudo
928 908 1035 970 sit;
1088 908 1549 975 quemadmodum
1599 908 1689 961 ubi
1735 917 1818 962 est
1859 906 2018 963 Jesus

445 1001 719 1065 Christus,
745 999 858 1052 illic
886 1007 968 1052 est
995 996 1239 1051 Ecclesia
1269 1000 1561 1054 catholica.
1601 997 1718 1052 Non
1747 999 1873 1052 licet
1900 999 2017 1053 sine

445 1094 724 1162 episcopo,
775 1106 953 1160 neque
1004 1090 1303 1158 baptizare,
1337 1106 1511 1159 neque
1559 1107 1758 1161 agapas
1801 1089 2013 1155 facere;

446 1186 539 1243 sed
588 1184 734 1255 quod
778 1183 866 1236 ille
916 1181 1247 1251 probaverit,
1305 1183 1408 1236 hoc
1436 1181 1563 1235 Jesu
1601 1182 1825 1236 Christo
1869 1196 2019 1235 com-

444 1274 703 1345 placitum
744 1280 846 1337 est,
882 1281 940 1325 ut
985 1279 1159 1325 tutum
1202 1273 1531 1342 ﬁrmumque
1574 1275 1645 1327 sit
1674 1287 1835 1327 omne
1868 1272 2017 1342 quod

445 1367 643 1435 agitur.
674 1363 748 1417 De
771 1373 966 1417 cmtero
991 1377 1207 1431 aequum
1235 1373 1317 1419 est
1344 1374 1403 1417 ut
1428 1365 1767 1435 evigilemus,
1797 1365 2017 1434 quando

445 1464 661 1522 tempus
687 1452 974 1516 habemus,
1007 1460 1067 1506 ut
1098 1468 1198 1506 nos
1227 1453 1315 1507 Dei
1356 1470 1518 1508 causa
1546 1454 1823 1523 poeniteat.
1859 1452 2016 1522 Opti-

446 1560 598 1599 mum
626 1552 734 1606 est,
767 1542 937 1599 Deum
982 1555 1145 1617 atque
1179 1545 1494 1614 episcopum
1540 1559 1722 1598 nosse.
1770 1542 1874 1609 Qui
1918 1545 2019 1597 ho-

444 1644 607 1689 norat
634 1636 972 1706 episcopum,
1007 1653 1038 1692 a
1068 1636 1175 1691 Deo
1208 1638 1539 1702 honoratur;
1571 1636 1663 1705 qui
1698 1636 1870 1691 inscio
1899 1634 2016 1705 epi-

447 1742 613 1795 scopo
642 1726 843 1796 aliquid
876 1729 1006 1799 agit,
1039 1728 1128 1783 hic
1149 1727 1350 1782 diaboli
1393 1728 1571 1783 cultor
1596 1736 1697 1782 est.
1733 1726 1911 1797 Epist.
1946 1727 2017 1781 ad

447 1816 669 1889 Smyrn.
700 1834 855 1887 capp.
884 1819 916 1873 8
938 1829 987 1873 et
1012 1820 1065 1874 9.

2124 541 2328 603 στόλοις
2355 557 2367 569 ·
2406 540 2528 602 τοὺς
2560 538 2617 591 δὲ
2647 538 2927 600 διακόνους
2970 537 3302 608 ὲντρέπεσθε
3337 536 3411 600 ὡς
3438 536 3561 590 Θεοῦ
3602 541 3670 591 ὲν-

2121 633 2302 705 τολήν.
2351 631 2557 701 Μηὼὶς
2610 630 2779 702 χωρὶς
2831 630 3127 683 ἐπισκόπου
3168 648 3220 682 τι
3255 628 3538 699 πρασσέτω
3582 629 3669 682 τῶν

2119 724 2427 794 ἀνηκόντων
2460 726 2515 776 ὲν
2547 722 2859 793 Ἐκκλησία.
2881 720 3083 774 Βεϐαία
3118 719 3435 792 εὐχαριστία
3466 719 3669 789 ἡγείσθω

2120 800 2280 883 ήτοῦ
2324 812 2623 865 ἐπισκόπου
2668 808 2834 876 οὖσα,
2882 811 2915 883 ἢ
2958 803 3001 877 ᾧ
3050 810 3145 863 eam
3198 810 3363 872 αὐτὸς
3412 810 3665 881 ἐπιτρέψῃ.

2122 906 2294 957 Ὅπου
2322 903 2385 957 ἂν
2420 905 2559 974 φανῇ
2594 906 2623 957 ό
2652 904 2968 965 ἐπίσκοπος,
3008 905 3125 955 ἐκεῖ
3155 901 3214 955 τὸ
3248 901 3450 971 πλῆθος
3475 919 3487 930 ·
3508 900 3668 972 ὥσπερ

2117 997 2250 1049 ὅπου
2284 995 2378 1048 ἐὰν
2476 995 2680 1067 Ἰησοῦς
2702 994 2958 1065 Χριστὸς,
2994 996 3109 1048 ἐκεῖ
3136 996 3169 1064 ἡ
3205 992 3671 1064 καθολικὴἙκκλη-

2121 1084 2229 1138 σία.
2280 1086 2393 1138 Οὐκ
2440 1085 2557 1152 ἐξόν
2604 1089 2719 1138 ἐστι
2769 1085 2937 1156 χωρὶς
2974 1085 3297 1149 ἐπισκόπου,
3343 1082 3461 1137 οὔτε
3506 1084 3670 1153 βαπτί-

2119 1175 2251 1240 ζειν,
2284 1176 2409 1229 οὔτε
2454 1177 2673 1244 ἀγάπας
2720 1180 2912 1241 ποιεῖν,
2949 1174 3063 1229 ἀλλ’
3110 1176 3138 1227 ὃ
3170 1176 3265 1229 ἐὰν
3312 1176 3509 1238 ἐκεῖνος
3547 1176 3667 1228 δοκι-

2121 1266 2301 1338 μάσῃ,
2352 1267 2507 1320 τοῦτο
2552 1267 2645 1321 καὶ
2677 1266 2752 1337 τῷ
2792 1265 2967 1338 Ἰησοῦ
3001 1266 3223 1337 Χριστῷ
3271 1268 3570 1337 εὐάρεστον,
3599 1267 3669 1319 ἵνα

2116 1357 2354 1427 ἀσφαλὲς
2397 1354 2557 1432 ᾗκαὶ
2605 1356 2816 1428 βέὀαιον
2863 1357 2974 1431 πᾷν
3021 1356 3049 1408 ὃ
3092 1356 3421 1426 πράσσεται.
3468 1353 3669 1421 Εῦλογόν

2120 1453 2236 1503 ἐστι
2284 1451 2470 1505 λοιπὸν
2515 1451 2786 1521 ἀνανῆψαι
2831 1451 3001 1520 ἡμᾶς,
3034 1449 3109 1513 ὡς
3153 1449 3345 1520 καιρὸν
3398 1449 3578 1519 ἔχομεν
3604 1450 3669 1511 εἰς

2119 1539 2253 1593 Θεὸν
2302 1544 2600 1612 μετανοεῖν.
2664 1540 2859 1603 Καλῶς
2902 1539 3019 1609 ἔχει
3064 1539 3196 1592 Θεὸν
3256 1540 3350 1593 καὶ
3409 1540 3670 1592 ἐπίσκοπον

2117 1637 2335 1690 εἰδέναι.
2409 1638 2466 1690 '0
2498 1636 2671 1708 τιμῶν
2705 1636 3028 1700 ἐπίσκοπον,
3077 1636 3182 1690 ὑπὸ
3213 1635 3349 1689 Θεοῦ
3382 1636 3669 1707 τετίμηται⁶

2117 1730 2145 1781 ὁ
2189 1728 2362 1799 λάθρα
2424 1729 2721 1783 ἐπισκόπου
2751 1745 2834 1805 at
2896 1727 3181 1797 πράσσων,
3215 1726 3293 1799 τῷ
3322 1727 3542 1798 διαόόλῳ
3590 1726 3673 1781 λσ-

2049 1798 2094 1852 B
2120 1798 2328 1888 τρεύει.

522 1932 880 2008 Ibidempag.
910 1936 1037 2005 5M,
1068 1936 1257 1992 eadem
1278 1944 1573 1992 occurrunt
1606 1935 1661 1990 in
1681 1933 1940 1991 Parallel.
1980 1935 2174 2002 Vatia,
2202 1938 2405 1993 alicubi
2439 1950 2617 1995 tamen
2645 1939 2861 1995 diversa
2904 1937 3158 1994 nonnihil
3200 1954 3231 1992 a
3261 1936 3669 2008 Rupefucaldinis

447 2004 535 2059 hic
572 2004 878 2075 descriptis.

1497 2097 1625 2153 Inest
1661 2100 1817 2167 ibid.,
1843 2101 1950 2153 litt.
1992 2118 2047 2169 α,
2078 2102 2162 2155 tit.
2196 2118 2256 2166 ιι,
2282 2102 2547 2173 ρα9.747,
2586 2101 2646 2158 C.

1007 2251 1195 2307 Sancti
1221 2251 1448 2307 Icnnu.

511 2360 616 2427 Qui
651 2361 874 2430 perfecti
908 2364 1061 2429 estis,
1093 2362 1330 2432 perfecta
1377 2364 1568 2433 sapite.
1602 2364 1715 2420 lllis
1742 2353 1889 2421 enim
1919 2365 2015 2434 qui

441 2451 581 2506 bene
631 2467 791 2522 agere
826 2454 1040 2513 volunt.
1092 2453 1236 2509 Deus
1282 2455 1349 2510 ad
1393 2455 1633 2510 dandum
1681 2466 1878 2533 praesto
1910 2465 2011 2511 est.

443 2543 526 2598 Ad
557 2543 777 2615 Smyrn.
812 2561 930 2615 cap.
958 2546 1045 2599 11.

2542 2259 2654 2314 Τοῦ
2694 2259 2865 2330 ἁγίου
2903 2258 3270 2313 ἾΓΝΑΤΙΟΥ.

2188 2372 2395 2426 Τέλειοι
2425 2372 2610 2438 ὄντες,
2645 2374 2827 2428 τέλεια
2859 2375 3130 2446 φρονεῖτε.
3172 2370 3401 2424 Θέλουσι
3430 2368 3534 2438 γὰρ
3561 2366 3670 2436 ἡμῖν

2117 2460 2177 2521 εὖ
2214 2465 2660 2543 πράττειν,.Θεὸς
2690 2465 2902 2537 ἕτοιμος
2934 2467 3015 2529 εἰς
3045 2463 3106 2517 τὸ
3138 2462 3425 2533 παρέχειν.
3537 2462 3560 2492 ⁸

512 2659 718 2717 Ibidem
752 2678 876 2735 pag.
911 2663 1035 2728 514,
1083 2661 1359 2720 Parallela
1393 2662 1568 2719 Vatic.
1603 2664 1865 2721 exhibent
1904 2674 2116 2721 tantum
2152 2664 2431 2736 posterius
2472 2662 2797 2719 membrum.

1390 2816 1520 2872 locu
1558 2818 1716 2886 ibid.,
1757 2817 1865 2873 litt.
1902 2836 1963 2886 ε,
2005 2820 2091 2874 tit.
2128 2835 2266 2885 xv",
2316 2835 2438 2890 pag.
2473 2818 2600 2883 515,
2644 2816 2712 2873 Α.

633 2970 889 3041 Ejusdem
914 2970 1091 3042 Epist.
1126 2972 1196 3025 ad
1226 2970 1584 3027 Poucsnruu
1614 2970 1829 3041 Smyrn.

509 3083 711 3142 Omnes
737 3095 1018 3155 supporta,
1039 3085 1315 3155 quomodo
1343 3095 1395 3140 et
1426 3094 1479 3140 te
1501 3084 1784 3139 Dominus.
1813 3082 2016 3139 Omnes

440 3176 609 3233 suffer
656 3178 712 3231 in
755 3176 1045 3231 dilectione
1087 3192 1101 3228 :
1157 3176 1501 3229 orationibus
1563 3174 1803 3229 assiduis
1855 3188 2009 3228 vaca.

440 3268 776 3338 Ampliorem
822 3283 988 3337 quam
1037 3266 1242 3321 habeas
1297 3265 1709 3335 intelligentiam
1774 3262 2007 3332 postula.

440 3357 638 3431 Vigila,
665 3359 886 3414 oculum
917 3374 1026 3414 non
1053 3357 1417 3413 dormientem
1448 3356 1756 3428 possidens.
1788 3354 1869 3408 Ad
1900 3352 2009 3408 Po-

437 3452 646 3523 lycarp.
679 3469 797 3522 cap.
826 3452 877 3505 1.

1087 3602 1363 3676 Ejusdem.

526 3698 783 3757 Omnium
846 3700 1195 3772 aegritudines
1254 3706 1449 3769 porta,
1507 3696 1677 3751 veluti
1738 3693 2011 3764 perfectus

439 3796 662 3852 athleta.
716 3792 820 3848 Ubi
862 3795 1038 3864 major
1072 3792 1237 3859 fuerit
1279 3791 1457 3855 labor,
1499 3789 1573 3844 ibi
1609 3798 1664 3844 et
1700 3788 1877 3857 majus
1926 3786 2013 3839 lu-

439 3901 592 3941 crum
622 3893 724 3941 est.
763 3885 943 3939 Bonos
980 3883 1277 3952 discipulos
1311 3883 1357 3936 si
1387 3882 1582 3952 diligas
1605 3922 1620 3948 ,
1651 3896 1761 3935 non
1791 3889 1872 3934 est
1913 3878 2009 3933 tibi

439 3976 666 4046 gratia:
713 3975 891 4045 magis
918 3974 1006 4029 fac
1063 3982 1123 4028 ut
1175 3974 1617 4028 contumaciores
1678 3973 1732 4027 in
1789 3972 2011 4026 lenitate

438 4066 722 4135 subjicias.
761 4063 878 4119 Non
911 4081 1071 4121 omne
1104 4065 1307 4119 vulnus
1334 4066 1524 4119 eodem
1569 4064 1865 4133 emplastro
1910 4078 2009 4117 cu-

438 4166 616 4214 ratur.
670 4157 968 4213 Acredines
1019 4157 1431 4228 perfusionibus
1486 4157 1637 4212 seda.
1712 4155 2005 4224 Propterea

438 4265 605 4305 carne
646 4250 811 4305 simul
834 4258 889 4304 et
914 4250 1106 4319 spiritu
1156 4258 1399 4312 constas,
1428 4257 1487 4302 ut
1510 4262 1632 4317 quae
1683 4244 2003 4315 conspectui

2051 2982 2095 3039 ο
2201 2973 2313 3026 Τοῦ
2366 2971 2552 3026 αὑτοῦ
2602 2968 2752 3038 πρὸς
2799 2965 3279 3021 ΠΟΛΥΚΑΡΠΟΝ
3314 2964 3608 3034 ἐΣμύρνης.

2192 3088 2409 3150 Πάντας
2460 3086 2729 3156 βάσταζε,
2774 3082 2849 3145 ὡς
2896 3081 2989 3135 καί
3037 3097 3095 3133 σε
3140 3082 3168 3132 ὀ
3199 3077 3424 3150 Κύριος.
3470 3077 3671 3130 Πάντων

2120 3174 2313 3244 ἀνέχου
2348 3176 2404 3225 ὲν
2434 3172 2655 3245 ἀγάπῃ·
2692 3171 3020 3242 προσευχαῖς
3054 3166 3282 3237 σχόλαζε
3313 3165 3668 3228 ἀδιαλείπτοις.

2117 3263 2277 3316 Ᾱξτοῦ
2314 3263 2526 3316 σύνεσιν
2574 3261 2793 3314 πλείονα
2825 3252 2892 3331 ἧς
2924 3258 3091 3330 ἔχεις.
3124 3257 3429 3339 Γρηγόρει,
3452 3256 3670 3339 ἀκοίμη-

2115 3374 2204 3411 τον
2234 3356 2388 3427 δμμα
2421 3372 2587 3425 κεκτη
2596 3354 2773 3425 μένος,
3450 3338 3462 3344 ’

2733 3594 2845 3649 Τοῦ
2889 3593 3097 3648 αὐτοῦ.

2188 3684 2414 3739 Πάντων
2446 3683 2544 3747 τὰς
2575 3682 2765 3746 νόσους
2799 3682 3058 3753 βάσταζε,
3092 3681 3168 3747 ὡς
3199 3682 3405 3747 τέλειος
3434 3681 3667 3754 ἀθλητής.

2118 3777 2293 3829 Ὅπου
2330 3776 2531 3829 πλείων
2564 3775 2749 3839 κόπος,
2786 3774 2918 3827 πολὺ
2953 3774 3162 3847 κέρδος.
3196 3774 3414 3838 Καλοὺς
3450 3774 3670 3846 μαθητὰς

2117 3866 2211 3919 ὲάν
2246 3866 2437 3937 φιλῇς,
2476 3866 2633 3937 χάρις
2666 3882 2747 3919 σοι
2779 3866 2879 3919 οὐκ
2913 3864 3099 3919 ἔσται·
3138 3864 3339 3937 μᾶλλον
3371 3867 3495 3929 τοὺς
3537 3867 3672 3919 ἀπει-

2116 3956 2407 4029 θεστέρους
2451 3960 2508 4010 ὲν
2553 3957 2819 4029 πραότητι
2866 3956 3161 4010 ὑπότασσε.
3211 3957 3286 4010 Οὐ
3336 3959 3445 4010 πᾶν
3475 3956 3668 4029 τραῦμα

2114 4051 2178 4119 τῇ
2226 4049 2361 4117 αὐτῇ
2438 4046 2768 4118 ὲμπλάστρῳ
2829 4045 3212 4120 θεραπεύεται.
3274 4049 3416 4112 Τοὺς
3460 4047 3667 4120 παροξυο

2114 4138 2287 4208 σμοὺς
2336 4139 2633 4210 ἐμϐροχαῖς
2680 4137 2842 4191 παῦε.
2891 4138 2991 4192 Διά
3035 4137 3192 4191 τοῦτο
3228 4138 3491 4211 σαρκικὸς
3518 4134 3667 4191 εἶκαὶ

2113 4230 2508 4299 πνευματικὸς,
2555 4230 2643 4283 ἵνα
2686 4229 2753 4283 τά
2797 4230 3099 4300 φαινόμενα
3144 4246 3227 4283 σοι
3272 4232 3354 4295 εἰς
3400 4231 3666 4302 πρόσωπον

2112 4321 2445 4392 κολακεύῃς·
2481 4320 2547 4374 τὰ
2577 4319 2633 4372 δὲ
2664 4321 2869 4393 ἀόρατα
2890 4361 2905 4387 ,
2952 4320 3092 4375 αἴτει
3127 4322 3214 4375 ἴνα
3249 4338 3330 4375 σοι
3377 4318 3663 4391 φανερωθῇ,

2113 4414 2200 4467 ἶνα
2234 4412 2458 4484 μηδενὸς
2488 4411 2671 4485 λείπῃ.

440 4350 535 4395 tuo
566 4340 856 4397 manifesta
896 4351 1044 4405 sunt,
1101 4341 1297 4395 blande
1350 4338 1621 4408 corrigas;
1662 4354 1785 4408 qua:
1824 4347 2005 4392 autem

435 4443 715 4503 aspectum
747 4446 899 4490 tuum
929 4436 1163 4507 fugiunt,
1206 4444 1328 4503 pete
1362 4442 1421 4487 ut
1453 4432 1551 4486 tibi
1581 4439 1913 4499 retegantur,
1950 4440 2009 4486 ut

437 4521 493 4577 in
517 4522 667 4577 nullo
693 4523 935 4580 delicias.
966 4526 1048 4579 Ad
1074 4524 1359 4595 Polycarp.
1390 4538 1543 4592 capp.
1573 4522 1596 4575 1
1632 4530 1680 4575 ει
1701 4521 1755 4576 2.

1461 4656 1590 4712 lnsu
1630 4658 1785 4725 ibid.,
1816 4658 1924 4714 litt.
1948 4674 2001 4722 υ,
2035 4656 2118 4708 tit.
2144 4669 2278 4717 xvn,
2302 4669 2425 4724 pag.
2452 4652 2574 4707 788.
2605 4652 2667 4707 Β.
2831 4736 2867 4743 μγ

2038 4783 2083 4839 D
2119 4792 2227 4846 Τοῦ
2265 4792 2437 4862 ἁγίου
2458 4854 2471 4863 ὁ
2502 4736 2853 4855 ΙΓΝᾹΤΙΟῃΥξῖΓ
2887 4792 2956 4845 ἑκ
2988 4808 3123 4863 tnc_
3148 4792 3301 4860 πρὸς
3338 4791 3662 4846 ΠυΛΥΚΔΡ·

2330 4902 2333 4903 ν
2459 4861 2470 4863 “
2619 4862 2758 4925 ΠΟΝ
2810 4861 3190 4931 Ἐπιστολῆς.

507 4971 599 5029 Sta
617 4974 765 5029 velut
802 4973 957 5027 incus
986 4989 1108 5043 quae
1135 4975 1459 5043 percutitur.
1479 4974 1659 5047 Magni
1688 4977 1901 5031 atbletze
1926 4984 2011 5031 est

2178 4977 2352 5047 Στῆκε
2395 4977 2470 5041 ὡς
2510 4977 2702 5049 ἄκμων
2746 4978 3101 5048 τυπτόμενος.
3149 4978 3405 5047 Μεγάλου
3452 4973 3657 5047 ἀθλητοῦ

431 5066 712 5121 verberari
748 5074 802 5121 et
830 5066 1066 5123 vincere.
1123 5066 1355 5122 Maxime
1387 5076 1566 5122 autem
1594 5078 1812 5136 propter
1840 5068 2007 5121 Deum

2125 5084 2223 5121 Lact.
2264 5067 2512 5138 δέρεσθαι
2556 5070 2650 5123 καὶ
2696 5071 2869 5141 νικᾷν.
2918 5069 3167 5124 Μάλιστα
3209 5070 3266 5125 δὲ
3312 5069 3495 5131 ἕνεκεν
3523 5063 3656 5125 Θεοῦ,

432 5158 616 5213 omnia
654 5175 753 5215 nos
787 5159 1059 5217 sustinere
1102 5170 1337 5231 oportet,
1368 5168 1429 5215 ut
1456 5169 1508 5215 et
1543 5160 1659 5230 ipse
1709 5175 1811 5215 nos
1839 5160 2007 5215 susti-

2125 5157 2286 5212 πάντα
2346 5161 2494 5230 ἡμᾶς
2555 5161 2848 5232 ὑπομένειν
2879 5162 2980 5226 δεῖ,
3029 5162 3117 5216 ἵνα
3162 5163 3259 5217 καὶ
3317 5164 3478 5227 αὐτὸς
3534 5158 3657 5231 ἡμᾶς

434 5258 581 5306 neat.
612 5251 690 5306 Ad
712 5251 996 5324 Polycarp.
1028 5269 1144 5323 cap.
1176 5254 1227 5307 5.

2125 5251 2399 5324 ὅπομείνῃ.

564 4793 752 4850 Sancti
781 4797 1015 4863 16mm,
1039 4812 1103 4850 ea:
1133 4796 1378 4866 Epistula
1413 4796 1481 4849 ad
1507 4796 1883 4851 Pocrcsnruu.

1384 5432 1515 5486 Inest
1552 5430 1706 5496 ibid.,
1752 5432 1859 5484 litt.
1896 5431 1951 5494 δ,
1993 5431 2078 5485 tit.
2113 5445 2303 5497 xxxrv,
2350 5446 2474 5500 pag.
2507 5430 2632 5498 778,
2666 5430 2726 5487 C.

2112 5584 2222 5640 Τοῦ
2266 5584 2438 5654 ἁγίου
2505 5584 2850 5647 ΙΓΝΑΤΙΟΥ,
2892 5583 2961 5637 ἐκ
2999 5582 3110 5649 τῆς
3147 5582 3295 5653 πρὸς
3336 5574 3656 5637 ΠΟΛΥΚΑΡο

2602 5656 2743 5709 ΠΟΝ
2786 5655 3161 5721 Ἐπιστολῆς.

2210 5770 2271 5821 0i
2318 5769 2486 5825 δοῦλοι
2538 5769 2611 5840 μὴ
2668 5768 2953 5841 ἐράτωταν
2994 5768 3099 5823 ἀπὸ
3148 5768 3325 5821 κοινοῦ
3372 5756 3654 5837 ἐλευθεροῦ-

559 5603 744 5658 Sancli
769 5603 998 5674 laxam,
1025 5624 1089 5661 ea:
1123 5606 1365 5677 Epistola
1391 5608 1460 5662 ad
1490 5607 1864 5663 Pomsnrvn.

504 5781 658 5838 Serv:
713 5802 821 5841 non
875 5788 1181 5845 desiderent
1232 5807 1264 5847 a
1312 5791 1590 5847 communi
1650 5792 1805 5848 liberi
1846 5790 1997 5859 ﬁeri;
