3802 6210
138 322 240 380 953
1354 332 1783 393 FRAGMENTA
1817 338 2142 399 GENUINA.
3274 359 3381 416 954

136 438 294 501 σθαι,
326 435 438 491 ἀλλ’
469 418 875 504 εῑςνδόξανῊτοῦ
906 438 1042 493 Θεοῦ
1073 440 1133 495 τὸ
1164 441 1346 498 πλεῖον
1375 446 1659 504 δουλευέτα

1839 456 1895 511 ed
1945 457 2013 511 ad
2057 457 2282 526 gloriam
2327 458 2423 515 Dei
2471 462 2646 534 magis
2693 464 2968 532 serviant,
3010 474 3073 521 ut
3112 469 3377 537 potiorem

136 544 251 594 σαν,
300 526 384 583 ἵνα
427 528 724 602 κρείττονος
765 531 1077 603 ἐλευθερίας
1122 536 1226 589 ὑπὸ
1257 536 1393 591 Θεοῦ
1439 539 1659 611 τύχωσικ

1842 549 2108 606 bertatem
2166 566 2197 604 a
2260 551 2375 608 Deo
2437 526 2865 626 consequantur.
2923 526 3007 611 Ᾰιι
3083 526 3375 634 ιῖυῐγοετυ.

1796 658 1911 712 cap.
1939 643 1994 698 4.

1101 816 1232 871 lusu
1271 817 1423 885 ibid.,
1465 819 1551 874 lit.
1594 836 1655 887 ε,
1707 821 1791 875 tit.
1829 836 1965 889 ml,
1994 838 2117 893 pag.
2154 822 2278 890 779,
2310 822 2376 877 D.

445 964 543 1020 Ἐκ
578 965 688 1035 τῆς
723 967 876 1036 πρὸς
908 968 1404 1025 ΠΟΛΥΚΑΡΠΟΝ.

2139 977 2224 1031 Ea:
2260 978 2501 1047 Epistola
2536 981 2605 1035 ad
2634 980 3011 1040 Poucanpuu.

187 1076 279 1151 Τῷ
323 1079 593 1152 ὲπισκόπῳ
638 1082 967 1155 προσέχετε,
1015 1084 1100 1138 ἵνα
1146 1085 1241 1139 καὶ
1286 1086 1414 1158 ύμῖν
1460 1088 1489 1140 ὁ
1526 1086 1658 1152 Θεός

1863 1083 2135 1156 Episcopo
2184 1090 2463 1157 attendite,
2505 1101 2565 1147 ut
2603 1102 2657 1148 et
2681 1093 2823 1150 Deus
2852 1096 3030 1151 vobis.
3075 1095 3366 1157 Unanimis

132 1168 270 1237 Ἐγὼ
329 1171 607 1244 ἀντίψυχον
667 1171 775 1225 τῶν
836 1173 1288 1245 ὑποτασσομένων
1361 1178 1646 1249 ὲπισκόπῳ

1839 1190 1889 1244 go
1918 1193 2040 1231 sum
2071 1194 2194 1233 cum
2231 1180 2299 1237 iis
2331 1184 2422 1252 qui
2454 1185 2685 1254 subjecti
2720 1195 2848 1240 sunt
2889 1187 3170 1259 episcopo,
3233 1207 3360 1262 pre-

119 1260 516 1334 τρεσὸυτερίῳ,
562 1263 862 1329 διακόνοις·
915 1265 1031 1337 μετ’
1076 1266 1255 1321 αὐτῶν
1290 1285 1379 1338 μοι
1422 1268 1482 1322 τὸ
1516 1268 1659 1340 μέρο‹

1839 1267 2046 1335 )yterio,
2079 1269 2353 1328 diacouis:
2411 1292 2535 1331 cum
2568 1277 2656 1333 bis
2693 1293 2822 1348 pars
2859 1280 2997 1334 mihi
3040 1281 3114 1336 sit
3145 1282 3201 1337 in
3229 1260 3360 1339 beo.

116 1350 325 1419 γένοιτο
354 1356 409 1407 ὲν
438 1352 571 1424 Θεῷ.
1372 1388 1379 1397 ·

1839 1356 1870 1408 d
1895 1356 2174 1432 Polycarp.
2202 1376 2319 1433 cap.
2339 1366 2392 1421 6.
2802 1396 2805 1400 -
3020 1361 3028 1371 ’

1079 1543 1211 1596 lusu
1244 1541 1399 1609 ibid.,
1442 1542 1547 1596 litt.
1578 1558 1643 1608 υ,
1686 1542 1773 1597 tit.
1818 1560 1955 1613 xvu,
1987 1562 2113 1619 pag.
2147 1548 2272 1618 788,
2304 1548 2367 1605 Β.

633 1692 735 1748 Ἐκ
781 1696 890 1763 τῆς
926 1696 1139 1767 αὐτῆς.

2410 1707 2495 1761 Ex
2524 1710 2729 1766 eadem.

167 1799 578 1873 Μακροθυμεῖτε
627 1807 744 1876 μετ’
791 1807 1039 1880 ἀλλήλων
1085 1813 1143 1864 ἐν
1191 1812 1499 1885 πραΰτητι,
1535 1812 1611 1877 ὠς
1640 1830 1659 1867 c

1848 1816 2079 1874 Patienti
2111 1820 2296 1875 animo
2323 1819 2555 1878 invicem
2585 1838 2684 1880 vos
2707 1822 2846 1879 ferte
2877 1840 3003 1880 cum
3035 1836 3360 1883 mansuetu-

104 1887 229 1955 Θεὸς
263 1890 379 1962 μεθ’
411 1894 560 1967 ὑμῶν
590 1898 680 1957 διὰ
713 1902 940 1965 παντός.

1839 1926 1926 1978 ne,
1959 1914 2041 1966 uti
2064 1911 2209 1969 Deus
2241 1928 2336 1968 vos
2369 1929 2605 1984 semper.
2643 1915 2728 1969 Ad
2758 1914 3048 1988 Polycarp.
3080 1935 3197 1988 cap.
3227 1919 3281 1974 6.

1124 2058 1255 2114 IDEM
1289 2060 1445 2128 ibid.,
1483 2062 1589 2119 litt.
1619 2083 1673 2136 χ,
1709 2066 1794 2119 tit.
1821 2082 1895 2133 1v,
1941 2082 2065 2137 pag.
2094 2065 2219 2133 724,
2262 2064 2324 2119 Ε.

699 2215 1061 2277 ἸΓΝΑΤΙΟΥ.
2422 2226 2429 2240 ⁸
2445 2225 2676 2282 lenuit.

159 2323 472 2394 Χριστιανὸς
518 2326 711 2381 ἑαυτοῦ
760 2328 1009 2395 ἐξουσίαν
1062 2332 1163 2387 οὐκ
1212 2333 1353 2405 ἔχει,
1389 2336 1527 2391 ἀλλὰ
1587 2335 1659 2408 τῷ

1842 2338 2192 2395 Christianus
2227 2338 2312 2394 sui
2345 2338 2519 2409 ipsius
2546 2346 2871 2409 potestatem
2899 2356 3011 2397 non
3040 2342 3224 2412 habet,
3250 2345 3346 2401 sed

100 2414 210 2487 Θεῷ
244 2418 504 2495 σχολάζει.

1839 2446 1884 2487 :o
1912 2440 2091 2486 vacat.
2120 2430 2203 2484 Ad
2224 2430 2516 2503 Polycarp.
2556 2431 2754 2502 cap._7.

1024 2579 1157 2637 locu
1195 2584 1351 2671 ibid.,
1392 2585 1498 2639 litt.
1528 2601 1604 2653 α,
1641 2586 1726 2640 tit.
1765 2602 1964 2655 LXXVI,
2011 2604 2133 2658 pag.
2164 2586 2288 2656 772,
2327 2587 2391 2644 D.

112 2724 204 2781 Ἐκ
240 2728 343 2798 τῆς
376 2730 929 2811 πρρΞ-ΪῌΈῌΣΨΥΣῌ
946 2733 1300 2811 Ἐξπιστολῆς
1340 2740 1446 2795 τοῦ
1483 2741 1659 2811 ἁγίου

451 2803 793 2858 ἹΓΝΑΤΙΟΥ
824 2806 932 2861 τοῦ
971 2803 1289 2876 Θεοφόροὺ.

157 2912 350 2984 Μηδεὶς
393 2916 705 2970 πλανάσθω.
755 2919 879 2973 Ἐὰν
928 2921 1001 2992 μή
1048 2939 1131 2985 τις
1243 2922 1394 2987 ἐντὸς
1424 2922 1519 2978 τοῦ
1565 2923 1659 2977 θυ-

1839 2918 2029 2975 Nullus
2061 2928 2225 2975 erret.
2266 2918 2324 2975 Si
2373 2920 2499 2991 quis
2550 2937 2660 2977 non
2705 2931 2790 2979 est
2823 2923 2967 2979 intra
3011 2924 3205 2989 altare,
3247 2927 3343 2982 Dei

97 3006 410 3077 σιαστηρίου,
445 3007 752 3078 ὑστερεῖται
784 3009 878 3063 τοῦ
912 3012 1076 3083 ἄρτου
1109 3014 1201 3067 τοῦ
1234 3013 1391 3068 Θεοῦ.
1448 3017 1511 3069 Ei
1544 3016 1655 3089 γὰρ

1839 3027 1906 3066 ne
1958 3012 2225 3081 privatur.
2282 3011 2340 3066 Si
2380 3012 2526 3067 enim
2568 3014 2734 3068 unius
2783 3022 2838 3069 et
2889 3015 3114 3071 alterius
3166 3018 3345 3073 oratio

96 3092 200 3158 ινδς
240 3098 329 3151 κα)⁸
371 3099 625 3172 δευτέρου
672 3104 949 3175 προσευχὴ
1006 3105 1275 3178 τοσαύτην
1322 3107 1476 3178 ἰσχὺν
1520 3107 1654 3178 ἔχει,

1839 3112 1975 3157 itum
2030 3102 2249 3158 virtutis
2297 3102 2481 3169 habet,
2520 3111 2729 3172 quanto
2777 3103 2953 3174 magis
2999 3105 3239 3175 episcopi
3287 3117 3344 3161 et

95 3186 228 3259 πόσῳ
273 3190 469 3261 μᾶλλον
519 3194 554 3263 ἦ
605 3210 663 3247 τε
695 3195 788 3248 τοῦ
821 3196 1121 3250 ἐπισκόπου
1183 3176 1277 3252 καὶ
1326 3176 1507 3270 πάσης
1550 3176 1656 3271 ⁷’τῆς

1839 3194 1939 3249 mis
1979 3190 2279 3249 Ecclesiae?
2329 3192 2433 3259 Qui
2482 3208 2611 3264 ergo
2670 3194 2835 3249 simul
2895 3210 3004 3249 non
3063 3197 3338 3265 convenit,

103 3274 440 3349 Ἐκκλησίας;
504 3282 563 3334 '0
608 3279 702 3337 οῦν
762 3287 835 3358 μὴ
888 3287 1183 3357 ἐρχόμενος
1242 3289 1334 3341 ἐπὶ
1391 3290 1451 3342 τὸ
1499 3290 1652 3354 αὐτὸ,

1839 3300 1852 3340 :
1879 3284 1993 3355 jam
2041 3284 2313 3355 superbus
2341 3293 2445 3351 est,
2473 3299 2537 3340 ac
2567 3300 2626 3340 se
2668 3284 2846 3355 ipsum
2877 3286 3159 3356 diiudicat.
3191 3285 3340 3343 Scri-

91 3362 226 3433 οὗτος
265 3371 362 3443 ἤδη
416 3375 779 3445 ὑπερηφανεῖ,
823 3376 915 3429 καὶ
967 3377 1157 3432 ἑαυτὸν
1208 3378 1493 3449 διακρίνει.
1560 3378 1657 3431 Γέ-

1839 3392 1914 3431 ιιιι
1947 3384 2033 3431 est
2083 3378 2230 3431 enim
2261 3392 2273 3428 :
2312 3374 2450 3430 Deus
2498 3375 2735 3445 superbis
2770 3376 2995 3433 resistit.
3058 3372 3142 3427 Ad
3166 3371 3341 3448 Ephe—

91 3476 305 3534 γραπται
335 3468 393 3522 δέ
413 3485 427 3499 ο
476 3468 910 3539 Ὑπερηφάνοις
955 3473 989 3524 ό
1023 3470 1169 3537 Θεὸς
1204 3470 1650 3526 ἀντιτάσσεται.
1764 3469 1897 3532 sios,
1923 3487 2039 3540 cap.
2072 3471 2126 3525 5.

1839 2763 1925 2819 Ea:
1951 2764 2195 2835 Epistola
2226 2765 2296 2821 ad
2328 2766 2593 2825 Ernssros
2620 2770 2795 2824 sancti
2816 2768 3019 2826 ΙοΝΑτιι
3054 2769 3274 2842 Deiferi.

1019 3622 1149 3678 lusu
1190 3622 1348 3689 ibid.,
1411 3621 1520 3677 litt.
1568 3638 1629 3690 e,
1663 3620 1748 3678 tit.
1778 3636 1970 3689 xcvm,
2009 3638 2133 3691 pag.
2161 3620 2284 3687 779,
2324 3619 2383 3676 D.

594 3776 753 3845 Πρὸς
796 3775 1159 3831 ῈΦΕΣΙΟΥΣ.

2349 3773 2431 3827 Ad
2463 3772 2747 3829 Epnnsws.

150 3911 536 3983 Σπουδάσωμεν
566 3910 677 3983 ιμὴ
729 3908 1150 3964 ἀντιτάσσεσθαι
1213 3908 1291 3980 τῷ
1336 3910 1647 3980 -ὲπισκοπῳ,

1839 3910 2064 3981 Operam
2110 3925 2403 3980 ponamus,
2441 3919 2501 3964 ut
2542 3924 2651 3963 non
2693 3909 2953 3979 episcopo
2986 3907 3333 3977 resistamus,

94 3999 167 4054 ἵνα
194 3997 335 4075 ὦμεν
367 4002 487 4074 Θεῷ
520 4002 953 4073 ὑποτασσόμενοι
975 4042 988 4055 .
1038 4002 1147 4057 Καὶ⁵
1190 4003 1314 4055 ὅσον
1348 4001 1536 4072 βλέπει
1567 4019 1652 4066 τις

1851 4005 2026 4059 simus
2057 4001 2170 4056 Deo
2215 4000 2469 4070 subjecti.
2523 3998 2589 4054 Et
2632 4013 2743 4069 quo
2793 4000 2970 4069 magis
3004 3999 3332 4070 episcopum

91 4093 299 4162 σιγῶντα
343 4097 660 4161 ἐπίσκοπον,
708 4094 869 4149 πλέον
900 4094 1063 4148 αὑτὸν
1110 4092 1399 4163 φοϐείσθω.
1463 4094 1650 4148 Πάντα

1839 4106 2017 4165 cutem
2050 4094 2176 4166 quis
2198 4093 2368 4162 videt,
2400 4107 2465 4147 eo
2490 4093 2614 4163 plus
2649 4094 2828 4163 ipsum
2859 4094 3070 4148 timeat.
3100 4090 3332 4148 Omnem

89 4188 177 4259 γὰρ
203 4190 258 4243 ὃν
290 4190 500 4259 πέμπει
544 4189 572 4242 ὁ
604 4188 990 4259 οἰκοδεσπότης
1020 4189 1102 4251 εἰς
1140 4188 1275 4241 ἰδίαν
1307 4187 1640 4258 οἰκονομίαν,

1841 4205 1895 4244 m
1932 4204 2096 4259 quem
2130 4186 2527 4259 paterfamilias
2566 4186 2631 4239 ad
2669 4201 2825 4240 suam
2861 4185 3331 4255 dispensationem

90 4278 232 4346 οὕτως
273 4283 353 4336 δεῖ
396 4284 546 4353 ἡμᾶς
590 4280 863 4352 δέχεσθαι,
896 4280 971 4344 ὡς
1004 4281 1165 4334 αὐτὸν
1201 4280 1300 4348 ,τὸν
1334 4280 1639 4350 πέμποντα.

1839 4282 1937 4349 ltit,
1978 4282 2058 4337 sic
2098 4299 2201 4337 nos
2238 4290 2454 4351 oportet
2481 4278 2726 4348 recipere
2757 4279 2906 4333 velut
2935 4278 3113 4348 ipsum
3164 4293 3334 4347 aquo

90 4368 173 4425 Τὸν
201 4374 324 4442 γοῦν
356 4374 675 4439 ἐπίσκοπον,
705 4372 781 4437 ὼς
812 4373 975 4427 αὐτὸν
992 4373 1082 4427 τὸν
1112 4373 1318 4445 Κύριον
1349 4373 1434 4425 δεῖ
1464 4389 1642 4444 προσ-

1839 4376 2005 4429 Ltitur.
2042 4373 2346 4444 Episcopus
2393 4374 2578 4441 itaque
2623 4372 2794 4441 aspici
2825 4371 2987 4425 debet
3022 4370 3101 4424 uti
3139 4368 3331 4424 Demi-

90 4459 298 4520 ϐλέπειν.

1839 4480 1855 4519 s
1887 4464 2023 4534 ipse.
2053 4463 2137 4516 Ad
2160 4461 2362 4533 Ephes.
2392 4477 2546 4531 capp.
2576 4462 2609 4516 5
2636 4471 2686 4514 et
2708 4461 2763 4515 6.

142 4581 229 4640 Hic
255 4587 431 4654 locus,
463 4588 744 4645 nonnullis
771 4586 1028 4658 demptis,
1058 4587 1291 4658 aliisque
1327 4586 1520 4643 leviter
1547 4586 1873 4651 immutatis,
1906 4585 2150 4641 occurrit
2178 4585 2401 4652 ibidem,
2426 4599 2549 4655 pag.
2572 4582 2696 4650 750,
2726 4580 2791 4636 D.

1016 4739 1147 4795 locu
1181 4740 1338 4808 ibid.,
1386 4739 1499 4797 litt.
1526 4756 1598 4805 α,
1644 4739 1729 4794 tit.
1766 4754 1951 4805 LXXVI,
1985 4754 2109 4807 pag.
2137 4736 2264 4803 772,
2307 4736 2373 4792 C.

98 4890 181 4953 Ἐκ
213 4899 319 4970 τῆς
354 4900 506 4970 πρὸς
534 4896 901 4971 ἘΦΕΣῐυΥΣΔ
930 4898 1294 4967 Ἐπιστολῆς
1330 4898 1436 4953 τοῦ
1468 4898 1640 4970 ἁγίου

1839 4897 1902 4951 ἴω
1934 4899 2106 4953 sancti
2129 4896 2339 4954 Icum:
2372 4899 2576 4970 Deiferi
2597 4898 2842 4971 Epistola
2866 4900 2935 4953 ad
2966 4899 3250 4955 EPHESIOS.

431 4971 774 5031 ἸΓΝΑΤΙΟΥ
810 4969 916 5024 τοῦ
951 4972 1271 5039 Θεοφόρου.

141 5082 267 5147 Τοὺς
301 5084 609 5157 μερισμοῦς
640 5082 872 5153 φεύγετε
891 5124 907 5149 ,
938 5082 1014 5148 ὡς
1045 5085 1220 5158 ἀρχὴν
1252 5082 1457 5137 κακῶν.
1505 5083 1645 5138 Εἰώ-

1839 5069 2010 5141 l‘ugite
2059 5070 2397 5139 divisiones,
2443 5073 2525 5128 uti
2569 5074 2841 5129 malorum
2891 5075 3066 5129 initia.
3137 5072 3326 5129 Solent

89 5169 195 5227 θασί
219 5193 363 5239 τινες
391 5176 531 5247 δόλῳ
562 5174 785 5247 πονηρῷ
826 5174 890 5228 τὸ
919 5174 1091 5247 ὄνομα
1122 5175 1360 5249 Χριστοῦ
1411 5177 1639 5249 περιφέ-

1839 5162 1913 5232 |ui
1958 5162 2106 5217 malo
2146 5162 2274 5217 dolo
2302 5163 2511 5219 Christi
2554 5179 2756 5219 nomen
2796 5163 3172 5230 circumferre,
3218 5163 3326 5219 alia

89 5278 201 5331 ρειν,
252 5266 384 5320 ἄλλα
416 5264 543 5319 τινὰ
594 5264 933 5337 πράσσοντες
980 5266 1175 5332 ἀνάξια
1224 5266 1383 5333 Θεοῦ,
1435 5266 1530 5332 οὓς
1560 5268 1644 5321 δεῖ

1839 5254 1993 5308 edam
2049 5253 2272 5323 indigna
2308 5251 2422 5309 Deo
2475 5253 2788 5309 iactitantes
2837 5272 2851 5308 :
2896 5270 2928 5309 a
2978 5253 3180 5323 quibus
3221 5268 3322 5309 vos

88 5349 208 5422 ὑμᾶς
233 5354 305 5419 ὡς
336 5354 505 5429 θηρία
536 5354 824 5410 ἐκκλίνειν.
859 5355 981 5408 Εἰσὶ
1004 5356 1112 5428 γὰρ
1144 5357 1306 5422 κύνες
1335 5358 1638 5422 λυσσῶντες

1839 5354 1957 5401 u'tet
1991 5356 2251 5416 tanquam
2287 5362 2317 5400 a
2352 5346 2485 5401 feris
2514 5345 2811 5399 declinare.
2863 5344 3003 5399 Sunt
3043 5345 3189 5399 enim
3232 5359 3323 5398 ra~

84 5435 420 5518 λαθρόδηκται
439 5464 452 5475 ·
487 5445 584 5510 οὒς
613 5446 695 5500 δεῖ
725 5447 870 5518 ὑμᾶς
901 5447 1289 5518 φυλάσσεσθαι,
1323 5449 1483 5512 ὄντας
1513 5449 1637 5502 δυσ-

1839 5454 1885 5494 ει
1923 5452 2090 5493 canes
2129 5438 2268 5495 clam
2302 5438 2616 5493 mordentes
2644 5455 2658 5491 :
2696 5453 2727 5492 a
2759 5437 2960 5508 quibus
2988 5451 3085 5492 vos
3111 5436 3322 5492 debetis

86 5529 449 5602 θεοσπεύτους.
1512 5528 1519 5529 7

1839 5547 1965 5599 'ere,
2010 5547 2110 5588 ceu
2154 5532 2248 5602 qui
2294 5531 2511 5586 dillicile
2548 5539 2956 5585 mansuescant.
2999 5528 3084 5583 Ad
3112 5528 3313 5601 Ephes.

1742 5642 1857 5695 cap.
1888 5626 1939 5680 7.

148 5738 223 5796 Ad
254 5739 397 5798 hunc
437 5740 617 5797 locum
647 5740 729 5798 Cl.
764 5739 999 5804 Luceres
1035 5741 1260 5799 adnotat
1288 5740 1467 5803 minus
1502 5753 1659 5813 recte,

1839 5762 1854 5799 ι
1887 5745 2009 5814 ista,
2040 5745 2163 5810 τοὺς
2198 5744 2495 5817 μερισμοῦς
2522 5744 2769 5814 φεύγετε,
2803 5744 2878 5809 ὡς
2908 5741 3080 5817 ἀρχὴν
3110 5738 3316 5812 κακῶν,
