3802 6210
147 324 246 381 957
1362 324 1794 380 FRAGMENTA
1834 320 2163 382 GENUINA.
3284 319 3391 376 958

145 446 269 501 Θεοῦ
306 444 367 498 οὐ
415 443 932 517 κληρονομήσουσιν.
987 444 1053 496 Ei
1100 439 1192 498 οὖν
1248 446 1296 498 οἱ
1344 445 1486 499 κατὰ
1528 446 1646 517 cap:

1893 462 1930 499 II
1964 461 2190 516 regnum
2219 443 2315 498 Dei
2346 458 2455 497 non
2495 440 2872 512 possidebunt.
2905 438 2961 493 Si
2992 454 3122 511 ergo
3152 439 3246 509 qui
3276 439 3394 494 haec

145 539 301 595 ταῦτα
335 538 637 609 πάσχοντες
675 536 1035 607 ἀπέθνησκον,
1075 538 1225 607 πόσῳ
1262 536 1461 607 μᾶλλον
1489 538 1583 591 ἐὰν
1619 556 1646 589 τ

1893 538 2111 592 :undum
2157 552 2374 592 carnem
2414 536 2719 605 patiuntur,
2750 532 2953 587 mortui
2994 541 3156 597 sunt;
3186 540 3394 601 quanto

145 646 252 683 στιν
272 630 325 681 ὲν
344 628 798 699 κακοδιδασκαλία
830 627 1018 698 φθερεῖ
1044 627 1171 699 [leg.
1198 627 1438 701 φθείρῃ],
1478 630 1616 699 ὑπὲρ
1643 652 1646 662 <

1893 630 1986 700 ιείε
2026 630 2073 685 si
2124 628 2285 683 tidem
2320 627 2497 681 aliena
2528 625 2777 680 doctrina
2827 621 3137 688 lahefactet,
3174 630 3394 701 propter

157 720 347 792 Ἰησοῦς
396 720 636 790 Χριστὸς
686 697 1004 792 ἐσταυρώθη
1027 697 1063 785 ;_
1098 722 1221 775 Ὅτι
1261 697 1416 785 οὗτος
1469 697 1658 793 ῥυπαρὲ

1892 738 1971 775 am
2006 719 2166 775 Jesus
2197 719 2451 774 Christus
2497 716 2795 771 cruciﬁxus
2836 714 2957 769 est?
2993 712 3266 779 Quoniam
3305 697 3393 766 hic

141 811 434 882 γενόμενος,
463 813 545 875 εἰς
572 811 632 863 τὺ
676 810 786 883 πῦρ
827 811 887 865 τὸ
920 810 1184 865 ἄσϐεστον
1218 813 1478 883 χωρήσει,
1507 810 1642 882 όμοίι

1894 822 2083 867 Itracta
2136 811 2331 875 sorde,
2387 809 2443 863 in
2502 808 2680 879 ignem
2742 805 3133 860 inexstinctum
3185 802 3389 870 abibit,

140 903 230 956 καὶ
252 906 278 957 6
302 903 515 958 ἀκούων
538 901 724 957 αὐτοῦ.

1887 905 2269 962 emadmodum
2307 912 2362 959 et
2395 903 2489 974 qui
2528 903 2709 974 ipsum
2742 900 3035 958 auscultat.
3066 899 3148 954 Ad
3187 897 3388 970 Ephes.

1803 1021 1920 1074 cap.
1957 1003 2043 1058 16.

890 1204 893 1205 ν
977 1183 1107 1238 los!
1131 1182 1286 1251 ibid.,
1319 1183 1427 1238 litt.
1459 1200 1509 1249 ε,
1537 1184 1623 1238 tit.
1654 1200 1843 1251 XLVIII,
1868 1199 1990 1253 pag.
2024 1180 2148 1249 779,
2187 1179 2248 1249 E,
2278 1179 2401 1249 780,
2434 1179 2500 1233 A.

412 1337 525 1393 Τοῦ
546 1338 733 1392 αὑτοῦ
763 1338 913 1406 πρὸς
940 1338 1404 1392 ΜΑΓΝΗΣΙΟΥΣ.

2252 1336 2503 1407 Ejusdem
2530 1336 2598 1389 ad
2625 1334 2925 1390 MAGNBSIOS

200 1452 285 1515 Εἰς
312 1453 472 1524 τιμὴν
497 1452 632 1506 Θεοῦ
655 1452 749 1507 τοῦ
770 1453 1095 1525 θελήσαντος
1120 1456 1290 1526 ἡμᾶς,
1326 1455 1530 1528 πρέπον
1554 1456 1701 1511 ἐστὶν

1890 1454 1936 1510 ln
1970 1455 2234 1511 honorem
2284 1454 2382 1509 Dei
2424 1453 2519 1524 qui
2582 1468 2682 1507 nos
2722 1451 2858 1514 vult,
2918 1449 3119 1505 decens
3150 1456 3234 1505 est
3288 1463 3391 1506 nos

132 1545 413 1645 {falces-tv
450 1543 529 1645 τῇ)
570 1546 860 1645 επισκόπῳ
903 1546 1044 1645 κατά
1086 1547 1355 1619 μηδεμίαν
1389 1548 1633 1621 ὑπόκρισι

1897 1563 2064 1618 scopo
2121 1545 2240 1603 sine
2298 1547 2649 1603 simulatione
2698 1544 2943 1600 obedire.
2996 1541 3138 1608 Quia
3186 1557 3392 1611 nequa.

142 1633 282 1687 Ἐπεὶ
307 1635 424 1705 οὐχὶ
444 1635 536 1689 τὸν
566 1635 862 1690 ἐπίσκοπον
884 1636 1070 1691 τοῦτον
1096 1636 1187 1691 τὸν
1211 1637 1538 1709 βλεπόμενον
1567 1638 1643 1694 πλλ

1893 1659 1970 1697 am
2021 1643 2339 1713 episcopum
2395 1642 2543 1696 hunc
2575 1640 2670 1710 qui
2701 1639 2878 1694 oculis
2913 1637 3151 1703 videtur,
3183 1636 3394 1692 seducit

127 1728 191 1797 νᾷ
208 1745 302 1791 τις,
330 1727 466 1782 ἀλλὰ
502 1728 594 1782 τὸν
625 1730 857 1803 ἀόρατον
881 1728 1303 1802 παραλογίζεται
1332 1731 1485 1785 Θεόν.
1519 1730 1609 1802 Τῷ

1891 1737 2102 1806 ispiam,
2134 1737 2230 1791 sed
2267 1734 2597 1790 invisibilem
2642 1732 2814 1788 Deum
2851 1731 3037 1787 fallere
3066 1740 3242 1801 putat.
3275 1729 3392 1787 Tali

125 1820 359 1891 τοιούτῳ,
388 1821 450 1874 οὐ
478 1821 617 1892 πρὸς
656 1822 832 1893 σάρκα
856 1823 883 1874 ὁ
903 1822 1080 1890 λόγος,
1107 1821 1245 1877 ἀλλά
1284 1823 1419 1895 πρὸς
1453 1822 1586 1877 Θεὸν
1612 1841 1626 1876 1

1891 1837 1989 1884 tem
2038 1828 2180 1892 viro,
2234 1842 2344 1882 non
2400 1828 2468 1882 ad
2524 1841 2746 1881 carnem
2809 1840 2993 1881 sermo
3035 1833 3139 1890 est,
3184 1822 3277 1877 sed
3325 1821 3392 1875 ad

125 1910 189 1964 τὰ
218 1911 423 1982 κρυπτὰ
451 1913 653 1967 εἰδότα.
686 1915 902 1987 Πρέπον
934 1909 1027 1969 οὖν
1060 1916 1198 1978 ἐστι,
1228 1914 1303 1986 μὴ
1337 1916 1496 1986 μόνον
1520 1914 1623 1969 καλ

1890 1937 1973 1975 um
2005 1919 2099 1991 qui
2150 1920 2364 1974 occulta
2408 1918 2605 1974 cernit.
2648 1916 2922 1983 Quocirca
2960 1923 3391 1969 consentaneum

128 2000 242 2055 σθαι
268 2004 646 2075 Χριστιανοὺς,
689 2006 825 2061 ἀλλά
858 2008 953 2061 καὶ
998 2003 1155 2062 εἶναι·
1202 2009 1392 2081 ὥσπερ
1433 2008 1526 2061 καί
1556 2026 1629 2061 τιι

1891 2055 1905 2079 ,
1934 2022 1991 2067 ιιι
2022 2028 2130 2067 non
2162 2011 2339 2067 solum
2365 2010 2664 2065 Christiani
2694 2024 2979 2073 vocemur,
3008 2022 3197 2061 verum
3226 2006 3389 2059 etiam

127 2091 408 2147 ἐπίσκοπον
432 2095 532 2165 μὲν
562 2095 835 2163 καλοῦσιν,
856 2100 1026 2171 χωρὶς
1050 2100 1105 2152 δὲ
1127 2098 1289 2153 αὐτοῦ
1316 2100 1493 2152 πάντα
1525 2098 1628 2171 πρό

1888 2123 2009 2174 Ius;
2040 2122 2150 2177 quo
2190 2121 2385 2175 nempe
2420 2104 2582 2159 modo
2612 2102 2781 2173 aliqui
2821 2101 3137 2171 episcopum
3172 2100 3389 2167 quidem

127 2200 315 2239 σουσιν.
359 2188 421 2240 Οἱ
455 2188 687 2243 τοιοῦτοι
731 2191 829 2243 οὐκ
872 2191 1234 2263 εὐσυνείδητοί
1278 2209 1368 2263 μοι
1398 2191 1628 2262 φαίνοντι

1891 2207 2019 2262 :aut,
2050 2206 2247 2253 cuncta
2287 2212 2415 2250 vero
2450 2194 2569 2250 sine
2608 2194 2727 2263 ipso
2764 2199 3052 2263 peragunt.
3096 2189 3259 2243 Tales
3289 2204 3392 2241 au—

120 2273 204 2329 διᾶ
230 2277 283 2330 τὸ
314 2278 387 2350 μὴ
412 2279 648 2349 βεϐαίως
677 2284 796 2335 κατ’
825 2283 1045 2355 ἐντολὴν
1072 2284 1538 2357 συναθροίζεσθαι.

1889 2308 1911 2346 rt
1939 2291 2072 2345 mihi
2096 2290 2251 2343 home
2272 2286 2628 2343 conscientiae
2660 2300 2767 2338 non
2791 2298 2914 2338 esse
2948 2281 3222 2344 videntur,
3262 2278 3390 2347 quia

1797 2396 1911 2437 non
1939 2380 2168 2435 ﬁrmiter
2195 2378 2502 2434 secundum
2522 2376 2842 2432 mandatum
2860 2381 3265 2445 congregantur
3310 2370 3392 2423 Ad

1797 2474 2040 2545 Magnes.
2073 2487 2225 2542 capp.
2250 2472 2285 2527 5
2317 2480 2370 2526 et
2399 2471 2455 2526 4.

1229 2630 1361 2687 lusu
1390 2630 1549 2699 ibid.,
1580 2647 1696 2702 cap.
1732 2628 1865 2700 Περὶ
1894 2626 2268 2698 φιλαδελφίας.

186 2782 384 2848 Πάντες
403 2783 708 2857 ὁμοήθειαν
742 2783 877 2839 Θεοῦ
908 2783 1187 2850 λαϐόντες,
1222 2787 1487 2860 ἀλλήλους
1516 2787 1687 2859 ἐντρέ-

1889 2786 2075 2840 )mnes
2108 2785 2349 2854 acceptis
2377 2782 2573 2838 iisdem
2602 2781 2801 2839 divinis
2832 2781 3104 2847 moribus,
3142 2795 3241 2835 vos
3271 2795 3390 2833 mu-

121 2876 293 2943 πεσθε,
315 2877 409 2930 καὶ
438 2877 631 2948 μηδεὶς
660 2877 801 2931 κατὰ
833 2877 1011 2952 σάρκα
1043 2878 1287 2949 βλεπέτω
1318 2880 1408 2934 τὸν
1446 2880 1622 2952 πλησί‹

1890 2876 2317 2941 rrevereamini;
2349 2885 2405 2931 et
2454 2891 2614 2930 nemo
2669 2875 2973 2931 secundum
3008 2888 3230 2928 carnem
3275 2888 3391 2941 spe-

121 2969 222 3023 ἀλλ’
238 2972 294 3024 ὲν
320 2968 547 3041 Χριστῷ
571 2969 834 3042 ἀλλήλους
859 2970 1151 3037 διαπαντὸς
1178 2973 1449 3042 ἀγαπᾶτε.

1891 2977 1911 3023 t
1940 2968 2276 3039 proximum,
2304 2970 2399 3024 sed
2434 2968 2488 3024 in
2522 2968 2746 3024 Christo
2765 2982 2866 3023 vos
2906 2966 3142 3022 invicem
3174 2980 3392 3034 semper

1715 3068 1757 3126 C
1791 3060 2021 3131 diligite.
2053 3060 2137 3113 Ad
2166 3060 2410 3132 Magnes.
2438 3078 2557 3131 cap.
2590 3062 2643 3115 6.

187 3230 301 3291 Haec
328 3236 527 3291 recitat
559 3231 907 3292 ϐοτειειιιυε
948 3234 1004 3290 ἰη
1047 3235 1193 3291 notis
1244 3236 1492 3292 adhunc
1522 3237 1724 3305 locum,
1773 3252 1841 3295 ex
1876 3236 2165 3292 Parallelis
2217 3237 2684 3309 Rupcfucaldinis,
2744 3244 2877 3294 tunc
2914 3234 3097 3290 adhuc
3146 3234 3385 3299 ineditis,

126 3324 412 3398 descripta;
443 3342 571 3400 qua:
604 3337 786 3383 tamen
814 3327 1002 3384 omisit
1025 3328 1081 3383 in
1112 3328 1374 3399 praeclara
1400 3345 1499 3384 sua
1522 3330 1761 3387 editione
1790 3329 1873 3388 Cl.
1902 3330 2161 3395 Leomsx.

1096 3506 1227 3564 lusu
1260 3507 1418 3576 ibid.,
1448 3508 1556 3563 liu.
1582 3526 1630 3575 ε,
1659 3507 1744 3569 tit.
1772 3525 1964 3576 XLVIII,
1998 3526 2124 3582 pag.
2164 3510 2287 3580 780,
2317 3511 2385 3565 A.

666 3666 899 3739 Ἐκςτῆς
927 3668 1134 3740 αὐτῆς.

2426 3670 2513 3725 Ex
2545 3672 2747 3726 cadent.

176 3783 351 3856 Μηδὲν
391 3784 536 3839 ἔστω
584 3785 643 3837 ὲν
678 3782 807 3852 ὑμῖν
850 3782 878 3834 ὃ
925 3782 1213 3854 δυνήσεται
1259 3782 1406 3855 ὑμᾶς
1447 3782 1677 3856 μερίσαι

1884 3786 2014 3841 Nihil
2045 3788 2116 3843 sit
2144 3786 2202 3841 in
2231 3784 2390 3842 vobis
2418 3785 2566 3855 quod
2604 3799 2705 3841 vos
2730 3784 3048 3856 disjungere
3073 3792 3259 3855 queat,
3290 3785 3385 3841 sed

114 3874 471 3950 ἀλλ’ἐνώθητε
507 3876 586 3948 τῷ
617 3875 902 3946 ὲπισκόπῳ
931 3876 1027 3930 καὶ
1066 3879 1179 3941 τοῖς
1229 3877 1615 3950 προκαθημένο

1886 3878 2136 3934 Iulamini
2177 3893 2302 3933 cum
2333 3877 2596 3947 episcopo
2627 3884 2682 3931 et
2708 3876 2778 3932 iis
2821 3876 2915 3946 qui
2950 3877 3267 3947 prazsident,
3299 3890 3387 3931 se-

114 3970 185 4032 είς
209 3970 367 4024 τόπον
410 3969 506 4023 καὶ
550 3968 771 4039 διδαχὴν
804 3966 1135 4041 ἀφθαρσίας.
1174 3970 1381 4042 Ὥσπερ
1406 3966 1499 4023 οὖν
1519 3972 1547 4024 ὁ
1575 3971 1615 4023 Κ

1885 3972 2039 4026 Idum
2059 3985 2309 4026 normam
2329 3966 2703 4024 etdoctrinam
2721 3959 3386 4037 incorruptionis.QuenI-

116 4074 217 4129 ριος
239 4061 393 4132 ήμῶν
422 4060 554 4115 ἄνευ
585 4058 679 4112 τοῦ
710 4058 924 4131 Πατρὸς
965 4059 1119 4121 οὐδὲν
1156 4062 1431 4134 ἐποίησεν,
1465 4061 1590 4116 οὔτε

1885 4063 2099 4119 modum
2134 4062 2303 4133 igitur
2343 4060 2613 4116 Dominus
2662 4068 2851 4114 uoster
2910 4058 3047 4113 nihil
3081 4058 3200 4113 sine
3228 4056 3386 4113 Patro

112 4149 312 4217 ἑαυτοῦ,
354 4151 479 4206 οὔτε
508 4151 598 4205 διὰ
634 4150 742 4204 τῶν
784 4150 1122 4218 ἀποστόλων,
1160 4151 1334 4217 οὕτως
1367 4154 1501 4226 μηδὲ
1534 4155 1611 4226 ὑμ

1885 4157 1991 4224 ssit,
2022 4171 2199 4226 neque
2222 4170 2320 4225 per
2344 4153 2610 4224 seipsum,
2640 4166 2817 4222 neque
2842 4166 2938 4221 per
2957 4149 3264 4220 apostolos;
3306 4149 3386 4204 sic

111 4242 226 4296 ἄνευ
253 4244 344 4298 τοῦ
367 4243 672 4298 ἐπισκόπου
702 4242 869 4315 μηδὲν
892 4243 1188 4316 πράσσετε,
1226 4247 1361 4318 μηδὲ
1392 4248 1612 4321 πειράστ

1883 4265 1977 4321 ιιιθ
2016 4264 2116 4304 vos
2152 4248 2273 4303 sine
2321 4246 2578 4317 episcopo
2622 4253 2678 4299 et
2714 4242 3047 4314 presbyteris
3084 4242 3384 4311 quidquam

111 4333 314 4405 εὔλογόν
346 4354 398 4389 τι
429 4333 717 4405 φαίνεσθαι
753 4336 860 4408 ἰδίᾳ
882 4336 911 4389 ὑ
922 4338 1033 4408 μῖν.

1882 4340 2000 4407 Itis;
2035 4354 2211 4409 neque
2232 4336 2452 4394 tentetis
2478 4335 2764 4405 quidpiam
2794 4333 2941 4403 quod
2968 4332 3124 4385 vobis
3152 4329 3383 4386 seorsitu

1794 4449 2012 4503 aequum
2036 4440 2315 4504 appareat.
2346 4431 2430 4486 Ad
2457 4428 2701 4499 Magnes.
2725 4441 2881 4495 capp.
2915 4424 2948 4479 6
2982 4434 3032 4478 et
3070 4422 3121 4476 7.

1113 4566 1248 4626 IDEII
1281 4568 1440 4637 ibid.,
1473 4568 1581 4625 ιὶιε.
1607 4588 1671 4637 π,
1703 4574 1790 4625 tit.
1825 4588 1954 4637 xxv,
1981 4589 2107 4643 pag.
2141 4572 2267 4638 785,
2297 4571 2362 4626 C.

235 4724 324 4783 Ἐκ
364 4727 475 4799 τῆς
516 4726 671 4796 πρὸς
707 4731 1169 4804 ΔΜΑΓΝΗΣῙΟΥΣ
1212 4731 1320 4787 τοῦ
1368 4733 1553 4787 αὐτοῦ

2051 4734 2138 4789 Ea:
2168 4732 2413 4804 Epistola
2442 4729 2674 4801 ejusdem
2699 4727 2767 4782 ad
2800 4725 3127 4781 Macussws.

706 4800 1083 4873 Ἐπιστολῆς.

166 4914 440 4986 Μάθωμεν
492 4914 637 4968 κατὰ
683 4914 1110 4988 Χριστιανισμὸν
1166 4918 1286 4989 ζῇν.
1336 4918 1526 4982 Ὅστις
1575 4916 1667 4989 γὰρ

1875 4910 2145 4967 )iseamus
2174 4910 2478 4966 secundum
2522 4904 3008 4963 Christianismum
3046 4902 3246 4955 vivere.
3273 4898 3376 4964 Qui

105 5004 237 5076 ἄλλῳ
280 5008 511 5079 ὀνόματι
552 5005 800 5061 καλεῖται
844 5007 1029 5063 πλεῖον
1069 5010 1281 5076 τούτου,
1311 5008 1411 5063 οὐκ
1446 5008 1561 5063 ἔστι
1588 5028 1606 5062 σι

1879 5020 1929 5057 in
1962 5004 2070 5057 alio
2104 5004 2247 5057 ultra
2282 5002 2509 5058 nomine
2552 5006 2804 5065 vocatur,
2847 5012 2959 5050 non
3001 5003 3087 5050 est
3126 4993 3241 5047 Dei.
3294 4992 3372 5046 Ad

102 5097 245 5153 Θεοῦ.

1782 5097 2027 5169 Magnes.
2058 5113 2175 5166 cap.
2206 5094 2294 5150 10.

1100 5271 1232 5337 hum
1263 5279 1419 5347 ibid.,
1446 5279 1555 5335 tiu.
1576 5297 1624 5345 ε,
1664 5280 1747 5334 m.
1777 5293 1964 5344 mm,
1999 5234 2377 5346 ραρ.’·ιδο,β.

710 5439 821 5494 Τοῦ
858 5440 1065 5495 αὐτοῦ.

2444 5429 2721 5502 Ejusdem.

161 5554 333 5609 Τέκνα
354 5552 538 5623 φωτὸς
569 5550 851 5621 ἀληθείας,
877 5552 1107 5622 φεύγετε
1139 5552 1230 5607 τὸν
1264 5528 1553 5626 μερισμὸν,
1582 5553 1662 5605 κατ

1873 5551 1984 5608 Filii
2020 5549 2160 5607 lucis
2197 5546 2466 5613 veritatis,
2510 5544 2683 5615 fugite
2726 5541 3055 5599 divisionem
3094 5548 3150 5595 et
3198 5537 3374 5595 malas

99 5645 186 5711 τὰς
210 5642 721 5705 κακοδιδασκαλίας.
758 5642 932 5700 Ὅπου
962 5644 1020 5701 δὲ
1044 5646 1312 5718 ὁ’ποιμήν
1349 5647 1517 5714 ἐστιν,
1558 5648 1600 5701 ἐι

1869 5646 2079 5702 :trinas.
2124 5641 2229 5698 Ubi
2276 5650 2460 5696 autem
2519 5649 2603 5694 est
2654 5645 2865 5707 pastor,
2923 5635 3055 5689 illuc
3110 5642 3370 5703 tanquam

98 5737 164 5800 ὼς
189 5738 432 5810 προόατα
462 5733 830 5793 ἀκολουθεῖτε.

1780 5755 1909 5797 oves
1938 5736 2250 5810 sequimini.
2293 5736 2376 5790 Ad
2404 5730 2751 5803 Philadelph.
2781 5744 2899 5800 cap.
2932 5728 2987 5783 ‘2.
